  <div class='ocr_page' id='page_1' title='image "/cluster/home/n/w/nwhite01/storage/ocr_20150623/44-45/uc1.31175026792435/341.png"; bbox 0 0 4088 6576; ppageno 0'>
   <div class='ocr_carea' id='block_1_1' title="bbox 534 381 637 438">
    <p class='ocr_par' dir='ltr' id='par_1_1' title="bbox 534 381 637 438">
     <span class='ocr_line' id='line_1_1' title="bbox 534 381 637 438; baseline 0 -1"><span class='ocrx_word' id='word_1_1' title='bbox 534 381 637 438; x_wconf 80' lang='lat'><strong>607</strong></span> 
     </span>
    </p>
   </div>
   <div class='ocr_carea' id='block_1_2' title="bbox 533 493 2119 568">
    <p class='ocr_par' dir='ltr' id='par_1_2' title="bbox 533 493 2119 568">
     <span class='ocr_line' id='line_1_2' title="bbox 533 493 2119 568; baseline 0 -20"><span class='ocrx_word' id='word_1_2' title='bbox 533 495 729 551; x_wconf 75' lang='lat' dir='ltr'><strong>nullius</strong></span> <span class='ocrx_word' id='word_1_3' title='bbox 741 497 1004 565; x_wconf 74' lang='lat' dir='ltr'><strong>voluntas,</strong></span> <span class='ocrx_word' id='word_1_4' title='bbox 1019 497 1229 568; x_wconf 82' lang='lat' dir='ltr'><strong>quando</strong></span> <span class='ocrx_word' id='word_1_5' title='bbox 1241 506 1323 552; x_wconf 88' lang='lat' dir='ltr'><strong>est</strong></span> <span class='ocrx_word' id='word_1_6' title='bbox 1338 497 1601 552; x_wconf 89' lang='lat' dir='ltr'><strong>voluntas.</strong></span> <span class='ocrx_word' id='word_1_7' title='bbox 1625 495 1694 551; x_wconf 82' lang='lat' dir='ltr'><strong>Et</strong></span> <span class='ocrx_word' id='word_1_8' title='bbox 1718 505 1920 551; x_wconf 90' lang='lat' dir='ltr'><strong>tantum</strong></span> <span class='ocrx_word' id='word_1_9' title='bbox 1943 493 2119 548; x_wconf 90' lang='lat' dir='ltr'><strong>valent</strong></span> 
     </span>
    </p>
   </div>
   <div class='ocr_carea' id='block_1_3' title="bbox 530 587 2113 656">
    <p class='ocr_par' dir='ltr' id='par_1_3' title="bbox 530 587 2113 656">
     <span class='ocr_line' id='line_1_3' title="bbox 530 587 2113 656; baseline -0.001 -18"><span class='ocrx_word' id='word_1_10' title='bbox 530 590 733 639; x_wconf 57' lang='lat' dir='ltr'><strong>caulem</strong></span> <span class='ocrx_word' id='word_1_11' title='bbox 756 587 1075 654; x_wconf 73' lang='lat' dir='ltr'><strong>voluntates,</strong></span> <span class='ocrx_word' id='word_1_12' title='bbox 1091 596 1147 641; x_wconf 90' lang='lat' dir='ltr'><strong>ut</strong></span> <span class='ocrx_word' id='word_1_13' title='bbox 1163 602 1346 642; x_wconf 88' lang='lat' dir='ltr'><strong>earum</strong></span> <span class='ocrx_word' id='word_1_14' title='bbox 1376 597 1704 653; x_wconf 77' lang='lat' dir='ltr'><strong>naturarum,</strong></span> <span class='ocrx_word' id='word_1_15' title='bbox 1724 600 1946 656; x_wconf 89' lang='lat' dir='ltr'><strong>quarunt</strong></span> <span class='ocrx_word' id='word_1_16' title='bbox 1970 593 2113 647; x_wconf 89' lang='lat' dir='ltr'><strong>sunt,</strong></span> 
     </span>
    </p>
   </div>
   <div class='ocr_carea' id='block_1_4' title="bbox 533 674 2117 750">
    <p class='ocr_par' dir='ltr' id='par_1_4' title="bbox 533 674 2117 750">
     <span class='ocr_line' id='line_1_4' title="bbox 533 674 2117 750; baseline -0.002 -20"><span class='ocrx_word' id='word_1_17' title='bbox 533 674 726 732; x_wconf 77' lang='lat' dir='ltr'><strong>faciant</strong></span> <span class='ocrx_word' id='word_1_18' title='bbox 745 679 1047 749; x_wconf 83' lang='lat' dir='ltr'><strong>qualitates.</strong></span> <span class='ocrx_word' id='word_1_19' title='bbox 1079 681 1209 736; x_wconf 86' lang='lat' dir='ltr'><strong>Nam</strong></span> <span class='ocrx_word' id='word_1_20' title='bbox 1225 682 1268 736; x_wconf 89' lang='lat' dir='ltr'><strong>si</strong></span> <span class='ocrx_word' id='word_1_21' title='bbox 1297 690 1585 749; x_wconf 63' lang='lat' dir='ltr'><strong>quaeratur,</strong></span> <span class='ocrx_word' id='word_1_22' title='bbox 1617 679 1787 750; x_wconf 80' lang='lat' dir='ltr'><strong>qualis</strong></span> <span class='ocrx_word' id='word_1_23' title='bbox 1808 678 1878 732; x_wconf 93' lang='lat' dir='ltr'><strong>sit</strong></span> <span class='ocrx_word' id='word_1_24' title='bbox 1901 676 2117 744; x_wconf 83' lang='lat' dir='ltr'><strong>angelus</strong></span> 
     </span>
    </p>
   </div>
   <div class='ocr_carea' id='block_1_5' title="bbox 532 759 2110 830">
    <p class='ocr_par' dir='ltr' id='par_1_5' title="bbox 532 759 2110 830">
     <span class='ocr_line' id='line_1_5' title="bbox 532 759 2110 830; baseline 0 -18"><span class='ocrx_word' id='word_1_25' title='bbox 532 761 612 813; x_wconf 68' lang='lat' dir='ltr'><strong>vel</strong></span> <span class='ocrx_word' id='word_1_26' title='bbox 657 760 814 816; x_wconf 91' lang='lat' dir='ltr'><strong>homo</strong></span> <span class='ocrx_word' id='word_1_27' title='bbox 844 764 1000 817; x_wconf 75' lang='lat' dir='ltr'><strong>mala:</strong></span> <span class='ocrx_word' id='word_1_28' title='bbox 1030 764 1312 818; x_wconf 87' lang='lat' dir='ltr'><strong>voluntatis</strong></span> <span class='ocrx_word' id='word_1_29' title='bbox 1349 782 1362 816; x_wconf 89' lang='lat'>:</span> <span class='ocrx_word' id='word_1_30' title='bbox 1407 763 1701 818; x_wconf 78' lang='lat' dir='ltr'><strong>rectissime</strong></span> <span class='ocrx_word' id='word_1_31' title='bbox 1735 759 2110 830; x_wconf 90' lang='lat' dir='ltr'><strong>respondetur,</strong></span> 
     </span>
    </p>
   </div>
   <div class='ocr_carea' id='block_1_6' title="bbox 529 850 2114 924">
    <p class='ocr_par' dir='ltr' id='par_1_6' title="bbox 529 850 2114 924">
     <span class='ocr_line' id='line_1_6' title="bbox 529 850 2114 924; baseline -0.001 -20"><span class='ocrx_word' id='word_1_32' title='bbox 529 850 728 916; x_wconf 81' lang='lat' dir='ltr'><strong>Malus;</strong></span> <span class='ocrx_word' id='word_1_33' title='bbox 759 854 926 923; x_wconf 86' lang='lat' dir='ltr'><strong>magis</strong></span> <span class='ocrx_word' id='word_1_34' title='bbox 946 855 1212 924; x_wconf 86' lang='lat' dir='ltr'><strong>accipiens</strong></span> <span class='ocrx_word' id='word_1_35' title='bbox 1239 855 1508 924; x_wconf 81' lang='lat' dir='ltr'><strong>qualitatis</strong></span> <span class='ocrx_word' id='word_1_36' title='bbox 1527 868 1721 908; x_wconf 87' lang='lat' dir='ltr'><strong>nomen</strong></span> <span class='ocrx_word' id='word_1_37' title='bbox 1743 867 1807 906; x_wconf 80' lang='lat' dir='ltr'><strong>ex</strong></span> <span class='ocrx_word' id='word_1_38' title='bbox 1839 850 2114 905; x_wconf 80' lang='lat' dir='ltr'><strong>voluntate</strong></span> 
     </span>
    </p>
   </div>
   <div class='ocr_carea' id='block_1_7' title="bbox 532 942 2111 1014">
    <p class='ocr_par' dir='ltr' id='par_1_7' title="bbox 532 942 2111 1014">
     <span class='ocr_line' id='line_1_7' title="bbox 532 942 2111 1014; baseline -0.001 -20"><span class='ocrx_word' id='word_1_39' title='bbox 532 943 690 1007; x_wconf 82' lang='lat' dir='ltr'><strong>ntala,</strong></span> <span class='ocrx_word' id='word_1_40' title='bbox 721 961 878 1013; x_wconf 90' lang='lat' dir='ltr'><strong>quam</strong></span> <span class='ocrx_word' id='word_1_41' title='bbox 908 961 972 999; x_wconf 78' lang='lat' dir='ltr'><strong>ex</strong></span> <span class='ocrx_word' id='word_1_42' title='bbox 1005 956 1188 1000; x_wconf 86' lang='lat' dir='ltr'><strong>natura</strong></span> <span class='ocrx_word' id='word_1_43' title='bbox 1218 947 1374 1001; x_wconf 92' lang='lat' dir='ltr'><strong>bona.</strong></span> <span class='ocrx_word' id='word_1_44' title='bbox 1399 946 1658 1014; x_wconf 84' lang='lat' dir='ltr'><strong>Quoniam</strong></span> <span class='ocrx_word' id='word_1_45' title='bbox 1680 953 1867 998; x_wconf 88' lang='lat' dir='ltr'><strong>natura</strong></span> <span class='ocrx_word' id='word_1_46' title='bbox 1893 950 1975 996; x_wconf 90' lang='lat' dir='ltr'><strong>est</strong></span> <span class='ocrx_word' id='word_1_47' title='bbox 2001 942 2111 1010; x_wconf 90' lang='lat' dir='ltr'><strong>ipsa</strong></span> 
     </span>
    </p>
   </div>
   <div class='ocr_carea' id='block_1_8' title="bbox 529 1035 2114 1106">
    <p class='ocr_par' dir='ltr' id='par_1_8' title="bbox 529 1035 2114 1106">
     <span class='ocr_line' id='line_1_8' title="bbox 529 1035 2114 1106; baseline 0.002 -19"><span class='ocrx_word' id='word_1_48' title='bbox 529 1035 822 1090; x_wconf 73' lang='lat' dir='ltr'><strong>substantia</strong></span> <span class='ocrx_word' id='word_1_49' title='bbox 843 1063 857 1086; x_wconf 86' lang='grc'><em>‹</em></span> <span class='ocrx_word' id='word_1_50' title='bbox 875 1047 890 1091; x_wconf 84' lang='lat' dir='ltr'><strong>t</strong></span> <span class='ocrx_word' id='word_1_51' title='bbox 905 1038 1152 1092; x_wconf 88' lang='lat' dir='ltr'><strong>bonitatis</strong></span> <span class='ocrx_word' id='word_1_52' title='bbox 1170 1050 1219 1092; x_wconf 91' lang='lat' dir='ltr'><strong>et</strong></span> <span class='ocrx_word' id='word_1_53' title='bbox 1236 1039 1446 1092; x_wconf 70' lang='lat' dir='ltr'><strong>malitia:</strong></span> <span class='ocrx_word' id='word_1_54' title='bbox 1465 1053 1628 1106; x_wconf 79' lang='lat' dir='ltr'><strong>capax</strong></span> <span class='ocrx_word' id='word_1_55' title='bbox 1650 1055 1664 1090; x_wconf 92' lang='lat'>:</span> <span class='ocrx_word' id='word_1_56' title='bbox 1685 1037 1934 1092; x_wconf 86' lang='lat' dir='ltr'><strong>bonitatis</strong></span> <span class='ocrx_word' id='word_1_57' title='bbox 1947 1050 2114 1104; x_wconf 79' lang='lat' dir='ltr'><strong>capax</strong></span> 
     </span>
    </p>
   </div>
   <div class='ocr_carea' id='block_1_9' title="bbox 526 1127 2114 1200">
    <p class='ocr_par' dir='ltr' id='par_1_9' title="bbox 526 1127 2114 1200">
     <span class='ocr_line' id='line_1_9' title="bbox 526 1127 2114 1200; baseline 0.001 -22"><span class='ocrx_word' id='word_1_58' title='bbox 526 1133 629 1190; x_wconf 67' lang='lat' dir='ltr'><strong>est,</strong></span> <span class='ocrx_word' id='word_1_59' title='bbox 659 1127 1058 1196; x_wconf 82' lang='lat' dir='ltr'><strong>participatiooe</strong></span> <span class='ocrx_word' id='word_1_60' title='bbox 1081 1131 1202 1184; x_wconf 89' lang='lat' dir='ltr'><strong>boni</strong></span> <span class='ocrx_word' id='word_1_61' title='bbox 1222 1146 1251 1184; x_wconf 91' lang='lat' dir='ltr'><strong>a</strong></span> <span class='ocrx_word' id='word_1_62' title='bbox 1272 1146 1378 1200; x_wconf 90' lang='lat' dir='ltr'><strong>quo</strong></span> <span class='ocrx_word' id='word_1_63' title='bbox 1399 1129 1533 1183; x_wconf 75' lang='lat' dir='ltr'><strong>facta</strong></span> <span class='ocrx_word' id='word_1_64' title='bbox 1549 1139 1633 1183; x_wconf 90' lang='lat' dir='ltr'><strong>est</strong></span> <span class='ocrx_word' id='word_1_65' title='bbox 1664 1146 1677 1181; x_wconf 76' lang='grc' dir='ltr'>ε</span> <span class='ocrx_word' id='word_1_66' title='bbox 1709 1128 1963 1182; x_wconf 88' lang='lat' dir='ltr'><strong>malitiam</strong></span> <span class='ocrx_word' id='word_1_67' title='bbox 1987 1142 2114 1180; x_wconf 88' lang='lat' dir='ltr'><strong>vero</strong></span> 
     </span>
    </p>
   </div>
   <div class='ocr_carea' id='block_1_10' title="bbox 524 1215 2112 1291">
    <p class='ocr_par' dir='ltr' id='par_1_10' title="bbox 524 1215 2112 1291">
     <span class='ocr_line' id='line_1_10' title="bbox 524 1215 2112 1291; baseline 0.002 -24"><span class='ocrx_word' id='word_1_68' title='bbox 524 1226 669 1284; x_wconf 78' lang='lat' dir='ltr'><strong>capit</strong></span> <span class='ocrx_word' id='word_1_69' title='bbox 697 1233 799 1272; x_wconf 91' lang='lat' dir='ltr'><strong>non</strong></span> <span class='ocrx_word' id='word_1_70' title='bbox 831 1221 1232 1290; x_wconf 78' lang='lat' dir='ltr'><strong>participatione</strong></span> <span class='ocrx_word' id='word_1_71' title='bbox 1261 1222 1411 1283; x_wconf 86' lang='lat' dir='ltr'><strong>mali,</strong></span> <span class='ocrx_word' id='word_1_72' title='bbox 1440 1219 1534 1275; x_wconf 89' lang='lat' dir='ltr'><strong>sed</strong></span> <span class='ocrx_word' id='word_1_73' title='bbox 1567 1219 1862 1291; x_wconf 88' lang='lat' dir='ltr'><strong>privatione</strong></span> <span class='ocrx_word' id='word_1_74' title='bbox 1892 1217 2036 1278; x_wconf 88' lang='lat' dir='ltr'><strong>boni,</strong></span> <span class='ocrx_word' id='word_1_75' title='bbox 2061 1215 2112 1270; x_wconf 93' lang='lat' dir='ltr'><strong>id</strong></span> 
     </span>
    </p>
   </div>
   <div class='ocr_carea' id='block_1_11' title="bbox 527 1308 2110 1380">
    <p class='ocr_par' dir='ltr' id='par_1_11' title="bbox 527 1308 2110 1380">
     <span class='ocr_line' id='line_1_11' title="bbox 527 1308 2110 1380; baseline 0.003 -24"><span class='ocrx_word' id='word_1_76' title='bbox 527 1318 630 1368; x_wconf 77' lang='lat' dir='ltr'><strong>est,</strong></span> <span class='ocrx_word' id='word_1_77' title='bbox 683 1325 786 1364; x_wconf 92' lang='lat' dir='ltr'><strong>non</strong></span> <span class='ocrx_word' id='word_1_78' title='bbox 830 1327 949 1365; x_wconf 88' lang='lat' dir='ltr'><strong>eum</strong></span> <span class='ocrx_word' id='word_1_79' title='bbox 981 1313 1234 1366; x_wconf 83' lang='lat' dir='ltr'><strong>miscetur</strong></span> <span class='ocrx_word' id='word_1_80' title='bbox 1276 1323 1477 1366; x_wconf 81' lang='lat' dir='ltr'><strong>natura:</strong></span> <span class='ocrx_word' id='word_1_81' title='bbox 1505 1327 1624 1380; x_wconf 62' lang='lat' dir='ltr'><strong>quae</strong></span> <span class='ocrx_word' id='word_1_82' title='bbox 1667 1308 1882 1380; x_wconf 88' lang='lat' dir='ltr'><strong>aliquod</strong></span> <span class='ocrx_word' id='word_1_83' title='bbox 1913 1308 2110 1362; x_wconf 89' lang='lat' dir='ltr'><strong>malum</strong></span> 
     </span>
    </p>
   </div>
   <div class='ocr_carea' id='block_1_12' title="bbox 527 1399 2114 1472">
    <p class='ocr_par' dir='ltr' id='par_1_12' title="bbox 527 1399 2114 1472">
     <span class='ocr_line' id='line_1_12' title="bbox 527 1399 2114 1472; baseline -0.001 -22"><span class='ocrx_word' id='word_1_84' title='bbox 527 1407 612 1451; x_wconf 89' lang='lat' dir='ltr'><strong>est</strong></span> <span class='ocrx_word' id='word_1_85' title='bbox 639 1399 678 1464; x_wconf 81' lang='grc'><strong>²,</strong></span> <span class='ocrx_word' id='word_1_86' title='bbox 710 1401 830 1470; x_wconf 86' lang='lat' dir='ltr'><strong>quia</strong></span> <span class='ocrx_word' id='word_1_87' title='bbox 861 1402 1002 1456; x_wconf 88' lang='lat' dir='ltr'><strong>nulla</strong></span> <span class='ocrx_word' id='word_1_88' title='bbox 1048 1413 1232 1457; x_wconf 91' lang='lat' dir='ltr'><strong>natura</strong></span> <span class='ocrx_word' id='word_1_89' title='bbox 1259 1403 1310 1456; x_wconf 92' lang='lat' dir='ltr'><strong>iu</strong></span> <span class='ocrx_word' id='word_1_90' title='bbox 1339 1410 1591 1472; x_wconf 90' lang='lat' dir='ltr'><strong>quantum</strong></span> <span class='ocrx_word' id='word_1_91' title='bbox 1631 1411 1818 1454; x_wconf 90' lang='lat' dir='ltr'><strong>natura</strong></span> <span class='ocrx_word' id='word_1_92' title='bbox 1863 1407 1965 1464; x_wconf 89' lang='lat' dir='ltr'><strong>est,</strong></span> <span class='ocrx_word' id='word_1_93' title='bbox 1999 1413 2114 1451; x_wconf 90' lang='lat' dir='ltr'><strong>ma-</strong></span> 
     </span>
    </p>
   </div>
   <div class='ocr_carea' id='block_1_13' title="bbox 527 1488 2112 1562">
    <p class='ocr_par' dir='ltr' id='par_1_13' title="bbox 527 1488 2112 1562">
     <span class='ocr_line' id='line_1_13' title="bbox 527 1488 2112 1562; baseline 0.002 -21"><span class='ocrx_word' id='word_1_94' title='bbox 527 1488 636 1542; x_wconf 88' lang='lat' dir='ltr'><strong>lunt</strong></span> <span class='ocrx_word' id='word_1_95' title='bbox 667 1501 748 1546; x_wconf 88' lang='lat' dir='ltr'><strong>est</strong></span> <span class='ocrx_word' id='word_1_96' title='bbox 769 1509 783 1555; x_wconf 92' lang='lat'><strong>;</strong></span> <span class='ocrx_word' id='word_1_97' title='bbox 808 1492 901 1548; x_wconf 74' lang='grc' dir='ltr'>ειιά</span> <span class='ocrx_word' id='word_1_98' title='bbox 929 1509 1047 1546; x_wconf 87' lang='lat' dir='ltr'><strong>eum</strong></span> <span class='ocrx_word' id='word_1_99' title='bbox 1073 1495 1250 1548; x_wconf 86' lang='lat' dir='ltr'><strong>deﬁcit</strong></span> <span class='ocrx_word' id='word_1_100' title='bbox 1273 1511 1302 1548; x_wconf 88' lang='lat' dir='ltr'><strong>a</strong></span> <span class='ocrx_word' id='word_1_101' title='bbox 1323 1504 1503 1548; x_wconf 90' lang='lat' dir='ltr'><strong>natura</strong></span> <span class='ocrx_word' id='word_1_102' title='bbox 1526 1508 1643 1562; x_wconf 65' lang='lat' dir='ltr'><strong>quae</strong></span> <span class='ocrx_word' id='word_1_103' title='bbox 1666 1507 1930 1547; x_wconf 88' lang='lat' dir='ltr'><strong>sumntum</strong></span> <span class='ocrx_word' id='word_1_104' title='bbox 1953 1499 2112 1559; x_wconf 86' lang='lat' dir='ltr'><strong>atque</strong></span> 
     </span>
    </p>
   </div>
   <div class='ocr_carea' id='block_1_14' title="bbox 526 1580 2110 1656">
    <p class='ocr_par' dir='ltr' id='par_1_14' title="bbox 526 1580 2110 1656">
     <span class='ocr_line' id='line_1_14' title="bbox 526 1580 2110 1656; baseline 0.003 -22"><span class='ocrx_word' id='word_1_105' title='bbox 526 1580 954 1640; x_wconf 85' lang='lat' dir='ltr'><strong>incommutabile</strong></span> <span class='ocrx_word' id='word_1_106' title='bbox 996 1596 1078 1642; x_wconf 88' lang='lat' dir='ltr'><strong>est</strong></span> <span class='ocrx_word' id='word_1_107' title='bbox 1118 1587 1352 1652; x_wconf 90' lang='lat' dir='ltr'><strong>bonum;</strong></span> <span class='ocrx_word' id='word_1_108' title='bbox 1404 1597 1682 1655; x_wconf 85' lang='lat' dir='ltr'><strong>propterea</strong></span> <span class='ocrx_word' id='word_1_109' title='bbox 1725 1585 1847 1656; x_wconf 89' lang='lat' dir='ltr'><strong>quia</strong></span> <span class='ocrx_word' id='word_1_110' title='bbox 1894 1599 1998 1638; x_wconf 89' lang='lat' dir='ltr'><strong>non</strong></span> <span class='ocrx_word' id='word_1_111' title='bbox 2041 1581 2110 1638; x_wconf 88' lang='lat' dir='ltr'><strong>de</strong></span> 
     </span>
    </p>
   </div>
   <div class='ocr_carea' id='block_1_15' title="bbox 527 1675 2110 1747">
    <p class='ocr_par' dir='ltr' id='par_1_15' title="bbox 527 1675 2110 1747">
     <span class='ocr_line' id='line_1_15' title="bbox 527 1675 2110 1747; baseline -0.001 -19"><span class='ocrx_word' id='word_1_112' title='bbox 527 1675 637 1739; x_wconf 91' lang='lat' dir='ltr'><strong>illa,</strong></span> <span class='ocrx_word' id='word_1_113' title='bbox 667 1677 759 1730; x_wconf 82' lang='lat' dir='ltr'><strong>sed</strong></span> <span class='ocrx_word' id='word_1_114' title='bbox 787 1677 852 1732; x_wconf 88' lang='lat' dir='ltr'><strong>de</strong></span> <span class='ocrx_word' id='word_1_115' title='bbox 880 1678 1044 1732; x_wconf 78' lang='lat' dir='ltr'><strong>nihilo</strong></span> <span class='ocrx_word' id='word_1_116' title='bbox 1071 1678 1207 1734; x_wconf 79' lang='lat' dir='ltr'><strong>facta</strong></span> <span class='ocrx_word' id='word_1_117' title='bbox 1247 1689 1348 1734; x_wconf 89' lang='lat' dir='ltr'><strong>est.</strong></span> <span class='ocrx_word' id='word_1_118' title='bbox 1390 1679 1640 1747; x_wconf 79' lang='lat' dir='ltr'><strong>Alioquin</strong></span> <span class='ocrx_word' id='word_1_119' title='bbox 1667 1693 1765 1732; x_wconf 90' lang='lat' dir='ltr'><strong>nec</strong></span> <span class='ocrx_word' id='word_1_120' title='bbox 1796 1675 1989 1729; x_wconf 89' lang='lat' dir='ltr'><strong>malam</strong></span> <span class='ocrx_word' id='word_1_121' title='bbox 2017 1690 2110 1726; x_wconf 63' lang='lat' dir='ltr'><strong>vo.</strong></span> 
     </span>
    </p>
   </div>
   <div class='ocr_carea' id='block_1_16' title="bbox 525 1767 2110 1841">
    <p class='ocr_par' dir='ltr' id='par_1_16' title="bbox 525 1767 2110 1841">
     <span class='ocr_line' id='line_1_16' title="bbox 525 1767 2110 1841; baseline -0.001 -19"><span class='ocrx_word' id='word_1_122' title='bbox 525 1769 778 1825; x_wconf 89' lang='lat' dir='ltr'><strong>luntatem</strong></span> <span class='ocrx_word' id='word_1_123' title='bbox 811 1771 1005 1826; x_wconf 90' lang='lat' dir='ltr'><strong>habere</strong></span> <span class='ocrx_word' id='word_1_124' title='bbox 1034 1781 1232 1841; x_wconf 78' lang='lat' dir='ltr'><strong>posset,</strong></span> <span class='ocrx_word' id='word_1_125' title='bbox 1266 1773 1365 1826; x_wconf 84' lang='lat' dir='ltr'><strong>nisi</strong></span> <span class='ocrx_word' id='word_1_126' title='bbox 1397 1771 1664 1826; x_wconf 87' lang='lat' dir='ltr'><strong>mutabilis</strong></span> <span class='ocrx_word' id='word_1_127' title='bbox 1689 1778 1852 1824; x_wconf 88' lang='lat' dir='ltr'><strong>esset.</strong></span> <span class='ocrx_word' id='word_1_128' title='bbox 1885 1767 2110 1822; x_wconf 66' lang='lat' dir='ltr'><strong>Slutabi-</strong></span> 
     </span>
    </p>
   </div>
   <div class='ocr_carea' id='block_1_17' title="bbox 524 1857 2108 1933">
    <p class='ocr_par' dir='ltr' id='par_1_17' title="bbox 524 1857 2108 1933">
     <span class='ocr_line' id='line_1_17' title="bbox 524 1857 2108 1933; baseline -0.001 -19"><span class='ocrx_word' id='word_1_129' title='bbox 524 1861 590 1915; x_wconf 86' lang='lat' dir='ltr'><strong>lis</strong></span> <span class='ocrx_word' id='word_1_130' title='bbox 618 1877 778 1933; x_wconf 90' lang='lat' dir='ltr'><strong>porro</strong></span> <span class='ocrx_word' id='word_1_131' title='bbox 804 1873 985 1917; x_wconf 92' lang='lat' dir='ltr'><strong>natura</strong></span> <span class='ocrx_word' id='word_1_132' title='bbox 1014 1880 1117 1918; x_wconf 90' lang='lat' dir='ltr'><strong>non</strong></span> <span class='ocrx_word' id='word_1_133' title='bbox 1145 1874 1307 1926; x_wconf 85' lang='lat' dir='ltr'><strong>esset,</strong></span> <span class='ocrx_word' id='word_1_134' title='bbox 1337 1865 1380 1918; x_wconf 91' lang='lat' dir='ltr'><strong>si</strong></span> <span class='ocrx_word' id='word_1_135' title='bbox 1410 1863 1477 1920; x_wconf 91' lang='lat' dir='ltr'><strong>de</strong></span> <span class='ocrx_word' id='word_1_136' title='bbox 1507 1864 1614 1917; x_wconf 90' lang='lat' dir='ltr'><strong>Deo</strong></span> <span class='ocrx_word' id='word_1_137' title='bbox 1636 1870 1802 1924; x_wconf 84' lang='lat' dir='ltr'><strong>esset,</strong></span> <span class='ocrx_word' id='word_1_138' title='bbox 1835 1869 1890 1916; x_wconf 89' lang='lat' dir='ltr'><strong>et</strong></span> <span class='ocrx_word' id='word_1_139' title='bbox 1916 1875 2018 1912; x_wconf 91' lang='lat' dir='ltr'><strong>non</strong></span> <span class='ocrx_word' id='word_1_140' title='bbox 2040 1857 2108 1912; x_wconf 89' lang='lat' dir='ltr'><strong>ab</strong></span> 
     </span>
    </p>
   </div>
   <div class='ocr_carea' id='block_1_18' title="bbox 522 1953 2108 2028">
    <p class='ocr_par' dir='ltr' id='par_1_18' title="bbox 522 1953 2108 2028">
     <span class='ocr_line' id='line_1_18' title="bbox 522 1953 2108 2028; baseline 0 -20"><span class='ocrx_word' id='word_1_141' title='bbox 522 1953 616 2008; x_wconf 87' lang='lat' dir='ltr'><strong>illo</strong></span> <span class='ocrx_word' id='word_1_142' title='bbox 644 1956 710 2008; x_wconf 89' lang='lat' dir='ltr'><strong>de</strong></span> <span class='ocrx_word' id='word_1_143' title='bbox 732 1957 897 2011; x_wconf 90' lang='lat' dir='ltr'><strong>nihilo</strong></span> <span class='ocrx_word' id='word_1_144' title='bbox 923 1957 1056 2012; x_wconf 77' lang='lat' dir='ltr'><strong>facta</strong></span> <span class='ocrx_word' id='word_1_145' title='bbox 1087 1969 1247 2013; x_wconf 86' lang='lat' dir='ltr'><strong>esset.</strong></span> <span class='ocrx_word' id='word_1_146' title='bbox 1275 1961 1610 2028; x_wconf 80' lang='lat' dir='ltr'><strong>Quapropter</strong></span> <span class='ocrx_word' id='word_1_147' title='bbox 1633 1957 1892 2016; x_wconf 84' lang='lat' dir='ltr'><strong>bonorum</strong></span> <span class='ocrx_word' id='word_1_148' title='bbox 1919 1963 2108 2008; x_wconf 87' lang='lat' dir='ltr'><strong>auctor</strong></span> 
     </span>
    </p>
   </div>
   <div class='ocr_carea' id='block_1_19' title="bbox 519 2047 2109 2119">
    <p class='ocr_par' dir='ltr' id='par_1_19' title="bbox 519 2047 2109 2119">
     <span class='ocr_line' id='line_1_19' title="bbox 519 2047 2109 2119; baseline 0 -20"><span class='ocrx_word' id='word_1_149' title='bbox 519 2057 602 2099; x_wconf 88' lang='lat' dir='ltr'><strong>est</strong></span> <span class='ocrx_word' id='word_1_150' title='bbox 629 2047 788 2108; x_wconf 91' lang='lat' dir='ltr'><strong>Deus.</strong></span> <span class='ocrx_word' id='word_1_151' title='bbox 829 2048 954 2102; x_wconf 91' lang='lat' dir='ltr'><strong>dum</strong></span> <span class='ocrx_word' id='word_1_152' title='bbox 985 2061 1171 2104; x_wconf 90' lang='lat' dir='ltr'><strong>auctor</strong></span> <span class='ocrx_word' id='word_1_153' title='bbox 1195 2059 1278 2105; x_wconf 89' lang='lat' dir='ltr'><strong>est</strong></span> <span class='ocrx_word' id='word_1_154' title='bbox 1305 2059 1610 2106; x_wconf 89' lang='lat' dir='ltr'><strong>naturarum</strong></span> <span class='ocrx_word' id='word_1_155' title='bbox 1646 2066 1661 2104; x_wconf 89' lang='lat'><strong>:</strong></span> <span class='ocrx_word' id='word_1_156' title='bbox 1692 2063 1915 2119; x_wconf 88' lang='lat' dir='ltr'><strong>quarunt</strong></span> <span class='ocrx_word' id='word_1_157' title='bbox 1945 2061 2109 2115; x_wconf 88' lang='lat' dir='ltr'><strong>spon-</strong></span> 
     </span>
    </p>
   </div>
   <div class='ocr_carea' id='block_1_20' title="bbox 519 2139 2102 2212">
    <p class='ocr_par' dir='ltr' id='par_1_20' title="bbox 519 2139 2102 2212">
     <span class='ocr_line' id='line_1_20' title="bbox 519 2139 2102 2212; baseline 0.003 -25"><span class='ocrx_word' id='word_1_158' title='bbox 519 2147 708 2192; x_wconf 90' lang='lat' dir='ltr'><strong>tancus</strong></span> <span class='ocrx_word' id='word_1_159' title='bbox 733 2139 973 2195; x_wconf 83' lang='lat' dir='ltr'><strong>delectus</strong></span> <span class='ocrx_word' id='word_1_160' title='bbox 997 2157 1028 2195; x_wconf 88' lang='lat' dir='ltr'><strong>a</strong></span> <span class='ocrx_word' id='word_1_161' title='bbox 1055 2141 1215 2208; x_wconf 90' lang='lat' dir='ltr'><strong>bono,</strong></span> <span class='ocrx_word' id='word_1_162' title='bbox 1243 2159 1348 2197; x_wconf 92' lang='lat' dir='ltr'><strong>non</strong></span> <span class='ocrx_word' id='word_1_163' title='bbox 1379 2141 1577 2197; x_wconf 88' lang='lat' dir='ltr'><strong>iudicat</strong></span> <span class='ocrx_word' id='word_1_164' title='bbox 1596 2157 1625 2196; x_wconf 94' lang='lat' dir='ltr'><strong>a</strong></span> <span class='ocrx_word' id='word_1_165' title='bbox 1647 2159 1753 2212; x_wconf 86' lang='lat' dir='ltr'><strong>quo</strong></span> <span class='ocrx_word' id='word_1_166' title='bbox 1781 2140 1932 2196; x_wconf 66' lang='lat' dir='ltr'><strong>facte</strong></span> <span class='ocrx_word' id='word_1_167' title='bbox 1959 2149 2102 2204; x_wconf 91' lang='lat' dir='ltr'><strong>sunt,</strong></span> 
     </span>
    </p>
   </div>
   <div class='ocr_carea' id='block_1_21' title="bbox 517 2229 2102 2304">
    <p class='ocr_par' dir='ltr' id='par_1_21' title="bbox 517 2229 2102 2304">
     <span class='ocr_line' id='line_1_21' title="bbox 517 2229 2102 2304; baseline 0.004 -23"><span class='ocrx_word' id='word_1_168' title='bbox 517 2229 610 2282; x_wconf 77' lang='lat' dir='ltr'><strong>sed</strong></span> <span class='ocrx_word' id='word_1_169' title='bbox 641 2231 778 2285; x_wconf 87' lang='lat' dir='ltr'><strong>unde</strong></span> <span class='ocrx_word' id='word_1_170' title='bbox 805 2231 956 2286; x_wconf 71' lang='lat' dir='ltr'><strong>facta:</strong></span> <span class='ocrx_word' id='word_1_171' title='bbox 975 2244 1118 2287; x_wconf 92' lang='lat' dir='ltr'><strong>sunt.</strong></span> <span class='ocrx_word' id='word_1_172' title='bbox 1160 2235 1226 2289; x_wconf 78' lang='lat' dir='ltr'><strong>Et</strong></span> <span class='ocrx_word' id='word_1_173' title='bbox 1256 2237 1358 2289; x_wconf 91' lang='lat' dir='ltr'><strong>hoc</strong></span> <span class='ocrx_word' id='word_1_174' title='bbox 1379 2251 1482 2288; x_wconf 87' lang='lat' dir='ltr'><strong>non</strong></span> <span class='ocrx_word' id='word_1_175' title='bbox 1507 2233 1828 2302; x_wconf 82' lang='lat' dir='ltr'><strong>estaliquid,</strong></span> <span class='ocrx_word' id='word_1_176' title='bbox 1852 2233 2102 2304; x_wconf 90' lang='lat' dir='ltr'><strong>quoniam</strong></span> 
     </span>
    </p>
   </div>
   <div class='ocr_carea' id='block_1_22' title="bbox 515 2322 2104 2395">
    <p class='ocr_par' dir='ltr' id='par_1_22' title="bbox 515 2322 2104 2395">
     <span class='ocr_line' id='line_1_22' title="bbox 515 2322 2104 2395; baseline 0.006 -27"><span class='ocrx_word' id='word_1_177' title='bbox 515 2322 730 2387; x_wconf 76' lang='lat' dir='ltr'><strong>penitus</strong></span> <span class='ocrx_word' id='word_1_178' title='bbox 757 2322 885 2375; x_wconf 85' lang='lat' dir='ltr'><strong>nihil</strong></span> <span class='ocrx_word' id='word_1_179' title='bbox 907 2331 1027 2388; x_wconf 88' lang='lat' dir='ltr'><strong>est;</strong></span> <span class='ocrx_word' id='word_1_180' title='bbox 1053 2331 1109 2378; x_wconf 91' lang='lat' dir='ltr'><strong>et</strong></span> <span class='ocrx_word' id='word_1_181' title='bbox 1133 2323 1256 2380; x_wconf 90' lang='lat' dir='ltr'><strong>ideo</strong></span> <span class='ocrx_word' id='word_1_182' title='bbox 1279 2339 1386 2380; x_wconf 92' lang='lat' dir='ltr'><strong>non</strong></span> <span class='ocrx_word' id='word_1_183' title='bbox 1414 2334 1588 2395; x_wconf 85' lang='lat' dir='ltr'><strong>potest</strong></span> <span class='ocrx_word' id='word_1_184' title='bbox 1607 2333 1878 2380; x_wconf 88' lang='lat' dir='ltr'><strong>auctorem</strong></span> <span class='ocrx_word' id='word_1_185' title='bbox 1907 2323 2104 2378; x_wconf 87' lang='lat' dir='ltr'><strong>habere</strong></span> 
     </span>
    </p>
   </div>
   <div class='ocr_carea' id='block_1_23' title="bbox 514 2410 946 2480">
    <p class='ocr_par' dir='ltr' id='par_1_23' title="bbox 514 2410 946 2480">
     <span class='ocr_line' id='line_1_23' title="bbox 514 2410 946 2480; baseline 0.005 -16"><span class='ocrx_word' id='word_1_186' title='bbox 514 2410 656 2480; x_wconf 84' lang='lat' dir='ltr'><strong>quod</strong></span> <span class='ocrx_word' id='word_1_187' title='bbox 687 2411 814 2466; x_wconf 88' lang='lat' dir='ltr'><strong>nihil</strong></span> <span class='ocrx_word' id='word_1_188' title='bbox 845 2421 946 2468; x_wconf 89' lang='lat' dir='ltr'><strong>est.</strong></span> 
     </span>
    </p>
   </div>
   <div class='ocr_carea' id='block_1_24' title="bbox 587 2503 2101 2575">
    <p class='ocr_par' dir='ltr' id='par_1_24' title="bbox 587 2503 2101 2575">
     <span class='ocr_line' id='line_1_24' title="bbox 587 2503 2101 2575; baseline 0.003 -18"><span class='ocrx_word' id='word_1_189' title='bbox 587 2503 677 2557; x_wconf 81' lang='lat'><strong>58.</strong></span> <span class='ocrx_word' id='word_1_190' title='bbox 726 2503 1066 2575; x_wconf 87' lang='lat' dir='ltr'><strong>Quapropter</strong></span> <span class='ocrx_word' id='word_1_191' title='bbox 1109 2507 1246 2562; x_wconf 88' lang='lat' dir='ltr'><strong>sicut</strong></span> <span class='ocrx_word' id='word_1_192' title='bbox 1296 2506 1610 2563; x_wconf 87' lang='lat' dir='ltr'><strong>adversatur</strong></span> <span class='ocrx_word' id='word_1_193' title='bbox 1655 2507 1929 2562; x_wconf 73' lang='lat' dir='ltr'><strong>catholicae</strong></span> <span class='ocrx_word' id='word_1_194' title='bbox 1982 2507 2101 2561; x_wconf 91' lang='lat' dir='ltr'><strong>ﬁdei</strong></span> 
     </span>
    </p>
   </div>
   <div class='ocr_carea' id='block_1_25' title="bbox 513 2593 2097 2672">
    <p class='ocr_par' dir='ltr' id='par_1_25' title="bbox 513 2593 2097 2672">
     <span class='ocr_line' id='line_1_25' title="bbox 513 2593 2097 2672; baseline 0.003 -23"><span class='ocrx_word' id='word_1_195' title='bbox 513 2593 856 2664; x_wconf 69' lang='lat' dir='ltr'><strong>MattiiCilmUS,</strong></span> <span class='ocrx_word' id='word_1_196' title='bbox 888 2597 991 2654; x_wconf 92' lang='lat' dir='ltr'><strong>hoc</strong></span> <span class='ocrx_word' id='word_1_197' title='bbox 1009 2607 1114 2664; x_wconf 91' lang='lat' dir='ltr'><strong>est,</strong></span> <span class='ocrx_word' id='word_1_198' title='bbox 1142 2601 1264 2656; x_wconf 89' lang='lat' dir='ltr'><strong>ﬁdei</strong></span> <span class='ocrx_word' id='word_1_199' title='bbox 1291 2601 1528 2656; x_wconf 81' lang='lat' dir='ltr'><strong>veritatis</strong></span> <span class='ocrx_word' id='word_1_200' title='bbox 1551 2617 1794 2672; x_wconf 69' lang='lat' dir='ltr'><strong>vermque</strong></span> <span class='ocrx_word' id='word_1_201' title='bbox 1825 2601 2032 2671; x_wconf 86' lang='lat' dir='ltr'><strong>pictatis</strong></span> <span class='ocrx_word' id='word_1_202' title='bbox 2053 2603 2097 2666; x_wconf 79' lang='lat'><strong>’,</strong></span> 
     </span>
    </p>
   </div>
   <div class='ocr_carea' id='block_1_26' title="bbox 514 2689 2097 2760">
    <p class='ocr_par' dir='ltr' id='par_1_26' title="bbox 514 2689 2097 2760">
     <span class='ocr_line' id='line_1_26' title="bbox 514 2689 2097 2760; baseline 0.003 -19"><span class='ocrx_word' id='word_1_203' title='bbox 514 2689 606 2756; x_wconf 89' lang='lat' dir='ltr'><strong>qui</strong></span> <span class='ocrx_word' id='word_1_204' title='bbox 635 2689 829 2744; x_wconf 91' lang='lat' dir='ltr'><strong>bonum</strong></span> <span class='ocrx_word' id='word_1_205' title='bbox 854 2699 909 2745; x_wconf 90' lang='lat' dir='ltr'><strong>et</strong></span> <span class='ocrx_word' id='word_1_206' title='bbox 937 2691 1133 2746; x_wconf 89' lang='lat' dir='ltr'><strong>malum</strong></span> <span class='ocrx_word' id='word_1_207' title='bbox 1159 2693 1236 2747; x_wconf 83' lang='lat' dir='ltr'><strong>sic.</strong></span> <span class='ocrx_word' id='word_1_208' title='bbox 1267 2693 1406 2748; x_wconf 90' lang='lat' dir='ltr'><strong>inter</strong></span> <span class='ocrx_word' id='word_1_209' title='bbox 1428 2711 1486 2750; x_wconf 91' lang='lat' dir='ltr'><strong>se</strong></span> <span class='ocrx_word' id='word_1_210' title='bbox 1510 2694 1639 2750; x_wconf 87' lang='lat' dir='ltr'><strong>dicit</strong></span> <span class='ocrx_word' id='word_1_211' title='bbox 1667 2710 1785 2749; x_wconf 85' lang='lat' dir='ltr'><strong>esse</strong></span> <span class='ocrx_word' id='word_1_212' title='bbox 1810 2694 2097 2760; x_wconf 89' lang='lat' dir='ltr'><strong>contraria,</strong></span> 
     </span>
    </p>
   </div>
   <div class='ocr_carea' id='block_1_27' title="bbox 515 2785 2098 2853">
    <p class='ocr_par' dir='ltr' id='par_1_27' title="bbox 515 2785 2098 2853">
     <span class='ocr_line' id='line_1_27' title="bbox 515 2785 2098 2853; baseline 0.003 -20"><span class='ocrx_word' id='word_1_213' title='bbox 515 2790 571 2834; x_wconf 90' lang='lat' dir='ltr'><strong>ut</strong></span> <span class='ocrx_word' id='word_1_214' title='bbox 594 2798 698 2836; x_wconf 89' lang='lat' dir='ltr'><strong>non</strong></span> <span class='ocrx_word' id='word_1_215' title='bbox 728 2793 967 2838; x_wconf 80' lang='lat' dir='ltr'><strong>natumut</strong></span> <span class='ocrx_word' id='word_1_216' title='bbox 1005 2801 1128 2840; x_wconf 91' lang='lat' dir='ltr'><strong>cum</strong></span> <span class='ocrx_word' id='word_1_217' title='bbox 1154 2785 1332 2841; x_wconf 89' lang='lat' dir='ltr'><strong>deﬁcit</strong></span> <span class='ocrx_word' id='word_1_218' title='bbox 1360 2802 1390 2841; x_wconf 91' lang='lat' dir='ltr'><strong>a</strong></span> <span class='ocrx_word' id='word_1_219' title='bbox 1434 2787 1597 2853; x_wconf 90' lang='lat' dir='ltr'><strong>bono,</strong></span> <span class='ocrx_word' id='word_1_220' title='bbox 1637 2787 1781 2842; x_wconf 86' lang='lat' dir='ltr'><strong>dicat</strong></span> <span class='ocrx_word' id='word_1_221' title='bbox 1823 2787 1938 2841; x_wconf 89' lang='lat' dir='ltr'><strong>ﬁeri</strong></span> <span class='ocrx_word' id='word_1_222' title='bbox 1983 2801 2098 2839; x_wconf 81' lang='lat' dir='ltr'><strong>nta-</strong></span> 
     </span>
    </p>
   </div>
   <div class='ocr_carea' id='block_1_28' title="bbox 514 2873 2099 2949">
    <p class='ocr_par' dir='ltr' id='par_1_28' title="bbox 514 2873 2099 2949">
     <span class='ocr_line' id='line_1_28' title="bbox 514 2873 2099 2949; baseline 0.003 -22"><span class='ocrx_word' id='word_1_223' title='bbox 514 2873 620 2927; x_wconf 86' lang='lat' dir='ltr'><strong>lam</strong></span> <span class='ocrx_word' id='word_1_224' title='bbox 651 2873 693 2938; x_wconf 85' lang='grc'><strong>³,</strong></span> <span class='ocrx_word' id='word_1_225' title='bbox 727 2875 1006 2947; x_wconf 90' lang='lat' dir='ltr'><strong>ipsumque</strong></span> <span class='ocrx_word' id='word_1_226' title='bbox 1030 2877 1295 2932; x_wconf 80' lang='lat' dir='ltr'><strong>delectum</strong></span> <span class='ocrx_word' id='word_1_227' title='bbox 1323 2880 1439 2947; x_wconf 77' lang='lat' dir='ltr'><strong>ejus</strong></span> <span class='ocrx_word' id='word_1_228' title='bbox 1467 2895 1586 2934; x_wconf 85' lang='lat' dir='ltr'><strong>esse</strong></span> <span class='ocrx_word' id='word_1_229' title='bbox 1614 2879 1809 2934; x_wconf 88' lang='lat' dir='ltr'><strong>malum</strong></span> <span class='ocrx_word' id='word_1_230' title='bbox 1840 2879 1977 2949; x_wconf 77' lang='lat' dir='ltr'><strong>ejus,</strong></span> <span class='ocrx_word' id='word_1_231' title='bbox 2006 2878 2099 2933; x_wconf 91' lang='lat' dir='ltr'><strong>sed</strong></span> 
     </span>
    </p>
   </div>
   <div class='ocr_carea' id='block_1_29' title="bbox 513 2965 2104 3041">
    <p class='ocr_par' dir='ltr' id='par_1_29' title="bbox 513 2965 2104 3041">
     <span class='ocr_line' id='line_1_29' title="bbox 513 2965 2104 3041; baseline 0.005 -23"><span class='ocrx_word' id='word_1_232' title='bbox 513 2965 692 3034; x_wconf 87' lang='lat' dir='ltr'><strong>potius</strong></span> <span class='ocrx_word' id='word_1_233' title='bbox 711 2966 882 3035; x_wconf 90' lang='lat' dir='ltr'><strong>ipsum</strong></span> <span class='ocrx_word' id='word_1_234' title='bbox 912 2968 1108 3024; x_wconf 88' lang='lat' dir='ltr'><strong>malum</strong></span> <span class='ocrx_word' id='word_1_235' title='bbox 1136 2969 1274 3024; x_wconf 87' lang='lat' dir='ltr'><strong>dicat</strong></span> <span class='ocrx_word' id='word_1_236' title='bbox 1296 2986 1416 3026; x_wconf 90' lang='lat' dir='ltr'><strong>esse</strong></span> <span class='ocrx_word' id='word_1_237' title='bbox 1447 2979 1708 3036; x_wconf 91' lang='lat' dir='ltr'><strong>naturam,</strong></span> <span class='ocrx_word' id='word_1_238' title='bbox 1736 2980 1810 3038; x_wconf 91' lang='lat' dir='ltr'><strong>et,</strong></span> <span class='ocrx_word' id='word_1_239' title='bbox 1839 2972 1979 3041; x_wconf 85' lang='lat' dir='ltr'><strong>quod</strong></span> <span class='ocrx_word' id='word_1_240' title='bbox 2020 2980 2104 3026; x_wconf 88' lang='lat' dir='ltr'><strong>est</strong></span> 
     </span>
    </p>
   </div>
   <div class='ocr_carea' id='block_1_30' title="bbox 515 3056 2102 3132">
    <p class='ocr_par' dir='ltr' id='par_1_30' title="bbox 515 3056 2102 3132">
     <span class='ocr_line' id='line_1_30' title="bbox 515 3056 2102 3132; baseline 0.004 -22"><span class='ocrx_word' id='word_1_241' title='bbox 515 3056 773 3124; x_wconf 78' lang='lat' dir='ltr'><strong>insanius,</strong></span> <span class='ocrx_word' id='word_1_242' title='bbox 803 3058 920 3114; x_wconf 92' lang='lat' dir='ltr'><strong>siue</strong></span> <span class='ocrx_word' id='word_1_243' title='bbox 950 3059 1100 3114; x_wconf 92' lang='lat' dir='ltr'><strong>initio</strong></span> <span class='ocrx_word' id='word_1_244' title='bbox 1125 3061 1502 3132; x_wconf 89' lang='lat' dir='ltr'><strong>sempiternam</strong></span> <span class='ocrx_word' id='word_1_245' title='bbox 1529 3078 1544 3125; x_wconf 90' lang='lat'><strong>;</strong></span> <span class='ocrx_word' id='word_1_246' title='bbox 1573 3078 1795 3132; x_wconf 86' lang='lat' dir='ltr'><strong>eamque</strong></span> <span class='ocrx_word' id='word_1_247' title='bbox 1825 3059 2102 3132; x_wconf 67' lang='lat' dir='ltr'><strong>appellat‘</strong></span> 
     </span>
    </p>
   </div>
   <div class='ocr_carea' id='block_1_31' title="bbox 511 3150 2102 3222">
    <p class='ocr_par' dir='ltr' id='par_1_31' title="bbox 511 3150 2102 3222">
     <span class='ocr_line' id='line_1_31' title="bbox 511 3150 2102 3222; baseline 0.004 -22"><span class='ocrx_word' id='word_1_248' title='bbox 511 3161 709 3216; x_wconf 89' lang='lat' dir='ltr'><strong>corpus</strong></span> <span class='ocrx_word' id='word_1_249' title='bbox 756 3158 812 3204; x_wconf 92' lang='lat' dir='ltr'><strong>et</strong></span> <span class='ocrx_word' id='word_1_250' title='bbox 853 3151 1134 3219; x_wconf 89' lang='lat' dir='ltr'><strong>spiritum;</strong></span> <span class='ocrx_word' id='word_1_251' title='bbox 1181 3168 1377 3222; x_wconf 91' lang='lat' dir='ltr'><strong>corpus</strong></span> <span class='ocrx_word' id='word_1_252' title='bbox 1419 3150 1664 3208; x_wconf 82' lang='lat' dir='ltr'><strong>videlicet</strong></span> <span class='ocrx_word' id='word_1_253' title='bbox 1704 3153 1844 3208; x_wconf 90' lang='lat' dir='ltr'><strong>unde</strong></span> <span class='ocrx_word' id='word_1_254' title='bbox 1884 3154 2102 3222; x_wconf 82' lang='lat' dir='ltr'><strong>Spiritus</strong></span> 
     </span>
    </p>
   </div>
   <div class='ocr_carea' id='block_1_32' title="bbox 512 3239 2100 3315">
    <p class='ocr_par' dir='ltr' id='par_1_32' title="bbox 512 3239 2100 3315">
     <span class='ocr_line' id='line_1_32' title="bbox 512 3239 2100 3315; baseline 0.005 -24"><span class='ocrx_word' id='word_1_255' title='bbox 512 3250 784 3308; x_wconf 87' lang='lat' dir='ltr'><strong>operetur,</strong></span> <span class='ocrx_word' id='word_1_256' title='bbox 813 3242 1054 3310; x_wconf 91' lang='lat' dir='ltr'><strong>spiritum</strong></span> <span class='ocrx_word' id='word_1_257' title='bbox 1100 3259 1225 3300; x_wconf 78' lang='lat' dir='ltr'><strong>vero</strong></span> <span class='ocrx_word' id='word_1_258' title='bbox 1251 3245 1338 3315; x_wconf 89' lang='lat' dir='ltr'><strong>qui</strong></span> <span class='ocrx_word' id='word_1_259' title='bbox 1367 3254 1618 3314; x_wconf 82' lang='lat' dir='ltr'><strong>operetur</strong></span> <span class='ocrx_word' id='word_1_260' title='bbox 1655 3239 1720 3299; x_wconf 71' lang='lat' dir='ltr'><strong>cit</strong></span> <span class='ocrx_word' id='word_1_261' title='bbox 1747 3261 1971 3315; x_wconf 87' lang='lat' dir='ltr'><strong>corpore</strong></span> <span class='ocrx_word' id='word_1_262' title='bbox 1995 3264 2008 3299; x_wconf 88' lang='lat'><strong>:</strong></span> <span class='ocrx_word' id='word_1_263' title='bbox 2029 3245 2100 3299; x_wconf 88' lang='lat' dir='ltr'><strong>ita</strong></span> 
     </span>
    </p>
   </div>
   <div class='ocr_carea' id='block_1_33' title="bbox 514 3329 2099 3407">
    <p class='ocr_par' dir='ltr' id='par_1_33' title="bbox 514 3329 2099 3407">
     <span class='ocr_line' id='line_1_33' title="bbox 514 3329 2099 3407; baseline 0.003 -22"><span class='ocrx_word' id='word_1_264' title='bbox 514 3330 659 3389; x_wconf 90' lang='lat' dir='ltr'><strong>hunc</strong></span> <span class='ocrx_word' id='word_1_265' title='bbox 687 3333 1047 3389; x_wconf 85' lang='lat' dir='ltr'><strong>adversarium</strong></span> <span class='ocrx_word' id='word_1_266' title='bbox 1079 3335 1200 3390; x_wconf 89' lang='lat' dir='ltr'><strong>lidei</strong></span> <span class='ocrx_word' id='word_1_267' title='bbox 1243 3335 1347 3391; x_wconf 88' lang='lat' dir='ltr'><strong>dici</strong></span> <span class='ocrx_word' id='word_1_268' title='bbox 1379 3353 1483 3390; x_wconf 89' lang='lat' dir='ltr'><strong>non</strong></span> <span class='ocrx_word' id='word_1_269' title='bbox 1515 3345 1692 3407; x_wconf 84' lang='lat' dir='ltr'><strong>potest</strong></span> <span class='ocrx_word' id='word_1_270' title='bbox 1717 3329 1976 3405; x_wconf 82' lang='lat' dir='ltr'><strong>quantum</strong></span> <span class='ocrx_word' id='word_1_271' title='bbox 2002 3334 2099 3389; x_wconf 87' lang='lat' dir='ltr'><strong>ad-</strong></span> 
     </span>
    </p>
   </div>
   <div class='ocr_carea' id='block_1_34' title="bbox 509 3427 2099 3498">
    <p class='ocr_par' dir='ltr' id='par_1_34' title="bbox 509 3427 2099 3498">
     <span class='ocr_line' id='line_1_34' title="bbox 509 3427 2099 3498; baseline 0.001 -20"><span class='ocrx_word' id='word_1_272' title='bbox 509 3427 678 3493; x_wconf 84' lang='lat' dir='ltr'><strong>juvet,</strong></span> <span class='ocrx_word' id='word_1_273' title='bbox 725 3427 812 3495; x_wconf 86' lang='lat' dir='ltr'><strong>qui</strong></span> <span class='ocrx_word' id='word_1_274' title='bbox 842 3427 977 3482; x_wconf 91' lang='lat' dir='ltr'><strong>mala</strong></span> <span class='ocrx_word' id='word_1_275' title='bbox 1020 3444 1084 3482; x_wconf 80' lang='lat' dir='ltr'><strong>ex</strong></span> <span class='ocrx_word' id='word_1_276' title='bbox 1114 3428 1267 3483; x_wconf 88' lang='lat' dir='ltr'><strong>bonis</strong></span> <span class='ocrx_word' id='word_1_277' title='bbox 1309 3428 1434 3482; x_wconf 89' lang='lat' dir='ltr'><strong>oriri</strong></span> <span class='ocrx_word' id='word_1_278' title='bbox 1467 3437 1641 3498; x_wconf 83' lang='lat' dir='ltr'><strong>negat,</strong></span> <span class='ocrx_word' id='word_1_279' title='bbox 1675 3436 1729 3482; x_wconf 94' lang='lat' dir='ltr'><strong>et</strong></span> <span class='ocrx_word' id='word_1_280' title='bbox 1769 3428 1820 3482; x_wconf 89' lang='lat' dir='ltr'><strong>in</strong></span> <span class='ocrx_word' id='word_1_281' title='bbox 1852 3427 2099 3482; x_wconf 85' lang='lat' dir='ltr'><strong>eumdem</strong></span> 
     </span>
    </p>
   </div>
   <div class='ocr_carea' id='block_1_35' title="bbox 511 3517 2101 3589">
    <p class='ocr_par' dir='ltr' id='par_1_35' title="bbox 511 3517 2101 3589">
     <span class='ocr_line' id='line_1_35' title="bbox 511 3517 2101 3589; baseline 0 -21"><span class='ocrx_word' id='word_1_282' title='bbox 511 3529 726 3569; x_wconf 86' lang='lat' dir='ltr'><strong>sensum</strong></span> <span class='ocrx_word' id='word_1_283' title='bbox 769 3517 960 3587; x_wconf 81' lang='lat' dir='ltr'><strong>aecipit</strong></span> <span class='ocrx_word' id='word_1_284' title='bbox 988 3517 1128 3589; x_wconf 90' lang='lat' dir='ltr'><strong>quod</strong></span> <span class='ocrx_word' id='word_1_285' title='bbox 1155 3520 1229 3573; x_wconf 83' lang='lat' dir='ltr'><strong>ait</strong></span> <span class='ocrx_word' id='word_1_286' title='bbox 1259 3518 1531 3584; x_wconf 85' lang='lat' dir='ltr'><strong>Dominus,</strong></span> <span class='ocrx_word' id='word_1_287' title='bbox 1560 3517 1722 3572; x_wconf 82' lang='lat' dir='ltr'><strong>Arbor</strong></span> <span class='ocrx_word' id='word_1_288' title='bbox 1744 3517 1875 3572; x_wconf 84' lang='lat' dir='ltr'><strong>bona</strong></span> <span class='ocrx_word' id='word_1_289' title='bbox 1905 3520 2101 3584; x_wconf 80' lang='lat' dir='ltr'><strong>[ructus</strong></span> 
     </span>
    </p>
   </div>
   <div class='ocr_carea' id='block_1_36' title="bbox 512 3607 2100 3678">
    <p class='ocr_par' dir='ltr' id='par_1_36' title="bbox 512 3607 2100 3678">
     <span class='ocr_line' id='line_1_36' title="bbox 512 3607 2100 3678; baseline 0.002 -20"><span class='ocrx_word' id='word_1_290' title='bbox 512 3608 674 3660; x_wconf 74' lang='lat' dir='ltr'><strong>titulos</strong></span> <span class='ocrx_word' id='word_1_291' title='bbox 701 3623 800 3660; x_wconf 86' lang='lat' dir='ltr'><strong>nou</strong></span> <span class='ocrx_word' id='word_1_292' title='bbox 830 3607 952 3678; x_wconf 76' lang='lat' dir='ltr'><strong>facit</strong></span> <span class='ocrx_word' id='word_1_293' title='bbox 983 3623 1002 3662; x_wconf 92' lang='lat'><strong><em>:</em></strong></span> <span class='ocrx_word' id='word_1_294' title='bbox 1029 3624 1150 3663; x_wconf 87' lang='lat' dir='ltr'><strong>cum</strong></span> <span class='ocrx_word' id='word_1_295' title='bbox 1181 3608 1268 3662; x_wconf 92' lang='lat' dir='ltr'><strong>ille</strong></span> <span class='ocrx_word' id='word_1_296' title='bbox 1297 3609 1549 3678; x_wconf 76' lang='lat' dir='ltr'><strong>magister</strong></span> <span class='ocrx_word' id='word_1_297' title='bbox 1593 3609 1752 3672; x_wconf 89' lang='lat' dir='ltr'><strong>Deus,</strong></span> <span class='ocrx_word' id='word_1_298' title='bbox 1787 3625 1890 3663; x_wconf 91' lang='lat' dir='ltr'><strong>non</strong></span> <span class='ocrx_word' id='word_1_299' title='bbox 1918 3609 2100 3676; x_wconf 87' lang='lat' dir='ltr'><strong>tttique</strong></span> 
     </span>
    </p>
   </div>
   <div class='ocr_carea' id='block_1_37' title="bbox 515 3699 2101 3770">
    <p class='ocr_par' dir='ltr' id='par_1_37' title="bbox 515 3699 2101 3770">
     <span class='ocr_line' id='line_1_37' title="bbox 515 3699 2101 3770; baseline 0.002 -20"><span class='ocrx_word' id='word_1_300' title='bbox 515 3708 754 3752; x_wconf 89' lang='lat' dir='ltr'><strong>naturam</strong></span> <span class='ocrx_word' id='word_1_301' title='bbox 797 3707 1084 3753; x_wconf 81' lang='lat' dir='ltr'><strong>constituat</strong></span> <span class='ocrx_word' id='word_1_302' title='bbox 1119 3699 1387 3763; x_wconf 88' lang='lat' dir='ltr'><strong>arborem,</strong></span> <span class='ocrx_word' id='word_1_303' title='bbox 1415 3715 1477 3754; x_wconf 79' lang='lat' dir='ltr'><strong>ex</strong></span> <span class='ocrx_word' id='word_1_304' title='bbox 1499 3715 1600 3770; x_wconf 90' lang='lat' dir='ltr'><strong>qua</strong></span> <span class='ocrx_word' id='word_1_305' title='bbox 1631 3699 1829 3755; x_wconf 77' lang='lat' dir='ltr'><strong>ﬁ-uctus</strong></span> <span class='ocrx_word' id='word_1_306' title='bbox 1854 3700 1922 3755; x_wconf 89' lang='lat' dir='ltr'><strong>de</strong></span> <span class='ocrx_word' id='word_1_307' title='bbox 1949 3715 2054 3770; x_wconf 91' lang='lat' dir='ltr'><strong>quo</strong></span> <span class='ocrx_word' id='word_1_308' title='bbox 2078 3699 2101 3732; x_wconf 82' lang='lat'><strong>&#39;</strong></span> 
     </span>
    </p>
   </div>
   <div class='ocr_carea' id='block_1_38' title="bbox 516 3785 2100 3858">
    <p class='ocr_par' dir='ltr' id='par_1_38' title="bbox 516 3785 2100 3858">
     <span class='ocr_line' id='line_1_38' title="bbox 516 3785 2100 3858; baseline 0.003 -17"><span class='ocrx_word' id='word_1_309' title='bbox 516 3789 852 3858; x_wconf 81' lang='lat' dir='ltr'><strong>loquebatur,</strong></span> <span class='ocrx_word' id='word_1_310' title='bbox 904 3785 1135 3854; x_wconf 65' lang='lat' dir='ltr'><strong>eiistat;</strong></span> <span class='ocrx_word' id='word_1_311' title='bbox 1188 3791 1280 3844; x_wconf 91' lang='lat' dir='ltr'><strong>sed</strong></span> <span class='ocrx_word' id='word_1_312' title='bbox 1307 3791 1629 3845; x_wconf 84' lang='lat' dir='ltr'><strong>voluntatem</strong></span> <span class='ocrx_word' id='word_1_313' title='bbox 1656 3806 1749 3846; x_wconf 73' lang='lat' dir='ltr'><strong>Seu</strong></span> <span class='ocrx_word' id='word_1_314' title='bbox 1783 3793 1975 3847; x_wconf 91' lang='lat' dir='ltr'><strong>bonam</strong></span> <span class='ocrx_word' id='word_1_315' title='bbox 2005 3807 2100 3846; x_wconf 88' lang='lat' dir='ltr'><strong>seu</strong></span> 
     </span>
    </p>
   </div>
   <div class='ocr_carea' id='block_1_39' title="bbox 517 3880 2101 3953">
    <p class='ocr_par' dir='ltr' id='par_1_39' title="bbox 517 3880 2101 3953">
     <span class='ocr_line' id='line_1_39' title="bbox 517 3880 2101 3953; baseline 0.003 -19"><span class='ocrx_word' id='word_1_316' title='bbox 517 3881 731 3943; x_wconf 86' lang='lat' dir='ltr'><strong>malam,</strong></span> <span class='ocrx_word' id='word_1_317' title='bbox 761 3880 966 3936; x_wconf 78' lang='lat' dir='ltr'><strong>fructus</strong></span> <span class='ocrx_word' id='word_1_318' title='bbox 991 3889 1167 3935; x_wconf 89' lang='lat' dir='ltr'><strong>autem</strong></span> <span class='ocrx_word' id='word_1_319' title='bbox 1195 3897 1380 3951; x_wconf 85' lang='lat' dir='ltr'><strong>Opera,</strong></span> <span class='ocrx_word' id='word_1_320' title='bbox 1409 3897 1528 3953; x_wconf 70' lang='lat' dir='ltr'><strong>quin</strong></span> <span class='ocrx_word' id='word_1_321' title='bbox 1555 3898 1653 3938; x_wconf 86' lang='lat' dir='ltr'><strong>nec</strong></span> <span class='ocrx_word' id='word_1_322' title='bbox 1683 3884 1818 3937; x_wconf 90' lang='lat' dir='ltr'><strong>bona</strong></span> <span class='ocrx_word' id='word_1_323' title='bbox 1854 3884 2101 3938; x_wconf 79' lang='lat' dir='ltr'><strong>volunta-</strong></span> 
     </span>
    </p>
   </div>
   <div class='ocr_carea' id='block_1_40' title="bbox 516 3973 2098 4044">
    <p class='ocr_par' dir='ltr' id='par_1_40' title="bbox 516 3973 2098 4044">
     <span class='ocr_line' id='line_1_40' title="bbox 516 3973 2098 4044; baseline 0.003 -18"><span class='ocrx_word' id='word_1_324' title='bbox 516 3975 584 4027; x_wconf 85' lang='lat' dir='ltr'><strong>tis</strong></span> <span class='ocrx_word' id='word_1_325' title='bbox 628 3973 804 4040; x_wconf 84' lang='lat' dir='ltr'><strong>mala-,</strong></span> <span class='ocrx_word' id='word_1_326' title='bbox 837 3988 935 4028; x_wconf 88' lang='lat' dir='ltr'><strong>nec</strong></span> <span class='ocrx_word' id='word_1_327' title='bbox 979 3974 1112 4028; x_wconf 87' lang='lat' dir='ltr'><strong>mala</strong></span> <span class='ocrx_word' id='word_1_328' title='bbox 1158 3983 1384 4044; x_wconf 90' lang='lat' dir='ltr'><strong>possunt</strong></span> <span class='ocrx_word' id='word_1_329' title='bbox 1427 3990 1549 4030; x_wconf 84' lang='lat' dir='ltr'><strong>esse</strong></span> <span class='ocrx_word' id='word_1_330' title='bbox 1591 3975 1879 4030; x_wconf 83' lang='lat' dir='ltr'><strong>voluntatis</strong></span> <span class='ocrx_word' id='word_1_331' title='bbox 1925 3976 2098 4030; x_wconf 76' lang='lat' dir='ltr'><strong>boum.</strong></span> 
     </span>
    </p>
   </div>
   <div class='ocr_carea' id='block_1_41' title="bbox 517 4064 2100 4138">
    <p class='ocr_par' dir='ltr' id='par_1_41' title="bbox 517 4064 2100 4138">
     <span class='ocr_line' id='line_1_41' title="bbox 517 4064 2100 4138; baseline 0.003 -20"><span class='ocrx_word' id='word_1_332' title='bbox 517 4065 629 4118; x_wconf 91' lang='lat' dir='ltr'><strong>lloc</strong></span> <span class='ocrx_word' id='word_1_333' title='bbox 652 4073 734 4119; x_wconf 88' lang='lat' dir='ltr'><strong>est</strong></span> <span class='ocrx_word' id='word_1_334' title='bbox 759 4067 900 4119; x_wconf 89' lang='lat' dir='ltr'><strong>enim</strong></span> <span class='ocrx_word' id='word_1_335' title='bbox 927 4064 1068 4134; x_wconf 91' lang='lat' dir='ltr'><strong>quod</strong></span> <span class='ocrx_word' id='word_1_336' title='bbox 1107 4065 1197 4127; x_wconf 87' lang='lat' dir='ltr'><strong>ait.</strong></span> <span class='ocrx_word' id='word_1_337' title='bbox 1224 4066 1386 4120; x_wconf 80' lang='lat' dir='ltr'><strong>Arbor</strong></span> <span class='ocrx_word' id='word_1_338' title='bbox 1421 4067 1557 4121; x_wconf 84' lang='lat' dir='ltr'><strong>mala</strong></span> <span class='ocrx_word' id='word_1_339' title='bbox 1585 4069 1782 4138; x_wconf 73' lang='lat' dir='ltr'><strong>fructus</strong></span> <span class='ocrx_word' id='word_1_340' title='bbox 1817 4067 1974 4122; x_wconf 76' lang='lat' dir='ltr'><strong>bonos</strong></span> <span class='ocrx_word' id='word_1_341' title='bbox 2001 4085 2100 4122; x_wconf 82' lang='lat' dir='ltr'><strong>non</strong></span> 
     </span>
    </p>
   </div>
   <div class='ocr_carea' id='block_1_42' title="bbox 518 4156 2098 4229">
    <p class='ocr_par' dir='ltr' id='par_1_42' title="bbox 518 4156 2098 4229">
     <span class='ocr_line' id='line_1_42' title="bbox 518 4156 2098 4229; baseline 0.006 -21"><span class='ocrx_word' id='word_1_342' title='bbox 518 4158 661 4229; x_wconf 74' lang='lat' dir='ltr'><strong>facit,</strong></span> <span class='ocrx_word' id='word_1_343' title='bbox 692 4167 735 4211; x_wconf 81' lang='lat' dir='ltr'><strong>et</strong></span> <span class='ocrx_word' id='word_1_344' title='bbox 759 4157 908 4211; x_wconf 83' lang='lat' dir='ltr'><strong>arbor</strong></span> <span class='ocrx_word' id='word_1_345' title='bbox 926 4156 1056 4210; x_wconf 82' lang='lat' dir='ltr'><strong>bona</strong></span> <span class='ocrx_word' id='word_1_346' title='bbox 1081 4161 1276 4228; x_wconf 77' lang='lat' dir='ltr'><strong>fructus</strong></span> <span class='ocrx_word' id='word_1_347' title='bbox 1303 4159 1463 4212; x_wconf 81' lang='lat' dir='ltr'><strong>malos</strong></span> <span class='ocrx_word' id='word_1_348' title='bbox 1489 4175 1588 4212; x_wconf 82' lang='lat' dir='ltr'><strong>non</strong></span> <span class='ocrx_word' id='word_1_349' title='bbox 1610 4159 1732 4228; x_wconf 72' lang='lat' dir='ltr'><strong>facit</strong></span> <span class='ocrx_word' id='word_1_350' title='bbox 1757 4158 1971 4228; x_wconf 76' lang='lat' dir='ltr'><strong>(Matth.</strong></span> <span class='ocrx_word' id='word_1_351' title='bbox 2002 4176 2098 4229; x_wconf 75' lang='lat' dir='ltr'><strong>vn,</strong></span> 
     </span>
    </p>
   </div>
   <div class='ocr_carea' id='block_1_43' title="bbox 522 4249 2096 4319">
    <p class='ocr_par' dir='ltr' id='par_1_43' title="bbox 522 4249 2096 4319">
     <span class='ocr_line' id='line_1_43' title="bbox 522 4249 2096 4319; baseline -0.001 -16"><span class='ocrx_word' id='word_1_352' title='bbox 522 4249 607 4317; x_wconf 84' lang='grc'><strong>18)</strong></span> <span class='ocrx_word' id='word_1_353' title='bbox 640 4266 652 4302; x_wconf 92' lang='lat'>:</span> <span class='ocrx_word' id='word_1_354' title='bbox 678 4259 924 4318; x_wconf 88' lang='lat' dir='ltr'><strong>tauquam</strong></span> <span class='ocrx_word' id='word_1_355' title='bbox 949 4249 1168 4312; x_wconf 86' lang='lat' dir='ltr'><strong>diceret,</strong></span> <span class='ocrx_word' id='word_1_356' title='bbox 1194 4249 1304 4306; x_wconf 89' lang='lat' dir='ltr'><strong>Nec</strong></span> <span class='ocrx_word' id='word_1_357' title='bbox 1325 4265 1486 4319; x_wconf 88' lang='lat' dir='ltr'><strong>opera</strong></span> <span class='ocrx_word' id='word_1_358' title='bbox 1509 4250 1644 4304; x_wconf 86' lang='lat' dir='ltr'><strong>booa</strong></span> <span class='ocrx_word' id='word_1_359' title='bbox 1671 4251 1916 4304; x_wconf 88' lang='lat' dir='ltr'><strong>voluntas</strong></span> <span class='ocrx_word' id='word_1_360' title='bbox 1936 4252 2096 4317; x_wconf 84' lang='lat' dir='ltr'><strong>mala,</strong></span> 
     </span>
    </p>
   </div>
   <div class='ocr_carea' id='block_1_44' title="bbox 517 4338 2098 4410">
    <p class='ocr_par' dir='ltr' id='par_1_44' title="bbox 517 4338 2098 4410">
     <span class='ocr_line' id='line_1_44' title="bbox 517 4338 2098 4410; baseline 0.002 -16"><span class='ocrx_word' id='word_1_361' title='bbox 517 4355 619 4395; x_wconf 91' lang='lat' dir='ltr'><strong>nec</strong></span> <span class='ocrx_word' id='word_1_362' title='bbox 657 4341 793 4393; x_wconf 87' lang='lat' dir='ltr'><strong>mala</strong></span> <span class='ocrx_word' id='word_1_363' title='bbox 839 4354 998 4408; x_wconf 83' lang='lat' dir='ltr'><strong>opera</strong></span> <span class='ocrx_word' id='word_1_364' title='bbox 1039 4338 1160 4396; x_wconf 78' lang='lat' dir='ltr'><strong>facit</strong></span> <span class='ocrx_word' id='word_1_365' title='bbox 1205 4341 1448 4395; x_wconf 82' lang='lat' dir='ltr'><strong>voluntas</strong></span> <span class='ocrx_word' id='word_1_366' title='bbox 1490 4340 1650 4394; x_wconf 89' lang='lat' dir='ltr'><strong>bona.</strong></span> <span class='ocrx_word' id='word_1_367' title='bbox 1689 4339 1820 4394; x_wconf 75' lang='lat' dir='ltr'><strong>Nam</strong></span> <span class='ocrx_word' id='word_1_368' title='bbox 1867 4341 2098 4410; x_wconf 87' lang='lat' dir='ltr'><strong>ipsarum</strong></span> 
     </span>
    </p>
   </div>
   <div class='ocr_carea' id='block_1_45' title="bbox 515 4431 2102 4502">
    <p class='ocr_par' dir='ltr' id='par_1_45' title="bbox 515 4431 2102 4502">
     <span class='ocr_line' id='line_1_45' title="bbox 515 4431 2102 4502; baseline 0.003 -18"><span class='ocrx_word' id='word_1_369' title='bbox 515 4431 788 4496; x_wconf 84' lang='lat' dir='ltr'><strong>arborum,</strong></span> <span class='ocrx_word' id='word_1_370' title='bbox 832 4431 884 4486; x_wconf 88' lang='lat' dir='ltr'><strong>id</strong></span> <span class='ocrx_word' id='word_1_371' title='bbox 926 4443 1028 4498; x_wconf 91' lang='lat' dir='ltr'><strong>est,</strong></span> <span class='ocrx_word' id='word_1_372' title='bbox 1075 4433 1308 4502; x_wconf 89' lang='lat' dir='ltr'><strong>ipsarum</strong></span> <span class='ocrx_word' id='word_1_373' title='bbox 1339 4432 1667 4486; x_wconf 84' lang='lat' dir='ltr'><strong>voluntatum</strong></span> <span class='ocrx_word' id='word_1_374' title='bbox 1715 4432 1759 4486; x_wconf 90' lang='lat' dir='ltr'><strong>si</strong></span> <span class='ocrx_word' id='word_1_375' title='bbox 1791 4444 2102 4502; x_wconf 68' lang='lat' dir='ltr'><strong>qumrantur</strong></span> 
     </span>
    </p>
   </div>
   <div class='ocr_carea' id='block_1_46' title="bbox 515 4521 2101 4593">
    <p class='ocr_par' dir='ltr' id='par_1_46' title="bbox 515 4521 2101 4593">
     <span class='ocr_line' id='line_1_46' title="bbox 515 4521 2101 4593; baseline 0.003 -18"><span class='ocrx_word' id='word_1_376' title='bbox 515 4521 779 4591; x_wconf 70' lang='lat' dir='ltr'><strong>origines;</strong></span> <span class='ocrx_word' id='word_1_377' title='bbox 824 4539 941 4591; x_wconf 75' lang='lat' dir='ltr'><strong>qua:</strong></span> <span class='ocrx_word' id='word_1_378' title='bbox 985 4532 1313 4590; x_wconf 91' lang='lat' dir='ltr'><strong>occurrunt,</strong></span> <span class='ocrx_word' id='word_1_379' title='bbox 1345 4523 1446 4577; x_wconf 90' lang='lat' dir='ltr'><strong>nisi</strong></span> <span class='ocrx_word' id='word_1_380' title='bbox 1490 4533 1714 4588; x_wconf 73' lang='lat' dir='ltr'><strong>naturm,</strong></span> <span class='ocrx_word' id='word_1_381' title='bbox 1760 4538 1892 4593; x_wconf 90' lang='lat' dir='ltr'><strong>quas</strong></span> <span class='ocrx_word' id='word_1_382' title='bbox 1934 4524 2101 4580; x_wconf 88' lang='lat' dir='ltr'><strong>bonas</strong></span> 
     </span>
    </p>
   </div>
   <div class='ocr_carea' id='block_1_47' title="bbox 515 4613 2096 4684">
    <p class='ocr_par' dir='ltr' id='par_1_47' title="bbox 515 4613 2096 4684">
     <span class='ocr_line' id='line_1_47' title="bbox 515 4613 2096 4684; baseline -0.003 -14"><span class='ocrx_word' id='word_1_383' title='bbox 515 4616 657 4670; x_wconf 75' lang='lat' dir='ltr'><strong>Deus</strong></span> <span class='ocrx_word' id='word_1_384' title='bbox 682 4613 960 4670; x_wconf 81' lang='lat' dir='ltr'><strong>condidit?</strong></span> <span class='ocrx_word' id='word_1_385' title='bbox 989 4615 1066 4668; x_wconf 81' lang='lat' dir='ltr'><strong>Ac</strong></span> <span class='ocrx_word' id='word_1_386' title='bbox 1095 4630 1190 4684; x_wconf 91' lang='lat' dir='ltr'><strong>per</strong></span> <span class='ocrx_word' id='word_1_387' title='bbox 1218 4613 1321 4668; x_wconf 90' lang='lat' dir='ltr'><strong>hoc</strong></span> <span class='ocrx_word' id='word_1_388' title='bbox 1357 4629 1421 4668; x_wconf 78' lang='lat' dir='ltr'><strong>ex</strong></span> <span class='ocrx_word' id='word_1_389' title='bbox 1450 4613 1602 4668; x_wconf 89' lang='lat' dir='ltr'><strong>bonis</strong></span> <span class='ocrx_word' id='word_1_390' title='bbox 1629 4622 1742 4667; x_wconf 88' lang='lat' dir='ltr'><strong>orta</strong></span> <span class='ocrx_word' id='word_1_391' title='bbox 1773 4621 1897 4667; x_wconf 91' lang='lat' dir='ltr'><strong>sunt</strong></span> <span class='ocrx_word' id='word_1_392' title='bbox 1925 4615 2059 4670; x_wconf 88' lang='lat' dir='ltr'><strong>mala</strong></span> <span class='ocrx_word' id='word_1_393' title='bbox 2081 4657 2096 4681; x_wconf 86' lang='lat'><strong>,</strong></span> 
     </span>
    </p>
   </div>
   <div class='ocr_carea' id='block_1_48' title="bbox 515 4707 2100 4778">
    <p class='ocr_par' dir='ltr' id='par_1_48' title="bbox 515 4707 2100 4778">
     <span class='ocr_line' id='line_1_48' title="bbox 515 4707 2100 4778; baseline 0.001 -16"><span class='ocrx_word' id='word_1_394' title='bbox 515 4723 621 4763; x_wconf 84' lang='lat' dir='ltr'><strong>non</strong></span> <span class='ocrx_word' id='word_1_395' title='bbox 651 4725 717 4764; x_wconf 79' lang='lat' dir='ltr'><strong>ex</strong></span> <span class='ocrx_word' id='word_1_396' title='bbox 749 4709 900 4763; x_wconf 84' lang='lat' dir='ltr'><strong>bouis</strong></span> <span class='ocrx_word' id='word_1_397' title='bbox 938 4708 1298 4762; x_wconf 80' lang='lat' dir='ltr'><strong>voluntatibus</strong></span> <span class='ocrx_word' id='word_1_398' title='bbox 1337 4722 1498 4778; x_wconf 82' lang='lat' dir='ltr'><strong>opera</strong></span> <span class='ocrx_word' id='word_1_399' title='bbox 1529 4707 1687 4770; x_wconf 90' lang='lat' dir='ltr'><strong>mala.</strong></span> <span class='ocrx_word' id='word_1_400' title='bbox 1731 4707 1824 4761; x_wconf 88' lang='lat' dir='ltr'><strong>sed</strong></span> <span class='ocrx_word' id='word_1_401' title='bbox 1854 4724 1918 4762; x_wconf 84' lang='lat' dir='ltr'><strong>ex</strong></span> <span class='ocrx_word' id='word_1_402' title='bbox 1946 4708 2100 4764; x_wconf 84' lang='lat' dir='ltr'><strong>bonis</strong></span> 
     </span>
    </p>
   </div>
   <div class='ocr_carea' id='block_1_49' title="bbox 514 4796 2100 4868">
    <p class='ocr_par' dir='ltr' id='par_1_49' title="bbox 514 4796 2100 4868">
     <span class='ocr_line' id='line_1_49' title="bbox 514 4796 2100 4868; baseline 0.001 -14"><span class='ocrx_word' id='word_1_403' title='bbox 514 4801 718 4855; x_wconf 87' lang='lat' dir='ltr'><strong>naturis</strong></span> <span class='ocrx_word' id='word_1_404' title='bbox 748 4801 1044 4854; x_wconf 83' lang='lat' dir='ltr'><strong>voluntates</strong></span> <span class='ocrx_word' id='word_1_405' title='bbox 1073 4799 1246 4852; x_wconf 77' lang='lat' dir='ltr'><strong>malae.</strong></span> <span class='ocrx_word' id='word_1_406' title='bbox 1283 4796 1419 4864; x_wconf 86' lang='lat' dir='ltr'><strong>Quid</strong></span> <span class='ocrx_word' id='word_1_407' title='bbox 1449 4813 1578 4868; x_wconf 83' lang='lat' dir='ltr'><strong>ergo</strong></span> <span class='ocrx_word' id='word_1_408' title='bbox 1616 4797 1695 4852; x_wconf 89' lang='lat' dir='ltr'><strong>sic</strong></span> <span class='ocrx_word' id='word_1_409' title='bbox 1723 4807 1872 4868; x_wconf 86' lang='lat' dir='ltr'><strong>optat</strong></span> <span class='ocrx_word' id='word_1_410' title='bbox 1911 4798 2100 4856; x_wconf 84' lang='lat' dir='ltr'><strong>audire</strong></span> 
     </span>
    </p>
   </div>
   <div class='ocr_carea' id='block_1_50' title="bbox 514 4890 2102 4958">
    <p class='ocr_par' dir='ltr' id='par_1_50' title="bbox 514 4890 2102 4958">
     <span class='ocr_line' id='line_1_50' title="bbox 514 4890 2102 4958; baseline -0.002 -10"><span class='ocrx_word' id='word_1_411' title='bbox 514 4893 854 4958; x_wconf 79' lang='lat' dir='ltr'><strong>Maniclneus,</strong></span> <span class='ocrx_word' id='word_1_412' title='bbox 903 4899 1041 4947; x_wconf 82' lang='lat' dir='ltr'><strong>sicut</strong></span> <span class='ocrx_word' id='word_1_413' title='bbox 1066 4907 1130 4945; x_wconf 78' lang='lat' dir='ltr'><strong>ex</strong></span> <span class='ocrx_word' id='word_1_414' title='bbox 1173 4890 1326 4945; x_wconf 87' lang='lat' dir='ltr'><strong>bonis</strong></span> <span class='ocrx_word' id='word_1_415' title='bbox 1353 4890 1490 4944; x_wconf 89' lang='lat' dir='ltr'><strong>mala</strong></span> <span class='ocrx_word' id='word_1_416' title='bbox 1522 4905 1641 4945; x_wconf 87' lang='lat' dir='ltr'><strong>esse</strong></span> <span class='ocrx_word' id='word_1_417' title='bbox 1685 4905 1789 4944; x_wconf 89' lang='lat' dir='ltr'><strong>non</strong></span> <span class='ocrx_word' id='word_1_418' title='bbox 1835 4905 2011 4958; x_wconf 88' lang='lat' dir='ltr'><strong>posse,</strong></span> <span class='ocrx_word' id='word_1_419' title='bbox 2043 4901 2102 4945; x_wconf 94' lang='grc' dir='ltr'><strong>ιιι</strong></span> 
     </span>
    </p>
   </div>
   <div class='ocr_carea' id='block_1_51' title="bbox 513 4981 2102 5055">
    <p class='ocr_par' dir='ltr' id='par_1_51' title="bbox 513 4981 2102 5055">
     <span class='ocr_line' id='line_1_51' title="bbox 513 4981 2102 5055; baseline -0.001 -17"><span class='ocrx_word' id='word_1_420' title='bbox 513 4987 762 5055; x_wconf 85' lang='lat' dir='ltr'><strong>quoniam</strong></span> <span class='ocrx_word' id='word_1_421' title='bbox 801 4984 984 5054; x_wconf 82' lang='lat' dir='ltr'><strong>negari</strong></span> <span class='ocrx_word' id='word_1_422' title='bbox 1032 4999 1136 5036; x_wconf 89' lang='lat' dir='ltr'><strong>non</strong></span> <span class='ocrx_word' id='word_1_423' title='bbox 1168 4990 1341 5052; x_wconf 89' lang='lat' dir='ltr'><strong>potest</strong></span> <span class='ocrx_word' id='word_1_424' title='bbox 1393 4996 1514 5036; x_wconf 85' lang='lat' dir='ltr'><strong>esse</strong></span> <span class='ocrx_word' id='word_1_425' title='bbox 1557 4981 1717 5047; x_wconf 85' lang='lat' dir='ltr'><strong>mala,</strong></span> <span class='ocrx_word' id='word_1_426' title='bbox 1765 4981 1892 5035; x_wconf 92' lang='lat' dir='ltr'><strong>nihil</strong></span> <span class='ocrx_word' id='word_1_427' title='bbox 1937 4991 2102 5037; x_wconf 89' lang='lat' dir='ltr'><strong>restet</strong></span> 
     </span>
    </p>
   </div>
   <div class='ocr_carea' id='block_1_52' title="bbox 513 5073 2096 5140">
    <p class='ocr_par' dir='ltr' id='par_1_52' title="bbox 513 5073 2096 5140">
     <span class='ocr_line' id='line_1_52' title="bbox 513 5073 2096 5140; baseline -0.003 -9"><span class='ocrx_word' id='word_1_428' title='bbox 513 5077 616 5132; x_wconf 72' lang='lat' dir='ltr'><strong>nisi</strong></span> <span class='ocrx_word' id='word_1_429' title='bbox 647 5085 703 5130; x_wconf 91' lang='lat' dir='ltr'><strong>ut</strong></span> <span class='ocrx_word' id='word_1_430' title='bbox 730 5092 796 5132; x_wconf 80' lang='lat' dir='ltr'><strong>ex</strong></span> <span class='ocrx_word' id='word_1_431' title='bbox 847 5077 987 5131; x_wconf 90' lang='lat' dir='ltr'><strong>malo</strong></span> <span class='ocrx_word' id='word_1_432' title='bbox 1033 5074 1160 5140; x_wconf 87' lang='lat' dir='ltr'><strong>sint,</strong></span> <span class='ocrx_word' id='word_1_433' title='bbox 1205 5073 1248 5126; x_wconf 87' lang='lat' dir='ltr'><strong>si</strong></span> <span class='ocrx_word' id='word_1_434' title='bbox 1279 5089 1343 5128; x_wconf 81' lang='lat' dir='ltr'><strong>ex</strong></span> <span class='ocrx_word' id='word_1_435' title='bbox 1387 5073 1540 5128; x_wconf 88' lang='lat' dir='ltr'><strong>bonis</strong></span> <span class='ocrx_word' id='word_1_436' title='bbox 1585 5073 1787 5127; x_wconf 90' lang='lat' dir='ltr'><strong>naturis</strong></span> <span class='ocrx_word' id='word_1_437' title='bbox 1828 5087 1947 5126; x_wconf 88' lang='lat' dir='ltr'><strong>esse</strong></span> <span class='ocrx_word' id='word_1_438' title='bbox 1994 5090 2096 5126; x_wconf 90' lang='lat' dir='ltr'><strong>non</strong></span> 
     </span>
    </p>
   </div>
   <div class='ocr_carea' id='block_1_53' title="bbox 513 5161 2096 5236">
    <p class='ocr_par' dir='ltr' id='par_1_53' title="bbox 513 5161 2096 5236">
     <span class='ocr_line' id='line_1_53' title="bbox 513 5161 2096 5236; baseline 0.001 -20"><span class='ocrx_word' id='word_1_439' title='bbox 513 5175 774 5236; x_wconf 83' lang='lat' dir='ltr'><strong>possunt;</strong></span> <span class='ocrx_word' id='word_1_440' title='bbox 806 5181 870 5220; x_wconf 88' lang='lat' dir='ltr'><strong>ac</strong></span> <span class='ocrx_word' id='word_1_441' title='bbox 897 5165 975 5219; x_wconf 88' lang='lat' dir='ltr'><strong>sic</strong></span> <span class='ocrx_word' id='word_1_442' title='bbox 1018 5164 1136 5217; x_wconf 86' lang='lat' dir='ltr'><strong>sine</strong></span> <span class='ocrx_word' id='word_1_443' title='bbox 1175 5163 1324 5216; x_wconf 90' lang='lat' dir='ltr'><strong>initio</strong></span> <span class='ocrx_word' id='word_1_444' title='bbox 1369 5161 1596 5217; x_wconf 87' lang='lat' dir='ltr'><strong>habeant</strong></span> <span class='ocrx_word' id='word_1_445' title='bbox 1639 5161 1896 5232; x_wconf 79' lang='lat' dir='ltr'><strong>originem</strong></span> <span class='ocrx_word' id='word_1_446' title='bbox 1947 5177 2096 5217; x_wconf 88' lang='lat' dir='ltr'><strong>suam</strong></span> 
     </span>
    </p>
   </div>
   <div class='ocr_carea' id='block_1_54' title="bbox 514 5253 2098 5325">
    <p class='ocr_par' dir='ltr' id='par_1_54' title="bbox 514 5253 2098 5325">
     <span class='ocr_line' id='line_1_54' title="bbox 514 5253 2098 5325; baseline -0.002 -12"><span class='ocrx_word' id='word_1_447' title='bbox 514 5262 651 5314; x_wconf 80' lang='lat' dir='ltr'><strong>ntala</strong></span> <span class='ocrx_word' id='word_1_448' title='bbox 682 5267 924 5314; x_wconf 86' lang='lat' dir='ltr'><strong>naturam</strong></span> <span class='ocrx_word' id='word_1_449' title='bbox 952 5255 1096 5323; x_wconf 89' lang='lat' dir='ltr'><strong>mali,</strong></span> <span class='ocrx_word' id='word_1_450' title='bbox 1139 5271 1258 5325; x_wconf 84' lang='lat' dir='ltr'><strong>qua:</strong></span> <span class='ocrx_word' id='word_1_451' title='bbox 1283 5255 1397 5310; x_wconf 86' lang='lat' dir='ltr'><strong>sine</strong></span> <span class='ocrx_word' id='word_1_452' title='bbox 1423 5255 1570 5309; x_wconf 87' lang='lat' dir='ltr'><strong>initio</strong></span> <span class='ocrx_word' id='word_1_453' title='bbox 1600 5270 1811 5322; x_wconf 86' lang='lat' dir='ltr'><strong>semper</strong></span> <span class='ocrx_word' id='word_1_454' title='bbox 1838 5253 2016 5320; x_wconf 80' lang='lat' dir='ltr'><strong>fuerit,</strong></span> <span class='ocrx_word' id='word_1_455' title='bbox 2046 5263 2098 5310; x_wconf 86' lang='lat' dir='ltr'><strong>et</strong></span> 
     </span>
    </p>
   </div>
   <div class='ocr_carea' id='block_1_55' title="bbox 580 5430 2098 5494">
    <p class='ocr_par' dir='ltr' id='par_1_55' title="bbox 580 5430 2098 5494">
     <span class='ocr_line' id='line_1_55' title="bbox 580 5430 2098 5494; baseline -0.001 -11"><span class='ocrx_word' id='word_1_456' title='bbox 580 5440 593 5468; x_wconf 77' lang='grc' dir='ltr'><strong>ι</strong></span> <span class='ocrx_word' id='word_1_457' title='bbox 633 5435 770 5491; x_wconf 77' lang='lat' dir='ltr'><strong>Editi,</strong></span> <span class='ocrx_word' id='word_1_458' title='bbox 789 5447 881 5484; x_wconf 83' lang='lat' dir='ltr'><strong>non</strong></span> <span class='ocrx_word' id='word_1_459' title='bbox 899 5431 1228 5494; x_wconf 67' lang='lat' dir='ltr'><strong>commisi-clm</strong></span> <span class='ocrx_word' id='word_1_460' title='bbox 1245 5444 1434 5494; x_wconf 73' lang='lat' dir='ltr'><strong>natura:</strong></span> <span class='ocrx_word' id='word_1_461' title='bbox 1455 5443 1563 5493; x_wconf 71' lang='lat' dir='ltr'><strong>qua:</strong></span> <span class='ocrx_word' id='word_1_462' title='bbox 1585 5430 1770 5494; x_wconf 63' lang='lat' dir='ltr'><strong>aliquid</strong></span> <span class='ocrx_word' id='word_1_463' title='bbox 1792 5431 1968 5480; x_wconf 71' lang='lat' dir='ltr'><strong>rnatum</strong></span> <span class='ocrx_word' id='word_1_464' title='bbox 1986 5438 2054 5482; x_wconf 53' lang='lat' dir='ltr'><strong>ea</strong></span> <span class='ocrx_word' id='word_1_465' title='bbox 2079 5446 2098 5482; x_wconf 91' lang='lat'><strong><em>:</em></strong></span> 
     </span>
    </p>
   </div>
   <div class='ocr_carea' id='block_1_56' title="bbox 515 5492 2099 5563">
    <p class='ocr_par' dir='ltr' id='par_1_56' title="bbox 515 5492 2099 5563">
     <span class='ocr_line' id='line_1_56' title="bbox 515 5492 2099 5563; baseline -0.001 -18"><span class='ocrx_word' id='word_1_466' title='bbox 515 5499 754 5563; x_wconf 75' lang='lat' dir='ltr'><strong>pauloque</strong></span> <span class='ocrx_word' id='word_1_467' title='bbox 777 5505 900 5563; x_wconf 77' lang='lat' dir='ltr'><strong>post,</strong></span> <span class='ocrx_word' id='word_1_468' title='bbox 919 5497 1003 5546; x_wconf 75' lang='lat' dir='ltr'><strong>sed</strong></span> <span class='ocrx_word' id='word_1_469' title='bbox 1027 5494 1140 5560; x_wconf 79' lang='lat' dir='ltr'><strong>quia</strong></span> <span class='ocrx_word' id='word_1_470' title='bbox 1163 5492 1326 5558; x_wconf 72' lang='lat' dir='ltr'><strong>deﬁcit</strong></span> <span class='ocrx_word' id='word_1_471' title='bbox 1348 5509 1379 5544; x_wconf 84' lang='grc' dir='ltr'><em>α</em></span> <span class='ocrx_word' id='word_1_472' title='bbox 1399 5492 1590 5556; x_wconf 77' lang='lat' dir='ltr'><strong>natura,</strong></span> <span class='ocrx_word' id='word_1_473' title='bbox 1613 5492 1708 5544; x_wconf 83' lang='lat' dir='ltr'><strong>etc.</strong></span> <span class='ocrx_word' id='word_1_474' title='bbox 1731 5495 2048 5544; x_wconf 63' lang='lat' dir='ltr'><strong>[intendantur</strong></span> <span class='ocrx_word' id='word_1_475' title='bbox 2071 5508 2099 5544; x_wconf 81' lang='lat' dir='ltr'><strong>a</strong></span> 
     </span>
    </p>
   </div>
   <div class='ocr_carea' id='block_1_57' title="bbox 513 5561 864 5620">
    <p class='ocr_par' dir='ltr' id='par_1_57' title="bbox 513 5561 864 5620">
     <span class='ocr_line' id='line_1_57' title="bbox 513 5561 864 5620; baseline 0 -14"><span class='ocrx_word' id='word_1_476' title='bbox 513 5561 864 5620; x_wconf 61' lang='lat' dir='ltr'><strong>htaattscrtptis.</strong></span> 
     </span>
    </p>
   </div>
   <div class='ocr_carea' id='block_1_58' title="bbox 579 5615 2030 5682">
    <p class='ocr_par' dir='ltr' id='par_1_58' title="bbox 579 5615 2030 5682">
     <span class='ocr_line' id='line_1_58' title="bbox 579 5615 2030 5682; baseline -0.001 -15"><span class='ocrx_word' id='word_1_477' title='bbox 579 5626 596 5652; x_wconf 78' lang='grc'>³</span> <span class='ocrx_word' id='word_1_478' title='bbox 633 5615 827 5682; x_wconf 71' lang='lat' dir='ltr'><strong>Quidam</strong></span> <span class='ocrx_word' id='word_1_479' title='bbox 851 5627 978 5677; x_wconf 74' lang='lat' dir='ltr'><strong>Mss,</strong></span> <span class='ocrx_word' id='word_1_480' title='bbox 997 5617 1092 5682; x_wconf 68' lang='lat' dir='ltr'><strong>hoc</strong></span> <span class='ocrx_word' id='word_1_481' title='bbox 1115 5624 1200 5672; x_wconf 73' lang='lat' dir='ltr'><strong>est,</strong></span> <span class='ocrx_word' id='word_1_482' title='bbox 1218 5615 1354 5682; x_wconf 68' lang='lat' dir='ltr'><strong>fidei,</strong></span> <span class='ocrx_word' id='word_1_483' title='bbox 1383 5616 1584 5678; x_wconf 76' lang='lat' dir='ltr'><strong>veritati,</strong></span> <span class='ocrx_word' id='word_1_484' title='bbox 1613 5631 1828 5682; x_wconf 70' lang='lat' dir='ltr'><strong>t&#39;crazqtte</strong></span> <span class='ocrx_word' id='word_1_485' title='bbox 1851 5617 2030 5682; x_wconf 60' lang='lat' dir='ltr'><strong>pft‘latt&#39;.</strong></span> 
     </span>
    </p>
   </div>
   <div class='ocr_carea' id='block_1_59' title="bbox 579 5678 1299 5742">
    <p class='ocr_par' dir='ltr' id='par_1_59' title="bbox 579 5678 1299 5742">
     <span class='ocr_line' id='line_1_59' title="bbox 579 5678 1299 5742; baseline 0.006 -16"><span class='ocrx_word' id='word_1_486' title='bbox 579 5683 598 5713; x_wconf 80' lang='grc'><strong>³</strong></span> <span class='ocrx_word' id='word_1_487' title='bbox 635 5680 800 5728; x_wconf 77' lang='lat' dir='ltr'><strong>rlurt-s</strong></span> <span class='ocrx_word' id='word_1_488' title='bbox 825 5691 948 5736; x_wconf 46' lang='grc' dir='ltr'><strong>νεεδ..</strong></span> <span class='ocrx_word' id='word_1_489' title='bbox 971 5678 1081 5742; x_wconf 78' lang='lat' dir='ltr'><strong>fieri</strong></span> <span class='ocrx_word' id='word_1_490' title='bbox 1104 5678 1299 5742; x_wconf 63' lang='lat' dir='ltr'><strong>nuit-im.</strong></span> 
     </span>
    </p>
   </div>
   <div class='ocr_carea' id='block_1_60' title="bbox 579 5741 1302 5803">
    <p class='ocr_par' dir='ltr' id='par_1_60' title="bbox 579 5741 1302 5803">
     <span class='ocr_line' id='line_1_60' title="bbox 579 5741 1302 5803; baseline 0.004 -15"><span class='ocrx_word' id='word_1_491' title='bbox 579 5745 598 5773; x_wconf 73' lang='grc' dir='ltr'>δ</span> <span class='ocrx_word' id='word_1_492' title='bbox 633 5744 940 5792; x_wconf 71' lang='lat' dir='ltr'><strong>t-‘loriaceusia</strong></span> <span class='ocrx_word' id='word_1_493' title='bbox 964 5741 1066 5792; x_wconf 73' lang='lat' dir='ltr'><strong>Ms.</strong></span> <span class='ocrx_word' id='word_1_494' title='bbox 1082 5741 1302 5803; x_wconf 72' lang='lat' dir='ltr'><strong>aprrllrt.</strong></span> 
     </span>
    </p>
   </div>
   <div class='ocr_carea' id='block_1_61' title="bbox 577 5804 1812 5868">
    <p class='ocr_par' dir='ltr' id='par_1_61' title="bbox 577 5804 1812 5868">
     <span class='ocr_line' id='line_1_61' title="bbox 577 5804 1812 5868; baseline 0.002 -17"><span class='ocrx_word' id='word_1_495' title='bbox 577 5806 596 5839; x_wconf 72' lang='grc'>⁸</span> <span class='ocrx_word' id='word_1_496' title='bbox 635 5804 766 5860; x_wconf 68' lang='lat' dir='ltr'><strong>nua.</strong></span> <span class='ocrx_word' id='word_1_497' title='bbox 805 5808 864 5855; x_wconf 67' lang='lat' dir='ltr'><strong>de</strong></span> <span class='ocrx_word' id='word_1_498' title='bbox 887 5821 997 5868; x_wconf 70' lang='lat' dir='ltr'><strong>qm.</strong></span> <span class='ocrx_word' id='word_1_499' title='bbox 1032 5813 1326 5864; x_wconf 67' lang='lat' dir='ltr'><strong>(Lasttgantur</strong></span> <span class='ocrx_word' id='word_1_500' title='bbox 1360 5804 1416 5853; x_wconf 88' lang='lat' dir='ltr'><strong>ad</strong></span> <span class='ocrx_word' id='word_1_501' title='bbox 1453 5809 1812 5868; x_wconf 74' lang='lat' dir='ltr'><strong>manuscriptos.</strong></span> 
     </span>
    </p>
   </div>
   <div class='ocr_carea' id='block_1_62' title="bbox 1327 375 2988 442">
    <p class='ocr_par' dir='ltr' id='par_1_62' title="bbox 1327 375 2988 442">
     <span class='ocr_line' id='line_1_62' title="bbox 1327 375 2988 442; baseline 0.001 -7"><span class='ocrx_word' id='word_1_502' title='bbox 1327 377 1602 436; x_wconf 69' lang='lat' dir='ltr'><strong>CONTRA</strong></span> <span class='ocrx_word' id='word_1_503' title='bbox 1639 377 1976 436; x_wconf 72' lang='grc' dir='ltr'>ιωΑΝυιι</span> <span class='ocrx_word' id='word_1_504' title='bbox 2020 375 2482 442; x_wconf 62' lang='grc' dir='ltr'><strong>ΡΕΙΛΘΙᾹΝΗΜ,</strong></span> <span class='ocrx_word' id='word_1_505' title='bbox 2522 378 2580 435; x_wconf 87' lang='lat' dir='ltr'><strong>S.</strong></span> <span class='ocrx_word' id='word_1_506' title='bbox 2621 379 2988 438; x_wconf 70' lang='lat' dir='ltr'><strong>AUGUSTlNl</strong></span> 
     </span>
    </p>
   </div>
   <div class='ocr_carea' id='block_1_63' title="bbox 3710 389 3806 447">
    <p class='ocr_par' dir='ltr' id='par_1_63' title="bbox 3710 389 3806 447">
     <span class='ocr_line' id='line_1_63' title="bbox 3710 389 3806 447; baseline 0 0"><span class='ocrx_word' id='word_1_507' title='bbox 3710 389 3806 447; x_wconf 76' lang='lat'><strong>668</strong></span> 
     </span>
    </p>
   </div>
   <div class='ocr_carea' id='block_1_64' title="bbox 2225 491 3801 559">
    <p class='ocr_par' dir='ltr' id='par_1_64' title="bbox 2225 491 3801 559">
     <span class='ocr_line' id='line_1_64' title="bbox 2225 491 3801 559; baseline 0.009 -14"><span class='ocrx_word' id='word_1_508' title='bbox 2225 491 2331 546; x_wconf 87' lang='lat' dir='ltr'><strong>sint</strong></span> <span class='ocrx_word' id='word_1_509' title='bbox 2357 491 2474 546; x_wconf 79' lang='lat' dir='ltr'><strong>dua:</strong></span> <span class='ocrx_word' id='word_1_510' title='bbox 2502 503 2720 555; x_wconf 71' lang='lat' dir='ltr'><strong>natum,</strong></span> <span class='ocrx_word' id='word_1_511' title='bbox 2755 509 2855 548; x_wconf 89' lang='lat' dir='ltr'><strong>una</strong></span> <span class='ocrx_word' id='word_1_512' title='bbox 2897 495 3039 557; x_wconf 83' lang='lat' dir='ltr'><strong>boni,</strong></span> <span class='ocrx_word' id='word_1_513' title='bbox 3087 494 3253 550; x_wconf 89' lang='lat' dir='ltr'><strong>altera</strong></span> <span class='ocrx_word' id='word_1_514' title='bbox 3279 497 3444 552; x_wconf 85' lang='lat' dir='ltr'><strong>ntali.’</strong></span> <span class='ocrx_word' id='word_1_515' title='bbox 3469 496 3702 556; x_wconf 66' lang='lat' dir='ltr'><strong>Necesse</strong></span> <span class='ocrx_word' id='word_1_516' title='bbox 3725 516 3801 559; x_wconf 70' lang='lat' dir='ltr'><strong>est</strong></span> 
     </span>
    </p>
   </div>
   <div class='ocr_carea' id='block_1_65' title="bbox 2224 581 3796 650">
    <p class='ocr_par' dir='ltr' id='par_1_65' title="bbox 2224 581 3796 650">
     <span class='ocr_line' id='line_1_65' title="bbox 2224 581 3796 650; baseline 0.008 -16"><span class='ocrx_word' id='word_1_517' title='bbox 2224 581 2364 634; x_wconf 90' lang='lat' dir='ltr'><strong>enim</strong></span> <span class='ocrx_word' id='word_1_518' title='bbox 2397 591 2450 634; x_wconf 91' lang='lat' dir='ltr'><strong>ut</strong></span> <span class='ocrx_word' id='word_1_519' title='bbox 2493 593 2586 635; x_wconf 89' lang='lat' dir='ltr'><strong>aut</strong></span> <span class='ocrx_word' id='word_1_520' title='bbox 2626 583 2766 636; x_wconf 89' lang='lat' dir='ltr'><strong>nulla</strong></span> <span class='ocrx_word' id='word_1_521' title='bbox 2812 585 2919 636; x_wconf 90' lang='lat' dir='ltr'><strong>sint</strong></span> <span class='ocrx_word' id='word_1_522' title='bbox 2960 585 3118 650; x_wconf 88' lang='lat' dir='ltr'><strong>mala,</strong></span> <span class='ocrx_word' id='word_1_523' title='bbox 3165 593 3255 639; x_wconf 91' lang='lat' dir='ltr'><strong>aut</strong></span> <span class='ocrx_word' id='word_1_524' title='bbox 3282 601 3348 642; x_wconf 77' lang='lat' dir='ltr'><strong>ex</strong></span> <span class='ocrx_word' id='word_1_525' title='bbox 3395 587 3548 643; x_wconf 52' lang='lat' dir='ltr'><strong>bonis</strong></span> <span class='ocrx_word' id='word_1_526' title='bbox 3598 593 3796 646; x_wconf 84' lang='lat' dir='ltr'><strong>naturis</strong></span> 
     </span>
    </p>
   </div>
   <div class='ocr_carea' id='block_1_66' title="bbox 2223 672 3788 750">
    <p class='ocr_par' dir='ltr' id='par_1_66' title="bbox 2223 672 3788 750">
     <span class='ocr_line' id='line_1_66' title="bbox 2223 672 3788 750; baseline 0.01 -26"><span class='ocrx_word' id='word_1_527' title='bbox 2223 672 2349 736; x_wconf 88' lang='lat' dir='ltr'><strong>sint,</strong></span> <span class='ocrx_word' id='word_1_528' title='bbox 2399 685 2491 726; x_wconf 87' lang='lat' dir='ltr'><strong>aut</strong></span> <span class='ocrx_word' id='word_1_529' title='bbox 2533 691 2596 728; x_wconf 78' lang='lat' dir='ltr'><strong>ex</strong></span> <span class='ocrx_word' id='word_1_530' title='bbox 2636 677 2809 728; x_wconf 77' lang='lat' dir='ltr'><strong>malis.</strong></span> <span class='ocrx_word' id='word_1_531' title='bbox 2865 676 2919 730; x_wconf 87' lang='lat' dir='ltr'><strong>Si</strong></span> <span class='ocrx_word' id='word_1_532' title='bbox 2947 677 3236 732; x_wconf 75' lang='lat' dir='ltr'><strong>dixerimus</strong></span> <span class='ocrx_word' id='word_1_533' title='bbox 3268 679 3408 733; x_wconf 87' lang='lat' dir='ltr'><strong>nulla</strong></span> <span class='ocrx_word' id='word_1_534' title='bbox 3453 696 3572 735; x_wconf 84' lang='lat' dir='ltr'><strong>esse</strong></span> <span class='ocrx_word' id='word_1_535' title='bbox 3626 688 3788 750; x_wconf 86' lang='lat' dir='ltr'><strong>mala,</strong></span> 
     </span>
    </p>
   </div>
   <div class='ocr_carea' id='block_1_67' title="bbox 2224 761 3804 848">
    <p class='ocr_par' dir='ltr' id='par_1_67' title="bbox 2224 761 3804 848">
     <span class='ocr_line' id='line_1_67' title="bbox 2224 761 3804 848; baseline 0.008 -34"><span class='ocrx_word' id='word_1_536' title='bbox 2224 761 2415 817; x_wconf 79' lang='lat' dir='ltr'><strong>frustra</strong></span> <span class='ocrx_word' id='word_1_537' title='bbox 2437 763 2662 820; x_wconf 86' lang='lat' dir='ltr'><strong>dicimus</strong></span> <span class='ocrx_word' id='word_1_538' title='bbox 2686 767 2812 833; x_wconf 85' lang='lat' dir='ltr'><strong>Deo,</strong></span> <span class='ocrx_word' id='word_1_539' title='bbox 2837 766 3018 820; x_wconf 78' lang='lat' dir='ltr'><strong>Libera</strong></span> <span class='ocrx_word' id='word_1_540' title='bbox 3039 785 3130 822; x_wconf 70' lang='lat' dir='ltr'><strong>nos</strong></span> <span class='ocrx_word' id='word_1_541' title='bbox 3155 769 3564 842; x_wconf 76' lang='lat' dir='ltr'><strong>ama10(.llattlt.</strong></span> <span class='ocrx_word' id='word_1_542' title='bbox 3586 789 3662 838; x_wconf 77' lang='lat' dir='ltr'><strong>vx,</strong></span> <span class='ocrx_word' id='word_1_543' title='bbox 3695 775 3804 848; x_wconf 59' lang='grc'><strong>15).</strong></span> 
     </span>
    </p>
   </div>
   <div class='ocr_carea' id='block_1_68' title="bbox 2222 855 3790 934">
    <p class='ocr_par' dir='ltr' id='par_1_68' title="bbox 2222 855 3790 934">
     <span class='ocr_line' id='line_1_68' title="bbox 2222 855 3790 934; baseline 0.008 -27"><span class='ocrx_word' id='word_1_544' title='bbox 2222 855 2276 908; x_wconf 91' lang='lat' dir='ltr'><strong>Si</strong></span> <span class='ocrx_word' id='word_1_545' title='bbox 2324 865 2501 910; x_wconf 89' lang='lat' dir='ltr'><strong>autem</strong></span> <span class='ocrx_word' id='word_1_546' title='bbox 2549 857 2858 918; x_wconf 81' lang='lat' dir='ltr'><strong>dixerimus,</strong></span> <span class='ocrx_word' id='word_1_547' title='bbox 2910 875 3014 912; x_wconf 88' lang='lat' dir='ltr'><strong>non</strong></span> <span class='ocrx_word' id='word_1_548' title='bbox 3053 860 3180 914; x_wconf 88' lang='lat' dir='ltr'><strong>oriri</strong></span> <span class='ocrx_word' id='word_1_549' title='bbox 3210 862 3348 916; x_wconf 87' lang='lat' dir='ltr'><strong>ntala</strong></span> <span class='ocrx_word' id='word_1_550' title='bbox 3380 864 3477 916; x_wconf 81' lang='lat' dir='ltr'><strong>nisi</strong></span> <span class='ocrx_word' id='word_1_551' title='bbox 3508 879 3576 918; x_wconf 75' lang='lat' dir='ltr'><strong>ex</strong></span> <span class='ocrx_word' id='word_1_552' title='bbox 3619 865 3790 934; x_wconf 67' lang='lat' dir='ltr'><strong>malis,</strong></span> 
     </span>
    </p>
   </div>
   <div class='ocr_carea' id='block_1_69' title="bbox 2221 945 3805 1024">
    <p class='ocr_par' dir='ltr' id='par_1_69' title="bbox 2221 945 3805 1024">
     <span class='ocr_line' id='line_1_69' title="bbox 2221 945 3805 1024; baseline 0.005 -24"><span class='ocrx_word' id='word_1_553' title='bbox 2221 945 2506 1001; x_wconf 70' lang='lat' dir='ltr'><strong>Manichma</strong></span> <span class='ocrx_word' id='word_1_554' title='bbox 2541 950 2838 1017; x_wconf 80' lang='lat' dir='ltr'><strong>pestilentia</strong></span> <span class='ocrx_word' id='word_1_555' title='bbox 2868 951 3230 1020; x_wconf 88' lang='lat' dir='ltr'><strong>triumphabit,</strong></span> <span class='ocrx_word' id='word_1_556' title='bbox 3257 962 3527 1024; x_wconf 89' lang='lat' dir='ltr'><strong>totumque</strong></span> <span class='ocrx_word' id='word_1_557' title='bbox 3555 957 3773 1010; x_wconf 73' lang='lat' dir='ltr'><strong>vastabi&#39;</strong></span> <span class='ocrx_word' id='word_1_558' title='bbox 3791 993 3805 1018; x_wconf 92' lang='lat'><strong>,</strong></span> 
     </span>
    </p>
   </div>
   <div class='ocr_carea' id='block_1_70' title="bbox 2220 1038 3775 1110">
    <p class='ocr_par' dir='ltr' id='par_1_70' title="bbox 2220 1038 3775 1110">
     <span class='ocr_line' id='line_1_70' title="bbox 2220 1038 3775 1110; baseline 0.004 -17"><span class='ocrx_word' id='word_1_559' title='bbox 2220 1047 2276 1093; x_wconf 89' lang='lat' dir='ltr'><strong>et</strong></span> <span class='ocrx_word' id='word_1_560' title='bbox 2301 1038 2464 1109; x_wconf 88' lang='lat' dir='ltr'><strong>ipsius</strong></span> <span class='ocrx_word' id='word_1_561' title='bbox 2493 1039 2583 1094; x_wconf 89' lang='lat' dir='ltr'><strong>Dei</strong></span> <span class='ocrx_word' id='word_1_562' title='bbox 2618 1047 2867 1110; x_wconf 87' lang='lat' dir='ltr'><strong>tanquam</strong></span> <span class='ocrx_word' id='word_1_563' title='bbox 2899 1042 3208 1098; x_wconf 89' lang='lat' dir='ltr'><strong>mutabilem</strong></span> <span class='ocrx_word' id='word_1_564' title='bbox 3239 1054 3479 1098; x_wconf 90' lang='lat' dir='ltr'><strong>naturam</strong></span> <span class='ocrx_word' id='word_1_565' title='bbox 3511 1045 3668 1100; x_wconf 73' lang='lat' dir='ltr'><strong>mala:</strong></span> <span class='ocrx_word' id='word_1_566' title='bbox 3689 1061 3775 1100; x_wconf 88' lang='lat' dir='ltr'><strong>-na</strong></span> 
     </span>
    </p>
   </div>
   <div class='ocr_carea' id='block_1_71' title="bbox 2221 1131 3801 1204">
    <p class='ocr_par' dir='ltr' id='par_1_71' title="bbox 2221 1131 3801 1204">
     <span class='ocr_line' id='line_1_71' title="bbox 2221 1131 3801 1204; baseline 0.004 -22"><span class='ocrx_word' id='word_1_567' title='bbox 2221 1137 2354 1183; x_wconf 64' lang='lat' dir='ltr'><strong>turte</strong></span> <span class='ocrx_word' id='word_1_568' title='bbox 2402 1131 2782 1188; x_wconf 72' lang='lat' dir='ltr'><strong>commixtione</strong></span> <span class='ocrx_word' id='word_1_569' title='bbox 2847 1132 3083 1187; x_wconf 86' lang='lat' dir='ltr'><strong>violabit.</strong></span> <span class='ocrx_word' id='word_1_570' title='bbox 3142 1133 3480 1204; x_wconf 81' lang='lat' dir='ltr'><strong>Relinquitur</strong></span> <span class='ocrx_word' id='word_1_571' title='bbox 3529 1150 3700 1204; x_wconf 81' lang='lat' dir='ltr'><strong>ergo,</strong></span> <span class='ocrx_word' id='word_1_572' title='bbox 3747 1144 3801 1190; x_wconf 84' lang='grc' dir='ltr'><strong>ιιι</strong></span> 
     </span>
    </p>
   </div>
   <div class='ocr_carea' id='block_1_72' title="bbox 2220 1219 3797 1295">
    <p class='ocr_par' dir='ltr' id='par_1_72' title="bbox 2220 1219 3797 1295">
     <span class='ocr_line' id='line_1_72' title="bbox 2220 1219 3797 1295; baseline 0.003 -21"><span class='ocrx_word' id='word_1_573' title='bbox 2220 1221 2357 1274; x_wconf 87' lang='lat' dir='ltr'><strong>mala</strong></span> <span class='ocrx_word' id='word_1_574' title='bbox 2382 1236 2444 1275; x_wconf 82' lang='lat' dir='ltr'><strong>ex</strong></span> <span class='ocrx_word' id='word_1_575' title='bbox 2476 1219 2628 1276; x_wconf 86' lang='lat' dir='ltr'><strong>bonis</strong></span> <span class='ocrx_word' id='word_1_576' title='bbox 2651 1237 2771 1277; x_wconf 86' lang='lat' dir='ltr'><strong>esse</strong></span> <span class='ocrx_word' id='word_1_577' title='bbox 2811 1223 3069 1279; x_wconf 80' lang='lat' dir='ltr'><strong>fateantur</strong></span> <span class='ocrx_word' id='word_1_578' title='bbox 3096 1241 3109 1277; x_wconf 92' lang='lat'>:</span> <span class='ocrx_word' id='word_1_579' title='bbox 3140 1225 3262 1293; x_wconf 90' lang='lat' dir='ltr'><strong>quia</strong></span> <span class='ocrx_word' id='word_1_580' title='bbox 3300 1225 3343 1279; x_wconf 92' lang='lat' dir='ltr'><strong>si</strong></span> <span class='ocrx_word' id='word_1_581' title='bbox 3381 1223 3482 1279; x_wconf 91' lang='lat' dir='ltr'><strong>hoc</strong></span> <span class='ocrx_word' id='word_1_582' title='bbox 3512 1228 3797 1295; x_wconf 82' lang='lat' dir='ltr'><strong>negaveri-</strong></span> 
     </span>
    </p>
   </div>
   <div class='ocr_carea' id='block_1_73' title="bbox 2220 1313 3797 1388">
    <p class='ocr_par' dir='ltr' id='par_1_73' title="bbox 2220 1313 3797 1388">
     <span class='ocr_line' id='line_1_73' title="bbox 2220 1313 3797 1388; baseline 0.006 -25"><span class='ocrx_word' id='word_1_583' title='bbox 2220 1325 2359 1377; x_wconf 89' lang='lat' dir='ltr'><strong>mus,</strong></span> <span class='ocrx_word' id='word_1_584' title='bbox 2403 1326 2467 1366; x_wconf 84' lang='lat' dir='ltr'><strong>ex</strong></span> <span class='ocrx_word' id='word_1_585' title='bbox 2500 1314 2653 1368; x_wconf 89' lang='lat' dir='ltr'><strong>utalis</strong></span> <span class='ocrx_word' id='word_1_586' title='bbox 2681 1323 2856 1381; x_wconf 88' lang='lat' dir='ltr'><strong>erunt,</strong></span> <span class='ocrx_word' id='word_1_587' title='bbox 2903 1322 2960 1370; x_wconf 89' lang='lat' dir='ltr'><strong>et</strong></span> <span class='ocrx_word' id='word_1_588' title='bbox 2997 1313 3302 1370; x_wconf 68' lang='lat' dir='ltr'><strong>lilanicltreis</strong></span> <span class='ocrx_word' id='word_1_589' title='bbox 3329 1317 3508 1388; x_wconf 90' lang='lat' dir='ltr'><strong>utique</strong></span> <span class='ocrx_word' id='word_1_590' title='bbox 3537 1317 3797 1388; x_wconf 73' lang='lat' dir='ltr'><strong>suifraga-</strong></span> 
     </span>
    </p>
   </div>
   <div class='ocr_carea' id='block_1_74' title="bbox 2219 1400 2413 1457">
    <p class='ocr_par' dir='ltr' id='par_1_74' title="bbox 2219 1400 2413 1457">
     <span class='ocr_line' id='line_1_74' title="bbox 2219 1400 2413 1457; baseline 0.01 -2"><span class='ocrx_word' id='word_1_591' title='bbox 2219 1400 2413 1457; x_wconf 89' lang='lat' dir='ltr'><strong>bimur.</strong></span> 
     </span>
    </p>
   </div>
   <div class='ocr_carea' id='block_1_75' title="bbox 2289 1485 3808 1566">
    <p class='ocr_par' dir='ltr' id='par_1_75' title="bbox 2289 1485 3808 1566">
     <span class='ocr_line' id='line_1_75' title="bbox 2289 1485 3808 1566; baseline 0.004 -18"><span class='ocrx_word' id='word_1_592' title='bbox 2289 1493 2376 1548; x_wconf 79' lang='lat'><strong>59.</strong></span> <span class='ocrx_word' id='word_1_593' title='bbox 2415 1493 2496 1550; x_wconf 84' lang='lat' dir='ltr'><strong>Tu</strong></span> <span class='ocrx_word' id='word_1_594' title='bbox 2538 1495 2713 1566; x_wconf 88' lang='lat' dir='ltr'><strong>itaque</strong></span> <span class='ocrx_word' id='word_1_595' title='bbox 2741 1497 2831 1552; x_wconf 93' lang='lat' dir='ltr'><strong>ubi</strong></span> <span class='ocrx_word' id='word_1_596' title='bbox 2855 1485 3010 1564; x_wconf 79' lang='lat' dir='ltr'><strong>dicis,</strong></span> <span class='ocrx_word' id='word_1_597' title='bbox 3048 1517 3068 1551; x_wconf 84' lang='grc' dir='ltr'><strong>ι</strong></span> <span class='ocrx_word' id='word_1_598' title='bbox 3103 1499 3234 1554; x_wconf 90' lang='lat' dir='ltr'><strong>Cum</strong></span> <span class='ocrx_word' id='word_1_599' title='bbox 3265 1499 3554 1554; x_wconf 89' lang='lat' dir='ltr'><strong>secundum</strong></span> <span class='ocrx_word' id='word_1_600' title='bbox 3585 1509 3808 1555; x_wconf 78' lang='lat' dir='ltr'><strong>senten-r</strong></span> 
     </span>
    </p>
   </div>
   <div class='ocr_carea' id='block_1_76' title="bbox 2218 1582 3797 1662">
    <p class='ocr_par' dir='ltr' id='par_1_76' title="bbox 2218 1582 3797 1662">
     <span class='ocr_line' id='line_1_76' title="bbox 2218 1582 3797 1662; baseline 0.006 -25"><span class='ocrx_word' id='word_1_601' title='bbox 2218 1582 2343 1637; x_wconf 91' lang='lat' dir='ltr'><strong>tiam</strong></span> <span class='ocrx_word' id='word_1_602' title='bbox 2365 1583 2658 1653; x_wconf 77' lang='lat' dir='ltr'><strong>Evangelii,</strong></span> <span class='ocrx_word' id='word_1_603' title='bbox 2683 1603 2745 1642; x_wconf 77' lang='lat' dir='ltr'><strong>ex</strong></span> <span class='ocrx_word' id='word_1_604' title='bbox 2771 1588 3026 1642; x_wconf 79' lang='lat' dir='ltr'><strong>fructibus</strong></span> <span class='ocrx_word' id='word_1_605' title='bbox 3045 1589 3155 1644; x_wconf 86' lang='lat' dir='ltr'><strong>suis</strong></span> <span class='ocrx_word' id='word_1_606' title='bbox 3171 1589 3330 1643; x_wconf 88' lang='lat' dir='ltr'><strong>arbor</strong></span> <span class='ocrx_word' id='word_1_607' title='bbox 3349 1589 3539 1646; x_wconf 87' lang='lat' dir='ltr'><strong>debeat</strong></span> <span class='ocrx_word' id='word_1_608' title='bbox 3561 1592 3797 1662; x_wconf 81' lang='lat' dir='ltr'><strong>agnosci,</strong></span> 
     </span>
    </p>
   </div>
   <div class='ocr_carea' id='block_1_77' title="bbox 2219 1674 3800 1754">
    <p class='ocr_par' dir='ltr' id='par_1_77' title="bbox 2219 1674 3800 1754">
     <span class='ocr_line' id='line_1_77' title="bbox 2219 1674 3800 1754; baseline 0.004 -26"><span class='ocrx_word' id='word_1_609' title='bbox 2219 1674 2304 1730; x_wconf 92' lang='lat' dir='ltr'><strong>hic</strong></span> <span class='ocrx_word' id='word_1_610' title='bbox 2333 1676 2630 1732; x_wconf 87' lang='lat' dir='ltr'><strong>audiendus</strong></span> <span class='ocrx_word' id='word_1_611' title='bbox 2677 1687 2911 1748; x_wconf 90' lang='lat' dir='ltr'><strong>putetur,</strong></span> <span class='ocrx_word' id='word_1_612' title='bbox 2953 1680 3042 1750; x_wconf 92' lang='lat' dir='ltr'><strong>qui</strong></span> <span class='ocrx_word' id='word_1_613' title='bbox 3072 1679 3202 1734; x_wconf 91' lang='lat' dir='ltr'><strong>dicit</strong></span> <span class='ocrx_word' id='word_1_614' title='bbox 3231 1681 3429 1736; x_wconf 86' lang='lat' dir='ltr'><strong>bonum</strong></span> <span class='ocrx_word' id='word_1_615' title='bbox 3472 1696 3594 1736; x_wconf 88' lang='lat' dir='ltr'><strong>esse</strong></span> <span class='ocrx_word' id='word_1_616' title='bbox 3622 1681 3800 1754; x_wconf 53' lang='lat' dir='ltr'><strong>conjec</strong></span> 
     </span>
    </p>
   </div>
   <div class='ocr_carea' id='block_1_78' title="bbox 2215 1766 3800 1848">
    <p class='ocr_par' dir='ltr' id='par_1_78' title="bbox 2215 1766 3800 1848">
     <span class='ocr_line' id='line_1_78' title="bbox 2215 1766 3800 1848; baseline 0.007 -29"><span class='ocrx_word' id='word_1_617' title='bbox 2215 1766 2358 1836; x_wconf 84' lang='lat' dir='ltr'><strong>gium</strong></span> <span class='ocrx_word' id='word_1_618' title='bbox 2389 1811 2404 1835; x_wconf 96' lang='lat'><strong>,</strong></span> <span class='ocrx_word' id='word_1_619' title='bbox 2433 1769 2501 1824; x_wconf 93' lang='lat' dir='ltr'><strong>de</strong></span> <span class='ocrx_word' id='word_1_620' title='bbox 2529 1786 2635 1840; x_wconf 91' lang='lat' dir='ltr'><strong>quo</strong></span> <span class='ocrx_word' id='word_1_621' title='bbox 2675 1771 2808 1826; x_wconf 88' lang='lat' dir='ltr'><strong>nihil</strong></span> <span class='ocrx_word' id='word_1_622' title='bbox 2835 1771 2976 1826; x_wconf 89' lang='lat' dir='ltr'><strong>aliud</strong></span> <span class='ocrx_word' id='word_1_623' title='bbox 3003 1788 3161 1843; x_wconf 90' lang='lat' dir='ltr'><strong>quant</strong></span> <span class='ocrx_word' id='word_1_624' title='bbox 3206 1774 3401 1828; x_wconf 88' lang='lat' dir='ltr'><strong>malum</strong></span> <span class='ocrx_word' id='word_1_625' title='bbox 3433 1775 3650 1844; x_wconf 89' lang='lat' dir='ltr'><strong>prodire</strong></span> <span class='ocrx_word' id='word_1_626' title='bbox 3677 1775 3800 1848; x_wconf 71' lang='lat' dir='ltr'><strong>deﬁ~</strong></span> 
     </span>
    </p>
   </div>
   <div class='ocr_carea' id='block_1_79' title="bbox 2215 1860 3792 1938">
    <p class='ocr_par' dir='ltr' id='par_1_79' title="bbox 2215 1860 3792 1938">
     <span class='ocr_line' id='line_1_79' title="bbox 2215 1860 3792 1938; baseline 0.005 -26"><span class='ocrx_word' id='word_1_627' title='bbox 2215 1860 2329 1914; x_wconf 90' lang='lat' dir='ltr'><strong>nit:</strong></span> <span class='ocrx_word' id='word_1_628' title='bbox 2360 1879 2380 1913; x_wconf 75' lang='grc' dir='ltr'><strong>ι</strong></span> <span class='ocrx_word' id='word_1_629' title='bbox 2412 1863 2490 1916; x_wconf 88' lang='lat' dir='ltr'><strong>vis</strong></span> <span class='ocrx_word' id='word_1_630' title='bbox 2519 1865 2698 1934; x_wconf 90' lang='lat' dir='ltr'><strong>utique</strong></span> <span class='ocrx_word' id='word_1_631' title='bbox 2717 1864 2963 1920; x_wconf 88' lang='lat' dir='ltr'><strong>arborem</strong></span> <span class='ocrx_word' id='word_1_632' title='bbox 2983 1865 3176 1920; x_wconf 90' lang='lat' dir='ltr'><strong>bonam</strong></span> <span class='ocrx_word' id='word_1_633' title='bbox 3205 1867 3509 1938; x_wconf 86' lang='lat' dir='ltr'><strong>conjugium</strong></span> <span class='ocrx_word' id='word_1_634' title='bbox 3530 1868 3792 1938; x_wconf 86' lang='lat' dir='ltr'><strong>deputari,</strong></span> 
     </span>
    </p>
   </div>
   <div class='ocr_carea' id='block_1_80' title="bbox 2213 1949 3797 2022">
    <p class='ocr_par' dir='ltr' id='par_1_80' title="bbox 2213 1949 3797 2022">
     <span class='ocr_line' id='line_1_80' title="bbox 2213 1949 3797 2022; baseline 0.005 -18"><span class='ocrx_word' id='word_1_635' title='bbox 2213 1949 2282 2005; x_wconf 90' lang='lat' dir='ltr'><strong>de</strong></span> <span class='ocrx_word' id='word_1_636' title='bbox 2309 1968 2411 2022; x_wconf 91' lang='lat' dir='ltr'><strong>qua</strong></span> <span class='ocrx_word' id='word_1_637' title='bbox 2455 1955 2598 2008; x_wconf 90' lang='lat' dir='ltr'><strong>velut</strong></span> <span class='ocrx_word' id='word_1_638' title='bbox 2626 1956 2853 2010; x_wconf 80' lang='lat' dir='ltr'><strong>fructum</strong></span> <span class='ocrx_word' id='word_1_639' title='bbox 2881 1957 3076 2012; x_wconf 88' lang='lat' dir='ltr'><strong>malum</strong></span> <span class='ocrx_word' id='word_1_640' title='bbox 3109 1959 3255 2014; x_wconf 90' lang='lat' dir='ltr'><strong>nasci</strong></span> <span class='ocrx_word' id='word_1_641' title='bbox 3285 1976 3388 2013; x_wconf 81' lang='lat' dir='ltr'><strong>non</strong></span> <span class='ocrx_word' id='word_1_642' title='bbox 3419 1959 3500 2015; x_wconf 85' lang='lat' dir='ltr'><strong>vis</strong></span> <span class='ocrx_word' id='word_1_643' title='bbox 3528 1957 3797 2016; x_wconf 85' lang='lat' dir='ltr'><strong>hominem</strong></span> 
     </span>
    </p>
   </div>
   <div class='ocr_carea' id='block_1_81' title="bbox 2211 2045 3800 2117">
    <p class='ocr_par' dir='ltr' id='par_1_81' title="bbox 2211 2045 3800 2117">
     <span class='ocr_line' id='line_1_81' title="bbox 2211 2045 3800 2117; baseline 0.005 -20"><span class='ocrx_word' id='word_1_644' title='bbox 2211 2045 2456 2114; x_wconf 84' lang='lat' dir='ltr'><strong>contagio</strong></span> <span class='ocrx_word' id='word_1_645' title='bbox 2481 2047 2680 2114; x_wconf 89' lang='lat' dir='ltr'><strong>peccati</strong></span> <span class='ocrx_word' id='word_1_646' title='bbox 2717 2047 2993 2117; x_wconf 82' lang='lat' dir='ltr'><strong>originalis</strong></span> <span class='ocrx_word' id='word_1_647' title='bbox 3021 2049 3370 2114; x_wconf 88' lang='lat' dir='ltr'><strong>obstrictum;</strong></span> <span class='ocrx_word' id='word_1_648' title='bbox 3403 2064 3503 2104; x_wconf 91' lang='lat' dir='ltr'><strong>nec</strong></span> <span class='ocrx_word' id='word_1_649' title='bbox 3533 2051 3686 2104; x_wconf 83' lang='lat' dir='ltr'><strong>vides</strong></span> <span class='ocrx_word' id='word_1_650' title='bbox 3711 2066 3800 2104; x_wconf 81' lang='lat' dir='ltr'><strong>ne-</strong></span> 
     </span>
    </p>
   </div>
   <div class='ocr_carea' id='block_1_82' title="bbox 2211 2137 3792 2200">
    <p class='ocr_par' dir='ltr' id='par_1_82' title="bbox 2211 2137 3792 2200">
     <span class='ocr_line' id='line_1_82' title="bbox 2211 2137 3792 2200; baseline 0.003 -10"><span class='ocrx_word' id='word_1_651' title='bbox 2211 2150 2364 2190; x_wconf 87' lang='lat' dir='ltr'><strong>cesse</strong></span> <span class='ocrx_word' id='word_1_652' title='bbox 2386 2137 2474 2190; x_wconf 93' lang='lat' dir='ltr'><strong>tibi</strong></span> <span class='ocrx_word' id='word_1_653' title='bbox 2496 2153 2615 2193; x_wconf 90' lang='lat' dir='ltr'><strong>esse</strong></span> <span class='ocrx_word' id='word_1_654' title='bbox 2635 2139 2948 2195; x_wconf 85' lang='lat' dir='ltr'><strong>adulterium</strong></span> <span class='ocrx_word' id='word_1_655' title='bbox 2974 2143 3295 2196; x_wconf 88' lang='lat' dir='ltr'><strong>constituere</strong></span> <span class='ocrx_word' id='word_1_656' title='bbox 3316 2141 3562 2196; x_wconf 79' lang='lat' dir='ltr'><strong>arborem</strong></span> <span class='ocrx_word' id='word_1_657' title='bbox 3582 2143 3792 2200; x_wconf 86' lang='lat' dir='ltr'><strong>malam.</strong></span> 
     </span>
    </p>
   </div>
   <div class='ocr_carea' id='block_1_83' title="bbox 2212 2226 3796 2302">
    <p class='ocr_par' dir='ltr' id='par_1_83' title="bbox 2212 2226 3796 2302">
     <span class='ocr_line' id='line_1_83' title="bbox 2212 2226 3796 2302; baseline 0.004 -22"><span class='ocrx_word' id='word_1_658' title='bbox 2212 2226 2256 2280; x_wconf 87' lang='lat' dir='ltr'><strong>si</strong></span> <span class='ocrx_word' id='word_1_659' title='bbox 2287 2227 2588 2296; x_wconf 77' lang='lat' dir='ltr'><strong>coniugium</strong></span> <span class='ocrx_word' id='word_1_660' title='bbox 2633 2239 2716 2285; x_wconf 92' lang='lat' dir='ltr'><strong>est</strong></span> <span class='ocrx_word' id='word_1_661' title='bbox 2758 2231 2920 2286; x_wconf 89' lang='lat' dir='ltr'><strong>arbor</strong></span> <span class='ocrx_word' id='word_1_662' title='bbox 2973 2231 3128 2286; x_wconf 88' lang='lat' dir='ltr'><strong>bona.</strong></span> <span class='ocrx_word' id='word_1_663' title='bbox 3191 2233 3267 2287; x_wconf 87' lang='lat' dir='ltr'><strong>Ac</strong></span> <span class='ocrx_word' id='word_1_664' title='bbox 3317 2247 3414 2302; x_wconf 89' lang='lat' dir='ltr'><strong>per</strong></span> <span class='ocrx_word' id='word_1_665' title='bbox 3457 2231 3585 2298; x_wconf 90' lang='lat' dir='ltr'><strong>hoc,</strong></span> <span class='ocrx_word' id='word_1_666' title='bbox 3636 2233 3681 2287; x_wconf 89' lang='lat' dir='ltr'><strong>si</strong></span> <span class='ocrx_word' id='word_1_667' title='bbox 3731 2231 3796 2286; x_wconf 87' lang='lat' dir='ltr'><strong>de</strong></span> 
     </span>
    </p>
   </div>
   <div class='ocr_carea' id='block_1_84' title="bbox 2210 2318 3794 2394">
    <p class='ocr_par' dir='ltr' id='par_1_84' title="bbox 2210 2318 3794 2394">
     <span class='ocr_line' id='line_1_84' title="bbox 2210 2318 3794 2394; baseline 0.003 -22"><span class='ocrx_word' id='word_1_668' title='bbox 2210 2318 2458 2389; x_wconf 85' lang='lat' dir='ltr'><strong>conjugio</strong></span> <span class='ocrx_word' id='word_1_669' title='bbox 2502 2319 2592 2390; x_wconf 92' lang='lat' dir='ltr'><strong>qui</strong></span> <span class='ocrx_word' id='word_1_670' title='bbox 2623 2322 2878 2388; x_wconf 85' lang='lat' dir='ltr'><strong>nascitur,</strong></span> <span class='ocrx_word' id='word_1_671' title='bbox 2923 2323 3151 2394; x_wconf 80' lang='lat' dir='ltr'><strong>conjugii</strong></span> <span class='ocrx_word' id='word_1_672' title='bbox 3198 2321 3402 2378; x_wconf 84' lang='lat' dir='ltr'><strong>fructus</strong></span> <span class='ocrx_word' id='word_1_673' title='bbox 3450 2333 3553 2386; x_wconf 75' lang='lat' dir='ltr'><strong>est,</strong></span> <span class='ocrx_word' id='word_1_674' title='bbox 3585 2333 3637 2378; x_wconf 90' lang='lat' dir='ltr'><strong>et</strong></span> <span class='ocrx_word' id='word_1_675' title='bbox 3683 2321 3794 2376; x_wconf 84' lang='lat' dir='ltr'><strong>ideo</strong></span> 
     </span>
    </p>
   </div>
   <div class='ocr_carea' id='block_1_85' title="bbox 2209 2402 3792 2479">
    <p class='ocr_par' dir='ltr' id='par_1_85' title="bbox 2209 2402 3792 2479">
     <span class='ocr_line' id='line_1_85' title="bbox 2209 2402 3792 2479; baseline 0.001 -14"><span class='ocrx_word' id='word_1_676' title='bbox 2209 2410 2370 2466; x_wconf 85' lang='lat' dir='ltr'><strong>debet</strong></span> <span class='ocrx_word' id='word_1_677' title='bbox 2405 2428 2525 2468; x_wconf 90' lang='lat' dir='ltr'><strong>esse</strong></span> <span class='ocrx_word' id='word_1_678' title='bbox 2565 2413 2682 2469; x_wconf 90' lang='lat' dir='ltr'><strong>sine</strong></span> <span class='ocrx_word' id='word_1_679' title='bbox 2720 2402 2867 2479; x_wconf 83' lang='lat' dir='ltr'><strong>vitio,</strong></span> <span class='ocrx_word' id='word_1_680' title='bbox 2917 2431 2984 2470; x_wconf 90' lang='lat' dir='ltr'><strong>ne</strong></span> <span class='ocrx_word' id='word_1_681' title='bbox 3015 2413 3216 2470; x_wconf 84' lang='lat' dir='ltr'><strong>fructus</strong></span> <span class='ocrx_word' id='word_1_682' title='bbox 3243 2415 3416 2469; x_wconf 89' lang='lat' dir='ltr'><strong>malus</strong></span> <span class='ocrx_word' id='word_1_683' title='bbox 3460 2424 3710 2470; x_wconf 86' lang='lat' dir='ltr'><strong>nascatur</strong></span> <span class='ocrx_word' id='word_1_684' title='bbox 3733 2429 3792 2467; x_wconf 64' lang='grc' dir='ltr'><strong>ιι</strong></span> 
     </span>
    </p>
   </div>
   <div class='ocr_carea' id='block_1_86' title="bbox 2209 2504 3792 2578">
    <p class='ocr_par' dir='ltr' id='par_1_86' title="bbox 2209 2504 3792 2578">
     <span class='ocr_line' id='line_1_86' title="bbox 2209 2504 3792 2578; baseline 0.001 -21"><span class='ocrx_word' id='word_1_685' title='bbox 2209 2504 2400 2560; x_wconf 89' lang='lat' dir='ltr'><strong>arbore</strong></span> <span class='ocrx_word' id='word_1_686' title='bbox 2440 2506 2619 2573; x_wconf 88' lang='lat' dir='ltr'><strong>bona;</strong></span> <span class='ocrx_word' id='word_1_687' title='bbox 2649 2507 2890 2578; x_wconf 89' lang='lat' dir='ltr'><strong>sequitur</strong></span> <span class='ocrx_word' id='word_1_688' title='bbox 2917 2507 3086 2578; x_wconf 89' lang='lat' dir='ltr'><strong>utqui</strong></span> <span class='ocrx_word' id='word_1_689' title='bbox 3113 2507 3179 2562; x_wconf 89' lang='lat' dir='ltr'><strong>de</strong></span> <span class='ocrx_word' id='word_1_690' title='bbox 3223 2506 3487 2562; x_wconf 87' lang='lat' dir='ltr'><strong>adulterio</strong></span> <span class='ocrx_word' id='word_1_691' title='bbox 3527 2507 3792 2568; x_wconf 86' lang='lat' dir='ltr'><strong>nascitur.</strong></span> 
     </span>
    </p>
   </div>
   <div class='ocr_carea' id='block_1_87' title="bbox 2211 2596 3794 2664">
    <p class='ocr_par' dir='ltr' id='par_1_87' title="bbox 2211 2596 3794 2664">
     <span class='ocr_line' id='line_1_87' title="bbox 2211 2596 3794 2664; baseline 0 -14"><span class='ocrx_word' id='word_1_692' title='bbox 2211 2611 2314 2651; x_wconf 89' lang='lat' dir='ltr'><strong>non</strong></span> <span class='ocrx_word' id='word_1_693' title='bbox 2343 2596 2534 2652; x_wconf 85' lang='lat' dir='ltr'><strong>debeat</strong></span> <span class='ocrx_word' id='word_1_694' title='bbox 2559 2599 2701 2652; x_wconf 90' lang='lat' dir='ltr'><strong>nasci</strong></span> <span class='ocrx_word' id='word_1_695' title='bbox 2724 2599 2839 2653; x_wconf 89' lang='lat' dir='ltr'><strong>sine</strong></span> <span class='ocrx_word' id='word_1_696' title='bbox 2866 2599 3013 2664; x_wconf 84' lang='lat' dir='ltr'><strong>vitio,</strong></span> <span class='ocrx_word' id='word_1_697' title='bbox 3044 2617 3109 2654; x_wconf 85' lang='lat' dir='ltr'><strong>ne</strong></span> <span class='ocrx_word' id='word_1_698' title='bbox 3136 2599 3335 2654; x_wconf 83' lang='lat' dir='ltr'><strong>fructus</strong></span> <span class='ocrx_word' id='word_1_699' title='bbox 3363 2600 3532 2654; x_wconf 83' lang='lat' dir='ltr'><strong>bonus</strong></span> <span class='ocrx_word' id='word_1_700' title='bbox 3556 2609 3794 2653; x_wconf 85' lang='lat' dir='ltr'><strong>nascatur</strong></span> 
     </span>
    </p>
   </div>
   <div class='ocr_carea' id='block_1_88' title="bbox 2209 2687 3791 2758">
    <p class='ocr_par' dir='ltr' id='par_1_88' title="bbox 2209 2687 3791 2758">
     <span class='ocr_line' id='line_1_88' title="bbox 2209 2687 3791 2758; baseline 0.001 -17"><span class='ocrx_word' id='word_1_701' title='bbox 2209 2702 2275 2741; x_wconf 82' lang='lat' dir='ltr'><strong>ex</strong></span> <span class='ocrx_word' id='word_1_702' title='bbox 2326 2687 2518 2742; x_wconf 90' lang='lat' dir='ltr'><strong>arbore</strong></span> <span class='ocrx_word' id='word_1_703' title='bbox 2559 2689 2696 2741; x_wconf 83' lang='lat' dir='ltr'><strong>mala.</strong></span> <span class='ocrx_word' id='word_1_704' title='bbox 2731 2705 2744 2742; x_wconf 91' lang='lat'><strong>:</strong></span> <span class='ocrx_word' id='word_1_705' title='bbox 2777 2691 3028 2758; x_wconf 89' lang='lat' dir='ltr'><strong>quoniam</strong></span> <span class='ocrx_word' id='word_1_706' title='bbox 3077 2689 3335 2744; x_wconf 88' lang='lat' dir='ltr'><strong>Dominus</strong></span> <span class='ocrx_word' id='word_1_707' title='bbox 3366 2706 3462 2744; x_wconf 90' lang='lat' dir='ltr'><strong>nec</strong></span> <span class='ocrx_word' id='word_1_708' title='bbox 3489 2705 3520 2744; x_wconf 85' lang='lat' dir='ltr'><strong>a</strong></span> <span class='ocrx_word' id='word_1_709' title='bbox 3552 2689 3686 2745; x_wconf 90' lang='lat' dir='ltr'><strong>bona</strong></span> <span class='ocrx_word' id='word_1_710' title='bbox 3713 2706 3791 2742; x_wconf 87' lang='lat' dir='ltr'><strong>ar-</strong></span> 
     </span>
    </p>
   </div>
   <div class='ocr_carea' id='block_1_89' title="bbox 2211 2775 3788 2846">
    <p class='ocr_par' dir='ltr' id='par_1_89' title="bbox 2211 2775 3788 2846">
     <span class='ocr_line' id='line_1_89' title="bbox 2211 2775 3788 2846; baseline 0.001 -16"><span class='ocrx_word' id='word_1_711' title='bbox 2211 2775 2338 2830; x_wconf 87' lang='lat' dir='ltr'><strong>bore</strong></span> <span class='ocrx_word' id='word_1_712' title='bbox 2383 2776 2495 2830; x_wconf 78' lang='lat' dir='ltr'><strong>ﬁeri</strong></span> <span class='ocrx_word' id='word_1_713' title='bbox 2527 2775 2730 2832; x_wconf 79' lang='lat' dir='ltr'><strong>fructus</strong></span> <span class='ocrx_word' id='word_1_714' title='bbox 2779 2780 2970 2844; x_wconf 88' lang='lat' dir='ltr'><strong>tnalos,</strong></span> <span class='ocrx_word' id='word_1_715' title='bbox 3003 2794 3102 2834; x_wconf 90' lang='lat' dir='ltr'><strong>nec</strong></span> <span class='ocrx_word' id='word_1_716' title='bbox 3128 2795 3159 2834; x_wconf 89' lang='lat' dir='ltr'><strong>a</strong></span> <span class='ocrx_word' id='word_1_717' title='bbox 3193 2780 3329 2834; x_wconf 86' lang='lat' dir='ltr'><strong>tnala</strong></span> <span class='ocrx_word' id='word_1_718' title='bbox 3380 2779 3573 2846; x_wconf 87' lang='lat' dir='ltr'><strong>bonos,</strong></span> <span class='ocrx_word' id='word_1_719' title='bbox 3624 2780 3788 2834; x_wconf 74' lang='lat' dir='ltr'><strong>divina</strong></span> 
     </span>
    </p>
   </div>
   <div class='ocr_carea' id='block_1_90' title="bbox 2207 2868 3786 2942">
    <p class='ocr_par' dir='ltr' id='par_1_90' title="bbox 2207 2868 3786 2942">
     <span class='ocr_line' id='line_1_90' title="bbox 2207 2868 3786 2942; baseline 0.003 -23"><span class='ocrx_word' id='word_1_720' title='bbox 2207 2868 2523 2923; x_wconf 83' lang='lat' dir='ltr'><strong>auctoritate</strong></span> <span class='ocrx_word' id='word_1_721' title='bbox 2567 2869 2774 2924; x_wconf 90' lang='lat' dir='ltr'><strong>delinit.</strong></span> <span class='ocrx_word' id='word_1_722' title='bbox 2818 2868 2888 2926; x_wconf 88' lang='lat' dir='ltr'><strong>Ut</strong></span> <span class='ocrx_word' id='word_1_723' title='bbox 2912 2886 3040 2940; x_wconf 84' lang='lat' dir='ltr'><strong>ergo</strong></span> <span class='ocrx_word' id='word_1_724' title='bbox 3072 2869 3194 2926; x_wconf 92' lang='lat' dir='ltr'><strong>hinc</strong></span> <span class='ocrx_word' id='word_1_725' title='bbox 3221 2886 3402 2938; x_wconf 80' lang='lat' dir='ltr'><strong>exeas,</strong></span> <span class='ocrx_word' id='word_1_726' title='bbox 3447 2872 3571 2942; x_wconf 89' lang='lat' dir='ltr'><strong>quia</strong></span> <span class='ocrx_word' id='word_1_727' title='bbox 3603 2886 3700 2925; x_wconf 74' lang='lat' dir='ltr'><strong>nec</strong></span> <span class='ocrx_word' id='word_1_728' title='bbox 3725 2871 3786 2924; x_wconf 82' lang='lat' dir='ltr'><strong>de</strong></span> 
     </span>
    </p>
   </div>
   <div class='ocr_carea' id='block_1_91' title="bbox 2207 2957 3787 3030">
    <p class='ocr_par' dir='ltr' id='par_1_91' title="bbox 2207 2957 3787 3030">
     <span class='ocr_line' id='line_1_91' title="bbox 2207 2957 3787 3030; baseline 0.003 -20"><span class='ocrx_word' id='word_1_729' title='bbox 2207 2957 2470 3012; x_wconf 85' lang='lat' dir='ltr'><strong>adulterio</strong></span> <span class='ocrx_word' id='word_1_730' title='bbox 2499 2959 2632 3014; x_wconf 90' lang='lat' dir='ltr'><strong>dicis</strong></span> <span class='ocrx_word' id='word_1_731' title='bbox 2661 2958 2930 3014; x_wconf 85' lang='lat' dir='ltr'><strong>hominem</strong></span> <span class='ocrx_word' id='word_1_732' title='bbox 2973 2962 3118 3015; x_wconf 89' lang='lat' dir='ltr'><strong>nasci</strong></span> <span class='ocrx_word' id='word_1_733' title='bbox 3166 2977 3322 3030; x_wconf 55' lang='lat' dir='ltr'><strong>posse</strong></span> <span class='ocrx_word' id='word_1_734' title='bbox 3351 2977 3469 3016; x_wconf 91' lang='lat' dir='ltr'><strong>cum</strong></span> <span class='ocrx_word' id='word_1_735' title='bbox 3503 2962 3661 3030; x_wconf 83' lang='lat' dir='ltr'><strong>vitio,</strong></span> <span class='ocrx_word' id='word_1_736' title='bbox 3701 2978 3787 3015; x_wconf 87' lang='lat' dir='ltr'><strong>ne-</strong></span> 
     </span>
    </p>
   </div>
   <div class='ocr_carea' id='block_1_92' title="bbox 2207 3050 3787 3123">
    <p class='ocr_par' dir='ltr' id='par_1_92' title="bbox 2207 3050 3787 3123">
     <span class='ocr_line' id='line_1_92' title="bbox 2207 3050 3787 3123; baseline 0.005 -24"><span class='ocrx_word' id='word_1_737' title='bbox 2207 3050 2356 3120; x_wconf 78' lang='lat' dir='ltr'><strong>gabis</strong></span> <span class='ocrx_word' id='word_1_738' title='bbox 2397 3051 2716 3107; x_wconf 90' lang='lat' dir='ltr'><strong>adulterium</strong></span> <span class='ocrx_word' id='word_1_739' title='bbox 2765 3069 2884 3110; x_wconf 88' lang='lat' dir='ltr'><strong>esse</strong></span> <span class='ocrx_word' id='word_1_740' title='bbox 2931 3054 3176 3110; x_wconf 82' lang='lat' dir='ltr'><strong>arborem</strong></span> <span class='ocrx_word' id='word_1_741' title='bbox 3209 3055 3422 3118; x_wconf 88' lang='lat' dir='ltr'><strong>malam,</strong></span> <span class='ocrx_word' id='word_1_742' title='bbox 3469 3069 3538 3109; x_wconf 88' lang='lat' dir='ltr'><strong>ne</strong></span> <span class='ocrx_word' id='word_1_743' title='bbox 3595 3054 3682 3109; x_wconf 91' lang='lat' dir='ltr'><strong>ille</strong></span> <span class='ocrx_word' id='word_1_744' title='bbox 3707 3053 3787 3123; x_wconf 85' lang='lat' dir='ltr'><strong>qui</strong></span> 
     </span>
    </p>
   </div>
   <div class='ocr_carea' id='block_1_93' title="bbox 2207 3143 3787 3213">
    <p class='ocr_par' dir='ltr' id='par_1_93' title="bbox 2207 3143 3787 3213">
     <span class='ocr_line' id='line_1_93' title="bbox 2207 3143 3787 3213; baseline 0.001 -16"><span class='ocrx_word' id='word_1_745' title='bbox 2207 3143 2501 3199; x_wconf 87' lang='lat' dir='ltr'><strong>secundum</strong></span> <span class='ocrx_word' id='word_1_746' title='bbox 2541 3154 2593 3200; x_wconf 85' lang='lat' dir='ltr'><strong>te</strong></span> <span class='ocrx_word' id='word_1_747' title='bbox 2632 3145 2748 3200; x_wconf 87' lang='lat' dir='ltr'><strong>sine</strong></span> <span class='ocrx_word' id='word_1_748' title='bbox 2773 3146 2902 3201; x_wconf 87' lang='lat' dir='ltr'><strong>vitio</strong></span> <span class='ocrx_word' id='word_1_749' title='bbox 2928 3145 2994 3202; x_wconf 86' lang='lat' dir='ltr'><strong>de</strong></span> <span class='ocrx_word' id='word_1_750' title='bbox 3024 3145 3285 3201; x_wconf 86' lang='lat' dir='ltr'><strong>adulterio</strong></span> <span class='ocrx_word' id='word_1_751' title='bbox 3329 3147 3585 3213; x_wconf 89' lang='lat' dir='ltr'><strong>nascitur,</strong></span> <span class='ocrx_word' id='word_1_752' title='bbox 3613 3157 3787 3200; x_wconf 90' lang='lat' dir='ltr'><strong>contra</strong></span> 
     </span>
    </p>
   </div>
   <div class='ocr_carea' id='block_1_94' title="bbox 2206 3232 3786 3293">
    <p class='ocr_par' dir='ltr' id='par_1_94' title="bbox 2206 3232 3786 3293">
     <span class='ocr_line' id='line_1_94' title="bbox 2206 3232 3786 3293; baseline 0.001 -6"><span class='ocrx_word' id='word_1_753' title='bbox 2206 3232 2569 3290; x_wconf 82' lang='lat' dir='ltr'><strong>deﬁnitionem</strong></span> <span class='ocrx_word' id='word_1_754' title='bbox 2615 3233 2827 3291; x_wconf 90' lang='lat' dir='ltr'><strong>Domini</strong></span> <span class='ocrx_word' id='word_1_755' title='bbox 2878 3236 3048 3292; x_wconf 87' lang='lat' dir='ltr'><strong>bonus</strong></span> <span class='ocrx_word' id='word_1_756' title='bbox 3097 3235 3299 3292; x_wconf 83' lang='lat' dir='ltr'><strong>fructus</strong></span> <span class='ocrx_word' id='word_1_757' title='bbox 3342 3236 3488 3292; x_wconf 91' lang='lat' dir='ltr'><strong>nasci</strong></span> <span class='ocrx_word' id='word_1_758' title='bbox 3542 3238 3612 3293; x_wconf 89' lang='lat' dir='ltr'><strong>de</strong></span> <span class='ocrx_word' id='word_1_759' title='bbox 3657 3236 3786 3291; x_wconf 86' lang='lat' dir='ltr'><strong>mala</strong></span> 
     </span>
    </p>
   </div>
   <div class='ocr_carea' id='block_1_95' title="bbox 2206 3325 3786 3399">
    <p class='ocr_par' dir='ltr' id='par_1_95' title="bbox 2206 3325 3786 3399">
     <span class='ocr_line' id='line_1_95' title="bbox 2206 3325 3786 3399; baseline 0.001 -21"><span class='ocrx_word' id='word_1_760' title='bbox 2206 3325 2400 3382; x_wconf 89' lang='lat' dir='ltr'><strong>arbore</strong></span> <span class='ocrx_word' id='word_1_761' title='bbox 2456 3326 2717 3382; x_wconf 89' lang='lat' dir='ltr'><strong>videatur.</strong></span> <span class='ocrx_word' id='word_1_762' title='bbox 2757 3326 2904 3399; x_wconf 84' lang='lat' dir='ltr'><strong>Nega</strong></span> <span class='ocrx_word' id='word_1_763' title='bbox 2946 3343 3076 3399; x_wconf 81' lang='lat' dir='ltr'><strong>ergo</strong></span> <span class='ocrx_word' id='word_1_764' title='bbox 3121 3329 3280 3384; x_wconf 89' lang='lat' dir='ltr'><strong>etiam</strong></span> <span class='ocrx_word' id='word_1_765' title='bbox 3323 3327 3628 3398; x_wconf 78' lang='lat' dir='ltr'><strong>conjugium</strong></span> <span class='ocrx_word' id='word_1_766' title='bbox 3673 3341 3786 3382; x_wconf 81' lang='lat' dir='ltr'><strong>esse</strong></span> 
     </span>
    </p>
   </div>
   <div class='ocr_carea' id='block_1_96' title="bbox 2206 3417 3784 3483">
    <p class='ocr_par' dir='ltr' id='par_1_96' title="bbox 2206 3417 3784 3483">
     <span class='ocr_line' id='line_1_96' title="bbox 2206 3417 3784 3483; baseline -0.001 -13"><span class='ocrx_word' id='word_1_767' title='bbox 2206 3417 2452 3472; x_wconf 86' lang='lat' dir='ltr'><strong>arborem</strong></span> <span class='ocrx_word' id='word_1_768' title='bbox 2491 3417 2708 3483; x_wconf 91' lang='lat' dir='ltr'><strong>bonam,</strong></span> <span class='ocrx_word' id='word_1_769' title='bbox 2739 3427 2794 3473; x_wconf 88' lang='lat' dir='ltr'><strong>et</strong></span> <span class='ocrx_word' id='word_1_770' title='bbox 2819 3433 3030 3475; x_wconf 89' lang='lat' dir='ltr'><strong>errasse</strong></span> <span class='ocrx_word' id='word_1_771' title='bbox 3060 3428 3111 3475; x_wconf 91' lang='lat' dir='ltr'><strong>te</strong></span> <span class='ocrx_word' id='word_1_772' title='bbox 3146 3429 3204 3474; x_wconf 91' lang='lat' dir='ltr'><strong>ut</strong></span> <span class='ocrx_word' id='word_1_773' title='bbox 3245 3418 3347 3474; x_wconf 89' lang='lat' dir='ltr'><strong>hoc</strong></span> <span class='ocrx_word' id='word_1_774' title='bbox 3373 3419 3583 3474; x_wconf 89' lang='lat' dir='ltr'><strong>diceres</strong></span> <span class='ocrx_word' id='word_1_775' title='bbox 3628 3417 3784 3475; x_wconf 81' lang='lat' dir='ltr'><strong>conﬁ-</strong></span> 
     </span>
    </p>
   </div>
   <div class='ocr_carea' id='block_1_97' title="bbox 2210 3508 3784 3574">
    <p class='ocr_par' dir='ltr' id='par_1_97' title="bbox 2210 3508 3784 3574">
     <span class='ocr_line' id='line_1_97' title="bbox 2210 3508 3784 3574; baseline -0.001 -12"><span class='ocrx_word' id='word_1_776' title='bbox 2210 3518 2340 3562; x_wconf 89' lang='lat' dir='ltr'><strong>tere.</strong></span> <span class='ocrx_word' id='word_1_777' title='bbox 2373 3508 2476 3564; x_wconf 90' lang='lat' dir='ltr'><strong>Sed</strong></span> <span class='ocrx_word' id='word_1_778' title='bbox 2520 3508 2759 3566; x_wconf 88' lang='lat' dir='ltr'><strong>dicturus</strong></span> <span class='ocrx_word' id='word_1_779' title='bbox 2787 3525 2870 3574; x_wconf 85' lang='lat' dir='ltr'><strong>es.</strong></span> <span class='ocrx_word' id='word_1_780' title='bbox 2905 3525 3012 3565; x_wconf 89' lang='lat' dir='ltr'><strong>non</strong></span> <span class='ocrx_word' id='word_1_781' title='bbox 3043 3510 3112 3566; x_wconf 92' lang='lat' dir='ltr'><strong>de</strong></span> <span class='ocrx_word' id='word_1_782' title='bbox 3155 3510 3415 3566; x_wconf 84' lang='lat' dir='ltr'><strong>adulterio</strong></span> <span class='ocrx_word' id='word_1_783' title='bbox 3444 3512 3590 3566; x_wconf 89' lang='lat' dir='ltr'><strong>nasci</strong></span> <span class='ocrx_word' id='word_1_784' title='bbox 3623 3509 3784 3564; x_wconf 87' lang='lat' dir='ltr'><strong>homi-</strong></span> 
     </span>
    </p>
   </div>
   <div class='ocr_carea' id='block_1_98' title="bbox 2207 3599 3785 3673">
    <p class='ocr_par' dir='ltr' id='par_1_98' title="bbox 2207 3599 3785 3673">
     <span class='ocr_line' id='line_1_98' title="bbox 2207 3599 3785 3673; baseline 0 -20"><span class='ocrx_word' id='word_1_785' title='bbox 2207 3615 2354 3666; x_wconf 84' lang='lat' dir='ltr'><strong>nem,</strong></span> <span class='ocrx_word' id='word_1_786' title='bbox 2380 3600 2470 3670; x_wconf 90' lang='lat' dir='ltr'><strong>qui</strong></span> <span class='ocrx_word' id='word_1_787' title='bbox 2499 3615 2594 3672; x_wconf 90' lang='lat' dir='ltr'><strong>per</strong></span> <span class='ocrx_word' id='word_1_788' title='bbox 2620 3601 2972 3657; x_wconf 90' lang='lat' dir='ltr'><strong>adulterinum</strong></span> <span class='ocrx_word' id='word_1_789' title='bbox 3003 3601 3340 3657; x_wconf 82' lang='lat' dir='ltr'><strong>concubitum</strong></span> <span class='ocrx_word' id='word_1_790' title='bbox 3365 3601 3618 3673; x_wconf 76' lang='lat' dir='ltr'><strong>gignitur.</strong></span> <span class='ocrx_word' id='word_1_791' title='bbox 3647 3599 3785 3658; x_wconf 80' lang='lat' dir='ltr'><strong>Unde</strong></span> 
     </span>
    </p>
   </div>
   <div class='ocr_carea' id='block_1_99' title="bbox 2207 3689 3782 3766">
    <p class='ocr_par' dir='ltr' id='par_1_99' title="bbox 2207 3689 3782 3766">
     <span class='ocr_line' id='line_1_99' title="bbox 2207 3689 3782 3766; baseline 0.002 -24"><span class='ocrx_word' id='word_1_792' title='bbox 2207 3689 2409 3757; x_wconf 82' lang='lat' dir='ltr'><strong>igitur?</strong></span> <span class='ocrx_word' id='word_1_793' title='bbox 2461 3709 2480 3742; x_wconf 77' lang='grc' dir='ltr'><strong>ι</strong></span> <span class='ocrx_word' id='word_1_794' title='bbox 2520 3692 2593 3747; x_wconf 88' lang='lat' dir='ltr'><strong>De</strong></span> <span class='ocrx_word' id='word_1_795' title='bbox 2630 3701 2855 3760; x_wconf 88' lang='lat' dir='ltr'><strong>natura,</strong></span> <span class='ocrx_word' id='word_1_796' title='bbox 2892 3711 2912 3746; x_wconf 76' lang='grc' dir='ltr'><strong>ι</strong></span> <span class='ocrx_word' id='word_1_797' title='bbox 2947 3693 3144 3763; x_wconf 87' lang='lat' dir='ltr'><strong>inquis,</strong></span> <span class='ocrx_word' id='word_1_798' title='bbox 3197 3713 3218 3746; x_wconf 71' lang='grc' dir='ltr'><strong>ι</strong></span> <span class='ocrx_word' id='word_1_799' title='bbox 3275 3693 3523 3759; x_wconf 87' lang='lat' dir='ltr'><strong>humana,</strong></span> <span class='ocrx_word' id='word_1_800' title='bbox 3571 3708 3690 3766; x_wconf 76' lang='lat' dir='ltr'><strong>qua:</strong></span> <span class='ocrx_word' id='word_1_801' title='bbox 3735 3691 3782 3746; x_wconf 90' lang='lat' dir='ltr'><strong>in</strong></span> 
     </span>
    </p>
   </div>
   <div class='ocr_carea' id='block_1_100' title="bbox 2207 3781 3785 3854">
    <p class='ocr_par' dir='ltr' id='par_1_100' title="bbox 2207 3781 3785 3854">
     <span class='ocr_line' id='line_1_100' title="bbox 2207 3781 3785 3854; baseline -0.001 -19"><span class='ocrx_word' id='word_1_802' title='bbox 2207 3781 2460 3836; x_wconf 89' lang='lat' dir='ltr'><strong>adulteris</strong></span> <span class='ocrx_word' id='word_1_803' title='bbox 2488 3797 2698 3854; x_wconf 88' lang='lat' dir='ltr'><strong>quoque</strong></span> <span class='ocrx_word' id='word_1_804' title='bbox 2744 3783 2837 3838; x_wconf 89' lang='lat' dir='ltr'><strong>Dei</strong></span> <span class='ocrx_word' id='word_1_805' title='bbox 2875 3798 3010 3852; x_wconf 91' lang='lat' dir='ltr'><strong>opus</strong></span> <span class='ocrx_word' id='word_1_806' title='bbox 3039 3793 3139 3850; x_wconf 88' lang='lat' dir='ltr'><strong>est,</strong></span> <span class='ocrx_word' id='word_1_807' title='bbox 3187 3799 3290 3838; x_wconf 92' lang='lat' dir='ltr'><strong>non</strong></span> <span class='ocrx_word' id='word_1_808' title='bbox 3333 3784 3590 3854; x_wconf 90' lang='lat' dir='ltr'><strong>ipsorum.</strong></span> <span class='ocrx_word' id='word_1_809' title='bbox 3628 3803 3648 3837; x_wconf 77' lang='grc' dir='ltr'><strong>ι</strong></span> <span class='ocrx_word' id='word_1_810' title='bbox 3687 3783 3785 3854; x_wconf 74' lang='lat' dir='ltr'><strong>(Zur</strong></span> 
     </span>
    </p>
   </div>
   <div class='ocr_carea' id='block_1_101' title="bbox 2207 3871 3782 3946">
    <p class='ocr_par' dir='ltr' id='par_1_101' title="bbox 2207 3871 3782 3946">
     <span class='ocr_line' id='line_1_101' title="bbox 2207 3871 3782 3946; baseline 0.001 -19"><span class='ocrx_word' id='word_1_811' title='bbox 2207 3886 2337 3940; x_wconf 69' lang='lat' dir='ltr'><strong>ergo</strong></span> <span class='ocrx_word' id='word_1_812' title='bbox 2356 3871 2543 3928; x_wconf 88' lang='lat' dir='ltr'><strong>eodem</strong></span> <span class='ocrx_word' id='word_1_813' title='bbox 2567 3874 2724 3928; x_wconf 90' lang='lat' dir='ltr'><strong>modo</strong></span> <span class='ocrx_word' id='word_1_814' title='bbox 2750 3891 2854 3928; x_wconf 92' lang='lat' dir='ltr'><strong>non</strong></span> <span class='ocrx_word' id='word_1_815' title='bbox 2881 3873 3150 3943; x_wconf 72' lang='lat' dir='ltr'><strong>intelligis,</strong></span> <span class='ocrx_word' id='word_1_816' title='bbox 3171 3890 3268 3931; x_wconf 89' lang='lat' dir='ltr'><strong>nec</strong></span> <span class='ocrx_word' id='word_1_817' title='bbox 3287 3875 3355 3930; x_wconf 88' lang='lat' dir='ltr'><strong>de</strong></span> <span class='ocrx_word' id='word_1_818' title='bbox 3378 3876 3627 3946; x_wconf 80' lang='lat' dir='ltr'><strong>conjugio</strong></span> <span class='ocrx_word' id='word_1_819' title='bbox 3650 3872 3782 3930; x_wconf 86' lang='lat' dir='ltr'><strong>nasci</strong></span> 
     </span>
    </p>
   </div>
   <div class='ocr_carea' id='block_1_102' title="bbox 2208 3962 3779 4038">
    <p class='ocr_par' dir='ltr' id='par_1_102' title="bbox 2208 3962 3779 4038">
     <span class='ocr_line' id='line_1_102' title="bbox 2208 3962 3779 4038; baseline 0.003 -22"><span class='ocrx_word' id='word_1_820' title='bbox 2208 3962 2504 4032; x_wconf 89' lang='lat' dir='ltr'><strong>hominem,</strong></span> <span class='ocrx_word' id='word_1_821' title='bbox 2545 3964 2636 4036; x_wconf 89' lang='lat' dir='ltr'><strong>qui</strong></span> <span class='ocrx_word' id='word_1_822' title='bbox 2664 3981 2760 4036; x_wconf 88' lang='lat' dir='ltr'><strong>per</strong></span> <span class='ocrx_word' id='word_1_823' title='bbox 2787 3966 3130 4020; x_wconf 82' lang='lat' dir='ltr'><strong>concubitum</strong></span> <span class='ocrx_word' id='word_1_824' title='bbox 3160 3967 3394 4038; x_wconf 78' lang='lat' dir='ltr'><strong>gignitur</strong></span> <span class='ocrx_word' id='word_1_825' title='bbox 3416 3966 3779 4038; x_wconf 83' lang='lat' dir='ltr'><strong>conjugalem;</strong></span> 
     </span>
    </p>
   </div>
   <div class='ocr_carea' id='block_1_103' title="bbox 2209 4054 3780 4129">
    <p class='ocr_par' dir='ltr' id='par_1_103' title="bbox 2209 4054 3780 4129">
     <span class='ocr_line' id='line_1_103' title="bbox 2209 4054 3780 4129; baseline 0 -21"><span class='ocrx_word' id='word_1_826' title='bbox 2209 4054 2300 4108; x_wconf 90' lang='lat' dir='ltr'><strong>sed</strong></span> <span class='ocrx_word' id='word_1_827' title='bbox 2347 4055 2414 4110; x_wconf 91' lang='lat' dir='ltr'><strong>de</strong></span> <span class='ocrx_word' id='word_1_828' title='bbox 2458 4064 2644 4110; x_wconf 89' lang='lat' dir='ltr'><strong>natura</strong></span> <span class='ocrx_word' id='word_1_829' title='bbox 2684 4055 2931 4112; x_wconf 88' lang='lat' dir='ltr'><strong>similiter</strong></span> <span class='ocrx_word' id='word_1_830' title='bbox 2947 4056 3197 4124; x_wconf 86' lang='lat' dir='ltr'><strong>humana,</strong></span> <span class='ocrx_word' id='word_1_831' title='bbox 3231 4073 3351 4128; x_wconf 64' lang='lat' dir='ltr'><strong>quae</strong></span> <span class='ocrx_word' id='word_1_832' title='bbox 3399 4058 3450 4112; x_wconf 88' lang='lat' dir='ltr'><strong>in</strong></span> <span class='ocrx_word' id='word_1_833' title='bbox 3481 4056 3780 4129; x_wconf 81' lang='lat' dir='ltr'><strong>conjugibus</strong></span> 
     </span>
    </p>
   </div>
   <div class='ocr_carea' id='block_1_104' title="bbox 2206 4147 3777 4221">
    <p class='ocr_par' dir='ltr' id='par_1_104' title="bbox 2206 4147 3777 4221">
     <span class='ocr_line' id='line_1_104' title="bbox 2206 4147 3777 4221; baseline 0.001 -21"><span class='ocrx_word' id='word_1_834' title='bbox 2206 4162 2421 4218; x_wconf 90' lang='lat' dir='ltr'><strong>quoque</strong></span> <span class='ocrx_word' id='word_1_835' title='bbox 2464 4147 2554 4202; x_wconf 92' lang='lat' dir='ltr'><strong>Dei</strong></span> <span class='ocrx_word' id='word_1_836' title='bbox 2586 4163 2720 4218; x_wconf 81' lang='lat' dir='ltr'><strong>Opus</strong></span> <span class='ocrx_word' id='word_1_837' title='bbox 2747 4158 2848 4212; x_wconf 89' lang='lat' dir='ltr'><strong>est,</strong></span> <span class='ocrx_word' id='word_1_838' title='bbox 2878 4164 2984 4204; x_wconf 93' lang='lat' dir='ltr'><strong>non</strong></span> <span class='ocrx_word' id='word_1_839' title='bbox 3027 4151 3261 4220; x_wconf 82' lang='lat' dir='ltr'><strong>ipsorum</strong></span> <span class='ocrx_word' id='word_1_840' title='bbox 3295 4166 3311 4204; x_wconf 88' lang='lat'><strong>:</strong></span> <span class='ocrx_word' id='word_1_841' title='bbox 3347 4160 3506 4221; x_wconf 88' lang='lat' dir='ltr'><strong>atque</strong></span> <span class='ocrx_word' id='word_1_842' title='bbox 3538 4151 3608 4206; x_wconf 90' lang='lat' dir='ltr'><strong>ita</strong></span> <span class='ocrx_word' id='word_1_843' title='bbox 3635 4149 3777 4205; x_wconf 89' lang='lat' dir='ltr'><strong>boni-</strong></span> 
     </span>
    </p>
   </div>
   <div class='ocr_carea' id='block_1_105' title="bbox 2210 4239 3780 4312">
    <p class='ocr_par' dir='ltr' id='par_1_105' title="bbox 2210 4239 3780 4312">
     <span class='ocr_line' id='line_1_105' title="bbox 2210 4239 3780 4312; baseline 0.002 -21"><span class='ocrx_word' id='word_1_844' title='bbox 2210 4239 2303 4292; x_wconf 92' lang='lat' dir='ltr'><strong>tati</strong></span> <span class='ocrx_word' id='word_1_845' title='bbox 2348 4254 2454 4292; x_wconf 90' lang='lat' dir='ltr'><strong>non</strong></span> <span class='ocrx_word' id='word_1_846' title='bbox 2501 4240 2657 4292; x_wconf 91' lang='lat' dir='ltr'><strong>tribui</strong></span> <span class='ocrx_word' id='word_1_847' title='bbox 2707 4241 3030 4310; x_wconf 89' lang='lat' dir='ltr'><strong>nuptiarum,</strong></span> <span class='ocrx_word' id='word_1_848' title='bbox 3081 4241 3220 4312; x_wconf 90' lang='lat' dir='ltr'><strong>quod</strong></span> <span class='ocrx_word' id='word_1_849' title='bbox 3271 4243 3467 4296; x_wconf 89' lang='lat' dir='ltr'><strong>malum</strong></span> <span class='ocrx_word' id='word_1_850' title='bbox 3513 4249 3780 4297; x_wconf 76' lang='lat' dir='ltr'><strong>nascentes</strong></span> 
     </span>
    </p>
   </div>
   <div class='ocr_carea' id='block_1_106' title="bbox 2209 4329 3776 4404">
    <p class='ocr_par' dir='ltr' id='par_1_106' title="bbox 2209 4329 3776 4404">
     <span class='ocr_line' id='line_1_106' title="bbox 2209 4329 3776 4404; baseline -0.001 -22"><span class='ocrx_word' id='word_1_851' title='bbox 2209 4329 2424 4384; x_wconf 89' lang='lat' dir='ltr'><strong>tralnutt</strong></span> <span class='ocrx_word' id='word_1_852' title='bbox 2447 4329 2514 4384; x_wconf 88' lang='lat' dir='ltr'><strong>de</strong></span> <span class='ocrx_word' id='word_1_853' title='bbox 2537 4330 2666 4386; x_wconf 87' lang='lat' dir='ltr'><strong>vitio</strong></span> <span class='ocrx_word' id='word_1_854' title='bbox 2692 4339 2892 4386; x_wconf 64' lang='lat' dir='ltr'><strong>natura!</strong></span> <span class='ocrx_word' id='word_1_855' title='bbox 2917 4347 2932 4396; x_wconf 92' lang='lat'><strong>;</strong></span> <span class='ocrx_word' id='word_1_856' title='bbox 2965 4331 3103 4386; x_wconf 90' lang='lat' dir='ltr'><strong>sicut</strong></span> <span class='ocrx_word' id='word_1_857' title='bbox 3122 4348 3225 4386; x_wconf 89' lang='lat' dir='ltr'><strong>non</strong></span> <span class='ocrx_word' id='word_1_858' title='bbox 3254 4332 3504 4387; x_wconf 88' lang='lat' dir='ltr'><strong>tribuitur</strong></span> <span class='ocrx_word' id='word_1_859' title='bbox 3529 4329 3776 4404; x_wconf 84' lang='lat' dir='ltr'><strong>iniquitati</strong></span> 
     </span>
    </p>
   </div>
   <div class='ocr_carea' id='block_1_107' title="bbox 2208 4418 3777 4490">
    <p class='ocr_par' dir='ltr' id='par_1_107' title="bbox 2208 4418 3777 4490">
     <span class='ocr_line' id='line_1_107' title="bbox 2208 4418 3777 4490; baseline 0.003 -21"><span class='ocrx_word' id='word_1_860' title='bbox 2208 4418 2609 4486; x_wconf 87' lang='lat' dir='ltr'><strong>adulteriorum,</strong></span> <span class='ocrx_word' id='word_1_861' title='bbox 2639 4421 2782 4490; x_wconf 90' lang='lat' dir='ltr'><strong>quod</strong></span> <span class='ocrx_word' id='word_1_862' title='bbox 2817 4421 3014 4476; x_wconf 89' lang='lat' dir='ltr'><strong>bonum</strong></span> <span class='ocrx_word' id='word_1_863' title='bbox 3045 4432 3328 4477; x_wconf 89' lang='lat' dir='ltr'><strong>nascentes</strong></span> <span class='ocrx_word' id='word_1_864' title='bbox 3355 4422 3572 4478; x_wconf 87' lang='lat' dir='ltr'><strong>trahunt</strong></span> <span class='ocrx_word' id='word_1_865' title='bbox 3610 4423 3674 4478; x_wconf 89' lang='lat' dir='ltr'><strong>de</strong></span> <span class='ocrx_word' id='word_1_866' title='bbox 3701 4420 3777 4475; x_wconf 81' lang='lat' dir='ltr'><strong>in-</strong></span> 
     </span>
    </p>
   </div>
   <div class='ocr_carea' id='block_1_108' title="bbox 2206 4509 3778 4584">
    <p class='ocr_par' dir='ltr' id='par_1_108' title="bbox 2206 4509 3778 4584">
     <span class='ocr_line' id='line_1_108' title="bbox 2206 4509 3778 4584; baseline 0.001 -20"><span class='ocrx_word' id='word_1_867' title='bbox 2206 4509 2482 4564; x_wconf 85' lang='lat' dir='ltr'><strong>stitutioae</strong></span> <span class='ocrx_word' id='word_1_868' title='bbox 2510 4511 2756 4566; x_wconf 69' lang='lat' dir='ltr'><strong>naturm?</strong></span> <span class='ocrx_word' id='word_1_869' title='bbox 2793 4512 2870 4566; x_wconf 92' lang='lat' dir='ltr'><strong>&#39;l‘u</strong></span> <span class='ocrx_word' id='word_1_870' title='bbox 2915 4525 3092 4569; x_wconf 91' lang='lat' dir='ltr'><strong>autem</strong></span> <span class='ocrx_word' id='word_1_871' title='bbox 3125 4513 3372 4584; x_wconf 79' lang='lat' dir='ltr'><strong>intelligis</strong></span> <span class='ocrx_word' id='word_1_872' title='bbox 3419 4515 3662 4570; x_wconf 90' lang='lat' dir='ltr'><strong>arborem</strong></span> <span class='ocrx_word' id='word_1_873' title='bbox 3692 4513 3778 4566; x_wconf 83' lang='lat' dir='ltr'><strong>bo-</strong></span> 
     </span>
    </p>
   </div>
   <div class='ocr_carea' id='block_1_109' title="bbox 2207 4602 3777 4676">
    <p class='ocr_par' dir='ltr' id='par_1_109' title="bbox 2207 4602 3777 4676">
     <span class='ocr_line' id='line_1_109' title="bbox 2207 4602 3777 4676; baseline -0.001 -20"><span class='ocrx_word' id='word_1_874' title='bbox 2207 4617 2350 4665; x_wconf 90' lang='lat' dir='ltr'><strong>nam,</strong></span> <span class='ocrx_word' id='word_1_875' title='bbox 2380 4619 2485 4656; x_wconf 92' lang='lat' dir='ltr'><strong>non</strong></span> <span class='ocrx_word' id='word_1_876' title='bbox 2510 4619 2666 4672; x_wconf 88' lang='lat' dir='ltr'><strong>quam</strong></span> <span class='ocrx_word' id='word_1_877' title='bbox 2691 4602 2934 4659; x_wconf 90' lang='lat' dir='ltr'><strong>Christus</strong></span> <span class='ocrx_word' id='word_1_878' title='bbox 2957 4605 3174 4676; x_wconf 75' lang='lat' dir='ltr'><strong>intelligi</strong></span> <span class='ocrx_word' id='word_1_879' title='bbox 3205 4607 3388 4671; x_wconf 85' lang='lat' dir='ltr'><strong>voluit,</strong></span> <span class='ocrx_word' id='word_1_880' title='bbox 3417 4604 3468 4660; x_wconf 90' lang='lat' dir='ltr'><strong>id</strong></span> <span class='ocrx_word' id='word_1_881' title='bbox 3495 4616 3596 4673; x_wconf 89' lang='lat' dir='ltr'><strong>est,</strong></span> <span class='ocrx_word' id='word_1_882' title='bbox 3621 4602 3777 4659; x_wconf 91' lang='lat' dir='ltr'><strong>homi-</strong></span> 
     </span>
    </p>
   </div>
   <div class='ocr_carea' id='block_1_110' title="bbox 2207 4696 3776 4768">
    <p class='ocr_par' dir='ltr' id='par_1_110' title="bbox 2207 4696 3776 4768">
     <span class='ocr_line' id='line_1_110' title="bbox 2207 4696 3776 4768; baseline -0.001 -18"><span class='ocrx_word' id='word_1_883' title='bbox 2207 4696 2290 4750; x_wconf 93' lang='lat' dir='ltr'><strong>nis</strong></span> <span class='ocrx_word' id='word_1_884' title='bbox 2315 4696 2639 4750; x_wconf 83' lang='lat' dir='ltr'><strong>voluntatem</strong></span> <span class='ocrx_word' id='word_1_885' title='bbox 2684 4696 2898 4762; x_wconf 88' lang='lat' dir='ltr'><strong>bonam,</strong></span> <span class='ocrx_word' id='word_1_886' title='bbox 2945 4697 3038 4753; x_wconf 90' lang='lat' dir='ltr'><strong>sed</strong></span> <span class='ocrx_word' id='word_1_887' title='bbox 3079 4698 3249 4768; x_wconf 89' lang='lat' dir='ltr'><strong>ipsum</strong></span> <span class='ocrx_word' id='word_1_888' title='bbox 3280 4713 3414 4768; x_wconf 90' lang='lat' dir='ltr'><strong>opus</strong></span> <span class='ocrx_word' id='word_1_889' title='bbox 3444 4699 3555 4763; x_wconf 91' lang='lat' dir='ltr'><strong>Dei,</strong></span> <span class='ocrx_word' id='word_1_890' title='bbox 3587 4697 3636 4753; x_wconf 92' lang='lat' dir='ltr'><strong>id</strong></span> <span class='ocrx_word' id='word_1_891' title='bbox 3670 4705 3776 4756; x_wconf 86' lang='lat' dir='ltr'><strong>est.</strong></span> 
     </span>
    </p>
   </div>
   <div class='ocr_carea' id='block_1_111' title="bbox 2208 4786 3776 4860">
    <p class='ocr_par' dir='ltr' id='par_1_111' title="bbox 2208 4786 3776 4860">
     <span class='ocr_line' id='line_1_111' title="bbox 2208 4786 3776 4860; baseline -0.001 -20"><span class='ocrx_word' id='word_1_892' title='bbox 2208 4786 2481 4841; x_wconf 88' lang='lat' dir='ltr'><strong>hominum</strong></span> <span class='ocrx_word' id='word_1_893' title='bbox 2501 4787 2586 4843; x_wconf 88' lang='lat' dir='ltr'><strong>vel</strong></span> <span class='ocrx_word' id='word_1_894' title='bbox 2613 4789 2842 4858; x_wconf 87' lang='lat' dir='ltr'><strong>nuptias,</strong></span> <span class='ocrx_word' id='word_1_895' title='bbox 2867 4789 2950 4844; x_wconf 84' lang='lat' dir='ltr'><strong>vel</strong></span> <span class='ocrx_word' id='word_1_896' title='bbox 2977 4797 3237 4844; x_wconf 88' lang='lat' dir='ltr'><strong>naturam.</strong></span> <span class='ocrx_word' id='word_1_897' title='bbox 3280 4789 3349 4844; x_wconf 87' lang='lat' dir='ltr'><strong>Et</strong></span> <span class='ocrx_word' id='word_1_898' title='bbox 3368 4790 3491 4860; x_wconf 86' lang='lat' dir='ltr'><strong>quia</strong></span> <span class='ocrx_word' id='word_1_899' title='bbox 3514 4791 3648 4845; x_wconf 89' lang='lat' dir='ltr'><strong>bona</strong></span> <span class='ocrx_word' id='word_1_900' title='bbox 3664 4793 3776 4842; x_wconf 88' lang='lat' dir='ltr'><strong>sunt</strong></span> 
     </span>
    </p>
   </div>
   <div class='ocr_carea' id='block_1_112' title="bbox 2208 4881 3774 4954">
    <p class='ocr_par' dir='ltr' id='par_1_112' title="bbox 2208 4881 3774 4954">
     <span class='ocr_line' id='line_1_112' title="bbox 2208 4881 3774 4954; baseline 0.003 -19"><span class='ocrx_word' id='word_1_901' title='bbox 2208 4881 2323 4936; x_wconf 86' lang='lat' dir='ltr'><strong>ha-c</strong></span> <span class='ocrx_word' id='word_1_902' title='bbox 2345 4896 2503 4952; x_wconf 90' lang='lat' dir='ltr'><strong>opera</strong></span> <span class='ocrx_word' id='word_1_903' title='bbox 2537 4883 2652 4950; x_wconf 85' lang='lat' dir='ltr'><strong>Dei,</strong></span> <span class='ocrx_word' id='word_1_904' title='bbox 2681 4883 2879 4938; x_wconf 87' lang='lat' dir='ltr'><strong>ntalum</strong></span> <span class='ocrx_word' id='word_1_905' title='bbox 2911 4884 3034 4940; x_wconf 88' lang='lat' dir='ltr'><strong>inde</strong></span> <span class='ocrx_word' id='word_1_906' title='bbox 3064 4893 3168 4940; x_wconf 86' lang='lat' dir='ltr'><strong>non</strong></span> <span class='ocrx_word' id='word_1_907' title='bbox 3201 4898 3354 4954; x_wconf 90' lang='lat' dir='ltr'><strong>posse</strong></span> <span class='ocrx_word' id='word_1_908' title='bbox 3380 4884 3512 4940; x_wconf 92' lang='lat' dir='ltr'><strong>dicis</strong></span> <span class='ocrx_word' id='word_1_909' title='bbox 3537 4884 3774 4940; x_wconf 77' lang='lat' dir='ltr'><strong>existere.</strong></span> 
     </span>
    </p>
   </div>
   <div class='ocr_carea' id='block_1_113' title="bbox 2205 4971 3771 5044">
    <p class='ocr_par' dir='ltr' id='par_1_113' title="bbox 2205 4971 3771 5044">
     <span class='ocr_line' id='line_1_113' title="bbox 2205 4971 3771 5044; baseline -0.003 -20"><span class='ocrx_word' id='word_1_910' title='bbox 2205 4972 2327 5040; x_wconf 89' lang='lat' dir='ltr'><strong>quia</strong></span> <span class='ocrx_word' id='word_1_911' title='bbox 2356 4971 2550 5028; x_wconf 88' lang='lat' dir='ltr'><strong>malum</strong></span> <span class='ocrx_word' id='word_1_912' title='bbox 2593 4973 2824 5029; x_wconf 81' lang='lat' dir='ltr'><strong>fructum</strong></span> <span class='ocrx_word' id='word_1_913' title='bbox 2867 4973 3004 5030; x_wconf 89' lang='lat' dir='ltr'><strong>bona</strong></span> <span class='ocrx_word' id='word_1_914' title='bbox 3045 4975 3206 5030; x_wconf 90' lang='lat' dir='ltr'><strong>arbor</strong></span> <span class='ocrx_word' id='word_1_915' title='bbox 3243 4990 3348 5030; x_wconf 92' lang='lat' dir='ltr'><strong>non</strong></span> <span class='ocrx_word' id='word_1_916' title='bbox 3395 4983 3567 5044; x_wconf 80' lang='lat' dir='ltr'><strong>potest</strong></span> <span class='ocrx_word' id='word_1_917' title='bbox 3594 4975 3771 5027; x_wconf 83' lang='lat' dir='ltr'><strong>facere.</strong></span> 
     </span>
    </p>
   </div>
   <div class='ocr_carea' id='block_1_114' title="bbox 2206 5061 3774 5121">
    <p class='ocr_par' dir='ltr' id='par_1_114' title="bbox 2206 5061 3774 5121">
     <span class='ocr_line' id='line_1_114' title="bbox 2206 5061 3774 5121; baseline -0.001 -5"><span class='ocrx_word' id='word_1_918' title='bbox 2206 5063 2284 5116; x_wconf 82' lang='lat' dir='ltr'><strong>Ac</strong></span> <span class='ocrx_word' id='word_1_919' title='bbox 2321 5063 2400 5117; x_wconf 91' lang='lat' dir='ltr'><strong>sic</strong></span> <span class='ocrx_word' id='word_1_920' title='bbox 2441 5064 2696 5120; x_wconf 89' lang='lat' dir='ltr'><strong>adversus</strong></span> <span class='ocrx_word' id='word_1_921' title='bbox 2738 5072 2791 5120; x_wconf 90' lang='lat' dir='ltr'><strong>te</strong></span> <span class='ocrx_word' id='word_1_922' title='bbox 2835 5065 3292 5121; x_wconf 89' lang='lat' dir='ltr'><strong>ratiocinationem</strong></span> <span class='ocrx_word' id='word_1_923' title='bbox 3335 5079 3483 5120; x_wconf 89' lang='lat' dir='ltr'><strong>suam</strong></span> <span class='ocrx_word' id='word_1_924' title='bbox 3524 5061 3774 5120; x_wconf 84' lang='lat' dir='ltr'><strong>concludit</strong></span> 
     </span>
    </p>
   </div>
   <div class='ocr_carea' id='block_1_115' title="bbox 2204 5153 3773 5228">
    <p class='ocr_par' dir='ltr' id='par_1_115' title="bbox 2204 5153 3773 5228">
     <span class='ocr_line' id='line_1_115' title="bbox 2204 5153 3773 5228; baseline -0.003 -20"><span class='ocrx_word' id='word_1_925' title='bbox 2204 5171 2303 5224; x_wconf 90' lang='lat' dir='ltr'><strong>pro</strong></span> <span class='ocrx_word' id='word_1_926' title='bbox 2331 5171 2429 5211; x_wconf 89' lang='lat' dir='ltr'><strong>suo</strong></span> <span class='ocrx_word' id='word_1_927' title='bbox 2457 5155 2704 5227; x_wconf 84' lang='lat' dir='ltr'><strong>dogmate</strong></span> <span class='ocrx_word' id='word_1_928' title='bbox 2745 5157 3084 5224; x_wconf 64' lang='lat' dir='ltr'><strong>Manichacus,</strong></span> <span class='ocrx_word' id='word_1_929' title='bbox 3134 5174 3292 5228; x_wconf 87' lang='lat' dir='ltr'><strong>quem</strong></span> <span class='ocrx_word' id='word_1_930' title='bbox 3334 5158 3513 5213; x_wconf 82' lang='lat' dir='ltr'><strong>verbis</strong></span> <span class='ocrx_word' id='word_1_931' title='bbox 3543 5157 3654 5213; x_wconf 88' lang='lat' dir='ltr'><strong>istis</strong></span> <span class='ocrx_word' id='word_1_932' title='bbox 3683 5153 3773 5208; x_wconf 91' lang='lat' dir='ltr'><strong>tuis</strong></span> 
     </span>
    </p>
   </div>
   <div class='ocr_carea' id='block_1_116' title="bbox 2205 5243 3773 5320">
    <p class='ocr_par' dir='ltr' id='par_1_116' title="bbox 2205 5243 3773 5320">
     <span class='ocr_line' id='line_1_116' title="bbox 2205 5243 3773 5320; baseline -0.006 -16"><span class='ocrx_word' id='word_1_933' title='bbox 2205 5251 2284 5305; x_wconf 89' lang='lat' dir='ltr'><strong>sic</strong></span> <span class='ocrx_word' id='word_1_934' title='bbox 2309 5249 2547 5318; x_wconf 84' lang='lat' dir='ltr'><strong>adjuvas,</strong></span> <span class='ocrx_word' id='word_1_935' title='bbox 2576 5259 2632 5304; x_wconf 93' lang='lat' dir='ltr'><strong>ut</strong></span> <span class='ocrx_word' id='word_1_936' title='bbox 2671 5248 2802 5304; x_wconf 89' lang='lat' dir='ltr'><strong>nihil</strong></span> <span class='ocrx_word' id='word_1_937' title='bbox 2845 5250 3010 5320; x_wconf 84' lang='lat' dir='ltr'><strong>magis</strong></span> <span class='ocrx_word' id='word_1_938' title='bbox 3041 5259 3189 5319; x_wconf 90' lang='lat' dir='ltr'><strong>optet</strong></span> <span class='ocrx_word' id='word_1_939' title='bbox 3224 5249 3430 5316; x_wconf 90' lang='lat' dir='ltr'><strong>audire,</strong></span> <span class='ocrx_word' id='word_1_940' title='bbox 3468 5264 3624 5320; x_wconf 89' lang='lat' dir='ltr'><strong>quam</strong></span> <span class='ocrx_word' id='word_1_941' title='bbox 3651 5243 3773 5300; x_wconf 84' lang='lat' dir='ltr'><strong>mala</strong></span> 
     </span>
    </p>
   </div>
   <div class='ocr_carea' id='block_1_117' title="bbox 2207 5337 3771 5410">
    <p class='ocr_par' dir='ltr' id='par_1_117' title="bbox 2207 5337 3771 5410">
     <span class='ocr_line' id='line_1_117' title="bbox 2207 5337 3771 5410; baseline -0.006 -14"><span class='ocrx_word' id='word_1_942' title='bbox 2207 5356 2271 5396; x_wconf 71' lang='lat' dir='ltr'><strong>et</strong></span> <span class='ocrx_word' id='word_1_943' title='bbox 2301 5341 2452 5394; x_wconf 69' lang='lat' dir='ltr'><strong>bonis</strong></span> <span class='ocrx_word' id='word_1_944' title='bbox 2481 5356 2601 5395; x_wconf 73' lang='lat' dir='ltr'><strong>eSse</strong></span> <span class='ocrx_word' id='word_1_945' title='bbox 2629 5356 2732 5394; x_wconf 91' lang='lat' dir='ltr'><strong>non</strong></span> <span class='ocrx_word' id='word_1_946' title='bbox 2760 5355 2935 5410; x_wconf 90' lang='lat' dir='ltr'><strong>posse.</strong></span> <span class='ocrx_word' id='word_1_947' title='bbox 2978 5341 3087 5396; x_wconf 87' lang='lat' dir='ltr'><strong>lloc</strong></span> <span class='ocrx_word' id='word_1_948' title='bbox 3124 5341 3266 5396; x_wconf 91' lang='lat' dir='ltr'><strong>enim</strong></span> <span class='ocrx_word' id='word_1_949' title='bbox 3293 5353 3530 5406; x_wconf 72' lang='lat' dir='ltr'><strong>aerepto,</strong></span> <span class='ocrx_word' id='word_1_950' title='bbox 3559 5337 3707 5394; x_wconf 80' lang='lat' dir='ltr'><strong>infert</strong></span> <span class='ocrx_word' id='word_1_951' title='bbox 3725 5340 3771 5386; x_wconf 88' lang='lat' dir='ltr'><strong>et</strong></span> 
     </span>
    </p>
   </div>
   <div class='ocr_carea' id='block_1_118' title="bbox 2205 5424 3771 5501">
    <p class='ocr_par' dir='ltr' id='par_1_118' title="bbox 2205 5424 3771 5501">
     <span class='ocr_line' id='line_1_118' title="bbox 2205 5424 3771 5501; baseline -0.006 -15"><span class='ocrx_word' id='word_1_952' title='bbox 2205 5432 2336 5486; x_wconf 69' lang='lat' dir='ltr'><strong>dicit</strong></span> <span class='ocrx_word' id='word_1_953' title='bbox 2375 5432 2466 5485; x_wconf 87' lang='lat' dir='ltr'><strong>tibi</strong></span> <span class='ocrx_word' id='word_1_954' title='bbox 2500 5449 2513 5484; x_wconf 88' lang='lat'><strong>:</strong></span> <span class='ocrx_word' id='word_1_955' title='bbox 2545 5432 2598 5486; x_wconf 89' lang='lat' dir='ltr'><strong>Si</strong></span> <span class='ocrx_word' id='word_1_956' title='bbox 2631 5433 2826 5485; x_wconf 88' lang='lat' dir='ltr'><strong>mahnn</strong></span> <span class='ocrx_word' id='word_1_957' title='bbox 2857 5447 2977 5486; x_wconf 78' lang='lat' dir='ltr'><strong>esse</strong></span> <span class='ocrx_word' id='word_1_958' title='bbox 3005 5447 3110 5486; x_wconf 93' lang='lat' dir='ltr'><strong>non</strong></span> <span class='ocrx_word' id='word_1_959' title='bbox 3141 5441 3316 5501; x_wconf 86' lang='lat' dir='ltr'><strong>potest</strong></span> <span class='ocrx_word' id='word_1_960' title='bbox 3357 5447 3420 5487; x_wconf 79' lang='lat' dir='ltr'><strong>ex</strong></span> <span class='ocrx_word' id='word_1_961' title='bbox 3445 5431 3584 5485; x_wconf 90' lang='lat' dir='ltr'><strong>bono</strong></span> <span class='ocrx_word' id='word_1_962' title='bbox 3604 5471 3618 5492; x_wconf 87' lang='lat'><strong>,</strong></span> <span class='ocrx_word' id='word_1_963' title='bbox 3647 5424 3771 5480; x_wconf 88' lang='lat' dir='ltr'><strong>unde</strong></span> 
     </span>
    </p>
   </div>
   <div class='ocr_carea' id='block_1_119' title="bbox 2206 5523 3768 5594">
    <p class='ocr_par' dir='ltr' id='par_1_119' title="bbox 2206 5523 3768 5594">
     <span class='ocr_line' id='line_1_119' title="bbox 2206 5523 3768 5594; baseline -0.002 -15"><span class='ocrx_word' id='word_1_964' title='bbox 2206 5525 2329 5589; x_wconf 87' lang='lat' dir='ltr'><strong>erit,</strong></span> <span class='ocrx_word' id='word_1_965' title='bbox 2363 5523 2462 5578; x_wconf 89' lang='lat' dir='ltr'><strong>nisi</strong></span> <span class='ocrx_word' id='word_1_966' title='bbox 2489 5540 2554 5578; x_wconf 78' lang='lat' dir='ltr'><strong>ex</strong></span> <span class='ocrx_word' id='word_1_967' title='bbox 2581 5524 2763 5578; x_wconf 85' lang='lat' dir='ltr'><strong>malo?</strong></span> <span class='ocrx_word' id='word_1_968' title='bbox 2790 5523 2970 5594; x_wconf 84' lang='lat' dir='ltr'><strong>Neque</strong></span> <span class='ocrx_word' id='word_1_969' title='bbox 3005 5525 3146 5579; x_wconf 88' lang='lat' dir='ltr'><strong>enim</strong></span> <span class='ocrx_word' id='word_1_970' title='bbox 3178 5525 3316 5578; x_wconf 91' lang='lat' dir='ltr'><strong>mala</strong></span> <span class='ocrx_word' id='word_1_971' title='bbox 3346 5539 3440 5593; x_wconf 90' lang='lat' dir='ltr'><strong>per</strong></span> <span class='ocrx_word' id='word_1_972' title='bbox 3476 5538 3535 5580; x_wconf 87' lang='lat' dir='ltr'><strong>se</strong></span> <span class='ocrx_word' id='word_1_973' title='bbox 3561 5524 3665 5594; x_wconf 80' lang='lat' dir='ltr'><strong>ipsa</strong></span> <span class='ocrx_word' id='word_1_974' title='bbox 3694 5532 3768 5571; x_wconf 82' lang='lat' dir='ltr'><strong>re-</strong></span> 
     </span>
    </p>
   </div>
   <div class='ocr_carea' id='block_1_120' title="bbox 2208 5615 3767 5687">
    <p class='ocr_par' dir='ltr' id='par_1_120' title="bbox 2208 5615 3767 5687">
     <span class='ocr_line' id='line_1_120' title="bbox 2208 5615 3767 5687; baseline -0.003 -18"><span class='ocrx_word' id='word_1_975' title='bbox 2208 5626 2367 5687; x_wconf 89' lang='lat' dir='ltr'><strong>pente</strong></span> <span class='ocrx_word' id='word_1_976' title='bbox 2413 5625 2632 5670; x_wconf 87' lang='lat' dir='ltr'><strong>auctore</strong></span> <span class='ocrx_word' id='word_1_977' title='bbox 2675 5615 2823 5669; x_wconf 90' lang='lat' dir='ltr'><strong>nullo</strong></span> <span class='ocrx_word' id='word_1_978' title='bbox 2863 5617 3102 5672; x_wconf 77' lang='lat' dir='ltr'><strong>existere</strong></span> <span class='ocrx_word' id='word_1_979' title='bbox 3145 5623 3445 5686; x_wconf 89' lang='lat' dir='ltr'><strong>potuerunt.</strong></span> <span class='ocrx_word' id='word_1_980' title='bbox 3489 5615 3566 5670; x_wconf 80' lang='lat' dir='ltr'><strong>&#39;l‘u</strong></span> <span class='ocrx_word' id='word_1_981' title='bbox 3610 5616 3767 5668; x_wconf 80' lang='lat' dir='ltr'><strong>autem</strong></span> 
     </span>
    </p>
   </div>
   <div class='ocr_carea' id='block_1_121' title="bbox 2207 5705 3767 5779">
    <p class='ocr_par' dir='ltr' id='par_1_121' title="bbox 2207 5705 3767 5779">
     <span class='ocr_line' id='line_1_121' title="bbox 2207 5705 3767 5779; baseline -0.004 -16"><span class='ocrx_word' id='word_1_982' title='bbox 2207 5707 2339 5763; x_wconf 87' lang='lat' dir='ltr'><strong>dicis</strong></span> <span class='ocrx_word' id='word_1_983' title='bbox 2365 5705 2560 5762; x_wconf 91' lang='lat' dir='ltr'><strong>malum</strong></span> <span class='ocrx_word' id='word_1_984' title='bbox 2587 5723 2650 5764; x_wconf 79' lang='lat' dir='ltr'><strong>ex</strong></span> <span class='ocrx_word' id='word_1_985' title='bbox 2683 5707 2822 5763; x_wconf 87' lang='lat' dir='ltr'><strong>bono</strong></span> <span class='ocrx_word' id='word_1_986' title='bbox 2843 5722 2963 5764; x_wconf 85' lang='lat' dir='ltr'><strong>esse</strong></span> <span class='ocrx_word' id='word_1_987' title='bbox 2985 5723 3088 5763; x_wconf 92' lang='lat' dir='ltr'><strong>non</strong></span> <span class='ocrx_word' id='word_1_988' title='bbox 3112 5722 3288 5779; x_wconf 79' lang='lat' dir='ltr'><strong>posse,</strong></span> <span class='ocrx_word' id='word_1_989' title='bbox 3317 5724 3383 5762; x_wconf 91' lang='lat' dir='ltr'><strong>ne</strong></span> <span class='ocrx_word' id='word_1_990' title='bbox 3407 5714 3589 5764; x_wconf 86' lang='lat' dir='ltr'><strong>contra</strong></span> <span class='ocrx_word' id='word_1_991' title='bbox 3616 5705 3767 5759; x_wconf 82' lang='lat' dir='ltr'><strong>Evan-</strong></span> 
     </span>
    </p>
   </div>
   <div class='ocr_carea' id='block_1_122' title="bbox 2114 5791 3772 5876">
    <p class='ocr_par' dir='ltr' id='par_1_122' title="bbox 2114 5791 3772 5876">
     <span class='ocr_line' id='line_1_122' title="bbox 2114 5791 3772 5876; baseline -0.004 -23"><span class='ocrx_word' id='word_1_992' title='bbox 2114 5857 2136 5876; x_wconf 39' lang='grc' dir='ltr'><em>κ</em></span> <span class='ocrx_word' id='word_1_993' title='bbox 2209 5799 2329 5869; x_wconf 75' lang='lat' dir='ltr'><strong>gelii</strong></span> <span class='ocrx_word' id='word_1_994' title='bbox 2361 5801 2676 5853; x_wconf 75' lang='lat' dir='ltr'><strong>sententiam</strong></span> <span class='ocrx_word' id='word_1_995' title='bbox 2706 5799 2864 5853; x_wconf 88' lang='lat' dir='ltr'><strong>arbor</strong></span> <span class='ocrx_word' id='word_1_996' title='bbox 2888 5799 3024 5854; x_wconf 84' lang='lat' dir='ltr'><strong>bona</strong></span> <span class='ocrx_word' id='word_1_997' title='bbox 3051 5800 3207 5853; x_wconf 79' lang='lat' dir='ltr'><strong>faciat</strong></span> <span class='ocrx_word' id='word_1_998' title='bbox 3244 5798 3443 5854; x_wconf 79' lang='lat' dir='ltr'><strong>fructus</strong></span> <span class='ocrx_word' id='word_1_999' title='bbox 3472 5797 3656 5852; x_wconf 67' lang='lat' dir='ltr'><strong>malos.</strong></span> <span class='ocrx_word' id='word_1_1000' title='bbox 3682 5791 3772 5844; x_wconf 64' lang='grc' dir='ltr'><strong>ἥθ’</strong></span> 
     </span>
    </p>
   </div>
  </div>
