4088 6516
343 368 446 425 669

337 492 541 548 manet,
573 482 763 555 inquit.
797 490 855 535 ut
882 479 1001 534 mali
1033 460 1219 532 natura
1249 468 1409 536 (aerii
1436 471 1782 540 sempiterna,
1814 482 1935 539 qua:

340 574 570 645 potuerit
599 572 738 627 mala
781 583 1080 642 generare;
1107 567 1229 639 quia
1255 581 1321 621 ex
1369 564 1524 619 bonis
1550 577 1611 617 ea
1643 577 1748 616 non
1778 573 1938 630 posse

341 669 523 723 fateris
551 668 801 722 existere.

411 762 498 814 40.
531 759 777 813 Placetne
800 757 893 813 tibi
914 755 1022 825 jam
1051 764 1257 809 mutare
1278 751 1619 814 sententiam,
1646 764 1803 818 quam
1830 762 1934 801 non

344 852 647 908 Manicharis
690 848 932 907 favendo.
980 847 1074 901 sed
1103 846 1228 918 qttid
1256 845 1491 915 loquaris
1531 840 1840 901 nesciendo,
1870 838 1936 893 ad

342 941 697 1010 adjuvandam
747 940 1161 995 Maniebmornm
1217 936 1571 1007 pestilentiam
1627 931 1939 1002 protulisti?

342 1032 621 1099 Quomodo
660 1032 801 1087 enim
841 1030 1045 1086 diceret
1071 1028 1336 1092 Christus,
1384 1028 1484 1081 Ant
1531 1026 1683 1096 facite
1709 1024 1938 1076 arborem

343 1125 524 1178 bonum
555 1133 601 1177 el
632 1126 851 1193 fructum
881 1122 990 1190 ejus
1020 1120 1221 1179 bonum,
1268 1128 1355 1172 aut
1398 1117 1547 1186 facite
1571 1115 1798 1167 arborem
1828 1128 1939 1164 nm-

347 1221 446 1272 lam
472 1227 516 1269 et
546 1219 767 1286 fructum
794 1216 907 1287 ejus
950 1213 1140 1265 malum
1168 1210 1379 1284 [Matt/1.
1415 1226 1507 1275 λιι,
1540 1206 1631 1280 55]
1678 1204 1941 1279 ((μιιιιιάιι-

346 1308 558 1378 quidem
590 1307 689 1361 hoc
709 1306 921 1360 dicebat
949 1304 1275 1365 hominibus,
1309 1317 1441 1370 quos
1471 1302 1585 1368 ig-se
1612 1294 1934 1365 creaverat),

346 1402 387 1455 si
416 1416 482 1454 ex
518 1399 633 1469 ejus
661 1413 823 1468 opere
861 1397 1022 1463 bono,
1066 1396 1205 1466 quod
1249 1407 1332 1449 est
1375 1395 1556 1460 hoino,
1604 1392 1800 1446 malum
1829 1404 1935 1442 non

348 1503 525 1563 posset
550 1494 800 1555 existere,
830 1490 967 1544 sicut
1008 1500 1065 1543 tu
1089 1490 1254 1557 sapis,
1286 1489 1534 1541 arborem
1566 1474 1758 1538 bonam
1803 1497 1934 1537 con-

343 1585 568 1638 stituens
595 1584 790 1637 bonum
820 1596 957 1651 opus
1001 1581 1115 1643 Dei,
1148 1580 1198 1633 id
1242 1588 1346 1642 est,
1373 1577 1583 1647 nuptias
1612 1574 1888 1629 hominum
1919 1616 1934 1637 ,

344 1675 426 1729 vel
457 1684 697 1729 naturam
726 1691 740 1738 ;
784 1683 840 1728 et
882 1673 1001 1727 ideo
1029 1671 1234 1734 dicens,
1265 1669 1461 1723 malum
1491 1666 1612 1720 inde
1657 1666 1799 1719 nasci
1831 1680 1935 1717 non

349 1781 525 1836 posse,
556 1766 677 1836 quia
707 1765 752 1820 si
794 1780 862 1819 ex
894 1763 1035 1818 bono
1082 1764 1281 1816 malum
1310 1760 1451 1813 nasci
1484 1758 1796 1819 diverimus,
1845 1771 1932 1808 re-

344 1860 617 1922 sistemus,
663 1866 722 1911 nt
762 1866 934 1927 putas,
967 1856 1016 1910 ei
1046 1857 1134 1926 qui
1162 1854 1317 1919 dixit,
1363 1852 1524 1905 Arbor
1565 1851 1695 1903 bona
1739 1852 1937 1921 fructus

344 1948 507 2003 malos
549 1965 651 2003 non
689 1948 811 2020 facit
841 1962 860 2003 :
890 1962 1011 2002 cum
1040 1946 1180 2000 scias
1207 1960 1276 1998 ex
1303 1942 1472 2012 angeli
1499 1951 1553 1997 et
1581 1940 1812 1995 hominis
1838 1954 1936 1993 na-

345 2040 478 2094 turis
503 2040 655 2094 bonis
680 2081 695 2106 ,
724 2054 858 2109 quas
888 2038 1015 2092 nulli
1063 2044 1315 2108 parentes
1344 2034 1465 2089 mali
1498 2039 1811 2103 genueram,
1842 2029 1937 2085 sed

345 2132 489 2188 Deus
511 2148 720 2189 summe
748 2130 920 2185 bonus
950 2130 1017 2184 de
1042 2127 1200 2183 nullis
1242 2125 1550 2198 parentibus
1579 2123 1795 2188 fecerat,
1828 2137 1934 2175 non

344 2227 546 2280 fructus
584 2226 774 2292 malos,
805 2222 900 2279 sed
932 2224 1076 2294 ipsas
1102 2221 1268 2275 malas
1294 2219 1515 2273 arbores
1550 2216 1838 2279 exstitisse,
1870 2229 1937 2268 ex

341 2317 535 2387 quibus
580 2317 782 2371 fructus
827 2322 1175 2369 nascerentur
1229 2309 1399 2364 mali?
1454 2308 1711 2362 Dominus
1756 2314 1936 2359 autem

343 2409 500 2465 Jesus
525 2419 580 2465 et
607 2407 926 2463 Manichmos
954 2406 1137 2469 vincit,
1170 2404 1291 2473 quia
1322 2416 1460 2455 unus
1489 2399 1669 2465 homo,
1699 2398 1801 2450 hoc
1830 2404 1934 2460 est,

344 2514 448 2554 una
478 2509 666 2554 natura
712 2506 886 2567 potest
929 2506 1212 2565 utramque
1254 2493 1503 2545 arborem
1558 2488 1773 2549 facere;
1805 2493 1860 2540 et
1886 2496 1939 2540 te

342 2591 523 2653 vineit,
546 2591 665 2659 quia
689 2605 752 2643 ex
772 2600 958 2642 natura
980 2587 1116 2640 bona
1146 2594 1320 2655 potest
1342 2582 1476 2636 mala
1500 2580 1662 2634 arbor
1679 2578 1935 2633 existere.
1956 2599 1976 2616 ι

344 2682 422 2736 Ex
461 2696 567 2751 quo
598 2680 785 2734 falsum
829 2694 950 2733 esse
982 2684 1330 2737 monstratur,
1364 2671 1505 2742 quod
1533 2672 1584 2724 in
1614 2667 1938 2724 Manichmo-

342 2787 461 2826 rum
480 2770 783 2841 srriiragium
798 2769 955 2829 dicis,
976 2787 994 2818 ι
1020 2767 1154 2821 mala
1172 2782 1237 2820 ex
1254 2765 1404 2819 bonis
1420 2778 1658 2816 essenon
1677 2774 1835 2829 posse
1856 2775 1871 2822 ;
1912 2777 1931 2809 ι

344 2875 404 2918 ιιι
449 2864 546 2917 nisi
576 2879 640 2917 ex
672 2871 858 2915 natura
887 2859 1032 2923 mali,
1072 2872 1236 2927 quam
1269 2855 1503 2910 nefarius
1549 2854 1758 2907 illorum
1785 2865 1939 2905 error

344 2954 565 3017 inducit,
600 2971 704 3009 non
736 2964 987 3024 putentur
1012 2952 1144 3007 mala
1178 2966 1297 3006 esse
1328 2949 1586 3020 potuisse.

416 3046 506 3101 41.
550 3045 730 3116 Neque
756 3046 897 3100 enim
926 3060 1036 3098 uno
1065 3051 1268 3097 tantum
1296 3042 1436 3100 loco,
1482 3038 1572 3093 ubi
1601 3054 1667 3092 ex
1697 3036 1940 3104 Evange-

342 3136 417 3192 lio
439 3136 683 3192 arborem
721 3137 911 3191 bonam
932 3132 1450 3191 commemorandam
1476 3130 1686 3199 putasti,
1710 3128 1803 3183 sed
1823 3128 1944 3181 alii:

343 3230 505 3285 etiam
538 3230 666 3285 locis
682 3228 1056 3299 disputationis
1082 3236 1205 3290 tu:e,
1241 3225 1342 3278 ista
1374 3221 1720 3292 perversitate
1740 3217 1936 3273 suffra-

344 3330 499 3390 gatus
526 3336 587 3376 es
615 3320 919 3375 Manieh.eis
958 3317 1153 3373 :sicuti
1182 3325 1267 3371 est
1306 3313 1455 3376 illud,
1506 3311 1591 3365 ubi
1626 3324 1810 3365 rursus
1851 3308 1939 3363 di-

344 3415 488 3479 xisti,
519 3434 538 3466 ι
571 3413 732 3468 Trahi
761 3422 1037 3483 peccatum
1063 3426 1159 3481 per
1186 3418 1428 3463 naturam
1460 3423 1564 3460 non
1595 3414 1790 3475 potest,
1816 3405 1939 3473 quia

345 3519 588 3575 perOpus
605 3504 698 3558 Dei
713 3517 847 3573 opus
862 3501 1055 3555 diaboli
1076 3502 1298 3554 transire
1318 3513 1421 3551 non
1438 3497 1647 3549 sinitur.
1676 3495 1782 3549 »Αιι
1796 3495 1939 3564 quod

348 3595 441 3648 tibi
467 3609 567 3663 ego
608 3592 930 3662 respondeo,
959 3589 1237 3659 Quomodo
1266 3588 1319 3643 iu
1348 3602 1511 3655 opere
1539 3585 1632 3639 Dei
1663 3600 1796 3654 opus
1827 3584 1942 3638 dia-

346 3685 454 3738 lioli
506 3699 722 3738 tnenere
768 3683 979 3749 sinitur,
1025 3682 1069 3736 si
1111 3696 1208 3751 per
1235 3695 1367 3748 opus
1412 3677 1507 3733 Dei
1561 3677 1787 3730 transire
1831 3690 1938 3728 non

345 3778 580 3831 sinitur?
616 3776 746 3845 Quis
775 3776 915 3829 enim
952 3775 1158 3829 dubitet
1198 3773 1350 3843 pejus
1392 3788 1511 3825 esse
1540 3771 1557 3803 ¹
1589 3780 1646 3824 ιιι
1674 3770 1782 3824 illic
1824 3784 1941 3822 ma-

346 3878 491 3935 neat,
536 3884 693 3940 quam
720 3879 777 3923 ut
805 3869 950 3924 illinc
979 3866 1253 3922 transeat?
1290 3865 1496 3933 Qttzeris
1526 3863 1773 3926 fortasse,
1802 3878 1939 3932 quo-

345 3962 509 4017 modo
539 3977 672 4031 Opus
715 3961 910 4015 diaboli
959 3968 1171 4014 maneat
1201 3959 1250 4011 in
1283 3973 1446 4027 Opere
1478 3957 1591 4011 Dei.
1641 3955 1760 4010 Noli
1812 3954 1941 4008 alibi

347 4070 604 4121 quterere,
639 4052 810 4121 ipsum
852 4052 1119 4105 diabolum
1152 4049 1348 4104 recole.
1389 4047 1536 4117 Opus
1565 4045 1660 4101 Dei
1698 4054 1801 4110 est,
1845 4060 1941 4098 na-

348 4152 466 4199 tura
514 4144 693 4215 utique
738 4143 973 4212 angeliea
1020 4142 1260 4197 :invidia
1312 4157 1439 4195 vero
1469 4155 1603 4208 Opus
1649 4148 1731 4193 est
1773 4138 1940 4207 ipsius

347 4234 570 4303 diaboli,
608 4234 749 4305 quod
784 4251 919 4303 opus
957 4243 1012 4289 et
1052 4235 1307 4303 processit
1336 4249 1401 4287 ex
1446 4233 1555 4298 illo,
1586 4240 1641 4286 et
1683 4240 1861 4284 manet
1887 4229 1939 4283 in

346 4327 459 4381 illo.
499 4325 705 4380 Vanum
754 4336 837 4381 est
881 4328 1038 4396 igitur
1083 4325 1224 4396 quod
1269 4325 1472 4385 dixisti,
1510 4343 1529 4376 ι
1567 4323 1712 4394 Opus
1742 4322 1938 4376 diaboli

348 4435 445 4489 per
464 4434 597 4487 npus
620 4419 710 4473 Dei
739 4436 843 4473 nun
874 4418 1119 4479 transire,
1157 4437 1175 4470 ι
1212 4417 1302 4470 ubi
1331 4416 1586 4485 perspicis
1612 4425 1667 4469 et
1696 4429 1936 4469 manere.

349 4509 670 4565 Manichzens
718 4520 897 4565 autem
945 4519 1169 4581 quantas
1222 4508 1315 4563 tibi
1361 4509 1558 4577 gratias
1605 4518 1746 4577 agat,
1800 4507 1940 4562 itane

349 4601 585 4656 nondum
631 4601 897 4670 respicis?
946 4600 1179 4653 nondum
1229 4598 1659 4668 expergisceris?
1710 4597 1942 4651 Laborat

347 4695 491 4749 enim
524 4693 863 4758 Manichens,
890 4703 945 4746 ut
968 4692 1233 4755 ostendat,
1264 4707 1329 4746 ex
1362 4692 1500 4745 bono
1526 4692 1617 4745 Dei
1645 4707 1808 4760 opere
1826 4707 1939 4745 ma-

349 4784 460 4840 lum
491 4786 616 4839 oriri
647 4801 751 4838 non
800 4799 977 4853 posse,
1012 4792 1088 4847 nt,
1117 4784 1259 4854 quod
1296 4784 1409 4852 ipse
1440 4783 1568 4844 vult,
1611 4783 1810 4838 malum
1839 4784 1938 4836 nisi

348 4894 413 4931 ex
447 4878 588 4931 malo
632 4892 752 4931 esse
792 4890 897 4929 non
946 4890 1102 4945 posse
1144 4874 1412 4929 credatur.
1456 4874 1553 4929 llic
1584 4883 1638 4928 tu
1683 4874 1940 4929 mirabilis

345 4968 464 5035 ejus
510 4968 741 5038 adjutor,
799 4968 829 5019 ι’
876 4968 975 5023 Per
1002 4982 1157 5036 opus,
1216 4986 1235 5019 ι
1289 4968 1483 5035 inquis,
1522 4986 1542 5020 ι
1598 4968 1690 5021 Dei
1744 4969 1938 5022 malum

350 5058 576 5114 tmnsire
606 5075 710 5113 non
755 5059 989 5114 sinitur:
1027 5078 1045 5109 ι
1080 5068 1137 5113 ιιι
1177 5060 1262 5112 ille
1307 5068 1416 5112 tota
1444 5058 1692 5113 facilitate
1718 5059 1940 5112 conclu-

343 5150 459 5214 dat,
483 5152 650 5206 multo
674 5153 846 5205 minus
868 5150 991 5207 inde
1010 5151 1137 5206 Oriri
1169 5166 1347 5222 posse,
1372 5168 1465 5221 per
1484 5151 1623 5221 quod
1648 5166 1745 5206 nec
1766 5160 1940 5205 trans-

345 5239 426 5296 ire
454 5243 793 5311 permittitur.

415 5333 642 5390 CAPUT
672 5334 760 5390 IX.
792 5365 863 5376 —
908 5336 999 5391 θ.
1033 5335 1166 5390 Audi
1197 5336 1301 5391 tale
1327 5335 1468 5390 aliud
1490 5376 1505 5402 ,
1536 5337 1643 5390 imo
1671 5337 1889 5407 gravius
1913 5379 1929 5402 ,

348 5425 434 5481 ubi
456 5426 758 5482 )lanicharis
777 5428 1061 5483 identidem
1075 5427 1405 5500 suli'ragaris.
1417 5448 1435 5481 ι
1450 5430 1695 5493 Evanuit,
1710 5429 1936 5500 iinquis,

352 5520 642 5591 coriginale
662 5529 933 5590 peceatum
955 5562 969 5586 ,
990 5522 1109 5591 quia
1129 5537 1235 5577 non
1258 5531 1431 5593 potest
1446 5523 1570 5578 mali
1601 5522 1748 5577 radix
1790 5523 1841 5577 in
1871 5538 1938 5577 eo

409 5654 424 5686 ⁸
462 5654 597 5714 Fditi,
620 5660 749 5719 putet
788 5653 923 5717 pejus
946 5667 1069 5719 fasc.
1095 5663 1194 5704 nuo
1217 5669 1277 5704 ex
1304 5655 1791 5719 quinquevatieanis
1811 5663 1940 5719 διες..

495 5729 602 5829 2:36
612 5716 747 5779 pejus
770 5716 887 5767 esse.
913 5716 997 5766 Alii
1016 5726 1119 5768 tres
1140 5731 1249 5768 cum
1272 5716 1677 5780 aliquot—Gallican
1696 5731 1739 5778 s,
1759 5716 1939 5769 dubitet

352 5798 367 5827 Ι
606 5815 617 5827 ο

352 5798 478 5827 unus
499 5798 617 5827 εδιῑσ.

1726 352 1930 409 LIBER
1969 350 2126 406 PR1.“
2134 348 2235 411 US.

3546 355 3646 412 67b

2043 468 2185 537 quod
2205 468 2406 523 donum
2444 467 2535 523 Dei
2570 482 2729 522 vocas
2761 466 2974 520 Iocari.»
3008 465 3158 533 Quod
3189 483 3288 537 ego
3332 467 3450 522 vide
3476 485 3634 539 quam

2045 561 2325 616 manifesta
2346 562 2567 616 veritate
2587 561 2921 615 convincam.
2954 560 3140 615 Nonne
3171 575 3358 615 sensus
3405 562 3637 617 lunninis

2043 652 2243 707 donum
2276 652 2367 706 Dei
2416 661 2499 705 est
2546 650 2666 705 ΐΕι
2694 662 2870 707 tamen
2918 652 2989 706 ibi
3029 652 3223 707 locavit
3263 653 3508 707 inimicus
3540 655 3628 709 ille

2047 746 2338 799 seminator
2365 743 2597 797 radicem
2645 742 3036 813 mali,quando
3100 754 3372 815 peceatum
3434 746 3635 800 homini

2046 840 2348 905 serpentina
2404 837 2586 890 fraude
2614 837 2875 907 persuasit
2905 836 3056 908 (Gen.
3079 854 3153 901 ιιι,
3187 838 3330 908 l-(i).
3355 838 3464 894 Nisi
3492 840 3635 894 enim

2047 929 2278 985 radicem
2311 929 2433 983 mali
2465 929 2731 984 humanus
2760 938 2885 983 tunc
2912 930 3181 1000 reciperet
3235 947 3455 997 sensus,
3490 932 3638 985 nullo

2047 1020 2207 1074 modo
2238 1020 2376 1076 male
2395 1020 2635 1074 suadenti
2663 1020 3159 1075 accommodaretur
3196 1036 3467 1075 assensus.
3499 1022 3635 1090 Quid

2044 1114 2217 1168 dicam
2268 1113 2336 1169 de
2384 1114 2563 1169 radice
2590 1109 2827 1168 omnium
2857 1113 3117 1168 malorum
3158 1115 3375 1168 avaritia
3405 1114 3517 1169 ?Et
3547 1116 3635 1169 ubi

2044 1217 2126 1261 est
2154 1209 2287 1275 lucc,
2321 1207 2418 1261 nisi
2448 1208 2499 1261 in
2541 1207 2773 1261 hominis
2818 1207 2991 1261 anima
3015 1207 3038 1261 ?
3066 1217 3120 1261 et
3144 1206 3267 1277 quid
3294 1217 3376 1262 est
3404 1207 3636 1261 hominis

2045 1299 2243 1365 anima,
2276 1300 2376 1353 nisi
2400 1299 2598 1353 donum
2621 1299 2758 1353 Dei?
2787 1298 3065 1368 Quomodo
3101 1313 3229 1368 ergo
3258 1308 3311 1352 ιιι
3340 1299 3470 1352 dicis
3489 1340 3503 1364 ,
3533 1298 3635 1353 nisi

2047 1408 2150 1445 non
2181 1391 2571 1447 considerando
2587 1392 2711 1461 quid
2725 1391 2891 1455 dicas,
2915 1411 2930 1442 ι
2954 1390 3186 1445 radicem
3199 1391 3323 1446 mali
3345 1391 3505 1444 locari
3527 1405 3632 1445 non

2048 1501 2205 1556 posse
2234 1487 2285 1540 in
2325 1485 2466 1539 dono
2512 1485 2643 1539 Dei?
2667 1505 2686 1537 ι
2720 1484 2826 1539 Sed
2852 1482 3208 1547 Manichazus,
3252 1482 3335 1537 cui
3366 1498 3462 1551 per
3507 1482 3635 1536 istas

2047 1577 2470 1631 iuconsideratas
2501 1579 2792 1630 sententias
2823 1585 2939 1629 tuas
2966 1576 3248 1645 plurimum
3282 1574 3590 1643 sull'ragaris
3615 1612 3633 1639 ,

2044 1670 2168 1740 quid
2198 1670 2288 1721 tibi
2308 1669 2447 1723 dicat
2474 1669 2708 1723 attende.
2732 1668 2786 1722 Si
2807 1683 2927 1722 esse
2952 1666 3268 1721 rationalem
3300 1674 3595 1720 creaturam
3620 1706 3635 1726 ,

2048 1761 2138 1816 Dei
2160 1760 2357 1815 donum
2380 1769 2492 1826 est,
2520 1769 2574 1815 et
2594 1759 2725 1814 dicis
2754 1759 2919 1813 locari
2942 1773 3048 1813 non
3075 1773 3229 1827 posse
3250 1756 3481 1811 radicem
3509 1757 3634 1810 mali

2045 1857 2097 1909 in
2150 1853 2293 1908 dono
2335 1854 2464 1919 Dei;
2518 1863 2718 1922 quanto
2750 1852 3072 1923 probabilius
3110 1850 3323 1913 dicitur,
3354 1850 3482 1903 oriri
3523 1864 3630 1902 non

2047 1960 2203 2014 posse
2223 1944 2455 1999 radicem
2475 1944 2601 1998 mali
2620 1961 2681 1999 ex
2702 1944 2842 1998 dono
2870 1944 2958 1999 Dei
2974 1943 2999 1997 ?
3015 1944 3090 1997 Ac
3114 1943 3191 1995 sic
3217 1951 3267 1995 te
3283 1940 3635 2011 suifragatore

2044 2035 2334 2090 introducit
2371 2035 2694 2090 Manichmus
2722 2034 2955 2090 radicem
2984 2034 3108 2088 mali
3132 2048 3197 2087 ex
3225 2032 3311 2086 illa
3340 2048 3498 2105 quam
3522 2047 3627 2086 non

2042 2145 2073 2184 a
2106 2130 2216 2183 Deo
2238 2136 2507 2196 creatam,
2545 2127 2641 2184 sed
2685 2128 2794 2183 Deo
2836 2135 3155 2182 comternam
3204 2124 3356 2195 ﬁngit
3384 2133 3630 2178 naturam

2044 2220 2191 2275 mali.
2223 2220 2487 2286 Quoniam
2526 2220 2571 2273 si
2612 2218 2809 2273 dixeris
2831 2258 2846 2282 ,
2877 2233 2939 2272 ex
2968 2216 3136 2271 libero
3165 2216 3384 2270 arbitrio
3430 2223 3633 2269 natura:

2042 2312 2197 2367 bona:
2219 2327 2249 2366 a
2274 2312 2382 2365 Deo
2407 2319 2602 2366 creaue
2627 2321 2799 2365 ortam
2830 2308 2957 2363 mali
2987 2307 3219 2363 radicem
3251 2306 3413 2376 (quod
3441 2304 3633 2361 catho-

2045 2404 2145 2459 lica
2172 2403 2369 2457 veritas
2410 2402 2597 2475 dicit);
2635 2402 2737 2457 illis
2764 2401 2943 2456 verbis
2974 2400 3076 2454 tuis
3107 2410 3156 2454 te
3183 2397 3433 2453 facillime
3468 2412 3630 2466 supe-

2044 2504 2146 2559 rat,
2161 2496 2247 2549 ubi
2260 2495 2357 2559 ais,
2370 2493 2629 2548 «radicem
2646 2493 2767 2546 mali
2781 2492 2941 2546 locari
2957 2506 3061 2545 non
3078 2505 3235 2560 posse
3248 2490 3297 2542 in
3312 2488 3454 2543 dono
3469 2488 3580 2542 Dei:
3603 2505 3623 2540 ι

2042 2589 2165 2659 quia
2187 2596 2241 2642 et
2265 2588 2488 2642 lihermn
2509 2585 2785 2639 arbitrium
2808 2580 3175 2652 proculdubio
3200 2580 3489 2635 estdonutu
3508 2579 3621 2634 Dei.

2043 2681 2122 2735 Ac
2148 2695 2242 2749 per
2270 2678 2371 2732 hoc
2390 2694 2510 2731 cum
2543 2676 2698 2730 «mali
2726 2675 2956 2730 radicem
2980 2673 3032 2728 in
3058 2673 3199 2727 dono
3224 2672 3316 2727 Dei
3336 2672 3495 2725 locari
3522 2687 3626 2726 non

2046 2788 2202 2840 posse
2227 2792 2245 2823 ι
2262 2772 2464 2836 dixisti,
2486 2769 2775 2826 Manichzeo
2792 2768 2931 2839 quod
2949 2776 3133 2821 contra
3155 2775 3207 2821 te
3224 2766 3443 2828 diceret,
3462 2774 3515 2819 tu
3537 2765 3630 2817 de-

2044 2864 2187 2917 disti.
2212 2863 2344 2928 Quia
2371 2862 2415 2915 si
2447 2878 2550 2915 non
2586 2860 2825 2929 potestiu
2856 2860 2997 2915 bono
3026 2859 3188 2914 locari
3222 2857 3417 2912 malmn
3440 2900 3455 2923 ,
3488 2856 3629 2927 quod

2045 2966 2101 3009 ιιι
2127 2955 2262 3010 dicis
2292 2954 2454 3020 mihi;
2484 2954 2652 3007 multo
2673 2953 2849 3007 minus
2876 2959 3053 3022 potest
3080 2950 3206 3005 oriri
3234 2967 3297 3004 ex
3328 2949 3470 3003 bono
3509 2965 3628 3002 tua-

2045 3049 2185 3115 lum,
2215 3047 2356 3117 quod
2387 3047 2475 3101 ille
2499 3045 2627 3100 dicit
2654 3045 2767 3099 tibi.
2802 3047 2879 3099 Ac
2917 3045 2994 3098 sic
3036 3042 3350 3107 concludet,
3380 3056 3485 3095 non
3511 3056 3632 3095 esse

2044 3141 2242 3194 malum
2273 3139 2371 3192 nisi
2402 3154 2465 3192 ex
2490 3138 2631 3191 malo
2664 3137 2784 3192 :ubi
2816 3136 2985 3191 vietor
3001 3136 3267 3190 videbitur
3286 3136 3420 3197 sibi,
3447 3143 3499 3188 et
3528 3133 3632 3187 erit

2043 3229 2315 3301 profecto,
2349 3228 2448 3283 nisi
2470 3238 2524 3283 et
2551 3228 2622 3282 illi
2646 3228 2923 3282 resistatur
2945 3236 3000 3281 et
3032 3226 3145 3281 tibi.
3176 3224 3387 3281 Veritas
3416 3239 3546 3293 ergo
3568 3224 3634 3276 ii-

2044 3323 2131 3378 dci
2159 3322 2436 3378 catholica:
2484 3321 2535 3375 in
2577 3321 2660 3374 his
2708 3320 2884 3375 verbis
2909 3319 3100 3374 vestris
3129 3318 3249 3373 ideo
3278 3317 3441 3371 vineit
3466 3316 3634 3370 Mani-

2044 3415 2250 3468 ehzeum
2275 3456 2287 3477 ,
2322 3413 2441 3483 quia
2471 3413 2633 3466 vincit
2662 3422 2713 3465 et
2744 3421 2794 3465 te
2820 3411 3007 3480 ipsum.
3042 3409 3173 3463 Nam
3214 3409 3259 3463 si
3292 3417 3342 3463 te
3370 3408 3629 3461 non’vin-

2044 3514 2189 3559 ceret
2213 3504 2500 3567 dicentem,
2526 3522 2544 3554 ι
2569 3518 2673 3556 non
2688 3517 2843 3570 posse
2860 3502 2911 3555 in
2933 3500 3075 3554 dono
3095 3501 3185 3555 Dei
3204 3499 3365 3553 locari
3394 3498 3625 3552 radicem

2045 3599 2205 3661 ntali;
2235 3617 2254 3649 ι
2277 3597 2442 3650 multo
2464 3597 2635 3650 minus
2659 3594 3005 3649 Mauiclneum
3032 3602 3213 3663 posset
3227 3591 3635 3646 vincerediccno

2049 3700 2153 3744 tem
2172 3731 2185 3750 ,
2212 3704 2315 3743 non
2345 3703 2502 3759 posse
2527 3703 2593 3743 ex
2631 3687 2774 3741 dono
2800 3687 2890 3741 Dei
2912 3687 3041 3740 oriri
3072 3685 3304 3740 radicem
3346 3684 3491 3737 mali.
3521 3682 3628 3737 Sed

2046 3791 2103 3834 ut
2126 3780 2301 3833 vincat
2338 3778 2555 3845 ambos,
2586 3793 2682 3832 nec
2719 3776 2932 3831 aliunde
2959 3776 3115 3840 oriri,
3152 3791 3251 3830 nec
3286 3774 3477 3827 alicubi
3510 3788 3631 3828 esse

2048 3888 2204 3943 posse
2226 3873 2353 3927 dicit
2383 3870 2615 3925 radicem
2640 3870 2794 3935 mali,
2825 3869 2924 3923 nisi
2956 3884 3019 3923 ex
3068 3877 3252 3922 natura
3279 3876 3333 3921 et
3360 3867 3409 3919 in
3441 3875 3629 3919 natura

2046 3964 2289 4018 rationali
2313 3981 2325 4026 ;
2352 3963 2436 4016 cui
2467 3978 2590 4016 esse
2630 3971 2875 4015 naturam
2915 3960 3227 4014 rationalem
3276 3974 3380 4011 non
3407 3965 3490 4011 est
3531 3955 3633 4010 nisi

2047 4056 2244 4110 donum
2272 4055 2364 4109 Dei
2392 4072 2403 4106 :
2436 4053 2527 4109 sed
2545 4052 2793 4123 quoniam
2822 4067 2851 4106 a
2878 4065 3089 4105 summo
3109 4050 3637 4121 atqueineommuta-

2046 4147 2139 4202 bili
2158 4148 2296 4201 bono
2321 4146 2388 4201 de
2410 4146 2576 4200 nihilo
2604 4145 2737 4200 facta
2758 4155 2836 4199 est
2855 4186 2869 4206 ,
2898 4153 2955 4198 ut
2984 4152 3123 4198 esset
3147 4185 3164 4210 ,
3187 4142 3433 4212 quamvis
3461 4151 3635 4195 muta-

2046 4238 2172 4304 bile,
2194 4248 2368 4293 tamen
2393 4238 2620 4300 bonum;
2650 4237 2881 4291 deficere
2900 4235 2974 4308 (α)
2994 4252 3023 4290 a
3046 4235 3186 4289 bono
3201 4251 3230 4287 ιι
3246 4249 3352 4304 quo
3378 4232 3509 4287 facta
3530 4240 3633 4296 est,

2046 4328 2149 4385 hoc
2170 4338 2252 4384 est
2276 4332 2291 4361 ¹
2321 4346 2388 4384 ex
2420 4330 2528 4392 illa,
2557 4330 2637 4384 vel
2668 4329 2718 4382 in
2752 4328 2841 4382 illa
2870 4328 3017 4382 radix
3046 4326 3170 4381 mali
3201 4343 3214 4379 :
3244 4325 3366 4396 quia
3395 4324 3525 4380 nihil
3550 4332 3634 4379 est

2045 4423 2188 4477 aliud
2215 4424 2444 4486 malum,
2467 4422 2567 4476 nisi
2595 4422 2822 4492 privatio
2850 4420 2995 4478 boni.

2117 4518 2205 4571 45.
2224 4516 2340 4570 Jani
2364 4531 2525 4587 porro
2547 4516 2633 4570 ubi
2651 4517 2804 4581 dicis,
2829 4535 2847 4566 ι
2871 4514 3215 4570 llcrumratio
3236 4529 3339 4569 non
3360 4511 3633 4568 sinitutde
3666 4538 3674 4545 -

2047 4608 2187 4661 bono
2206 4608 2399 4660 malum
2427 4617 2482 4661 et
2510 4608 2578 4661 de
2596 4606 2743 4676 justo
2767 4607 3006 4676 iniquum
3032 4604 3232 4675 aliquid
3259 4607 3584 4675 proferatur;
3609 4621 3630 4655 ι

2048 4714 2267 4767 prorsus
2298 4698 2709 4752 Manichaeorum
2741 4698 2897 4753 verba
2931 4697 3084 4751 dicis.
3126 4696 3236 4750 lloc
3288 4696 3429 4749 enim
3481 4709 3632 4749 assc-

2047 4801 2190 4853 rnnt,
2215 4806 2318 4845 nou
2348 4806 2504 4860 posse
2528 4790 2724 4844 malum
2763 4789 2990 4860 proferri
3018 4790 3115 4842 nisi
3156 4788 3226 4843 de
3261 4788 3434 4849 malo;
3476 4796 3531 4841 et
3562 4785 3633 4840 ibi

2048 4895 2155 4938 tota
2181 4899 2366 4938 eorum
2398 4883 2619 4937 nelimda
2647 4893 2791 4937 secta
2822 4883 3096 4945 consistit,
3144 4882 3266 4950 quia
3309 4881 3458 4949 prius
3499 4892 3633 4932 eon-

2047 4975 2271 5030 tendunt
2298 4976 2494 5029 malum
2540 4973 2764 5043 proferri
2796 4990 2899 5026 non
2928 4988 3086 5043 posse
3111 4972 3178 5026 de
3220 4971 3382 5026 bono.
3412 4970 3563 5038 Quod
3591 4970 3636 5024 si

2045 5068 2124 5122 eis
2148 5079 2197 5121 te
2221 5074 2439 5121 auctore
2469 5066 2928 5130 ceneesserimus,
2956 5064 3088 5118 nihil
3116 5063 3271 5118 nobis
3303 5061 3515 5132 penitus
3544 5076 3636 5115 re-

2048 5160 2310 5223 manebit,
2340 5158 2485 5213 unde
2527 5159 2735 5212 illorum
2768 5157 2965 5212 nefaria
3014 5158 3261 5227 dogmata
3310 5156 3635 5222 redarguere

2048 5256 2335 5308 valeamus.
2359 5252 2469 5306 lloc
2493 5259 2577 5306 est
2600 5262 2797 5315 autem,
2822 5250 3059 5320 Iniquum
3082 5250 3148 5303 de
3167 5248 3312 5318 justo
3330 5264 3344 5311 ;
3364 5247 3504 5319 quod
3523 5259 3638 5313 est,

2048 5346 2240 5399 Malum
2266 5345 2333 5399 de
2380 5343 2539 5398 bono.
2569 5343 2839 5398 Catholica
2892 5343 3051 5411 igitur
3092 5341 3223 5397 fides
3244 5385 3258 5403 ,
3289 5348 3345 5394 ιιι
3369 5350 3424 5395 et
3463 5340 3554 5394 tibi
3583 5349 3641 5393 et

2048 5436 2151 5491 illis
2175 5435 2413 5499 resistat.
2447 5439 2545 5489 hoc
2561 5434 2710 5499 dicit,
2741 5450 2843 5488 non
2865 5437 3124 5505 prolatum
3154 5448 3273 5489 esse
3303 5433 3500 5486 malum
3534 5431 3636 5485 nisi

2047 5529 2114 5584 de
2138 5530 2279 5584 bono
2297 5572 2310 5595 ,
2328 5539 2383 5585 et
2406 5530 2642 5599 iniquum
2670 5530 2769 5584 nisi
2794 5528 2861 5583 de
2880 5530 3045 5597 justo.
3074 5528 3206 5596 Quia
3232 5528 3376 5597 prius
3410 5526 3634 5594 angelus

2046 5631 2100 5675 et
2124 5622 2305 5684 homo,
2334 5621 2401 5676 de
2421 5624 2612 5692 quibus
2630 5622 2726 5676 ista
2758 5623 2956 5692 prolata
2986 5631 3110 5675 sunt
3130 5663 3144 5686 ,
3174 5620 3298 5673 boni
3328 5625 3477 5673 erant
3516 5617 3623 5668 uti-

2112 5716 2126 5746 ¹
2164 5721 2303 5764 Juxta
2325 5719 2397 5762 Er.
2423 5714 2567 5772 Lugd.
2596 5722 2713 5762 ven.
2740 5721 2870 5774 l.ov.,
2895 5713 2997 5763 Ita'c
3021 5720 3107 5763 est.
3173 5718 3233 5759 ιιι.

2112 5778 2184 5839 (α)
2212 5784 2365 5837 Forte,
2392 5775 2597 5839 deﬁcere
2616 5790 2770 5839 posse.
