  <div class='ocr_page' id='page_1' title='image "/cluster/home/n/w/nwhite01/storage/ocr_20150623/44-45/uc1.31175026792435/343.png"; bbox 0 0 4118 6568; ppageno 0'>
   <div class='ocr_carea' id='block_1_1' title="bbox 385 375 482 428">
    <p class='ocr_par' dir='ltr' id='par_1_1' title="bbox 385 375 482 428">
     <span class='ocr_line' id='line_1_1' title="bbox 385 375 482 428; baseline -0.031 0"><span class='ocrx_word' id='word_1_1' title='bbox 385 375 482 428; x_wconf 60' lang='grc' dir='ltr'><strong>(ΓΗ</strong></span> 
     </span>
    </p>
   </div>
   <div class='ocr_carea' id='block_1_2' title="bbox 384 466 1975 549">
    <p class='ocr_par' dir='ltr' id='par_1_2' title="bbox 384 466 1975 549">
     <span class='ocr_line' id='line_1_2' title="bbox 384 466 1975 549; baseline -0.009 -15"><span class='ocrx_word' id='word_1_2' title='bbox 384 494 489 549; x_wconf 91' lang='lat' dir='ltr'><strong>que</strong></span> <span class='ocrx_word' id='word_1_3' title='bbox 519 489 572 532; x_wconf 88' lang='lat' dir='ltr'><strong>et</strong></span> <span class='ocrx_word' id='word_1_4' title='bbox 594 476 743 547; x_wconf 83' lang='lat' dir='ltr'><strong>justi.</strong></span> <span class='ocrx_word' id='word_1_5' title='bbox 776 474 888 528; x_wconf 70' lang='lat' dir='ltr'><strong>Non</strong></span> <span class='ocrx_word' id='word_1_6' title='bbox 926 473 1084 542; x_wconf 89' lang='lat' dir='ltr'><strong>igitur</strong></span> <span class='ocrx_word' id='word_1_7' title='bbox 1111 473 1408 526; x_wconf 78' lang='lat' dir='ltr'><strong>resistimus</strong></span> <span class='ocrx_word' id='word_1_8' title='bbox 1434 467 1740 524; x_wconf 69' lang='lat' dir='ltr'><strong>Manichzeis</strong></span> <span class='ocrx_word' id='word_1_9' title='bbox 1785 466 1882 521; x_wconf 83' lang='lat' dir='ltr'><strong>nisi</strong></span> <span class='ocrx_word' id='word_1_10' title='bbox 1919 474 1975 520; x_wconf 90' lang='lat' dir='ltr'><strong>et</strong></span> 
     </span>
    </p>
   </div>
   <div class='ocr_carea' id='block_1_3' title="bbox 383 558 1974 625">
    <p class='ocr_par' dir='ltr' id='par_1_3' title="bbox 383 558 1974 625">
     <span class='ocr_line' id='line_1_3' title="bbox 383 558 1974 625; baseline -0.004 -3"><span class='ocrx_word' id='word_1_11' title='bbox 383 585 413 622; x_wconf 89' lang='lat' dir='ltr'><strong>a</strong></span> <span class='ocrx_word' id='word_1_12' title='bbox 439 580 491 624; x_wconf 92' lang='lat' dir='ltr'><strong>te</strong></span> <span class='ocrx_word' id='word_1_13' title='bbox 511 570 527 599; x_wconf 87' lang='grc'>¹</span> <span class='ocrx_word' id='word_1_14' title='bbox 559 567 897 624; x_wconf 78' lang='lat' dir='ltr'><strong>obtineamus</strong></span> <span class='ocrx_word' id='word_1_15' title='bbox 917 607 930 625; x_wconf 87' lang='lat'><strong>,</strong></span> <span class='ocrx_word' id='word_1_16' title='bbox 964 579 1067 618; x_wconf 93' lang='lat' dir='ltr'><strong>non</strong></span> <span class='ocrx_word' id='word_1_17' title='bbox 1094 578 1213 618; x_wconf 89' lang='lat' dir='ltr'><strong>esse</strong></span> <span class='ocrx_word' id='word_1_18' title='bbox 1241 563 1378 616; x_wconf 89' lang='lat' dir='ltr'><strong>mala</strong></span> <span class='ocrx_word' id='word_1_19' title='bbox 1405 572 1520 616; x_wconf 90' lang='lat' dir='ltr'><strong>orta</strong></span> <span class='ocrx_word' id='word_1_20' title='bbox 1549 561 1648 614; x_wconf 90' lang='lat' dir='ltr'><strong>nisi</strong></span> <span class='ocrx_word' id='word_1_21' title='bbox 1677 575 1741 613; x_wconf 78' lang='lat' dir='ltr'><strong>ex</strong></span> <span class='ocrx_word' id='word_1_22' title='bbox 1770 558 1926 612; x_wconf 86' lang='lat' dir='ltr'><strong>bonis</strong></span> <span class='ocrx_word' id='word_1_23' title='bbox 1959 571 1974 615; x_wconf 87' lang='lat'><strong>:</strong></span> 
     </span>
    </p>
   </div>
   <div class='ocr_carea' id='block_1_4' title="bbox 388 649 1977 719">
    <p class='ocr_par' dir='ltr' id='par_1_4' title="bbox 388 649 1977 719">
     <span class='ocr_line' id='line_1_4' title="bbox 388 649 1977 719; baseline -0.006 -7"><span class='ocrx_word' id='word_1_24' title='bbox 388 675 488 712; x_wconf 89' lang='lat' dir='ltr'><strong>nec</strong></span> <span class='ocrx_word' id='word_1_25' title='bbox 515 675 576 712; x_wconf 91' lang='lat' dir='ltr'><strong>ea</strong></span> <span class='ocrx_word' id='word_1_26' title='bbox 602 656 740 712; x_wconf 86' lang='lat' dir='ltr'><strong>mala</strong></span> <span class='ocrx_word' id='word_1_27' title='bbox 765 655 1090 710; x_wconf 83' lang='lat' dir='ltr'><strong>substantias</strong></span> <span class='ocrx_word' id='word_1_28' title='bbox 1111 667 1230 708; x_wconf 88' lang='lat' dir='ltr'><strong>esse</strong></span> <span class='ocrx_word' id='word_1_29' title='bbox 1251 694 1266 719; x_wconf 91' lang='lat'><strong>,</strong></span> <span class='ocrx_word' id='word_1_30' title='bbox 1290 653 1386 707; x_wconf 87' lang='lat' dir='ltr'><strong>sed</strong></span> <span class='ocrx_word' id='word_1_31' title='bbox 1407 651 1825 706; x_wconf 89' lang='lat' dir='ltr'><strong>substantiarum</strong></span> <span class='ocrx_word' id='word_1_32' title='bbox 1853 649 1977 702; x_wconf 89' lang='lat' dir='ltr'><strong>vitia</strong></span> 
     </span>
    </p>
   </div>
   <div class='ocr_carea' id='block_1_5' title="bbox 385 739 1984 818">
    <p class='ocr_par' dir='ltr' id='par_1_5' title="bbox 385 739 1984 818">
     <span class='ocr_line' id='line_1_5' title="bbox 385 739 1984 818; baseline -0.006 -14"><span class='ocrx_word' id='word_1_33' title='bbox 385 760 719 815; x_wconf 83' lang='lat' dir='ltr'><strong>ereatarum,</strong></span> <span class='ocrx_word' id='word_1_34' title='bbox 751 748 942 818; x_wconf 88' lang='lat' dir='ltr'><strong>quilms</strong></span> <span class='ocrx_word' id='word_1_35' title='bbox 967 745 1223 801; x_wconf 82' lang='lat' dir='ltr'><strong>deficiunt</strong></span> <span class='ocrx_word' id='word_1_36' title='bbox 1248 759 1276 798; x_wconf 91' lang='lat' dir='ltr'><strong>a</strong></span> <span class='ocrx_word' id='word_1_37' title='bbox 1303 743 1444 799; x_wconf 92' lang='lat' dir='ltr'><strong>bono</strong></span> <span class='ocrx_word' id='word_1_38' title='bbox 1471 743 1720 812; x_wconf 84' lang='lat' dir='ltr'><strong>quoniam</strong></span> <span class='ocrx_word' id='word_1_39' title='bbox 1753 739 1984 794; x_wconf 88' lang='lat' dir='ltr'><strong>mutabi-</strong></span> 
     </span>
    </p>
   </div>
   <div class='ocr_carea' id='block_1_6' title="bbox 390 829 1981 908">
    <p class='ocr_par' dir='ltr' id='par_1_6' title="bbox 390 829 1981 908">
     <span class='ocr_line' id='line_1_6' title="bbox 390 829 1981 908; baseline -0.006 -14"><span class='ocrx_word' id='word_1_40' title='bbox 390 841 470 896; x_wconf 92' lang='lat' dir='ltr'><strong>les</strong></span> <span class='ocrx_word' id='word_1_41' title='bbox 494 849 646 908; x_wconf 90' lang='lat' dir='ltr'><strong>sunt,</strong></span> <span class='ocrx_word' id='word_1_42' title='bbox 666 854 732 894; x_wconf 91' lang='lat' dir='ltr'><strong>eo</strong></span> <span class='ocrx_word' id='word_1_43' title='bbox 759 837 899 908; x_wconf 89' lang='lat' dir='ltr'><strong>quod</strong></span> <span class='ocrx_word' id='word_1_44' title='bbox 921 853 986 892; x_wconf 75' lang='lat' dir='ltr'><strong>ex</strong></span> <span class='ocrx_word' id='word_1_45' title='bbox 1013 837 1182 891; x_wconf 88' lang='lat' dir='ltr'><strong>nihilo</strong></span> <span class='ocrx_word' id='word_1_46' title='bbox 1213 835 1366 889; x_wconf 71' lang='lat' dir='ltr'><strong>factm</strong></span> <span class='ocrx_word' id='word_1_47' title='bbox 1413 841 1556 888; x_wconf 90' lang='lat' dir='ltr'><strong>sunt.</strong></span> <span class='ocrx_word' id='word_1_48' title='bbox 1589 832 1717 887; x_wconf 75' lang='lat' dir='ltr'><strong>llmc</strong></span> <span class='ocrx_word' id='word_1_49' title='bbox 1751 839 1834 885; x_wconf 82' lang='lat' dir='ltr'><strong>est</strong></span> <span class='ocrx_word' id='word_1_50' title='bbox 1879 829 1981 884; x_wconf 83' lang='lat' dir='ltr'><strong>do-</strong></span> 
     </span>
    </p>
   </div>
   <div class='ocr_carea' id='block_1_7' title="bbox 386 920 1982 996">
    <p class='ocr_par' dir='ltr' id='par_1_7' title="bbox 386 920 1982 996">
     <span class='ocr_line' id='line_1_7' title="bbox 386 920 1982 996; baseline -0.008 -10"><span class='ocrx_word' id='word_1_51' title='bbox 386 932 576 986; x_wconf 71' lang='lat' dir='ltr'><strong>ctrina:</strong></span> <span class='ocrx_word' id='word_1_52' title='bbox 608 929 884 985; x_wconf 77' lang='lat' dir='ltr'><strong>catholica:</strong></span> <span class='ocrx_word' id='word_1_53' title='bbox 911 921 1144 991; x_wconf 80' lang='lat' dir='ltr'><strong>sanitas,</strong></span> <span class='ocrx_word' id='word_1_54' title='bbox 1199 940 1304 996; x_wconf 87' lang='lat' dir='ltr'><strong>qua</strong></span> <span class='ocrx_word' id='word_1_55' title='bbox 1334 924 1636 979; x_wconf 71' lang='lat' dir='ltr'><strong>Manicbzeaa</strong></span> <span class='ocrx_word' id='word_1_56' title='bbox 1670 920 1982 991; x_wconf 73' lang='lat' dir='ltr'><strong>pestilentia:</strong></span> 
     </span>
    </p>
   </div>
   <div class='ocr_carea' id='block_1_8' title="bbox 389 1019 870 1090">
    <p class='ocr_par' dir='ltr' id='par_1_8' title="bbox 389 1019 870 1090">
     <span class='ocr_line' id='line_1_8' title="bbox 389 1019 870 1090; baseline -0.004 -16"><span class='ocrx_word' id='word_1_57' title='bbox 389 1022 536 1076; x_wconf 83' lang='lat' dir='ltr'><strong>virus</strong></span> <span class='ocrx_word' id='word_1_58' title='bbox 557 1019 870 1090; x_wconf 78' lang='lat' dir='ltr'><strong>expellitur.</strong></span> 
     </span>
    </p>
   </div>
   <div class='ocr_carea' id='block_1_9' title="bbox 463 1099 1983 1172">
    <p class='ocr_par' dir='ltr' id='par_1_9' title="bbox 463 1099 1983 1172">
     <span class='ocr_line' id='line_1_9' title="bbox 463 1099 1983 1172; baseline -0.009 -5"><span class='ocrx_word' id='word_1_59' title='bbox 463 1113 554 1167; x_wconf 74' lang='grc'><strong>44.</strong></span> <span class='ocrx_word' id='word_1_60' title='bbox 580 1110 840 1167; x_wconf 87' lang='lat' dir='ltr'><strong>Undeille</strong></span> <span class='ocrx_word' id='word_1_61' title='bbox 866 1107 1057 1164; x_wconf 88' lang='lat' dir='ltr'><strong>doctor</strong></span> <span class='ocrx_word' id='word_1_62' title='bbox 1079 1121 1264 1172; x_wconf 88' lang='lat' dir='ltr'><strong>meus,</strong></span> <span class='ocrx_word' id='word_1_63' title='bbox 1297 1104 1372 1160; x_wconf 92' lang='lat' dir='ltr'><strong>tui</strong></span> <span class='ocrx_word' id='word_1_64' title='bbox 1401 1103 1562 1159; x_wconf 87' lang='lat' dir='ltr'><strong>etiam</strong></span> <span class='ocrx_word' id='word_1_65' title='bbox 1591 1101 1718 1156; x_wconf 89' lang='lat' dir='ltr'><strong>mali</strong></span> <span class='ocrx_word' id='word_1_66' title='bbox 1747 1099 1983 1156; x_wconf 90' lang='lat' dir='ltr'><strong>doctoris</strong></span> 
     </span>
    </p>
   </div>
   <div class='ocr_carea' id='block_1_10' title="bbox 393 1190 1984 1266">
    <p class='ocr_par' dir='ltr' id='par_1_10' title="bbox 393 1190 1984 1266">
     <span class='ocr_line' id='line_1_10' title="bbox 393 1190 1984 1266; baseline -0.008 -7"><span class='ocrx_word' id='word_1_67' title='bbox 393 1219 490 1259; x_wconf 90' lang='lat' dir='ltr'><strong>ore</strong></span> <span class='ocrx_word' id='word_1_68' title='bbox 517 1201 761 1258; x_wconf 89' lang='lat' dir='ltr'><strong>laudatus</strong></span> <span class='ocrx_word' id='word_1_69' title='bbox 787 1199 1134 1266; x_wconf 79' lang='lat' dir='ltr'><strong>Ambrosius,</strong></span> <span class='ocrx_word' id='word_1_70' title='bbox 1163 1197 1219 1252; x_wconf 92' lang='lat' dir='ltr'><strong>in</strong></span> <span class='ocrx_word' id='word_1_71' title='bbox 1249 1211 1315 1252; x_wconf 90' lang='lat' dir='ltr'><strong>eo</strong></span> <span class='ocrx_word' id='word_1_72' title='bbox 1360 1195 1500 1250; x_wconf 89' lang='lat' dir='ltr'><strong>libro</strong></span> <span class='ocrx_word' id='word_1_73' title='bbox 1544 1209 1707 1265; x_wconf 86' lang='lat' dir='ltr'><strong>quem</strong></span> <span class='ocrx_word' id='word_1_74' title='bbox 1736 1193 1804 1248; x_wconf 89' lang='lat' dir='ltr'><strong>de</strong></span> <span class='ocrx_word' id='word_1_75' title='bbox 1834 1190 1984 1246; x_wconf 89' lang='lat' dir='ltr'><strong>lsaac</strong></span> 
     </span>
    </p>
   </div>
   <div class='ocr_carea' id='block_1_11' title="bbox 397 1277 1986 1365">
    <p class='ocr_par' dir='ltr' id='par_1_11' title="bbox 397 1277 1986 1365">
     <span class='ocr_line' id='line_1_11' title="bbox 397 1277 1986 1365; baseline -0.008 -15"><span class='ocrx_word' id='word_1_76' title='bbox 397 1306 452 1350; x_wconf 88' lang='lat' dir='ltr'><strong>et</strong></span> <span class='ocrx_word' id='word_1_77' title='bbox 467 1296 656 1350; x_wconf 80' lang='lat' dir='ltr'><strong>Anima</strong></span> <span class='ocrx_word' id='word_1_78' title='bbox 672 1294 910 1365; x_wconf 87' lang='lat' dir='ltr'><strong>scripsit:</strong></span> <span class='ocrx_word' id='word_1_79' title='bbox 935 1310 953 1343; x_wconf 75' lang='grc' dir='ltr'><strong>ι</strong></span> <span class='ocrx_word' id='word_1_80' title='bbox 965 1291 1102 1362; x_wconf 79' lang='lat' dir='ltr'><strong>Quid</strong></span> <span class='ocrx_word' id='word_1_81' title='bbox 1113 1305 1242 1362; x_wconf 75' lang='lat' dir='ltr'><strong>ergo</strong></span> <span class='ocrx_word' id='word_1_82' title='bbox 1257 1297 1358 1357; x_wconf 90' lang='lat' dir='ltr'><strong>est,</strong></span> <span class='ocrx_word' id='word_1_83' title='bbox 1373 1308 1390 1341; x_wconf 81' lang='grc' dir='ltr'><strong>ι</strong></span> <span class='ocrx_word' id='word_1_84' title='bbox 1402 1288 1591 1358; x_wconf 86' lang='lat' dir='ltr'><strong>inquit,</strong></span> <span class='ocrx_word' id='word_1_85' title='bbox 1603 1305 1622 1339; x_wconf 75' lang='grc' dir='ltr'><strong>ι</strong></span> <span class='ocrx_word' id='word_1_86' title='bbox 1635 1285 1860 1352; x_wconf 90' lang='lat' dir='ltr'><strong>malitia,</strong></span> <span class='ocrx_word' id='word_1_87' title='bbox 1881 1277 1986 1340; x_wconf 85' lang='lat' dir='ltr'><strong>nisi</strong></span> 
     </span>
    </p>
   </div>
   <div class='ocr_carea' id='block_1_12' title="bbox 395 1375 1988 1456">
    <p class='ocr_par' dir='ltr' id='par_1_12' title="bbox 395 1375 1988 1456">
     <span class='ocr_line' id='line_1_12' title="bbox 395 1375 1988 1456; baseline -0.006 -16"><span class='ocrx_word' id='word_1_88' title='bbox 395 1387 524 1440; x_wconf 86' lang='lat' dir='ltr'><strong>boni</strong></span> <span class='ocrx_word' id='word_1_89' title='bbox 547 1385 900 1456; x_wconf 60' lang='lat' dir='ltr'><strong>indigentia?»</strong></span> <span class='ocrx_word' id='word_1_90' title='bbox 921 1383 991 1440; x_wconf 88' lang='lat' dir='ltr'><strong>Et</strong></span> <span class='ocrx_word' id='word_1_91' title='bbox 1018 1384 1213 1440; x_wconf 86' lang='lat' dir='ltr'><strong>iterum</strong></span> <span class='ocrx_word' id='word_1_92' title='bbox 1247 1381 1322 1435; x_wconf 87' lang='lat' dir='ltr'><strong>ait</strong></span> <span class='ocrx_word' id='word_1_93' title='bbox 1343 1380 1474 1435; x_wconf 76' lang='lat' dir='ltr'><strong>:(EX</strong></span> <span class='ocrx_word' id='word_1_94' title='bbox 1494 1379 1648 1434; x_wconf 88' lang='lat' dir='ltr'><strong>bonis</strong></span> <span class='ocrx_word' id='word_1_95' title='bbox 1669 1377 1828 1448; x_wconf 83' lang='lat' dir='ltr'><strong>igitur</strong></span> <span class='ocrx_word' id='word_1_96' title='bbox 1847 1375 1988 1431; x_wconf 90' lang='lat' dir='ltr'><strong>mala</strong></span> 
     </span>
    </p>
   </div>
   <div class='ocr_carea' id='block_1_13' title="bbox 398 1466 1988 1540">
    <p class='ocr_par' dir='ltr' id='par_1_13' title="bbox 398 1466 1988 1540">
     <span class='ocr_line' id='line_1_13' title="bbox 398 1466 1988 1540; baseline -0.008 -8"><span class='ocrx_word' id='word_1_97' title='bbox 398 1489 516 1532; x_wconf 89' lang='lat' dir='ltr'><strong>orta</strong></span> <span class='ocrx_word' id='word_1_98' title='bbox 528 1485 674 1532; x_wconf 90' lang='lat' dir='ltr'><strong>sunt.</strong></span> <span class='ocrx_word' id='word_1_99' title='bbox 702 1475 818 1531; x_wconf 85' lang='lat' dir='ltr'><strong>Non</strong></span> <span class='ocrx_word' id='word_1_100' title='bbox 837 1475 981 1536; x_wconf 88' lang='lat' dir='ltr'><strong>enim</strong></span> <span class='ocrx_word' id='word_1_101' title='bbox 1007 1473 1314 1538; x_wconf 89' lang='lat' dir='ltr'><strong>sunttnala,</strong></span> <span class='ocrx_word' id='word_1_102' title='bbox 1342 1471 1446 1526; x_wconf 89' lang='lat' dir='ltr'><strong>nisi</strong></span> <span class='ocrx_word' id='word_1_103' title='bbox 1461 1485 1579 1540; x_wconf 75' lang='lat' dir='ltr'><strong>qua:</strong></span> <span class='ocrx_word' id='word_1_104' title='bbox 1603 1466 1988 1538; x_wconf 87' lang='lat' dir='ltr'><strong>privanturbo-</strong></span> 
     </span>
    </p>
   </div>
   <div class='ocr_carea' id='block_1_14' title="bbox 399 1559 1989 1638">
    <p class='ocr_par' dir='ltr' id='par_1_14' title="bbox 399 1559 1989 1638">
     <span class='ocr_line' id='line_1_14' title="bbox 399 1559 1989 1638; baseline -0.006 -18"><span class='ocrx_word' id='word_1_105' title='bbox 399 1569 485 1621; x_wconf 90' lang='lat' dir='ltr'><strong>nis</strong></span> <span class='ocrx_word' id='word_1_106' title='bbox 517 1585 530 1620; x_wconf 93' lang='lat'>:</span> <span class='ocrx_word' id='word_1_107' title='bbox 557 1582 652 1638; x_wconf 89' lang='lat' dir='ltr'><strong>per</strong></span> <span class='ocrx_word' id='word_1_108' title='bbox 689 1566 826 1621; x_wconf 89' lang='lat' dir='ltr'><strong>mala</strong></span> <span class='ocrx_word' id='word_1_109' title='bbox 876 1575 1052 1619; x_wconf 89' lang='lat' dir='ltr'><strong>tamen</strong></span> <span class='ocrx_word' id='word_1_110' title='bbox 1083 1563 1279 1617; x_wconf 85' lang='lat' dir='ltr'><strong>factum</strong></span> <span class='ocrx_word' id='word_1_111' title='bbox 1311 1570 1393 1614; x_wconf 92' lang='lat' dir='ltr'><strong>est</strong></span> <span class='ocrx_word' id='word_1_112' title='bbox 1418 1567 1479 1614; x_wconf 89' lang='lat' dir='ltr'><strong>ut</strong></span> <span class='ocrx_word' id='word_1_113' title='bbox 1503 1561 1642 1614; x_wconf 90' lang='lat' dir='ltr'><strong>bona</strong></span> <span class='ocrx_word' id='word_1_114' title='bbox 1669 1559 1989 1613; x_wconf 86' lang='lat' dir='ltr'><strong>eminerent.</strong></span> 
     </span>
    </p>
   </div>
   <div class='ocr_carea' id='block_1_15' title="bbox 399 1647 1992 1728">
    <p class='ocr_par' dir='ltr' id='par_1_15' title="bbox 399 1647 1992 1728">
     <span class='ocr_line' id='line_1_15' title="bbox 399 1647 1992 1728; baseline -0.005 -16"><span class='ocrx_word' id='word_1_115' title='bbox 399 1658 542 1728; x_wconf 72' lang='lat' dir='ltr'><strong>Ergo</strong></span> <span class='ocrx_word' id='word_1_116' title='bbox 559 1657 842 1727; x_wconf 85' lang='lat' dir='ltr'><strong>indigentia</strong></span> <span class='ocrx_word' id='word_1_117' title='bbox 862 1655 1007 1723; x_wconf 90' lang='lat' dir='ltr'><strong>boni,</strong></span> <span class='ocrx_word' id='word_1_118' title='bbox 1027 1654 1180 1708; x_wconf 87' lang='lat' dir='ltr'><strong>radix</strong></span> <span class='ocrx_word' id='word_1_119' title='bbox 1207 1652 1423 1707; x_wconf 72' lang='lat' dir='ltr'><strong>malitia:</strong></span> <span class='ocrx_word' id='word_1_120' title='bbox 1446 1647 1726 1722; x_wconf 73' lang='lat' dir='ltr'><strong>BSU(Cap.</strong></span> <span class='ocrx_word' id='word_1_121' title='bbox 1743 1648 1992 1721; x_wconf 86' lang='lat' dir='ltr'><strong>7).Vidcs</strong></span> 
     </span>
    </p>
   </div>
   <div class='ocr_carea' id='block_1_16' title="bbox 397 1740 1994 1819">
    <p class='ocr_par' dir='ltr' id='par_1_16' title="bbox 397 1740 1994 1819">
     <span class='ocr_line' id='line_1_16' title="bbox 397 1740 1994 1819; baseline -0.005 -16"><span class='ocrx_word' id='word_1_122' title='bbox 397 1765 559 1819; x_wconf 85' lang='lat' dir='ltr'><strong>quam</strong></span> <span class='ocrx_word' id='word_1_123' title='bbox 612 1764 732 1802; x_wconf 89' lang='lat' dir='ltr'><strong>vera</strong></span> <span class='ocrx_word' id='word_1_124' title='bbox 787 1746 1065 1801; x_wconf 76' lang='lat' dir='ltr'><strong>catholica:</strong></span> <span class='ocrx_word' id='word_1_125' title='bbox 1097 1745 1220 1799; x_wconf 84' lang='lat' dir='ltr'><strong>ﬁdei</strong></span> <span class='ocrx_word' id='word_1_126' title='bbox 1249 1743 1459 1798; x_wconf 81' lang='lat' dir='ltr'><strong>ratione</strong></span> <span class='ocrx_word' id='word_1_127' title='bbox 1482 1741 1777 1811; x_wconf 81' lang='lat' dir='ltr'><strong>redarguat</strong></span> <span class='ocrx_word' id='word_1_128' title='bbox 1802 1740 1994 1795; x_wconf 88' lang='lat' dir='ltr'><strong>beatus</strong></span> 
     </span>
    </p>
   </div>
   <div class='ocr_carea' id='block_1_17' title="bbox 399 1831 1991 1904">
    <p class='ocr_par' dir='ltr' id='par_1_17' title="bbox 399 1831 1991 1904">
     <span class='ocr_line' id='line_1_17' title="bbox 399 1831 1991 1904; baseline -0.007 -11"><span class='ocrx_word' id='word_1_129' title='bbox 399 1839 714 1893; x_wconf 80' lang='lat' dir='ltr'><strong>Ambrosius</strong></span> <span class='ocrx_word' id='word_1_130' title='bbox 737 1837 1058 1892; x_wconf 73' lang='lat' dir='ltr'><strong>Manichmos</strong></span> <span class='ocrx_word' id='word_1_131' title='bbox 1099 1835 1123 1888; x_wconf 88' lang='lat'><strong>?</strong></span> <span class='ocrx_word' id='word_1_132' title='bbox 1168 1834 1328 1888; x_wconf 82' lang='lat' dir='ltr'><strong>Vides</strong></span> <span class='ocrx_word' id='word_1_133' title='bbox 1374 1831 1826 1904; x_wconf 87' lang='lat' dir='ltr'><strong>quemadmodum</strong></span> <span class='ocrx_word' id='word_1_134' title='bbox 1857 1845 1951 1884; x_wconf 91' lang='lat' dir='ltr'><strong>eos</strong></span> <span class='ocrx_word' id='word_1_135' title='bbox 1976 1870 1991 1895; x_wconf 95' lang='lat'><strong>,</strong></span> 
     </span>
    </p>
   </div>
   <div class='ocr_carea' id='block_1_18' title="bbox 399 1923 1990 1999">
    <p class='ocr_par' dir='ltr' id='par_1_18' title="bbox 399 1923 1990 1999">
     <span class='ocr_line' id='line_1_18' title="bbox 399 1923 1990 1999; baseline -0.005 -16"><span class='ocrx_word' id='word_1_136' title='bbox 399 1931 641 1999; x_wconf 85' lang='lat' dir='ltr'><strong>quamvis</strong></span> <span class='ocrx_word' id='word_1_137' title='bbox 664 1931 716 1984; x_wconf 94' lang='lat' dir='ltr'><strong>in</strong></span> <span class='ocrx_word' id='word_1_138' title='bbox 745 1929 935 1984; x_wconf 90' lang='lat' dir='ltr'><strong>eadem</strong></span> <span class='ocrx_word' id='word_1_139' title='bbox 959 1927 1319 1996; x_wconf 85' lang='lat' dir='ltr'><strong>disputatione</strong></span> <span class='ocrx_word' id='word_1_140' title='bbox 1349 1939 1456 1978; x_wconf 91' lang='lat' dir='ltr'><strong>non</strong></span> <span class='ocrx_word' id='word_1_141' title='bbox 1488 1923 1878 1982; x_wconf 84' lang='lat' dir='ltr'><strong>nominaverit.</strong></span> <span class='ocrx_word' id='word_1_142' title='bbox 1911 1928 1990 1975; x_wconf 88' lang='lat' dir='ltr'><strong>ta-</strong></span> 
     </span>
    </p>
   </div>
   <div class='ocr_carea' id='block_1_19' title="bbox 400 2011 2060 2079">
    <p class='ocr_par' dir='ltr' id='par_1_19' title="bbox 400 2011 2060 2079">
     <span class='ocr_line' id='line_1_19' title="bbox 400 2011 2060 2079; baseline -0.005 -4"><span class='ocrx_word' id='word_1_143' title='bbox 400 2037 521 2075; x_wconf 88' lang='lat' dir='ltr'><strong>men</strong></span> <span class='ocrx_word' id='word_1_144' title='bbox 557 2022 656 2074; x_wconf 88' lang='lat' dir='ltr'><strong>ista</strong></span> <span class='ocrx_word' id='word_1_145' title='bbox 691 2019 1076 2074; x_wconf 84' lang='lat' dir='ltr'><strong>sententiarum</strong></span> <span class='ocrx_word' id='word_1_146' title='bbox 1111 2017 1334 2079; x_wconf 74' lang='lat' dir='ltr'><strong>veritate</strong></span> <span class='ocrx_word' id='word_1_147' title='bbox 1359 2030 1423 2070; x_wconf 91' lang='lat' dir='ltr'><strong>ac</strong></span> <span class='ocrx_word' id='word_1_148' title='bbox 1461 2014 1722 2068; x_wconf 77' lang='lat' dir='ltr'><strong>brevitate</strong></span> <span class='ocrx_word' id='word_1_149' title='bbox 1749 2012 1996 2068; x_wconf 88' lang='lat' dir='ltr'><strong>convice-</strong></span> <span class='ocrx_word' id='word_1_150' title='bbox 2039 2011 2060 2028; x_wconf 60' lang='lat'>‘</span> 
     </span>
    </p>
   </div>
   <div class='ocr_carea' id='block_1_20' title="bbox 399 2104 1991 2176">
    <p class='ocr_par' dir='ltr' id='par_1_20' title="bbox 399 2104 1991 2176">
     <span class='ocr_line' id='line_1_20' title="bbox 399 2104 1991 2176; baseline -0.007 -11"><span class='ocrx_word' id='word_1_151' title='bbox 399 2111 470 2165; x_wconf 90' lang='lat' dir='ltr'><strong>rit</strong></span> <span class='ocrx_word' id='word_1_152' title='bbox 493 2111 514 2164; x_wconf 88' lang='lat'><strong>?</strong></span> <span class='ocrx_word' id='word_1_153' title='bbox 536 2110 673 2166; x_wconf 76' lang='lat' dir='ltr'><strong>Ecce</strong></span> <span class='ocrx_word' id='word_1_154' title='bbox 699 2108 784 2162; x_wconf 89' lang='lat' dir='ltr'><strong>cui</strong></span> <span class='ocrx_word' id='word_1_155' title='bbox 816 2108 1018 2163; x_wconf 89' lang='lat' dir='ltr'><strong>homini</strong></span> <span class='ocrx_word' id='word_1_156' title='bbox 1048 2107 1140 2162; x_wconf 87' lang='lat' dir='ltr'><strong>Dei</strong></span> <span class='ocrx_word' id='word_1_157' title='bbox 1172 2116 1390 2176; x_wconf 86' lang='lat' dir='ltr'><strong>propter</strong></span> <span class='ocrx_word' id='word_1_158' title='bbox 1413 2104 1991 2175; x_wconf 85' lang='lat' dir='ltr'><strong>originalcpeccatum,</strong></span> 
     </span>
    </p>
   </div>
   <div class='ocr_carea' id='block_1_21' title="bbox 400 2197 1996 2272">
    <p class='ocr_par' dir='ltr' id='par_1_21' title="bbox 400 2197 1996 2272">
     <span class='ocr_line' id='line_1_21' title="bbox 400 2197 1996 2272; baseline -0.003 -17"><span class='ocrx_word' id='word_1_159' title='bbox 400 2201 544 2272; x_wconf 90' lang='lat' dir='ltr'><strong>quod</strong></span> <span class='ocrx_word' id='word_1_160' title='bbox 573 2201 874 2257; x_wconf 86' lang='lat' dir='ltr'><strong>catholicus</strong></span> <span class='ocrx_word' id='word_1_161' title='bbox 917 2200 1184 2256; x_wconf 85' lang='lat' dir='ltr'><strong>catholire</strong></span> <span class='ocrx_word' id='word_1_162' title='bbox 1230 2200 1490 2266; x_wconf 86' lang='lat' dir='ltr'><strong>asseruit,</strong></span> <span class='ocrx_word' id='word_1_163' title='bbox 1541 2199 1732 2268; x_wconf 86' lang='lat' dir='ltr'><strong>objicis</strong></span> <span class='ocrx_word' id='word_1_164' title='bbox 1779 2197 1996 2253; x_wconf 86' lang='lat' dir='ltr'><strong>nomine</strong></span> 
     </span>
    </p>
   </div>
   <div class='ocr_carea' id='block_1_22' title="bbox 401 2287 1994 2358">
    <p class='ocr_par' dir='ltr' id='par_1_22' title="bbox 401 2287 1994 2358">
     <span class='ocr_line' id='line_1_22' title="bbox 401 2287 1994 2358; baseline -0.004 -12"><span class='ocrx_word' id='word_1_165' title='bbox 401 2291 818 2348; x_wconf 73' lang='lat' dir='ltr'><strong>Manichaiorum</strong></span> <span class='ocrx_word' id='word_1_166' title='bbox 842 2292 1096 2345; x_wconf 89' lang='lat' dir='ltr'><strong>instinctu</strong></span> <span class='ocrx_word' id='word_1_167' title='bbox 1126 2289 1371 2344; x_wconf 87' lang='lat' dir='ltr'><strong>maledici</strong></span> <span class='ocrx_word' id='word_1_168' title='bbox 1397 2288 1593 2344; x_wconf 89' lang='lat' dir='ltr'><strong>furoris</strong></span> <span class='ocrx_word' id='word_1_169' title='bbox 1612 2287 1994 2358; x_wconf 90' lang='lat' dir='ltr'><strong>opprobrium,</strong></span> 
     </span>
    </p>
   </div>
   <div class='ocr_carea' id='block_1_23' title="bbox 400 2379 1997 2454">
    <p class='ocr_par' dir='ltr' id='par_1_23' title="bbox 400 2379 1997 2454">
     <span class='ocr_line' id='line_1_23' title="bbox 400 2379 1997 2454; baseline -0.003 -16"><span class='ocrx_word' id='word_1_170' title='bbox 400 2384 490 2454; x_wconf 87' lang='lat' dir='ltr'><strong>qui</strong></span> <span class='ocrx_word' id='word_1_171' title='bbox 523 2394 708 2438; x_wconf 88' lang='lat' dir='ltr'><strong>contra</strong></span> <span class='ocrx_word' id='word_1_172' title='bbox 733 2382 1064 2453; x_wconf 82' lang='lat' dir='ltr'><strong>suffragium,</strong></span> <span class='ocrx_word' id='word_1_173' title='bbox 1093 2381 1234 2451; x_wconf 89' lang='lat' dir='ltr'><strong>quod</strong></span> <span class='ocrx_word' id='word_1_174' title='bbox 1265 2381 1344 2436; x_wconf 90' lang='lat' dir='ltr'><strong>eis</strong></span> <span class='ocrx_word' id='word_1_175' title='bbox 1387 2390 1440 2434; x_wconf 91' lang='lat' dir='ltr'><strong>tu</strong></span> <span class='ocrx_word' id='word_1_176' title='bbox 1472 2389 1732 2449; x_wconf 63' lang='lat' dir='ltr'><strong>praestas,</strong></span> <span class='ocrx_word' id='word_1_177' title='bbox 1767 2391 1876 2435; x_wconf 90' lang='lat' dir='ltr'><strong>tam</strong></span> <span class='ocrx_word' id='word_1_178' title='bbox 1911 2379 1997 2435; x_wconf 86' lang='lat' dir='ltr'><strong>iti-</strong></span> 
     </span>
    </p>
   </div>
   <div class='ocr_carea' id='block_1_24' title="bbox 401 2471 2000 2542">
    <p class='ocr_par' dir='ltr' id='par_1_24' title="bbox 401 2471 2000 2542">
     <span class='ocr_line' id='line_1_24' title="bbox 401 2471 2000 2542; baseline -0.001 -14"><span class='ocrx_word' id='word_1_179' title='bbox 401 2475 602 2530; x_wconf 84' lang='lat' dir='ltr'><strong>victum</strong></span> <span class='ocrx_word' id='word_1_180' title='bbox 649 2474 718 2529; x_wconf 88' lang='lat' dir='ltr'><strong>ad</strong></span> <span class='ocrx_word' id='word_1_181' title='bbox 763 2488 858 2528; x_wconf 90' lang='lat' dir='ltr'><strong>eos</strong></span> <span class='ocrx_word' id='word_1_182' title='bbox 909 2471 1256 2528; x_wconf 87' lang='lat' dir='ltr'><strong>debellandos</strong></span> <span class='ocrx_word' id='word_1_183' title='bbox 1281 2471 1560 2526; x_wconf 81' lang='lat' dir='ltr'><strong>catholicis</strong></span> <span class='ocrx_word' id='word_1_184' title='bbox 1579 2471 2000 2542; x_wconf 87' lang='lat' dir='ltr'><strong>disputatoribus</strong></span> 
     </span>
    </p>
   </div>
   <div class='ocr_carea' id='block_1_25' title="bbox 403 2563 1998 2637">
    <p class='ocr_par' dir='ltr' id='par_1_25' title="bbox 403 2563 1998 2637">
     <span class='ocr_line' id='line_1_25' title="bbox 403 2563 1998 2637; baseline -0.001 -17"><span class='ocrx_word' id='word_1_185' title='bbox 403 2567 612 2637; x_wconf 81' lang='lat' dir='ltr'><strong>praebet</strong></span> <span class='ocrx_word' id='word_1_186' title='bbox 628 2566 905 2621; x_wconf 81' lang='lat' dir='ltr'><strong>auxilium.</strong></span> <span class='ocrx_word' id='word_1_187' title='bbox 931 2565 1023 2620; x_wconf 90' lang='lat' dir='ltr'><strong>Ille</strong></span> <span class='ocrx_word' id='word_1_188' title='bbox 1047 2565 1244 2634; x_wconf 91' lang='lat' dir='ltr'><strong>quippe</strong></span> <span class='ocrx_word' id='word_1_189' title='bbox 1264 2564 1522 2619; x_wconf 89' lang='lat' dir='ltr'><strong>adversus</strong></span> <span class='ocrx_word' id='word_1_190' title='bbox 1539 2563 1862 2619; x_wconf 74' lang='lat' dir='ltr'><strong>Maniehreos</strong></span> <span class='ocrx_word' id='word_1_191' title='bbox 1886 2565 1998 2619; x_wconf 88' lang='lat' dir='ltr'><strong>cla-</strong></span> 
     </span>
    </p>
   </div>
   <div class='ocr_carea' id='block_1_26' title="bbox 404 2653 1994 2726">
    <p class='ocr_par' dir='ltr' id='par_1_26' title="bbox 404 2653 1994 2726">
     <span class='ocr_line' id='line_1_26' title="bbox 404 2653 1994 2726; baseline -0.001 -15"><span class='ocrx_word' id='word_1_192' title='bbox 404 2667 565 2724; x_wconf 78' lang='lat' dir='ltr'><strong>niat,¢</strong></span> <span class='ocrx_word' id='word_1_193' title='bbox 587 2658 662 2711; x_wconf 80' lang='lat' dir='ltr'><strong>Ex</strong></span> <span class='ocrx_word' id='word_1_194' title='bbox 691 2657 844 2712; x_wconf 91' lang='lat' dir='ltr'><strong>bonis</strong></span> <span class='ocrx_word' id='word_1_195' title='bbox 859 2656 998 2710; x_wconf 86' lang='lat' dir='ltr'><strong>mala</strong></span> <span class='ocrx_word' id='word_1_196' title='bbox 1025 2665 1142 2710; x_wconf 89' lang='lat' dir='ltr'><strong>orta</strong></span> <span class='ocrx_word' id='word_1_197' title='bbox 1174 2664 1360 2709; x_wconf 73' lang='lat' dir='ltr'><strong>suntzi</strong></span> <span class='ocrx_word' id='word_1_198' title='bbox 1385 2664 1436 2710; x_wconf 90' lang='lat' dir='ltr'><strong>et</strong></span> <span class='ocrx_word' id='word_1_199' title='bbox 1450 2653 1706 2710; x_wconf 87' lang='lat' dir='ltr'><strong>adversus</strong></span> <span class='ocrx_word' id='word_1_200' title='bbox 1737 2669 1860 2710; x_wconf 89' lang='lat' dir='ltr'><strong>eum</strong></span> <span class='ocrx_word' id='word_1_201' title='bbox 1892 2669 1994 2726; x_wconf 89' lang='lat' dir='ltr'><strong>pro</strong></span> 
     </span>
    </p>
   </div>
   <div class='ocr_carea' id='block_1_27' title="bbox 407 2745 2002 2815">
    <p class='ocr_par' dir='ltr' id='par_1_27' title="bbox 407 2745 2002 2815">
     <span class='ocr_line' id='line_1_27' title="bbox 407 2745 2002 2815; baseline -0.003 -12"><span class='ocrx_word' id='word_1_202' title='bbox 407 2749 716 2804; x_wconf 66' lang='lat' dir='ltr'><strong>Maniebaais</strong></span> <span class='ocrx_word' id='word_1_203' title='bbox 729 2757 782 2802; x_wconf 92' lang='lat' dir='ltr'><strong>tu</strong></span> <span class='ocrx_word' id='word_1_204' title='bbox 801 2748 1080 2812; x_wconf 89' lang='lat' dir='ltr'><strong>reclamas,</strong></span> <span class='ocrx_word' id='word_1_205' title='bbox 1093 2765 1110 2797; x_wconf 73' lang='grc' dir='ltr'><strong>ι</strong></span> <span class='ocrx_word' id='word_1_206' title='bbox 1122 2745 1356 2802; x_wconf 86' lang='lat' dir='ltr'><strong>Necesse</strong></span> <span class='ocrx_word' id='word_1_207' title='bbox 1368 2755 1452 2800; x_wconf 88' lang='lat' dir='ltr'><strong>est</strong></span> <span class='ocrx_word' id='word_1_208' title='bbox 1463 2746 1658 2800; x_wconf 90' lang='lat' dir='ltr'><strong>malum</strong></span> <span class='ocrx_word' id='word_1_209' title='bbox 1671 2759 1882 2812; x_wconf 79' lang='lat' dir='ltr'><strong>esse,ex</strong></span> <span class='ocrx_word' id='word_1_210' title='bbox 1895 2761 2002 2815; x_wconf 92' lang='lat' dir='ltr'><strong>quo</strong></span> 
     </span>
    </p>
   </div>
   <div class='ocr_carea' id='block_1_28' title="bbox 407 2838 2002 2912">
    <p class='ocr_par' dir='ltr' id='par_1_28' title="bbox 407 2838 2002 2912">
     <span class='ocr_line' id='line_1_28' title="bbox 407 2838 2002 2912; baseline -0.003 -16"><span class='ocrx_word' id='word_1_211' title='bbox 407 2851 464 2896; x_wconf 76' lang='lat' dir='ltr'><strong>et</strong></span> <span class='ocrx_word' id='word_1_212' title='bbox 481 2855 576 2912; x_wconf 89' lang='lat' dir='ltr'><strong>per</strong></span> <span class='ocrx_word' id='word_1_213' title='bbox 599 2839 741 2911; x_wconf 90' lang='lat' dir='ltr'><strong>quod</strong></span> <span class='ocrx_word' id='word_1_214' title='bbox 769 2840 938 2894; x_wconf 89' lang='lat' dir='ltr'><strong>malus</strong></span> <span class='ocrx_word' id='word_1_215' title='bbox 953 2838 1157 2893; x_wconf 80' lang='lat' dir='ltr'><strong>fructus</strong></span> <span class='ocrx_word' id='word_1_216' title='bbox 1173 2838 1445 2908; x_wconf 81' lang='lat' dir='ltr'><strong>apparuit;</strong></span> <span class='ocrx_word' id='word_1_217' title='bbox 1461 2857 1480 2890; x_wconf 80' lang='grc' dir='ltr'><strong>ι</strong></span> <span class='ocrx_word' id='word_1_218' title='bbox 1503 2846 1606 2903; x_wconf 75' lang='grc' dir='ltr'>θι,ι</span> <span class='ocrx_word' id='word_1_219' title='bbox 1621 2838 1722 2894; x_wconf 87' lang='lat' dir='ltr'><strong>Per</strong></span> <span class='ocrx_word' id='word_1_220' title='bbox 1745 2853 1880 2907; x_wconf 92' lang='lat' dir='ltr'><strong>opus</strong></span> <span class='ocrx_word' id='word_1_221' title='bbox 1909 2838 2002 2893; x_wconf 85' lang='lat' dir='ltr'><strong>Dei</strong></span> 
     </span>
    </p>
   </div>
   <div class='ocr_carea' id='block_1_29' title="bbox 408 2929 2002 3004">
    <p class='ocr_par' dir='ltr' id='par_1_29' title="bbox 408 2929 2002 3004">
     <span class='ocr_line' id='line_1_29' title="bbox 408 2929 2002 3004; baseline -0.001 -17"><span class='ocrx_word' id='word_1_222' title='bbox 408 2951 544 3004; x_wconf 87' lang='lat' dir='ltr'><strong>opus</strong></span> <span class='ocrx_word' id='word_1_223' title='bbox 561 2931 1006 2991; x_wconf 74' lang='lat' dir='ltr'><strong>diabolitransire</strong></span> <span class='ocrx_word' id='word_1_224' title='bbox 1023 2947 1133 2986; x_wconf 85' lang='lat' dir='ltr'><strong>non</strong></span> <span class='ocrx_word' id='word_1_225' title='bbox 1149 2931 1359 2996; x_wconf 86' lang='lat' dir='ltr'><strong>sinitur;</strong></span> <span class='ocrx_word' id='word_1_226' title='bbox 1375 2941 1476 2997; x_wconf 72' lang='lat' dir='ltr'><strong>iet,</strong></span> <span class='ocrx_word' id='word_1_227' title='bbox 1489 2929 1574 2984; x_wconf 82' lang='grc' dir='ltr'>ιΙιι</span> <span class='ocrx_word' id='word_1_228' title='bbox 1586 2929 1728 2985; x_wconf 91' lang='lat' dir='ltr'><strong>dono</strong></span> <span class='ocrx_word' id='word_1_229' title='bbox 1743 2930 1834 2986; x_wconf 91' lang='lat' dir='ltr'><strong>Dei</strong></span> <span class='ocrx_word' id='word_1_230' title='bbox 1851 2930 2002 2985; x_wconf 81' lang='lat' dir='ltr'><strong>radix</strong></span> 
     </span>
    </p>
   </div>
   <div class='ocr_carea' id='block_1_30' title="bbox 409 3021 2006 3094">
    <p class='ocr_par' dir='ltr' id='par_1_30' title="bbox 409 3021 2006 3094">
     <span class='ocr_line' id='line_1_30' title="bbox 409 3021 2006 3094; baseline -0.003 -12"><span class='ocrx_word' id='word_1_231' title='bbox 409 3027 535 3082; x_wconf 85' lang='lat' dir='ltr'><strong>mali</strong></span> <span class='ocrx_word' id='word_1_232' title='bbox 552 3026 714 3081; x_wconf 88' lang='lat' dir='ltr'><strong>locari</strong></span> <span class='ocrx_word' id='word_1_233' title='bbox 731 3040 836 3080; x_wconf 91' lang='lat' dir='ltr'><strong>non</strong></span> <span class='ocrx_word' id='word_1_234' title='bbox 853 3032 1048 3094; x_wconf 87' lang='lat' dir='ltr'><strong>potest;</strong></span> <span class='ocrx_word' id='word_1_235' title='bbox 1080 3032 1183 3088; x_wconf 73' lang='lat' dir='ltr'><strong>iet,</strong></span> <span class='ocrx_word' id='word_1_236' title='bbox 1197 3043 1213 3076; x_wconf 88' lang='grc' dir='ltr'><strong>ι</strong></span> <span class='ocrx_word' id='word_1_237' title='bbox 1225 3022 1422 3078; x_wconf 82' lang='lat' dir='ltr'><strong>Rerum</strong></span> <span class='ocrx_word' id='word_1_238' title='bbox 1439 3023 1575 3076; x_wconf 88' lang='lat' dir='ltr'><strong>ratio</strong></span> <span class='ocrx_word' id='word_1_239' title='bbox 1595 3037 1700 3076; x_wconf 94' lang='lat' dir='ltr'><strong>non</strong></span> <span class='ocrx_word' id='word_1_240' title='bbox 1724 3021 1850 3076; x_wconf 91' lang='lat' dir='ltr'><strong>sinit</strong></span> <span class='ocrx_word' id='word_1_241' title='bbox 1869 3021 2006 3078; x_wconf 88' lang='lat' dir='ltr'><strong>utde</strong></span> 
     </span>
    </p>
   </div>
   <div class='ocr_carea' id='block_1_31' title="bbox 409 3113 1999 3186">
    <p class='ocr_par' dir='ltr' id='par_1_31' title="bbox 409 3113 1999 3186">
     <span class='ocr_line' id='line_1_31' title="bbox 409 3113 1999 3186; baseline -0.004 -13"><span class='ocrx_word' id='word_1_242' title='bbox 409 3120 554 3173; x_wconf 83' lang='lat' dir='ltr'><strong>bono</strong></span> <span class='ocrx_word' id='word_1_243' title='bbox 576 3119 794 3184; x_wconf 90' lang='lat' dir='ltr'><strong>malutn,</strong></span> <span class='ocrx_word' id='word_1_244' title='bbox 818 3132 880 3172; x_wconf 89' lang='lat' dir='ltr'><strong>ac</strong></span> <span class='ocrx_word' id='word_1_245' title='bbox 895 3117 962 3172; x_wconf 92' lang='lat' dir='ltr'><strong>de</strong></span> <span class='ocrx_word' id='word_1_246' title='bbox 978 3116 1120 3186; x_wconf 88' lang='lat' dir='ltr'><strong>justo</strong></span> <span class='ocrx_word' id='word_1_247' title='bbox 1143 3115 1380 3185; x_wconf 89' lang='lat' dir='ltr'><strong>iniquum</strong></span> <span class='ocrx_word' id='word_1_248' title='bbox 1393 3113 1594 3184; x_wconf 86' lang='lat' dir='ltr'><strong>aliquid</strong></span> <span class='ocrx_word' id='word_1_249' title='bbox 1621 3113 1950 3184; x_wconf 82' lang='lat' dir='ltr'><strong>proferatur.</strong></span> <span class='ocrx_word' id='word_1_250' title='bbox 1980 3133 1999 3167; x_wconf 80' lang='grc' dir='ltr'><strong>ι</strong></span> 
     </span>
    </p>
   </div>
   <div class='ocr_carea' id='block_1_32' title="bbox 413 3205 2002 3281">
    <p class='ocr_par' dir='ltr' id='par_1_32' title="bbox 413 3205 2002 3281">
     <span class='ocr_line' id='line_1_32' title="bbox 413 3205 2002 3281; baseline -0.004 -13"><span class='ocrx_word' id='word_1_251' title='bbox 413 3213 536 3268; x_wconf 73' lang='lat' dir='ltr'><strong>[Lee</strong></span> <span class='ocrx_word' id='word_1_252' title='bbox 564 3212 764 3266; x_wconf 91' lang='lat' dir='ltr'><strong>clamas</strong></span> <span class='ocrx_word' id='word_1_253' title='bbox 791 3225 887 3281; x_wconf 90' lang='lat' dir='ltr'><strong>pro</strong></span> <span class='ocrx_word' id='word_1_254' title='bbox 938 3208 1244 3264; x_wconf 68' lang='lat' dir='ltr'><strong>Manielmzis</strong></span> <span class='ocrx_word' id='word_1_255' title='bbox 1271 3218 1458 3262; x_wconf 91' lang='lat' dir='ltr'><strong>contra</strong></span> <span class='ocrx_word' id='word_1_256' title='bbox 1497 3221 1683 3262; x_wconf 90' lang='lat' dir='ltr'><strong>vocem</strong></span> <span class='ocrx_word' id='word_1_257' title='bbox 1723 3205 2002 3262; x_wconf 81' lang='lat' dir='ltr'><strong>catholica:</strong></span> 
     </span>
    </p>
   </div>
   <div class='ocr_carea' id='block_1_33' title="bbox 415 3299 2007 3373">
    <p class='ocr_par' dir='ltr' id='par_1_33' title="bbox 415 3299 2007 3373">
     <span class='ocr_line' id='line_1_33' title="bbox 415 3299 2007 3373; baseline 0 -18"><span class='ocrx_word' id='word_1_258' title='bbox 415 3303 656 3358; x_wconf 83' lang='lat' dir='ltr'><strong>veritatis</strong></span> <span class='ocrx_word' id='word_1_259' title='bbox 677 3318 772 3373; x_wconf 91' lang='lat' dir='ltr'><strong>per</strong></span> <span class='ocrx_word' id='word_1_260' title='bbox 793 3301 1124 3356; x_wconf 88' lang='lat' dir='ltr'><strong>sacerdotem</strong></span> <span class='ocrx_word' id='word_1_261' title='bbox 1150 3301 1242 3356; x_wconf 89' lang='lat' dir='ltr'><strong>Dei</strong></span> <span class='ocrx_word' id='word_1_262' title='bbox 1277 3299 1574 3370; x_wconf 84' lang='lat' dir='ltr'><strong>prolatam;</strong></span> <span class='ocrx_word' id='word_1_263' title='bbox 1606 3309 1666 3354; x_wconf 89' lang='lat' dir='ltr'><strong>ut</strong></span> <span class='ocrx_word' id='word_1_264' title='bbox 1715 3300 1759 3354; x_wconf 88' lang='lat' dir='ltr'><strong>si</strong></span> <span class='ocrx_word' id='word_1_265' title='bbox 1811 3309 1866 3354; x_wconf 92' lang='lat' dir='ltr'><strong>tu</strong></span> <span class='ocrx_word' id='word_1_266' title='bbox 1911 3313 2007 3355; x_wconf 80' lang='lat' dir='ltr'><strong>au-</strong></span> 
     </span>
    </p>
   </div>
   <div class='ocr_carea' id='block_1_34' title="bbox 415 3391 2002 3460">
    <p class='ocr_par' dir='ltr' id='par_1_34' title="bbox 415 3391 2002 3460">
     <span class='ocr_line' id='line_1_34' title="bbox 415 3391 2002 3460; baseline -0.003 -11"><span class='ocrx_word' id='word_1_267' title='bbox 415 3395 610 3460; x_wconf 85' lang='lat' dir='ltr'><strong>diaris,</strong></span> <span class='ocrx_word' id='word_1_268' title='bbox 631 3393 907 3448; x_wconf 69' lang='lat' dir='ltr'><strong>Manichmi</strong></span> <span class='ocrx_word' id='word_1_269' title='bbox 935 3393 1186 3458; x_wconf 88' lang='lat' dir='ltr'><strong>vincant,</strong></span> <span class='ocrx_word' id='word_1_270' title='bbox 1231 3391 1506 3456; x_wconf 86' lang='lat' dir='ltr'><strong>dicentes,</strong></span> <span class='ocrx_word' id='word_1_271' title='bbox 1552 3400 1609 3446; x_wconf 90' lang='lat' dir='ltr'><strong>ut</strong></span> <span class='ocrx_word' id='word_1_272' title='bbox 1635 3391 1737 3444; x_wconf 89' lang='lat' dir='ltr'><strong>alia</strong></span> <span class='ocrx_word' id='word_1_273' title='bbox 1765 3400 1966 3446; x_wconf 89' lang='lat' dir='ltr'><strong>taceam</strong></span> <span class='ocrx_word' id='word_1_274' title='bbox 1987 3433 2002 3454; x_wconf 91' lang='lat'><strong>,</strong></span> 
     </span>
    </p>
   </div>
   <div class='ocr_carea' id='block_1_35' title="bbox 419 3481 2007 3552">
    <p class='ocr_par' dir='ltr' id='par_1_35' title="bbox 419 3481 2007 3552">
     <span class='ocr_line' id='line_1_35' title="bbox 419 3481 2007 3552; baseline -0.001 -14"><span class='ocrx_word' id='word_1_275' title='bbox 419 3509 437 3538; x_wconf 79' lang='grc' dir='ltr'><strong>ι</strong></span> <span class='ocrx_word' id='word_1_276' title='bbox 463 3487 516 3542; x_wconf 83' lang='lat' dir='ltr'><strong>Si</strong></span> <span class='ocrx_word' id='word_1_277' title='bbox 546 3501 728 3540; x_wconf 86' lang='lat' dir='ltr'><strong>rerum</strong></span> <span class='ocrx_word' id='word_1_278' title='bbox 759 3485 894 3540; x_wconf 90' lang='lat' dir='ltr'><strong>ratio</strong></span> <span class='ocrx_word' id='word_1_279' title='bbox 919 3500 1026 3539; x_wconf 92' lang='lat' dir='ltr'><strong>non</strong></span> <span class='ocrx_word' id='word_1_280' title='bbox 1055 3483 1184 3538; x_wconf 89' lang='lat' dir='ltr'><strong>sinit</strong></span> <span class='ocrx_word' id='word_1_281' title='bbox 1213 3492 1272 3538; x_wconf 92' lang='lat' dir='ltr'><strong>ut</strong></span> <span class='ocrx_word' id='word_1_282' title='bbox 1299 3483 1367 3538; x_wconf 89' lang='lat' dir='ltr'><strong>de</strong></span> <span class='ocrx_word' id='word_1_283' title='bbox 1394 3481 1538 3536; x_wconf 91' lang='lat' dir='ltr'><strong>bono</strong></span> <span class='ocrx_word' id='word_1_284' title='bbox 1569 3483 1765 3536; x_wconf 86' lang='lat' dir='ltr'><strong>malum</strong></span> <span class='ocrx_word' id='word_1_285' title='bbox 1807 3481 2007 3552; x_wconf 89' lang='lat' dir='ltr'><strong>aliquid</strong></span> 
     </span>
    </p>
   </div>
   <div class='ocr_carea' id='block_1_36' title="bbox 416 3573 2006 3648">
    <p class='ocr_par' dir='ltr' id='par_1_36' title="bbox 416 3573 2006 3648">
     <span class='ocr_line' id='line_1_36' title="bbox 416 3573 2006 3648; baseline -0.003 -16"><span class='ocrx_word' id='word_1_286' title='bbox 416 3577 754 3648; x_wconf 84' lang='lat' dir='ltr'><strong>proferatur;</strong></span> <span class='ocrx_word' id='word_1_287' title='bbox 791 3593 811 3628; x_wconf 81' lang='grc' dir='ltr'><strong>ι</strong></span> <span class='ocrx_word' id='word_1_288' title='bbox 849 3592 953 3630; x_wconf 91' lang='lat' dir='ltr'><strong>non</strong></span> <span class='ocrx_word' id='word_1_289' title='bbox 975 3592 1104 3646; x_wconf 84' lang='lat' dir='ltr'><strong>ergo</strong></span> <span class='ocrx_word' id='word_1_290' title='bbox 1134 3591 1196 3631; x_wconf 74' lang='lat' dir='ltr'><strong>ex</strong></span> <span class='ocrx_word' id='word_1_291' title='bbox 1225 3574 1414 3641; x_wconf 88' lang='lat' dir='ltr'><strong>bonis,</strong></span> <span class='ocrx_word' id='word_1_292' title='bbox 1443 3573 1582 3628; x_wconf 89' lang='lat' dir='ltr'><strong>sicut</strong></span> <span class='ocrx_word' id='word_1_293' title='bbox 1606 3573 1737 3636; x_wconf 85' lang='lat' dir='ltr'><strong>dicit</strong></span> <span class='ocrx_word' id='word_1_294' title='bbox 1771 3574 2006 3628; x_wconf 86' lang='lat' dir='ltr'><strong>Ambro-</strong></span> 
     </span>
    </p>
   </div>
   <div class='ocr_carea' id='block_1_37' title="bbox 417 3665 2007 3736">
    <p class='ocr_par' dir='ltr' id='par_1_37' title="bbox 417 3665 2007 3736">
     <span class='ocr_line' id='line_1_37' title="bbox 417 3665 2007 3736; baseline -0.004 -12"><span class='ocrx_word' id='word_1_295' title='bbox 417 3671 530 3726; x_wconf 86' lang='lat' dir='ltr'><strong>sius</strong></span> <span class='ocrx_word' id='word_1_296' title='bbox 549 3711 563 3736; x_wconf 95' lang='lat'><strong>,</strong></span> <span class='ocrx_word' id='word_1_297' title='bbox 589 3668 681 3723; x_wconf 89' lang='lat' dir='ltr'><strong>sed</strong></span> <span class='ocrx_word' id='word_1_298' title='bbox 705 3708 720 3734; x_wconf 93' lang='lat'><strong>,</strong></span> <span class='ocrx_word' id='word_1_299' title='bbox 747 3668 884 3723; x_wconf 86' lang='lat' dir='ltr'><strong>sicut</strong></span> <span class='ocrx_word' id='word_1_300' title='bbox 914 3681 1014 3724; x_wconf 86' lang='lat' dir='ltr'><strong>nos</strong></span> <span class='ocrx_word' id='word_1_301' title='bbox 1039 3667 1299 3732; x_wconf 83' lang='lat' dir='ltr'><strong>dicimus,</strong></span> <span class='ocrx_word' id='word_1_302' title='bbox 1355 3681 1418 3720; x_wconf 78' lang='lat' dir='ltr'><strong>ex</strong></span> <span class='ocrx_word' id='word_1_303' title='bbox 1479 3665 1602 3720; x_wconf 87' lang='lat' dir='ltr'><strong>tnali</strong></span> <span class='ocrx_word' id='word_1_304' title='bbox 1651 3674 1838 3719; x_wconf 86' lang='lat' dir='ltr'><strong>natura</strong></span> <span class='ocrx_word' id='word_1_305' title='bbox 1887 3672 2007 3719; x_wconf 84' lang='lat' dir='ltr'><strong>orta</strong></span> 
     </span>
    </p>
   </div>
   <div class='ocr_carea' id='block_1_38' title="bbox 476 3784 1476 3842">
    <p class='ocr_par' dir='ltr' id='par_1_38' title="bbox 476 3784 1476 3842">
     <span class='ocr_line' id='line_1_38' title="bbox 476 3784 1476 3842; baseline -0.006 -7"><span class='ocrx_word' id='word_1_306' title='bbox 476 3789 497 3816; x_wconf 82' lang='grc'>³</span> <span class='ocrx_word' id='word_1_307' title='bbox 530 3794 592 3837; x_wconf 73' lang='grc' dir='ltr'><strong>εχ</strong></span> <span class='ocrx_word' id='word_1_308' title='bbox 615 3787 899 3837; x_wconf 71' lang='grc' dir='ltr'><strong>ιεἸοι-ἱειοειιεί</strong></span> <span class='ocrx_word' id='word_1_309' title='bbox 925 3792 1008 3836; x_wconf 77' lang='lat' dir='ltr'><strong>Ms.</strong></span> <span class='ocrx_word' id='word_1_310' title='bbox 1033 3784 1269 3842; x_wconf 83' lang='lat' dir='ltr'><strong>addimus,</strong></span> <span class='ocrx_word' id='word_1_311' title='bbox 1295 3787 1342 3832; x_wconf 81' lang='lat' dir='ltr'><strong>et</strong></span> <span class='ocrx_word' id='word_1_312' title='bbox 1365 3788 1476 3830; x_wconf 82' lang='lat' dir='ltr'><strong>ate.</strong></span> 
     </span>
    </p>
   </div>
   <div class='ocr_carea' id='block_1_39' title="bbox 1201 351 3678 414">
    <p class='ocr_par' dir='ltr' id='par_1_39' title="bbox 1201 351 3678 414">
     <span class='ocr_line' id='line_1_39' title="bbox 1201 351 3678 414; baseline -0.004 -2"><span class='ocrx_word' id='word_1_313' title='bbox 1201 356 1472 414; x_wconf 68' lang='lat' dir='ltr'><strong>CONTRA</strong></span> <span class='ocrx_word' id='word_1_314' title='bbox 1512 353 1851 412; x_wconf 71' lang='lat' dir='ltr'><strong>JULlA&#39;NUM</strong></span> <span class='ocrx_word' id='word_1_315' title='bbox 1891 351 2352 413; x_wconf 70' lang='lat' dir='ltr'><strong>PELAGIANUM.</strong></span> <span class='ocrx_word' id='word_1_316' title='bbox 2395 353 2452 407; x_wconf 91' lang='lat' dir='ltr'><strong>S.</strong></span> <span class='ocrx_word' id='word_1_317' title='bbox 2495 354 2864 412; x_wconf 83' lang='lat' dir='ltr'><strong>AUGUSTINI</strong></span> <span class='ocrx_word' id='word_1_318' title='bbox 2921 378 2936 389; x_wconf 77' lang='grc' dir='ltr'><strong><em>ο</em></strong></span> <span class='ocrx_word' id='word_1_319' title='bbox 3573 359 3678 414; x_wconf 66' lang='lat'><strong>67:),</strong></span> 
     </span>
    </p>
   </div>
   <div class='ocr_carea' id='block_1_40' title="bbox 2090 466 3674 541">
    <p class='ocr_par' dir='ltr' id='par_1_40' title="bbox 2090 466 3674 541">
     <span class='ocr_line' id='line_1_40' title="bbox 2090 466 3674 541; baseline 0.004 -24"><span class='ocrx_word' id='word_1_320' title='bbox 2090 473 2214 518; x_wconf 92' lang='lat' dir='ltr'><strong>sunt</strong></span> <span class='ocrx_word' id='word_1_321' title='bbox 2239 466 2392 527; x_wconf 88' lang='lat' dir='ltr'><strong>mala.</strong></span> <span class='ocrx_word' id='word_1_322' title='bbox 2421 467 2556 523; x_wconf 77' lang='lat' dir='ltr'><strong>Ecce</strong></span> <span class='ocrx_word' id='word_1_323' title='bbox 2580 469 2630 522; x_wconf 93' lang='lat' dir='ltr'><strong>in</strong></span> <span class='ocrx_word' id='word_1_324' title='bbox 2653 480 2902 540; x_wconf 86' lang='lat' dir='ltr'><strong>quantam</strong></span> <span class='ocrx_word' id='word_1_325' title='bbox 2928 471 3234 541; x_wconf 82' lang='lat' dir='ltr'><strong>voraginem</strong></span> <span class='ocrx_word' id='word_1_326' title='bbox 3264 471 3509 527; x_wconf 81' lang='lat' dir='ltr'><strong>decidisti</strong></span> <span class='ocrx_word' id='word_1_327' title='bbox 3534 474 3674 526; x_wconf 83' lang='lat' dir='ltr'><strong>male</strong></span> 
     </span>
    </p>
   </div>
   <div class='ocr_carea' id='block_1_41' title="bbox 2087 553 3679 634">
    <p class='ocr_par' dir='ltr' id='par_1_41' title="bbox 2087 553 3679 634">
     <span class='ocr_line' id='line_1_41' title="bbox 2087 553 3679 634; baseline 0.006 -26"><span class='ocrx_word' id='word_1_328' title='bbox 2087 553 2432 626; x_wconf 83' lang='lat' dir='ltr'><strong>intelligendo</strong></span> <span class='ocrx_word' id='word_1_329' title='bbox 2486 559 2766 613; x_wconf 88' lang='lat' dir='ltr'><strong>Dominum</strong></span> <span class='ocrx_word' id='word_1_330' title='bbox 2796 561 3060 616; x_wconf 89' lang='lat' dir='ltr'><strong>dicentem</strong></span> <span class='ocrx_word' id='word_1_331' title='bbox 3085 603 3100 626; x_wconf 91' lang='lat'><strong>,</strong></span> <span class='ocrx_word' id='word_1_332' title='bbox 3135 561 3298 616; x_wconf 79' lang='lat' dir='ltr'><strong>Arbor</strong></span> <span class='ocrx_word' id='word_1_333' title='bbox 3325 562 3453 616; x_wconf 79' lang='lat' dir='ltr'><strong>bona</strong></span> <span class='ocrx_word' id='word_1_334' title='bbox 3480 568 3679 634; x_wconf 75' lang='lat' dir='ltr'><strong>{ructus</strong></span> 
     </span>
    </p>
   </div>
   <div class='ocr_carea' id='block_1_42' title="bbox 2089 648 3671 722">
    <p class='ocr_par' dir='ltr' id='par_1_42' title="bbox 2089 648 3671 722">
     <span class='ocr_line' id='line_1_42' title="bbox 2089 648 3671 722; baseline 0.006 -23"><span class='ocrx_word' id='word_1_335' title='bbox 2089 648 2250 700; x_wconf 74' lang='lat' dir='ltr'><strong>malos</strong></span> <span class='ocrx_word' id='word_1_336' title='bbox 2279 665 2380 702; x_wconf 82' lang='lat' dir='ltr'><strong>non</strong></span> <span class='ocrx_word' id='word_1_337' title='bbox 2406 651 2525 721; x_wconf 73' lang='lat' dir='ltr'><strong>facit</strong></span> <span class='ocrx_word' id='word_1_338' title='bbox 2552 667 2570 704; x_wconf 90' lang='lat'><strong><em>:</em></strong></span> <span class='ocrx_word' id='word_1_339' title='bbox 2595 665 2716 706; x_wconf 89' lang='lat' dir='ltr'><strong>cum</strong></span> <span class='ocrx_word' id='word_1_340' title='bbox 2747 651 2852 707; x_wconf 90' lang='lat' dir='ltr'><strong>hoc</strong></span> <span class='ocrx_word' id='word_1_341' title='bbox 2877 669 2983 708; x_wconf 93' lang='lat' dir='ltr'><strong>non</strong></span> <span class='ocrx_word' id='word_1_342' title='bbox 3027 654 3096 708; x_wconf 90' lang='lat' dir='ltr'><strong>sit</strong></span> <span class='ocrx_word' id='word_1_343' title='bbox 3131 654 3331 709; x_wconf 88' lang='lat' dir='ltr'><strong>dictum</strong></span> <span class='ocrx_word' id='word_1_344' title='bbox 3355 654 3425 710; x_wconf 89' lang='lat' dir='ltr'><strong>de</strong></span> <span class='ocrx_word' id='word_1_345' title='bbox 3453 666 3671 722; x_wconf 84' lang='lat' dir='ltr'><strong>natura,</strong></span> 
     </span>
    </p>
   </div>
   <div class='ocr_carea' id='block_1_43' title="bbox 2089 740 3681 814">
    <p class='ocr_par' dir='ltr' id='par_1_43' title="bbox 2089 740 3681 814">
     <span class='ocr_line' id='line_1_43' title="bbox 2089 740 3681 814; baseline 0.008 -21"><span class='ocrx_word' id='word_1_346' title='bbox 2089 740 2176 794; x_wconf 86' lang='lat' dir='ltr'><strong>vel</strong></span> <span class='ocrx_word' id='word_1_347' title='bbox 2198 741 2267 796; x_wconf 84' lang='lat' dir='ltr'><strong>de</strong></span> <span class='ocrx_word' id='word_1_348' title='bbox 2294 743 2520 811; x_wconf 85' lang='lat' dir='ltr'><strong>nuptiis,</strong></span> <span class='ocrx_word' id='word_1_349' title='bbox 2559 761 2694 814; x_wconf 86' lang='lat' dir='ltr'><strong>quas</strong></span> <span class='ocrx_word' id='word_1_350' title='bbox 2721 745 2950 802; x_wconf 86' lang='lat' dir='ltr'><strong>instituit</strong></span> <span class='ocrx_word' id='word_1_351' title='bbox 2981 747 3155 814; x_wconf 90' lang='lat' dir='ltr'><strong>Deus,</strong></span> <span class='ocrx_word' id='word_1_352' title='bbox 3185 747 3278 802; x_wconf 91' lang='lat' dir='ltr'><strong>sed</strong></span> <span class='ocrx_word' id='word_1_353' title='bbox 3305 749 3373 802; x_wconf 91' lang='lat' dir='ltr'><strong>de</strong></span> <span class='ocrx_word' id='word_1_354' title='bbox 3403 749 3681 805; x_wconf 81' lang='lat' dir='ltr'><strong>voluntate</strong></span> 
     </span>
    </p>
   </div>
   <div class='ocr_carea' id='block_1_44' title="bbox 2093 832 3382 910">
    <p class='ocr_par' dir='ltr' id='par_1_44' title="bbox 2093 832 3382 910">
     <span class='ocr_line' id='line_1_44' title="bbox 2093 832 3382 910; baseline 0.004 -22"><span class='ocrx_word' id='word_1_355' title='bbox 2093 832 2327 890; x_wconf 84' lang='lat' dir='ltr'><strong>hominis</strong></span> <span class='ocrx_word' id='word_1_356' title='bbox 2352 837 2527 903; x_wconf 78' lang='lat' dir='ltr'><strong>bona,</strong></span> <span class='ocrx_word' id='word_1_357' title='bbox 2560 853 2590 890; x_wconf 90' lang='lat' dir='ltr'><strong>a</strong></span> <span class='ocrx_word' id='word_1_358' title='bbox 2610 853 2712 908; x_wconf 86' lang='lat' dir='ltr'><strong>qua</strong></span> <span class='ocrx_word' id='word_1_359' title='bbox 2741 854 2847 893; x_wconf 92' lang='lat' dir='ltr'><strong>non</strong></span> <span class='ocrx_word' id='word_1_360' title='bbox 2877 839 3012 894; x_wconf 87' lang='lat' dir='ltr'><strong>iinnt</strong></span> <span class='ocrx_word' id='word_1_361' title='bbox 3035 856 3197 910; x_wconf 80' lang='lat' dir='ltr'><strong>opera</strong></span> <span class='ocrx_word' id='word_1_362' title='bbox 3219 841 3382 894; x_wconf 88' lang='lat' dir='ltr'><strong>mala.</strong></span> 
     </span>
    </p>
   </div>
   <div class='ocr_carea' id='block_1_45' title="bbox 2163 927 3682 1003">
    <p class='ocr_par' dir='ltr' id='par_1_45' title="bbox 2163 927 3682 1003">
     <span class='ocr_line' id='line_1_45' title="bbox 2163 927 3682 1003; baseline 0.003 -21"><span class='ocrx_word' id='word_1_363' title='bbox 2163 927 2254 982; x_wconf 72' lang='grc'><strong>45.</strong></span> <span class='ocrx_word' id='word_1_364' title='bbox 2287 927 2391 983; x_wconf 92' lang='lat' dir='ltr'><strong>Sed</strong></span> <span class='ocrx_word' id='word_1_365' title='bbox 2415 945 2482 984; x_wconf 91' lang='lat' dir='ltr'><strong>ne</strong></span> <span class='ocrx_word' id='word_1_366' title='bbox 2507 929 2642 986; x_wconf 83' lang='lat' dir='ltr'><strong>forte</strong></span> <span class='ocrx_word' id='word_1_367' title='bbox 2671 931 2755 985; x_wconf 88' lang='lat' dir='ltr'><strong>vel</strong></span> <span class='ocrx_word' id='word_1_368' title='bbox 2801 941 2854 986; x_wconf 89' lang='lat' dir='ltr'><strong>tu</strong></span> <span class='ocrx_word' id='word_1_369' title='bbox 2875 973 2890 998; x_wconf 94' lang='lat'><strong>,</strong></span> <span class='ocrx_word' id='word_1_370' title='bbox 2918 932 3000 986; x_wconf 85' lang='lat' dir='ltr'><strong>vel</strong></span> <span class='ocrx_word' id='word_1_371' title='bbox 3029 933 3292 1002; x_wconf 88' lang='lat' dir='ltr'><strong>quispiam</strong></span> <span class='ocrx_word' id='word_1_372' title='bbox 3335 933 3508 998; x_wconf 89' lang='lat' dir='ltr'><strong>dicat,</strong></span> <span class='ocrx_word' id='word_1_373' title='bbox 3537 935 3682 1003; x_wconf 85' lang='lat' dir='ltr'><strong>Quo-</strong></span> 
     </span>
    </p>
   </div>
   <div class='ocr_carea' id='block_1_46' title="bbox 2094 1018 3685 1090">
    <p class='ocr_par' dir='ltr' id='par_1_46' title="bbox 2094 1018 3685 1090">
     <span class='ocr_line' id='line_1_46' title="bbox 2094 1018 3685 1090; baseline 0.004 -18"><span class='ocrx_word' id='word_1_374' title='bbox 2094 1018 2255 1072; x_wconf 82' lang='lat' dir='ltr'><strong>modo</strong></span> <span class='ocrx_word' id='word_1_375' title='bbox 2282 1019 2351 1074; x_wconf 92' lang='lat' dir='ltr'><strong>de</strong></span> <span class='ocrx_word' id='word_1_376' title='bbox 2374 1020 2568 1076; x_wconf 90' lang='lat' dir='ltr'><strong>arbore</strong></span> <span class='ocrx_word' id='word_1_377' title='bbox 2593 1037 2755 1090; x_wconf 90' lang='lat' dir='ltr'><strong>quam</strong></span> <span class='ocrx_word' id='word_1_378' title='bbox 2799 1023 2928 1078; x_wconf 83' lang='lat' dir='ltr'><strong>facit</strong></span> <span class='ocrx_word' id='word_1_379' title='bbox 2951 1022 3142 1090; x_wconf 89' lang='lat' dir='ltr'><strong>homo,</strong></span> <span class='ocrx_word' id='word_1_380' title='bbox 3171 1023 3222 1077; x_wconf 93' lang='lat' dir='ltr'><strong>id</strong></span> <span class='ocrx_word' id='word_1_381' title='bbox 3259 1033 3373 1088; x_wconf 90' lang='lat' dir='ltr'><strong>est,</strong></span> <span class='ocrx_word' id='word_1_382' title='bbox 3413 1025 3685 1078; x_wconf 66' lang='lat' dir='ltr'><strong>voluntate</strong></span> 
     </span>
    </p>
   </div>
   <div class='ocr_carea' id='block_1_47' title="bbox 2095 1109 3685 1184">
    <p class='ocr_par' dir='ltr' id='par_1_47' title="bbox 2095 1109 3685 1184">
     <span class='ocr_line' id='line_1_47' title="bbox 2095 1109 3685 1184; baseline 0.002 -21"><span class='ocrx_word' id='word_1_383' title='bbox 2095 1109 2234 1163; x_wconf 90' lang='lat' dir='ltr'><strong>bona</strong></span> <span class='ocrx_word' id='word_1_384' title='bbox 2263 1127 2370 1164; x_wconf 91' lang='lat' dir='ltr'><strong>non</strong></span> <span class='ocrx_word' id='word_1_385' title='bbox 2415 1111 2551 1165; x_wconf 83' lang='lat' dir='ltr'><strong>fiunt</strong></span> <span class='ocrx_word' id='word_1_386' title='bbox 2576 1111 2780 1168; x_wconf 90' lang='lat' dir='ltr'><strong>fructus</strong></span> <span class='ocrx_word' id='word_1_387' title='bbox 2805 1113 2966 1180; x_wconf 91' lang='lat' dir='ltr'><strong>mali;</strong></span> <span class='ocrx_word' id='word_1_388' title='bbox 2995 1121 3051 1169; x_wconf 89' lang='lat' dir='ltr'><strong>et</strong></span> <span class='ocrx_word' id='word_1_389' title='bbox 3068 1113 3136 1168; x_wconf 91' lang='lat' dir='ltr'><strong>de</strong></span> <span class='ocrx_word' id='word_1_390' title='bbox 3165 1123 3354 1168; x_wconf 89' lang='lat' dir='ltr'><strong>natura</strong></span> <span class='ocrx_word' id='word_1_391' title='bbox 3380 1129 3540 1184; x_wconf 90' lang='lat' dir='ltr'><strong>quam</strong></span> <span class='ocrx_word' id='word_1_392' title='bbox 3563 1114 3685 1168; x_wconf 70' lang='lat' dir='ltr'><strong>facit</strong></span> 
     </span>
    </p>
   </div>
   <div class='ocr_carea' id='block_1_48' title="bbox 2100 1201 3690 1272">
    <p class='ocr_par' dir='ltr' id='par_1_48' title="bbox 2100 1201 3690 1272">
     <span class='ocr_line' id='line_1_48' title="bbox 2100 1201 3690 1272; baseline 0.003 -18"><span class='ocrx_word' id='word_1_393' title='bbox 2100 1201 2272 1268; x_wconf 82' lang='lat' dir='ltr'><strong>Deus,</strong></span> <span class='ocrx_word' id='word_1_394' title='bbox 2297 1201 2408 1272; x_wconf 90' lang='lat' dir='ltr'><strong>ipsa</strong></span> <span class='ocrx_word' id='word_1_395' title='bbox 2437 1219 2557 1272; x_wconf 65' lang='lat' dir='ltr'><strong>quae</strong></span> <span class='ocrx_word' id='word_1_396' title='bbox 2579 1201 2739 1258; x_wconf 82' lang='lat' dir='ltr'><strong>faciat</strong></span> <span class='ocrx_word' id='word_1_397' title='bbox 2772 1203 2974 1260; x_wconf 85' lang='lat' dir='ltr'><strong>fructus</strong></span> <span class='ocrx_word' id='word_1_398' title='bbox 2994 1205 3196 1270; x_wconf 91' lang='lat' dir='ltr'><strong>malos,</strong></span> <span class='ocrx_word' id='word_1_399' title='bbox 3255 1207 3494 1260; x_wconf 89' lang='lat' dir='ltr'><strong>nascitur</strong></span> <span class='ocrx_word' id='word_1_400' title='bbox 3528 1205 3690 1259; x_wconf 79' lang='lat' dir='ltr'><strong>arbor</strong></span> 
     </span>
    </p>
   </div>
   <div class='ocr_carea' id='block_1_49' title="bbox 2101 1294 3686 1366">
    <p class='ocr_par' dir='ltr' id='par_1_49' title="bbox 2101 1294 3686 1366">
     <span class='ocr_line' id='line_1_49' title="bbox 2101 1294 3686 1366; baseline -0.001 -18"><span class='ocrx_word' id='word_1_401' title='bbox 2101 1294 2240 1349; x_wconf 87' lang='lat' dir='ltr'><strong>mala</strong></span> <span class='ocrx_word' id='word_1_402' title='bbox 2269 1313 2283 1347; x_wconf 88' lang='lat'><strong>:</strong></span> <span class='ocrx_word' id='word_1_403' title='bbox 2312 1295 2459 1364; x_wconf 80' lang='lat' dir='ltr'><strong>quasi</strong></span> <span class='ocrx_word' id='word_1_404' title='bbox 2490 1295 2689 1366; x_wconf 89' lang='lat' dir='ltr'><strong>aliquid</strong></span> <span class='ocrx_word' id='word_1_405' title='bbox 2738 1297 2928 1350; x_wconf 91' lang='lat' dir='ltr'><strong>melius</strong></span> <span class='ocrx_word' id='word_1_406' title='bbox 2970 1296 3130 1351; x_wconf 86' lang='lat' dir='ltr'><strong>faciat</strong></span> <span class='ocrx_word' id='word_1_407' title='bbox 3171 1297 3332 1350; x_wconf 89' lang='lat' dir='ltr'><strong>homo</strong></span> <span class='ocrx_word' id='word_1_408' title='bbox 3353 1339 3366 1361; x_wconf 93' lang='lat'><strong>,</strong></span> <span class='ocrx_word' id='word_1_409' title='bbox 3399 1295 3539 1352; x_wconf 89' lang='lat' dir='ltr'><strong>unde</strong></span> <span class='ocrx_word' id='word_1_410' title='bbox 3579 1311 3686 1349; x_wconf 87' lang='grc' dir='ltr'>ιιοιι</span> 
     </span>
    </p>
   </div>
   <div class='ocr_carea' id='block_1_50' title="bbox 2101 1384 3688 1458">
    <p class='ocr_par' dir='ltr' id='par_1_50' title="bbox 2101 1384 3688 1458">
     <span class='ocr_line' id='line_1_50' title="bbox 2101 1384 3688 1458; baseline 0.003 -20"><span class='ocrx_word' id='word_1_411' title='bbox 2101 1385 2268 1455; x_wconf 79' lang='lat' dir='ltr'><strong>possit</strong></span> <span class='ocrx_word' id='word_1_412' title='bbox 2297 1385 2468 1440; x_wconf 88' lang='lat' dir='ltr'><strong>malus</strong></span> <span class='ocrx_word' id='word_1_413' title='bbox 2497 1384 2702 1442; x_wconf 64' lang='lat' dir='ltr'><strong>Fructus</strong></span> <span class='ocrx_word' id='word_1_414' title='bbox 2743 1387 3009 1453; x_wconf 77' lang='lat' dir='ltr'><strong>existere;</strong></span> <span class='ocrx_word' id='word_1_415' title='bbox 3039 1403 3200 1458; x_wconf 85' lang='lat' dir='ltr'><strong>quam</strong></span> <span class='ocrx_word' id='word_1_416' title='bbox 3241 1397 3328 1442; x_wconf 87' lang='lat' dir='ltr'><strong>est</strong></span> <span class='ocrx_word' id='word_1_417' title='bbox 3370 1387 3500 1443; x_wconf 89' lang='lat' dir='ltr'><strong>illud</strong></span> <span class='ocrx_word' id='word_1_418' title='bbox 3546 1391 3688 1458; x_wconf 83' lang='lat' dir='ltr'><strong>quod</strong></span> 
     </span>
    </p>
   </div>
   <div class='ocr_carea' id='block_1_51' title="bbox 2102 1477 3692 1550">
    <p class='ocr_par' dir='ltr' id='par_1_51' title="bbox 2102 1477 3692 1550">
     <span class='ocr_line' id='line_1_51' title="bbox 2102 1477 3692 1550; baseline 0.003 -19"><span class='ocrx_word' id='word_1_419' title='bbox 2102 1478 2226 1532; x_wconf 84' lang='lat' dir='ltr'><strong>facit</strong></span> <span class='ocrx_word' id='word_1_420' title='bbox 2253 1479 2422 1544; x_wconf 90' lang='lat' dir='ltr'><strong>Deus,</strong></span> <span class='ocrx_word' id='word_1_421' title='bbox 2456 1477 2598 1534; x_wconf 89' lang='lat' dir='ltr'><strong>unde</strong></span> <span class='ocrx_word' id='word_1_422' title='bbox 2617 1480 2786 1548; x_wconf 90' lang='lat' dir='ltr'><strong>possit</strong></span> <span class='ocrx_word' id='word_1_423' title='bbox 2823 1480 2960 1534; x_wconf 89' lang='lat' dir='ltr'><strong>mala</strong></span> <span class='ocrx_word' id='word_1_424' title='bbox 2989 1480 3150 1534; x_wconf 88' lang='lat' dir='ltr'><strong>arbor</strong></span> <span class='ocrx_word' id='word_1_425' title='bbox 3174 1481 3405 1536; x_wconf 78' lang='lat' dir='ltr'><strong>existere</strong></span> <span class='ocrx_word' id='word_1_426' title='bbox 3425 1481 3449 1533; x_wconf 86' lang='lat'><strong>?</strong></span> <span class='ocrx_word' id='word_1_427' title='bbox 3469 1497 3537 1534; x_wconf 90' lang='lat' dir='ltr'><strong>ne</strong></span> <span class='ocrx_word' id='word_1_428' title='bbox 3569 1482 3692 1550; x_wconf 88' lang='lat' dir='ltr'><strong>quis</strong></span> 
     </span>
    </p>
   </div>
   <div class='ocr_carea' id='block_1_52' title="bbox 2099 1571 3689 1642">
    <p class='ocr_par' dir='ltr' id='par_1_52' title="bbox 2099 1571 3689 1642">
     <span class='ocr_line' id='line_1_52' title="bbox 2099 1571 3689 1642; baseline -0.001 -15"><span class='ocrx_word' id='word_1_429' title='bbox 2099 1585 2232 1640; x_wconf 84' lang='lat' dir='ltr'><strong>ergo</strong></span> <span class='ocrx_word' id='word_1_430' title='bbox 2257 1571 2336 1625; x_wconf 91' lang='lat' dir='ltr'><strong>sic</strong></span> <span class='ocrx_word' id='word_1_431' title='bbox 2365 1580 2530 1636; x_wconf 89' lang='lat' dir='ltr'><strong>erret,</strong></span> <span class='ocrx_word' id='word_1_432' title='bbox 2546 1571 2724 1625; x_wconf 89' lang='lat' dir='ltr'><strong>audiat</strong></span> <span class='ocrx_word' id='word_1_433' title='bbox 2747 1572 3028 1642; x_wconf 87' lang='lat' dir='ltr'><strong>diligenter</strong></span> <span class='ocrx_word' id='word_1_434' title='bbox 3051 1571 3689 1640; x_wconf 80' lang='lat' dir='ltr'><strong>Ambrosinmdiccntcm,</strong></span> 
     </span>
    </p>
   </div>
   <div class='ocr_carea' id='block_1_53' title="bbox 2107 1661 3686 1733">
    <p class='ocr_par' dir='ltr' id='par_1_53' title="bbox 2107 1661 3686 1733">
     <span class='ocr_line' id='line_1_53' title="bbox 2107 1661 3686 1733; baseline 0.003 -19"><span class='ocrx_word' id='word_1_435' title='bbox 2107 1681 2126 1714; x_wconf 74' lang='grc' dir='ltr'><em>α</em></span> <span class='ocrx_word' id='word_1_436' title='bbox 2160 1661 2297 1730; x_wconf 82' lang='lat' dir='ltr'><strong>Quid</strong></span> <span class='ocrx_word' id='word_1_437' title='bbox 2323 1671 2402 1716; x_wconf 87' lang='lat' dir='ltr'><strong>est</strong></span> <span class='ocrx_word' id='word_1_438' title='bbox 2433 1663 2632 1717; x_wconf 91' lang='lat' dir='ltr'><strong>malitia</strong></span> <span class='ocrx_word' id='word_1_439' title='bbox 2653 1705 2667 1728; x_wconf 97' lang='lat'><strong>,</strong></span> <span class='ocrx_word' id='word_1_440' title='bbox 2700 1665 2800 1718; x_wconf 92' lang='lat' dir='ltr'><strong>nisi</strong></span> <span class='ocrx_word' id='word_1_441' title='bbox 2851 1664 2976 1718; x_wconf 86' lang='lat' dir='ltr'><strong>boni</strong></span> <span class='ocrx_word' id='word_1_442' title='bbox 3028 1663 3315 1733; x_wconf 86' lang='lat' dir='ltr'><strong>indigentia</strong></span> <span class='ocrx_word' id='word_1_443' title='bbox 3345 1665 3368 1718; x_wconf 83' lang='lat'><strong>?</strong></span> <span class='ocrx_word' id='word_1_444' title='bbox 3393 1664 3509 1718; x_wconf 85' lang='lat' dir='ltr'><strong>Non</strong></span> <span class='ocrx_word' id='word_1_445' title='bbox 3541 1667 3686 1719; x_wconf 90' lang='lat' dir='ltr'><strong>enim</strong></span> 
     </span>
    </p>
   </div>
   <div class='ocr_carea' id='block_1_54' title="bbox 2101 1754 3692 1825">
    <p class='ocr_par' dir='ltr' id='par_1_54' title="bbox 2101 1754 3692 1825">
     <span class='ocr_line' id='line_1_54' title="bbox 2101 1754 3692 1825; baseline 0 -17"><span class='ocrx_word' id='word_1_446' title='bbox 2101 1763 2228 1809; x_wconf 89' lang='lat' dir='ltr'><strong>sunt</strong></span> <span class='ocrx_word' id='word_1_447' title='bbox 2251 1755 2392 1808; x_wconf 90' lang='lat' dir='ltr'><strong>mala</strong></span> <span class='ocrx_word' id='word_1_448' title='bbox 2437 1754 2538 1808; x_wconf 89' lang='lat' dir='ltr'><strong>nisi</strong></span> <span class='ocrx_word' id='word_1_449' title='bbox 2571 1770 2689 1824; x_wconf 62' lang='lat' dir='ltr'><strong>qua!</strong></span> <span class='ocrx_word' id='word_1_450' title='bbox 2711 1755 2989 1824; x_wconf 90' lang='lat' dir='ltr'><strong>privantur</strong></span> <span class='ocrx_word' id='word_1_451' title='bbox 3015 1755 3203 1821; x_wconf 91' lang='lat' dir='ltr'><strong>bonis;</strong></span> <span class='ocrx_word' id='word_1_452' title='bbox 3237 1756 3360 1824; x_wconf 87' lang='lat' dir='ltr'><strong>quia</strong></span> <span class='ocrx_word' id='word_1_453' title='bbox 3403 1755 3692 1825; x_wconf 83' lang='lat' dir='ltr'><strong>indigentia</strong></span> 
     </span>
    </p>
   </div>
   <div class='ocr_carea' id='block_1_55' title="bbox 2101 1843 3694 1914">
    <p class='ocr_par' dir='ltr' id='par_1_55' title="bbox 2101 1843 3694 1914">
     <span class='ocr_line' id='line_1_55' title="bbox 2101 1843 3694 1914; baseline 0 -16"><span class='ocrx_word' id='word_1_454' title='bbox 2101 1843 2256 1908; x_wconf 87' lang='lat' dir='ltr'><strong>boni,</strong></span> <span class='ocrx_word' id='word_1_455' title='bbox 2285 1844 2434 1898; x_wconf 78' lang='lat' dir='ltr'><strong>radix</strong></span> <span class='ocrx_word' id='word_1_456' title='bbox 2463 1845 2681 1899; x_wconf 72' lang='lat' dir='ltr'><strong>malitia:</strong></span> <span class='ocrx_word' id='word_1_457' title='bbox 2710 1855 2811 1900; x_wconf 90' lang='lat' dir='ltr'><strong>est.</strong></span> <span class='ocrx_word' id='word_1_458' title='bbox 2835 1863 2862 1896; x_wconf 67' lang='grc' dir='ltr'>ι»</span> <span class='ocrx_word' id='word_1_459' title='bbox 2897 1845 2964 1898; x_wconf 83' lang='grc' dir='ltr'>Ει</span> <span class='ocrx_word' id='word_1_460' title='bbox 2988 1845 3113 1899; x_wconf 90' lang='lat' dir='ltr'><strong>hinc</strong></span> <span class='ocrx_word' id='word_1_461' title='bbox 3139 1845 3397 1914; x_wconf 90' lang='lat' dir='ltr'><strong>intelligat</strong></span> <span class='ocrx_word' id='word_1_462' title='bbox 3421 1845 3544 1900; x_wconf 88' lang='lat' dir='ltr'><strong>ideo</strong></span> <span class='ocrx_word' id='word_1_463' title='bbox 3570 1861 3694 1900; x_wconf 76' lang='lat' dir='ltr'><strong>esse</strong></span> 
     </span>
    </p>
   </div>
   <div class='ocr_carea' id='block_1_56' title="bbox 2101 1939 3696 2008">
    <p class='ocr_par' dir='ltr' id='par_1_56' title="bbox 2101 1939 3696 2008">
     <span class='ocr_line' id='line_1_56' title="bbox 2101 1939 3696 2008; baseline -0.001 -15"><span class='ocrx_word' id='word_1_464' title='bbox 2101 1940 2350 1995; x_wconf 88' lang='lat' dir='ltr'><strong>arborem</strong></span> <span class='ocrx_word' id='word_1_465' title='bbox 2371 1939 2586 2003; x_wconf 88' lang='lat' dir='ltr'><strong>malam,</strong></span> <span class='ocrx_word' id='word_1_466' title='bbox 2612 1939 2937 1993; x_wconf 82' lang='lat' dir='ltr'><strong>voluntatem</strong></span> <span class='ocrx_word' id='word_1_467' title='bbox 2966 1939 3159 1993; x_wconf 87' lang='lat' dir='ltr'><strong>malam</strong></span> <span class='ocrx_word' id='word_1_468' title='bbox 3180 1955 3194 2003; x_wconf 87' lang='lat'><strong>;</strong></span> <span class='ocrx_word' id='word_1_469' title='bbox 3214 1939 3334 2008; x_wconf 90' lang='lat' dir='ltr'><strong>quia</strong></span> <span class='ocrx_word' id='word_1_470' title='bbox 3359 1939 3598 1993; x_wconf 82' lang='lat' dir='ltr'><strong>defectus</strong></span> <span class='ocrx_word' id='word_1_471' title='bbox 3610 1949 3696 1992; x_wconf 84' lang='lat' dir='ltr'><strong>est</strong></span> 
     </span>
    </p>
   </div>
   <div class='ocr_carea' id='block_1_57' title="bbox 2101 2031 3696 2100">
    <p class='ocr_par' dir='ltr' id='par_1_57' title="bbox 2101 2031 3696 2100">
     <span class='ocr_line' id='line_1_57' title="bbox 2101 2031 3696 2100; baseline -0.003 -16"><span class='ocrx_word' id='word_1_472' title='bbox 2101 2045 2131 2084; x_wconf 88' lang='lat' dir='ltr'><strong>a</strong></span> <span class='ocrx_word' id='word_1_473' title='bbox 2164 2045 2374 2085; x_wconf 88' lang='lat' dir='ltr'><strong>summo</strong></span> <span class='ocrx_word' id='word_1_474' title='bbox 2395 2031 2674 2096; x_wconf 86' lang='lat' dir='ltr'><strong>bono,ubi</strong></span> <span class='ocrx_word' id='word_1_475' title='bbox 2707 2031 2902 2085; x_wconf 90' lang='lat' dir='ltr'><strong>bonum</strong></span> <span class='ocrx_word' id='word_1_476' title='bbox 2935 2041 3172 2086; x_wconf 85' lang='lat' dir='ltr'><strong>creatum</strong></span> <span class='ocrx_word' id='word_1_477' title='bbox 3192 2031 3332 2085; x_wconf 88' lang='lat' dir='ltr'><strong>bono</strong></span> <span class='ocrx_word' id='word_1_478' title='bbox 3353 2039 3568 2084; x_wconf 77' lang='lat' dir='ltr'><strong>creante</strong></span> <span class='ocrx_word' id='word_1_479' title='bbox 3585 2033 3696 2100; x_wconf 80' lang='lat' dir='ltr'><strong>pri-</strong></span> 
     </span>
    </p>
   </div>
   <div class='ocr_carea' id='block_1_58' title="bbox 2104 2121 3692 2191">
    <p class='ocr_par' dir='ltr' id='par_1_58' title="bbox 2104 2121 3692 2191">
     <span class='ocr_line' id='line_1_58' title="bbox 2104 2121 3692 2191; baseline -0.001 -15"><span class='ocrx_word' id='word_1_480' title='bbox 2104 2132 2280 2188; x_wconf 86' lang='lat' dir='ltr'><strong>vatur,</strong></span> <span class='ocrx_word' id='word_1_481' title='bbox 2315 2131 2373 2176; x_wconf 91' lang='lat' dir='ltr'><strong>ut</strong></span> <span class='ocrx_word' id='word_1_482' title='bbox 2401 2123 2470 2176; x_wconf 92' lang='lat' dir='ltr'><strong>sit</strong></span> <span class='ocrx_word' id='word_1_483' title='bbox 2501 2123 2552 2175; x_wconf 94' lang='lat' dir='ltr'><strong>in</strong></span> <span class='ocrx_word' id='word_1_484' title='bbox 2581 2137 2647 2176; x_wconf 91' lang='lat' dir='ltr'><strong>eo</strong></span> <span class='ocrx_word' id='word_1_485' title='bbox 2667 2122 2816 2176; x_wconf 75' lang='lat' dir='ltr'><strong>radix</strong></span> <span class='ocrx_word' id='word_1_486' title='bbox 2840 2121 2966 2175; x_wconf 89' lang='lat' dir='ltr'><strong>mali</strong></span> <span class='ocrx_word' id='word_1_487' title='bbox 2995 2122 3127 2176; x_wconf 91' lang='lat' dir='ltr'><strong>nihil</strong></span> <span class='ocrx_word' id='word_1_488' title='bbox 3177 2121 3318 2175; x_wconf 87' lang='lat' dir='ltr'><strong>aliud</strong></span> <span class='ocrx_word' id='word_1_489' title='bbox 3351 2138 3507 2191; x_wconf 88' lang='lat' dir='ltr'><strong>quam</strong></span> <span class='ocrx_word' id='word_1_490' title='bbox 3555 2123 3692 2174; x_wconf 83' lang='lat' dir='ltr'><strong>indi-</strong></span> 
     </span>
    </p>
   </div>
   <div class='ocr_carea' id='block_1_59' title="bbox 2103 2211 3693 2284">
    <p class='ocr_par' dir='ltr' id='par_1_59' title="bbox 2103 2211 3693 2284">
     <span class='ocr_line' id='line_1_59' title="bbox 2103 2211 3693 2284; baseline -0.003 -16"><span class='ocrx_word' id='word_1_491' title='bbox 2103 2213 2281 2284; x_wconf 78' lang='lat' dir='ltr'><strong>gentia</strong></span> <span class='ocrx_word' id='word_1_492' title='bbox 2303 2211 2449 2266; x_wconf 90' lang='lat' dir='ltr'><strong>boni.</strong></span> <span class='ocrx_word' id='word_1_493' title='bbox 2473 2213 2650 2268; x_wconf 85' lang='lat' dir='ltr'><strong>Arbor</strong></span> <span class='ocrx_word' id='word_1_494' title='bbox 2672 2223 2848 2266; x_wconf 85' lang='lat' dir='ltr'><strong>autem</strong></span> <span class='ocrx_word' id='word_1_495' title='bbox 2874 2213 3010 2267; x_wconf 87' lang='lat' dir='ltr'><strong>bona</strong></span> <span class='ocrx_word' id='word_1_496' title='bbox 3032 2211 3154 2268; x_wconf 85' lang='lat' dir='ltr'><strong>ideo</strong></span> <span class='ocrx_word' id='word_1_497' title='bbox 3173 2221 3258 2266; x_wconf 84' lang='lat' dir='ltr'><strong>est</strong></span> <span class='ocrx_word' id='word_1_498' title='bbox 3274 2211 3663 2265; x_wconf 86' lang='lat' dir='ltr'><strong>voluntasbona</strong></span> <span class='ocrx_word' id='word_1_499' title='bbox 3680 2255 3693 2272; x_wconf 86' lang='lat'><strong>,</strong></span> 
     </span>
    </p>
   </div>
   <div class='ocr_carea' id='block_1_60' title="bbox 2104 2303 3700 2374">
    <p class='ocr_par' dir='ltr' id='par_1_60' title="bbox 2104 2303 3700 2374">
     <span class='ocr_line' id='line_1_60' title="bbox 2104 2303 3700 2374; baseline 0.001 -17"><span class='ocrx_word' id='word_1_500' title='bbox 2104 2305 2228 2374; x_wconf 89' lang='lat' dir='ltr'><strong>quia</strong></span> <span class='ocrx_word' id='word_1_501' title='bbox 2259 2319 2356 2374; x_wconf 91' lang='lat' dir='ltr'><strong>per</strong></span> <span class='ocrx_word' id='word_1_502' title='bbox 2379 2305 2546 2374; x_wconf 81' lang='lat' dir='ltr'><strong>ipsam</strong></span> <span class='ocrx_word' id='word_1_503' title='bbox 2574 2305 2904 2359; x_wconf 87' lang='lat' dir='ltr'><strong>convertitur</strong></span> <span class='ocrx_word' id='word_1_504' title='bbox 2933 2303 3094 2357; x_wconf 90' lang='lat' dir='ltr'><strong>homo</strong></span> <span class='ocrx_word' id='word_1_505' title='bbox 3117 2303 3184 2358; x_wconf 90' lang='lat' dir='ltr'><strong>ad</strong></span> <span class='ocrx_word' id='word_1_506' title='bbox 3227 2319 3494 2357; x_wconf 89' lang='lat' dir='ltr'><strong>summum</strong></span> <span class='ocrx_word' id='word_1_507' title='bbox 3537 2315 3700 2368; x_wconf 84' lang='lat' dir='ltr'><strong>atque</strong></span> 
     </span>
    </p>
   </div>
   <div class='ocr_carea' id='block_1_61' title="bbox 2106 2395 3700 2466">
    <p class='ocr_par' dir='ltr' id='par_1_61' title="bbox 2106 2395 3700 2466">
     <span class='ocr_line' id='line_1_61' title="bbox 2106 2395 3700 2466; baseline -0.001 -16"><span class='ocrx_word' id='word_1_508' title='bbox 2106 2396 2536 2451; x_wconf 86' lang='lat' dir='ltr'><strong>incommutabile</strong></span> <span class='ocrx_word' id='word_1_509' title='bbox 2583 2396 2780 2452; x_wconf 89' lang='lat' dir='ltr'><strong>bonum</strong></span> <span class='ocrx_word' id='word_1_510' title='bbox 2817 2435 2834 2462; x_wconf 93' lang='lat'><strong>,</strong></span> <span class='ocrx_word' id='word_1_511' title='bbox 2864 2406 2920 2450; x_wconf 94' lang='lat' dir='ltr'><strong>et</strong></span> <span class='ocrx_word' id='word_1_512' title='bbox 2943 2395 3194 2466; x_wconf 89' lang='lat' dir='ltr'><strong>impletur</strong></span> <span class='ocrx_word' id='word_1_513' title='bbox 3235 2396 3410 2459; x_wconf 90' lang='lat' dir='ltr'><strong>bono,</strong></span> <span class='ocrx_word' id='word_1_514' title='bbox 3445 2405 3502 2449; x_wconf 92' lang='grc' dir='ltr'><strong>ιιι</strong></span> <span class='ocrx_word' id='word_1_515' title='bbox 3542 2397 3700 2448; x_wconf 72' lang='lat' dir='ltr'><strong>tiwint</strong></span> 
     </span>
    </p>
   </div>
   <div class='ocr_carea' id='block_1_62' title="bbox 2106 2487 3693 2556">
    <p class='ocr_par' dir='ltr' id='par_1_62' title="bbox 2106 2487 3693 2556">
     <span class='ocr_line' id='line_1_62' title="bbox 2106 2487 3693 2556; baseline -0.002 -15"><span class='ocrx_word' id='word_1_516' title='bbox 2106 2487 2338 2542; x_wconf 85' lang='lat' dir='ltr'><strong>fructum</strong></span> <span class='ocrx_word' id='word_1_517' title='bbox 2369 2489 2589 2543; x_wconf 88' lang='lat' dir='ltr'><strong>bonum.</strong></span> <span class='ocrx_word' id='word_1_518' title='bbox 2620 2489 2696 2543; x_wconf 82' lang='lat' dir='ltr'><strong>Ac</strong></span> <span class='ocrx_word' id='word_1_519' title='bbox 2721 2503 2816 2556; x_wconf 89' lang='lat' dir='ltr'><strong>per</strong></span> <span class='ocrx_word' id='word_1_520' title='bbox 2844 2487 2947 2542; x_wconf 93' lang='lat' dir='ltr'><strong>hoc</strong></span> <span class='ocrx_word' id='word_1_521' title='bbox 2971 2489 3112 2543; x_wconf 85' lang='lat' dir='ltr'><strong>Deus</strong></span> <span class='ocrx_word' id='word_1_522' title='bbox 3140 2497 3324 2542; x_wconf 91' lang='lat' dir='ltr'><strong>auctor</strong></span> <span class='ocrx_word' id='word_1_523' title='bbox 3349 2498 3431 2542; x_wconf 88' lang='lat' dir='ltr'><strong>est</strong></span> <span class='ocrx_word' id='word_1_524' title='bbox 3453 2489 3693 2541; x_wconf 88' lang='lat' dir='ltr'><strong>omnium</strong></span> 
     </span>
    </p>
   </div>
   <div class='ocr_carea' id='block_1_63' title="bbox 2107 2576 3698 2645">
    <p class='ocr_par' dir='ltr' id='par_1_63' title="bbox 2107 2576 3698 2645">
     <span class='ocr_line' id='line_1_63' title="bbox 2107 2576 3698 2645; baseline 0 -13"><span class='ocrx_word' id='word_1_525' title='bbox 2107 2576 2368 2632; x_wconf 88' lang='lat' dir='ltr'><strong>bonorum</strong></span> <span class='ocrx_word' id='word_1_526' title='bbox 2394 2618 2410 2644; x_wconf 93' lang='lat'><strong>,</strong></span> <span class='ocrx_word' id='word_1_527' title='bbox 2459 2578 2560 2634; x_wconf 91' lang='lat' dir='ltr'><strong>hoc</strong></span> <span class='ocrx_word' id='word_1_528' title='bbox 2605 2589 2690 2634; x_wconf 87' lang='lat' dir='ltr'><strong>est</strong></span> <span class='ocrx_word' id='word_1_529' title='bbox 2740 2587 2794 2634; x_wconf 90' lang='lat' dir='ltr'><strong>et</strong></span> <span class='ocrx_word' id='word_1_530' title='bbox 2843 2588 3046 2634; x_wconf 62' lang='lat' dir='ltr'><strong>natura;</strong></span> <span class='ocrx_word' id='word_1_531' title='bbox 3092 2578 3268 2645; x_wconf 83' lang='lat' dir='ltr'><strong>bonae,</strong></span> <span class='ocrx_word' id='word_1_532' title='bbox 3311 2588 3366 2633; x_wconf 89' lang='lat' dir='ltr'><strong>et</strong></span> <span class='ocrx_word' id='word_1_533' title='bbox 3410 2578 3698 2632; x_wconf 84' lang='lat' dir='ltr'><strong>voluntatis</strong></span> 
     </span>
    </p>
   </div>
   <div class='ocr_carea' id='block_1_64' title="bbox 2107 2665 3702 2738">
    <p class='ocr_par' dir='ltr' id='par_1_64' title="bbox 2107 2665 3702 2738">
     <span class='ocr_line' id='line_1_64' title="bbox 2107 2665 3702 2738; baseline -0.001 -16"><span class='ocrx_word' id='word_1_534' title='bbox 2107 2666 2297 2732; x_wconf 64' lang='lat' dir='ltr'><strong>bonae,</strong></span> <span class='ocrx_word' id='word_1_535' title='bbox 2327 2683 2488 2738; x_wconf 87' lang='lat' dir='ltr'><strong>quam</strong></span> <span class='ocrx_word' id='word_1_536' title='bbox 2515 2668 2615 2722; x_wconf 91' lang='lat' dir='ltr'><strong>nisi</strong></span> <span class='ocrx_word' id='word_1_537' title='bbox 2661 2668 2804 2724; x_wconf 90' lang='lat' dir='ltr'><strong>Deus</strong></span> <span class='ocrx_word' id='word_1_538' title='bbox 2849 2669 2902 2722; x_wconf 94' lang='lat' dir='ltr'><strong>in</strong></span> <span class='ocrx_word' id='word_1_539' title='bbox 2944 2667 3038 2722; x_wconf 93' lang='lat' dir='ltr'><strong>illo</strong></span> <span class='ocrx_word' id='word_1_540' title='bbox 3087 2675 3376 2737; x_wconf 85' lang='lat' dir='ltr'><strong>operetur,</strong></span> <span class='ocrx_word' id='word_1_541' title='bbox 3417 2665 3524 2722; x_wconf 87' lang='lat' dir='ltr'><strong>non</strong></span> <span class='ocrx_word' id='word_1_542' title='bbox 3579 2667 3702 2720; x_wconf 81' lang='lat' dir='ltr'><strong>facit</strong></span> 
     </span>
    </p>
   </div>
   <div class='ocr_carea' id='block_1_65' title="bbox 2108 2755 3700 2829">
    <p class='ocr_par' dir='ltr' id='par_1_65' title="bbox 2108 2755 3700 2829">
     <span class='ocr_line' id='line_1_65' title="bbox 2108 2755 3700 2829; baseline -0.001 -19"><span class='ocrx_word' id='word_1_543' title='bbox 2108 2755 2272 2811; x_wconf 90' lang='lat' dir='ltr'><strong>homo</strong></span> <span class='ocrx_word' id='word_1_544' title='bbox 2292 2773 2306 2809; x_wconf 90' lang='lat'><strong>:</strong></span> <span class='ocrx_word' id='word_1_545' title='bbox 2323 2757 2446 2826; x_wconf 90' lang='lat' dir='ltr'><strong>quia</strong></span> <span class='ocrx_word' id='word_1_546' title='bbox 2479 2767 2809 2829; x_wconf 64' lang='lat' dir='ltr'><strong>praiparatur</strong></span> <span class='ocrx_word' id='word_1_547' title='bbox 2821 2757 3065 2813; x_wconf 89' lang='lat' dir='ltr'><strong>voluntas</strong></span> <span class='ocrx_word' id='word_1_548' title='bbox 3083 2772 3112 2811; x_wconf 90' lang='lat' dir='ltr'><strong>a</strong></span> <span class='ocrx_word' id='word_1_549' title='bbox 3131 2757 3362 2812; x_wconf 90' lang='lat' dir='ltr'><strong>Domino</strong></span> <span class='ocrx_word' id='word_1_550' title='bbox 3383 2756 3564 2829; x_wconf 85' lang='lat' dir='ltr'><strong>(Prov.</strong></span> <span class='ocrx_word' id='word_1_551' title='bbox 3587 2773 3700 2822; x_wconf 83' lang='lat' dir='ltr'><strong>vin,</strong></span> 
     </span>
    </p>
   </div>
   <div class='ocr_carea' id='block_1_66' title="bbox 2109 2843 2432 2918">
    <p class='ocr_par' dir='ltr' id='par_1_66' title="bbox 2109 2843 2432 2918">
     <span class='ocr_line' id='line_1_66' title="bbox 2109 2843 2432 2918; baseline -0.003 -17"><span class='ocrx_word' id='word_1_552' title='bbox 2109 2862 2214 2901; x_wconf 79' lang='lat' dir='ltr'><strong>sec.</strong></span> <span class='ocrx_word' id='word_1_553' title='bbox 2235 2843 2432 2918; x_wconf 73' lang='lat' dir='ltr'><strong>LXX).</strong></span> 
     </span>
    </p>
   </div>
   <div class='ocr_carea' id='block_1_67' title="bbox 2180 2937 3693 3009">
    <p class='ocr_par' dir='ltr' id='par_1_67' title="bbox 2180 2937 3693 3009">
     <span class='ocr_line' id='line_1_67' title="bbox 2180 2937 3693 3009; baseline -0.005 -15"><span class='ocrx_word' id='word_1_554' title='bbox 2180 2939 2266 2994; x_wconf 71' lang='grc'><strong>46.</strong></span> <span class='ocrx_word' id='word_1_555' title='bbox 2293 2938 2402 2994; x_wconf 88' lang='lat' dir='ltr'><strong>Sed</strong></span> <span class='ocrx_word' id='word_1_556' title='bbox 2427 2939 2536 3008; x_wconf 87' lang='lat' dir='ltr'><strong>jam</strong></span> <span class='ocrx_word' id='word_1_557' title='bbox 2558 2938 2804 2994; x_wconf 87' lang='lat' dir='ltr'><strong>ordinem</strong></span> <span class='ocrx_word' id='word_1_558' title='bbox 2826 2938 3194 3009; x_wconf 84' lang='lat' dir='ltr'><strong>dispositionis</strong></span> <span class='ocrx_word' id='word_1_559' title='bbox 3220 2953 3356 2994; x_wconf 83' lang='lat' dir='ltr'><strong>meae</strong></span> <span class='ocrx_word' id='word_1_560' title='bbox 3394 2937 3550 2992; x_wconf 88' lang='lat' dir='ltr'><strong>video</strong></span> <span class='ocrx_word' id='word_1_561' title='bbox 3599 2955 3693 3006; x_wconf 82' lang='lat' dir='ltr'><strong>po-</strong></span> 
     </span>
    </p>
   </div>
   <div class='ocr_carea' id='block_1_68' title="bbox 2107 3025 3708 3098">
    <p class='ocr_par' dir='ltr' id='par_1_68' title="bbox 2107 3025 3708 3098">
     <span class='ocr_line' id='line_1_68' title="bbox 2107 3025 3708 3098; baseline -0.001 -14"><span class='ocrx_word' id='word_1_562' title='bbox 2107 3028 2308 3084; x_wconf 84' lang='lat' dir='ltr'><strong>stulare</strong></span> <span class='ocrx_word' id='word_1_563' title='bbox 2332 3037 2430 3096; x_wconf 88' lang='grc' dir='ltr'>,ιιι</span> <span class='ocrx_word' id='word_1_564' title='bbox 2454 3025 2643 3082; x_wconf 81' lang='lat' dir='ltr'><strong>faciam</strong></span> <span class='ocrx_word' id='word_1_565' title='bbox 2673 3028 2782 3084; x_wconf 90' lang='lat' dir='ltr'><strong>Deo</strong></span> <span class='ocrx_word' id='word_1_566' title='bbox 2829 3027 3064 3084; x_wconf 84' lang='lat' dir='ltr'><strong>donante</strong></span> <span class='ocrx_word' id='word_1_567' title='bbox 3088 3069 3103 3093; x_wconf 93' lang='lat'><strong>,</strong></span> <span class='ocrx_word' id='word_1_568' title='bbox 3127 3028 3268 3098; x_wconf 91' lang='lat' dir='ltr'><strong>quod</strong></span> <span class='ocrx_word' id='word_1_569' title='bbox 3292 3027 3448 3082; x_wconf 88' lang='lat' dir='ltr'><strong>tertio</strong></span> <span class='ocrx_word' id='word_1_570' title='bbox 3475 3028 3590 3082; x_wconf 91' lang='lat' dir='ltr'><strong>loco</strong></span> <span class='ocrx_word' id='word_1_571' title='bbox 3617 3043 3708 3082; x_wconf 88' lang='lat' dir='ltr'><strong>me</strong></span> 
     </span>
    </p>
   </div>
   <div class='ocr_carea' id='block_1_69' title="bbox 2109 3118 3702 3191">
    <p class='ocr_par' dir='ltr' id='par_1_69' title="bbox 2109 3118 3702 3191">
     <span class='ocr_line' id='line_1_69' title="bbox 2109 3118 3702 3191; baseline 0 -17"><span class='ocrx_word' id='word_1_572' title='bbox 2109 3118 2372 3174; x_wconf 85' lang='lat' dir='ltr'><strong>facturum</strong></span> <span class='ocrx_word' id='word_1_573' title='bbox 2400 3135 2521 3176; x_wconf 89' lang='lat' dir='ltr'><strong>esse</strong></span> <span class='ocrx_word' id='word_1_574' title='bbox 2545 3121 2787 3191; x_wconf 88' lang='lat' dir='ltr'><strong>promisi,</strong></span> <span class='ocrx_word' id='word_1_575' title='bbox 2813 3120 2919 3177; x_wconf 91' lang='lat' dir='ltr'><strong>hoc</strong></span> <span class='ocrx_word' id='word_1_576' title='bbox 2939 3131 3042 3190; x_wconf 88' lang='lat' dir='ltr'><strong>est,</strong></span> <span class='ocrx_word' id='word_1_577' title='bbox 3078 3131 3135 3177; x_wconf 91' lang='lat' dir='ltr'><strong>ut</strong></span> <span class='ocrx_word' id='word_1_578' title='bbox 3161 3121 3544 3176; x_wconf 88' lang='lat' dir='ltr'><strong>catholicorum</strong></span> <span class='ocrx_word' id='word_1_579' title='bbox 3567 3163 3581 3182; x_wconf 84' lang='lat'><strong>,</strong></span> <span class='ocrx_word' id='word_1_580' title='bbox 3613 3123 3702 3190; x_wconf 89' lang='lat' dir='ltr'><strong>qni</strong></span> 
     </span>
    </p>
   </div>
   <div class='ocr_carea' id='block_1_70' title="bbox 2111 3211 3707 3281">
    <p class='ocr_par' dir='ltr' id='par_1_70' title="bbox 2111 3211 3707 3281">
     <span class='ocr_line' id='line_1_70' title="bbox 2111 3211 3707 3281; baseline 0 -17"><span class='ocrx_word' id='word_1_581' title='bbox 2111 3211 2326 3266; x_wconf 79' lang='lat' dir='ltr'><strong>luerunt</strong></span> <span class='ocrx_word' id='word_1_582' title='bbox 2347 3220 2474 3266; x_wconf 89' lang='lat' dir='ltr'><strong>ante</strong></span> <span class='ocrx_word' id='word_1_583' title='bbox 2502 3227 2622 3278; x_wconf 90' lang='lat' dir='ltr'><strong>nos,</strong></span> <span class='ocrx_word' id='word_1_584' title='bbox 2650 3211 3030 3281; x_wconf 84' lang='lat' dir='ltr'><strong>episc0porum</strong></span> <span class='ocrx_word' id='word_1_585' title='bbox 3056 3211 3342 3266; x_wconf 88' lang='lat' dir='ltr'><strong>sententiis</strong></span> <span class='ocrx_word' id='word_1_586' title='bbox 3361 3251 3376 3276; x_wconf 96' lang='lat'><strong>,</strong></span> <span class='ocrx_word' id='word_1_587' title='bbox 3417 3226 3707 3281; x_wconf 84' lang='lat' dir='ltr'><strong>quascum-</strong></span> 
     </span>
    </p>
   </div>
   <div class='ocr_carea' id='block_1_71' title="bbox 2111 3302 3704 3374">
    <p class='ocr_par' dir='ltr' id='par_1_71' title="bbox 2111 3302 3704 3374">
     <span class='ocr_line' id='line_1_71' title="bbox 2111 3302 3704 3374; baseline 0 -18"><span class='ocrx_word' id='word_1_588' title='bbox 2111 3317 2215 3374; x_wconf 91' lang='lat' dir='ltr'><strong>que</strong></span> <span class='ocrx_word' id='word_1_589' title='bbox 2237 3303 2399 3358; x_wconf 88' lang='lat' dir='ltr'><strong>rebus</strong></span> <span class='ocrx_word' id='word_1_590' title='bbox 2437 3302 2504 3358; x_wconf 90' lang='lat' dir='ltr'><strong>de</strong></span> <span class='ocrx_word' id='word_1_591' title='bbox 2532 3302 2724 3373; x_wconf 89' lang='lat' dir='ltr'><strong>quibus</strong></span> <span class='ocrx_word' id='word_1_592' title='bbox 2763 3303 2939 3374; x_wconf 81' lang='lat' dir='ltr'><strong>agitur</strong></span> <span class='ocrx_word' id='word_1_593' title='bbox 2966 3313 3326 3373; x_wconf 83' lang='lat' dir='ltr'><strong>congruentes</strong></span> <span class='ocrx_word' id='word_1_594' title='bbox 3351 3311 3576 3373; x_wconf 89' lang='lat' dir='ltr'><strong>potuero</strong></span> <span class='ocrx_word' id='word_1_595' title='bbox 3615 3318 3704 3357; x_wconf 85' lang='lat' dir='ltr'><strong>re-</strong></span> 
     </span>
    </p>
   </div>
   <div class='ocr_carea' id='block_1_72' title="bbox 2114 3393 3708 3464">
    <p class='ocr_par' dir='ltr' id='par_1_72' title="bbox 2114 3393 3708 3464">
     <span class='ocr_line' id='line_1_72' title="bbox 2114 3393 3708 3464; baseline -0.001 -16"><span class='ocrx_word' id='word_1_596' title='bbox 2114 3393 2309 3463; x_wconf 82' lang='lat' dir='ltr'><strong>perire,</strong></span> <span class='ocrx_word' id='word_1_597' title='bbox 2339 3393 2540 3448; x_wconf 90' lang='lat' dir='ltr'><strong>vitreas</strong></span> <span class='ocrx_word' id='word_1_598' title='bbox 2567 3393 2801 3464; x_wconf 88' lang='lat' dir='ltr'><strong>argutias</strong></span> <span class='ocrx_word' id='word_1_599' title='bbox 2823 3402 2941 3448; x_wconf 88' lang='lat' dir='ltr'><strong>tuas</strong></span> <span class='ocrx_word' id='word_1_600' title='bbox 2960 3435 2976 3460; x_wconf 95' lang='lat'><strong>,</strong></span> <span class='ocrx_word' id='word_1_601' title='bbox 3002 3402 3058 3449; x_wconf 91' lang='lat' dir='ltr'><strong>et</strong></span> <span class='ocrx_word' id='word_1_602' title='bbox 3087 3393 3318 3464; x_wconf 79' lang='lat' dir='ltr'><strong>fragilia,</strong></span> <span class='ocrx_word' id='word_1_603' title='bbox 3367 3393 3561 3463; x_wconf 88' lang='lat' dir='ltr'><strong>quibus</strong></span> <span class='ocrx_word' id='word_1_604' title='bbox 3615 3393 3708 3446; x_wconf 92' lang='lat' dir='ltr'><strong>tibi</strong></span> 
     </span>
    </p>
   </div>
   <div class='ocr_carea' id='block_1_73' title="bbox 2113 3476 3697 3554">
    <p class='ocr_par' dir='ltr' id='par_1_73' title="bbox 2113 3476 3697 3554">
     <span class='ocr_line' id='line_1_73' title="bbox 2113 3476 3697 3554; baseline -0.001 -16"><span class='ocrx_word' id='word_1_605' title='bbox 2113 3484 2339 3538; x_wconf 89' lang='lat' dir='ltr'><strong>multum</strong></span> <span class='ocrx_word' id='word_1_606' title='bbox 2371 3476 2564 3540; x_wconf 86' lang='lat' dir='ltr'><strong>videris</strong></span> <span class='ocrx_word' id='word_1_607' title='bbox 2589 3492 2776 3538; x_wconf 90' lang='lat' dir='ltr'><strong>acutus</strong></span> <span class='ocrx_word' id='word_1_608' title='bbox 2803 3493 2858 3540; x_wconf 90' lang='lat' dir='ltr'><strong>et</strong></span> <span class='ocrx_word' id='word_1_609' title='bbox 2881 3485 3100 3550; x_wconf 89' lang='lat' dir='ltr'><strong>nitidus,</strong></span> <span class='ocrx_word' id='word_1_610' title='bbox 3119 3497 3431 3554; x_wconf 75' lang='lat' dir='ltr'><strong>argumenta</strong></span> <span class='ocrx_word' id='word_1_611' title='bbox 3459 3482 3697 3538; x_wconf 85' lang='lat' dir='ltr'><strong>confrin-</strong></span> 
     </span>
    </p>
   </div>
   <div class='ocr_carea' id='block_1_74' title="bbox 2113 3573 3714 3644">
    <p class='ocr_par' dir='ltr' id='par_1_74' title="bbox 2113 3573 3714 3644">
     <span class='ocr_line' id='line_1_74' title="bbox 2113 3573 3714 3644; baseline -0.002 -15"><span class='ocrx_word' id='word_1_612' title='bbox 2113 3587 2256 3644; x_wconf 77' lang='lat' dir='ltr'><strong>gam.</strong></span> <span class='ocrx_word' id='word_1_613' title='bbox 2287 3573 2441 3641; x_wconf 88' lang='lat' dir='ltr'><strong>Quod</strong></span> <span class='ocrx_word' id='word_1_614' title='bbox 2469 3573 2540 3628; x_wconf 87' lang='lat' dir='ltr'><strong>ab</strong></span> <span class='ocrx_word' id='word_1_615' title='bbox 2568 3574 2673 3629; x_wconf 90' lang='lat' dir='ltr'><strong>alio</strong></span> <span class='ocrx_word' id='word_1_616' title='bbox 2701 3576 3072 3644; x_wconf 75' lang='lat' dir='ltr'><strong>aggrediemur</strong></span> <span class='ocrx_word' id='word_1_617' title='bbox 3093 3575 3331 3640; x_wconf 81' lang='lat' dir='ltr'><strong>exordio,</strong></span> <span class='ocrx_word' id='word_1_618' title='bbox 3359 3573 3447 3630; x_wconf 89' lang='lat' dir='ltr'><strong>hic</strong></span> <span class='ocrx_word' id='word_1_619' title='bbox 3466 3575 3621 3630; x_wconf 87' lang='lat' dir='ltr'><strong>istius</strong></span> <span class='ocrx_word' id='word_1_620' title='bbox 3649 3574 3714 3627; x_wconf 83' lang='lat' dir='ltr'><strong>li-</strong></span> 
     </span>
    </p>
   </div>
   <div class='ocr_carea' id='block_1_75' title="bbox 2114 3665 2834 3736">
    <p class='ocr_par' dir='ltr' id='par_1_75' title="bbox 2114 3665 2834 3736">
     <span class='ocr_line' id='line_1_75' title="bbox 2114 3665 2834 3736; baseline 0 -15"><span class='ocrx_word' id='word_1_621' title='bbox 2114 3665 2196 3721; x_wconf 89' lang='lat' dir='ltr'><strong>bri</strong></span> <span class='ocrx_word' id='word_1_622' title='bbox 2222 3667 2526 3736; x_wconf 72' lang='lat' dir='ltr'><strong>prolixitate</strong></span> <span class='ocrx_word' id='word_1_623' title='bbox 2561 3666 2834 3722; x_wconf 90' lang='lat' dir='ltr'><strong>conclusa.</strong></span> 
     </span>
    </p>
   </div>
   <div class='ocr_carea' id='block_1_76' title="bbox 1343 3977 2782 4092">
    <p class='ocr_par' dir='ltr' id='par_1_76' title="bbox 1343 3977 2782 4092">
     <span class='ocr_line' id='line_1_76' title="bbox 1343 3977 2782 4092; baseline 0.003 -5"><span class='ocrx_word' id='word_1_624' title='bbox 1343 3977 1819 4087; x_wconf 87' lang='lat' dir='ltr'><strong><em>LIBER</em></strong></span> <span class='ocrx_word' id='word_1_625' title='bbox 1902 3977 2782 4092; x_wconf 68' lang='lat' dir='ltr'><strong>SECUNDUS.</strong></span> 
     </span>
    </p>
   </div>
   <div class='ocr_carea' id='block_1_77' title="bbox 485 4164 3805 4238">
    <p class='ocr_par' dir='ltr' id='par_1_77' title="bbox 485 4164 3805 4238">
     <span class='ocr_line' id='line_1_77' title="bbox 485 4164 3805 4238; baseline -0.002 -13"><span class='ocrx_word' id='word_1_626' title='bbox 485 4175 848 4238; x_wconf 67' lang='lat' dir='ltr'><strong>t&#39;elagianonim</strong></span> <span class='ocrx_word' id='word_1_627' title='bbox 871 4179 1036 4238; x_wconf 80' lang='lat' dir='ltr'><strong>contra</strong></span> <span class='ocrx_word' id='word_1_628' title='bbox 1059 4167 1298 4232; x_wconf 88' lang='lat' dir='ltr'><strong>originale</strong></span> <span class='ocrx_word' id='word_1_629' title='bbox 1325 4174 1576 4238; x_wconf 77' lang='lat' dir='ltr'><strong>peceatum</strong></span> <span class='ocrx_word' id='word_1_630' title='bbox 1595 4171 1883 4238; x_wconf 69' lang='lat' dir='ltr'><strong>argumenta</strong></span> <span class='ocrx_word' id='word_1_631' title='bbox 1894 4165 2123 4238; x_wconf 59' lang='lat' dir='ltr'><strong>quinque</strong></span> <span class='ocrx_word' id='word_1_632' title='bbox 2150 4164 2381 4238; x_wconf 79' lang='lat' dir='ltr'><strong>convellit</strong></span> <span class='ocrx_word' id='word_1_633' title='bbox 2408 4169 2703 4238; x_wconf 76' lang='lat' dir='ltr'><strong>auctoritate</strong></span> <span class='ocrx_word' id='word_1_634' title='bbox 2727 4181 2784 4238; x_wconf 82' lang='lat' dir='ltr'><strong>ac</strong></span> <span class='ocrx_word' id='word_1_635' title='bbox 2803 4170 3069 4238; x_wconf 71' lang='lat' dir='ltr'><strong>sententiis</strong></span> <span class='ocrx_word' id='word_1_636' title='bbox 3095 4169 3440 4238; x_wconf 75' lang='lat' dir='ltr'><strong>catholicorum</strong></span> <span class='ocrx_word' id='word_1_637' title='bbox 3448 4169 3715 4238; x_wconf 72' lang='lat' dir='ltr'><strong>_iloetorum</strong></span> <span class='ocrx_word' id='word_1_638' title='bbox 3802 4183 3805 4185; x_wconf 92' lang='grc'>·</span> 
     </span>
    </p>
   </div>
   <div class='ocr_carea' id='block_1_78' title="bbox 423 4223 3718 4302">
    <p class='ocr_par' dir='ltr' id='par_1_78' title="bbox 423 4223 3718 4302">
     <span class='ocr_line' id='line_1_78' title="bbox 423 4223 3718 4302; baseline 0 -24"><span class='ocrx_word' id='word_1_639' title='bbox 423 4223 504 4302; x_wconf 74' lang='grc' dir='ltr'><strong>ηιιί</strong></span> <span class='ocrx_word' id='word_1_640' title='bbox 529 4223 661 4302; x_wconf 57' lang='grc' dir='ltr'>ξιιιῖιέ</span> <span class='ocrx_word' id='word_1_641' title='bbox 676 4237 725 4286; x_wconf 71' lang='lat' dir='ltr'><strong>in</strong></span> <span class='ocrx_word' id='word_1_642' title='bbox 748 4236 958 4302; x_wconf 64' lang='lat' dir='ltr'><strong>Ecclesia</strong></span> <span class='ocrx_word' id='word_1_643' title='bbox 979 4223 1670 4302; x_wconf 46' lang='lat' dir='ltr'><strong>claruerunt,“episwwruni</strong></span> <span class='ocrx_word' id='word_1_644' title='bbox 1681 4223 1868 4302; x_wconf 69' lang='lat' dir='ltr'><strong>scilicet</strong></span> <span class='ocrx_word' id='word_1_645' title='bbox 1892 4223 2151 4302; x_wconf 69' lang='lat' dir='ltr'><strong>illustrium</strong></span> <span class='ocrx_word' id='word_1_646' title='bbox 2173 4227 2380 4302; x_wconf 75' lang='lat' dir='ltr'><strong>decem,</strong></span> <span class='ocrx_word' id='word_1_647' title='bbox 2407 4231 2575 4302; x_wconf 72' lang='lat' dir='ltr'><strong>trenzci</strong></span> <span class='ocrx_word' id='word_1_648' title='bbox 2591 4264 2605 4290; x_wconf 90' lang='lat'><strong>,</strong></span> <span class='ocrx_word' id='word_1_649' title='bbox 2631 4231 2878 4292; x_wconf 81' lang='lat' dir='ltr'><strong>Cypriani,</strong></span> <span class='ocrx_word' id='word_1_650' title='bbox 2907 4232 3069 4302; x_wconf 71' lang='lat' dir='ltr'><strong>tteticii</strong></span> <span class='ocrx_word' id='word_1_651' title='bbox 3089 4265 3104 4290; x_wconf 94' lang='lat'><strong>,</strong></span> <span class='ocrx_word' id='word_1_652' title='bbox 3137 4229 3334 4300; x_wconf 71' lang='lat' dir='ltr'><strong>qutnpii</strong></span> <span class='ocrx_word' id='word_1_653' title='bbox 3349 4265 3362 4285; x_wconf 84' lang='lat'><strong>,</strong></span> <span class='ocrx_word' id='word_1_654' title='bbox 3377 4230 3548 4302; x_wconf 41' lang='lat' dir='ltr'><strong>.llilarii</strong></span> <span class='ocrx_word' id='word_1_655' title='bbox 3569 4265 3582 4286; x_wconf 92' lang='lat'><strong>,</strong></span> <span class='ocrx_word' id='word_1_656' title='bbox 3605 4239 3718 4302; x_wconf 41' lang='lat' dir='ltr'><strong>Gre:</strong></span> 
     </span>
    </p>
   </div>
   <div class='ocr_carea' id='block_1_79' title="bbox 423 4287 3725 4361">
    <p class='ocr_par' dir='ltr' id='par_1_79' title="bbox 423 4287 3725 4361">
     <span class='ocr_line' id='line_1_79' title="bbox 423 4287 3725 4361; baseline -0.003 -11"><span class='ocrx_word' id='word_1_657' title='bbox 423 4287 548 4361; x_wconf 65' lang='grc' dir='ltr'>ξυιιι</span> <span class='ocrx_word' id='word_1_658' title='bbox 570 4299 874 4361; x_wconf 64' lang='lat' dir='ltr'><strong>bazianzeni,</strong></span> <span class='ocrx_word' id='word_1_659' title='bbox 907 4295 1170 4355; x_wconf 84' lang='lat' dir='ltr'><strong>Ambrosii,</strong></span> <span class='ocrx_word' id='word_1_660' title='bbox 1195 4287 1379 4351; x_wconf 75' lang='lat' dir='ltr'><strong>Basilii,</strong></span> <span class='ocrx_word' id='word_1_661' title='bbox 1404 4287 1600 4340; x_wconf 78' lang='lat' dir='ltr'><strong>Joannis</strong></span> <span class='ocrx_word' id='word_1_662' title='bbox 1616 4287 2150 4349; x_wconf 75' lang='lat' dir='ltr'><strong>constantitwpolitani,</strong></span> <span class='ocrx_word' id='word_1_663' title='bbox 2176 4296 2229 4338; x_wconf 87' lang='lat' dir='ltr'><strong>et</strong></span> <span class='ocrx_word' id='word_1_664' title='bbox 2251 4292 2546 4352; x_wconf 79' lang='lat' dir='ltr'><strong>Innocentii;</strong></span> <span class='ocrx_word' id='word_1_665' title='bbox 2582 4287 2771 4342; x_wconf 79' lang='lat' dir='ltr'><strong>necnon</strong></span> <span class='ocrx_word' id='word_1_666' title='bbox 2795 4292 3070 4356; x_wconf 79' lang='lat' dir='ltr'><strong>presbyteri</strong></span> <span class='ocrx_word' id='word_1_667' title='bbox 3091 4287 3098 4290; x_wconf 66' lang='grc'>⁷</span> <span class='ocrx_word' id='word_1_668' title='bbox 3116 4287 3389 4356; x_wconf 67' lang='lat' dir='ltr'><strong>Hieronymi</strong></span> <span class='ocrx_word' id='word_1_669' title='bbox 3406 4327 3422 4352; x_wconf 91' lang='lat'><strong>,</strong></span> <span class='ocrx_word' id='word_1_670' title='bbox 3457 4295 3546 4342; x_wconf 86' lang='lat' dir='ltr'><strong>viri</strong></span> <span class='ocrx_word' id='word_1_671' title='bbox 3569 4294 3725 4342; x_wconf 88' lang='lat' dir='ltr'><strong>sancti</strong></span> 
     </span>
    </p>
   </div>
   <div class='ocr_carea' id='block_1_80' title="bbox 423 4360 792 4424">
    <p class='ocr_par' dir='ltr' id='par_1_80' title="bbox 423 4360 792 4424">
     <span class='ocr_line' id='line_1_80' title="bbox 423 4360 792 4424; baseline -0.011 -14"><span class='ocrx_word' id='word_1_672' title='bbox 423 4360 482 4412; x_wconf 78' lang='lat' dir='ltr'><strong>ac</strong></span> <span class='ocrx_word' id='word_1_673' title='bbox 504 4360 792 4424; x_wconf 87' lang='lat' dir='ltr'><strong>pereruditi.</strong></span> 
     </span>
    </p>
   </div>
   <div class='ocr_carea' id='block_1_81' title="bbox 1823 4428 2314 4462">
    <p class='ocr_par' dir='ltr' id='par_1_81' title="bbox 1823 4428 2314 4462">
     <span class='ocr_line' id='line_1_81' title="bbox 1823 4428 2314 4462; baseline -0.002 -14"><span class='ocrx_word' id='word_1_674' title='bbox 1823 4428 2314 4462; x_wconf 57' lang='lat' dir='ltr'><strong>mm-</strong></span> 
     </span>
    </p>
   </div>
   <div class='ocr_carea' id='block_1_82' title="bbox 497 4500 2024 4574">
    <p class='ocr_par' dir='ltr' id='par_1_82' title="bbox 497 4500 2024 4574">
     <span class='ocr_line' id='line_1_82' title="bbox 497 4500 2024 4574; baseline -0.011 -4"><span class='ocrx_word' id='word_1_675' title='bbox 497 4513 728 4570; x_wconf 80' lang='lat' dir='ltr'><strong>CAPUT</strong></span> <span class='ocrx_word' id='word_1_676' title='bbox 757 4509 1042 4568; x_wconf 81' lang='lat' dir='ltr'><strong>PRIMUM.</strong></span> <span class='ocrx_word' id='word_1_677' title='bbox 1071 4539 1143 4549; x_wconf 92' lang='lat'><strong><em>—</em></strong></span> <span class='ocrx_word' id='word_1_678' title='bbox 1170 4509 1221 4562; x_wconf 82' lang='lat' dir='ltr'><strong>l.</strong></span> <span class='ocrx_word' id='word_1_679' title='bbox 1249 4503 1523 4574; x_wconf 86' lang='lat' dir='ltr'><strong>Nuncjam</strong></span> <span class='ocrx_word' id='word_1_680' title='bbox 1551 4502 1682 4558; x_wconf 87' lang='lat' dir='ltr'><strong>mihi</strong></span> <span class='ocrx_word' id='word_1_681' title='bbox 1711 4500 2024 4572; x_wconf 79' lang='lat' dir='ltr'><strong>aggredien-</strong></span> 
     </span>
    </p>
   </div>
   <div class='ocr_carea' id='block_1_83' title="bbox 428 4593 2031 4675">
    <p class='ocr_par' dir='ltr' id='par_1_83' title="bbox 428 4593 2031 4675">
     <span class='ocr_line' id='line_1_83' title="bbox 428 4593 2031 4675; baseline -0.01 -12"><span class='ocrx_word' id='word_1_682' title='bbox 428 4608 561 4670; x_wconf 87' lang='lat' dir='ltr'><strong>dum</strong></span> <span class='ocrx_word' id='word_1_683' title='bbox 592 4615 695 4671; x_wconf 88' lang='lat' dir='ltr'><strong>est,</strong></span> <span class='ocrx_word' id='word_1_684' title='bbox 721 4603 863 4675; x_wconf 89' lang='lat' dir='ltr'><strong>quod</strong></span> <span class='ocrx_word' id='word_1_685' title='bbox 895 4602 1052 4658; x_wconf 89' lang='lat' dir='ltr'><strong>tertio</strong></span> <span class='ocrx_word' id='word_1_686' title='bbox 1076 4601 1195 4656; x_wconf 92' lang='lat' dir='ltr'><strong>loco</strong></span> <span class='ocrx_word' id='word_1_687' title='bbox 1217 4597 1367 4669; x_wconf 90' lang='lat' dir='ltr'><strong>posui</strong></span> <span class='ocrx_word' id='word_1_688' title='bbox 1385 4593 1751 4666; x_wconf 90' lang='lat' dir='ltr'><strong>dispositionis</strong></span> <span class='ocrx_word' id='word_1_689' title='bbox 1775 4607 1912 4648; x_wconf 69' lang='lat' dir='ltr'><strong>mete</strong></span> <span class='ocrx_word' id='word_1_690' title='bbox 1937 4632 1952 4656; x_wconf 94' lang='lat'><strong>,</strong></span> <span class='ocrx_word' id='word_1_691' title='bbox 1971 4600 2031 4647; x_wconf 89' lang='lat' dir='ltr'><strong>ut</strong></span> 
     </span>
    </p>
   </div>
   <div class='ocr_carea' id='block_1_84' title="bbox 432 4685 2028 4768">
    <p class='ocr_par' dir='ltr' id='par_1_84' title="bbox 432 4685 2028 4768">
     <span class='ocr_line' id='line_1_84' title="bbox 432 4685 2028 4768; baseline -0.011 -12"><span class='ocrx_word' id='word_1_692' title='bbox 432 4700 713 4756; x_wconf 85' lang='lat' dir='ltr'><strong>sententiis</strong></span> <span class='ocrx_word' id='word_1_693' title='bbox 740 4698 1157 4768; x_wconf 88' lang='lat' dir='ltr'><strong>episcoporum,</strong></span> <span class='ocrx_word' id='word_1_694' title='bbox 1184 4693 1274 4763; x_wconf 89' lang='lat' dir='ltr'><strong>qui</strong></span> <span class='ocrx_word' id='word_1_695' title='bbox 1319 4689 1622 4759; x_wconf 88' lang='lat' dir='ltr'><strong>Scripturas</strong></span> <span class='ocrx_word' id='word_1_696' title='bbox 1674 4695 1890 4742; x_wconf 88' lang='lat' dir='ltr'><strong>sanctas</strong></span> <span class='ocrx_word' id='word_1_697' title='bbox 1943 4685 2028 4740; x_wconf 91' lang='lat' dir='ltr'><strong>in-</strong></span> 
     </span>
    </p>
   </div>
   <div class='ocr_carea' id='block_1_85' title="bbox 430 4777 2029 4864">
    <p class='ocr_par' dir='ltr' id='par_1_85' title="bbox 430 4777 2029 4864">
     <span class='ocr_line' id='line_1_85' title="bbox 430 4777 2029 4864; baseline -0.012 -15"><span class='ocrx_word' id='word_1_698' title='bbox 430 4794 577 4863; x_wconf 86' lang='lat' dir='ltr'><strong>genti</strong></span> <span class='ocrx_word' id='word_1_699' title='bbox 593 4793 761 4864; x_wconf 82' lang='lat' dir='ltr'><strong>gloria</strong></span> <span class='ocrx_word' id='word_1_700' title='bbox 789 4797 1172 4852; x_wconf 88' lang='lat' dir='ltr'><strong>tractaverunt,</strong></span> <span class='ocrx_word' id='word_1_701' title='bbox 1203 4794 1316 4851; x_wconf 89' lang='lat' dir='ltr'><strong>tua,</strong></span> <span class='ocrx_word' id='word_1_702' title='bbox 1345 4782 1578 4846; x_wconf 83' lang='lat' dir='ltr'><strong>Juliane,</strong></span> <span class='ocrx_word' id='word_1_703' title='bbox 1603 4779 1832 4834; x_wconf 91' lang='lat' dir='ltr'><strong>Domino</strong></span> <span class='ocrx_word' id='word_1_704' title='bbox 1873 4777 2029 4847; x_wconf 88' lang='lat' dir='ltr'><strong>adju-</strong></span> 
     </span>
    </p>
   </div>
   <div class='ocr_carea' id='block_1_86' title="bbox 443 4867 2032 4951">
    <p class='ocr_par' dir='ltr' id='par_1_86' title="bbox 443 4867 2032 4951">
     <span class='ocr_line' id='line_1_86' title="bbox 443 4867 2032 4951; baseline -0.008 -13"><span class='ocrx_word' id='word_1_705' title='bbox 443 4895 622 4951; x_wconf 81' lang='lat' dir='ltr'><strong>vante,</strong></span> <span class='ocrx_word' id='word_1_706' title='bbox 650 4883 1076 4939; x_wconf 83' lang='lat' dir='ltr'><strong>machinamenta</strong></span> <span class='ocrx_word' id='word_1_707' title='bbox 1121 4867 1447 4933; x_wconf 88' lang='lat' dir='ltr'><strong>subvertam.</strong></span> <span class='ocrx_word' id='word_1_708' title='bbox 1479 4873 1593 4928; x_wconf 85' lang='lat' dir='ltr'><strong>Non</strong></span> <span class='ocrx_word' id='word_1_709' title='bbox 1623 4881 1680 4926; x_wconf 90' lang='lat' dir='ltr'><strong>ut</strong></span> <span class='ocrx_word' id='word_1_710' title='bbox 1717 4887 1812 4928; x_wconf 89' lang='lat' dir='ltr'><strong>eos</strong></span> <span class='ocrx_word' id='word_1_711' title='bbox 1851 4882 2032 4927; x_wconf 83' lang='lat' dir='ltr'><strong>osten-</strong></span> 
     </span>
    </p>
   </div>
   <div class='ocr_carea' id='block_1_87' title="bbox 433 4962 2033 5034">
    <p class='ocr_par' dir='ltr' id='par_1_87' title="bbox 433 4962 2033 5034">
     <span class='ocr_line' id='line_1_87' title="bbox 433 4962 2033 5034; baseline -0.009 -3"><span class='ocrx_word' id='word_1_712' title='bbox 433 4979 558 5031; x_wconf 87' lang='lat' dir='ltr'><strong>dam</strong></span> <span class='ocrx_word' id='word_1_713' title='bbox 585 4973 879 5030; x_wconf 86' lang='lat' dir='ltr'><strong>secundum</strong></span> <span class='ocrx_word' id='word_1_714' title='bbox 905 4969 1222 5027; x_wconf 88' lang='lat' dir='ltr'><strong>catholicam</strong></span> <span class='ocrx_word' id='word_1_715' title='bbox 1251 4966 1408 5021; x_wconf 81' lang='lat' dir='ltr'><strong>(idem</strong></span> <span class='ocrx_word' id='word_1_716' title='bbox 1439 4963 1507 5019; x_wconf 89' lang='lat' dir='ltr'><strong>de</strong></span> <span class='ocrx_word' id='word_1_717' title='bbox 1527 4963 1770 5034; x_wconf 79' lang='lat' dir='ltr'><strong>originali</strong></span> <span class='ocrx_word' id='word_1_718' title='bbox 1797 4962 2033 5018; x_wconf 90' lang='lat' dir='ltr'><strong>sensisse</strong></span> 
     </span>
    </p>
   </div>
   <div class='ocr_carea' id='block_1_88' title="bbox 437 5053 2032 5138">
    <p class='ocr_par' dir='ltr' id='par_1_88' title="bbox 437 5053 2032 5138">
     <span class='ocr_line' id='line_1_88' title="bbox 437 5053 2032 5138; baseline -0.009 -18"><span class='ocrx_word' id='word_1_719' title='bbox 437 5075 688 5138; x_wconf 89' lang='lat' dir='ltr'><strong>peccato;</strong></span> <span class='ocrx_word' id='word_1_720' title='bbox 720 5064 823 5120; x_wconf 92' lang='lat' dir='ltr'><strong>hoc</strong></span> <span class='ocrx_word' id='word_1_721' title='bbox 861 5063 1006 5118; x_wconf 89' lang='lat' dir='ltr'><strong>enim</strong></span> <span class='ocrx_word' id='word_1_722' title='bbox 1029 5061 1139 5130; x_wconf 87' lang='lat' dir='ltr'><strong>jam</strong></span> <span class='ocrx_word' id='word_1_723' title='bbox 1170 5060 1222 5114; x_wconf 88' lang='lat' dir='ltr'><strong>in</strong></span> <span class='ocrx_word' id='word_1_724' title='bbox 1255 5057 1442 5128; x_wconf 91' lang='lat' dir='ltr'><strong>primis</strong></span> <span class='ocrx_word' id='word_1_725' title='bbox 1465 5054 1622 5125; x_wconf 86' lang='lat' dir='ltr'><strong>hujus</strong></span> <span class='ocrx_word' id='word_1_726' title='bbox 1647 5057 1829 5124; x_wconf 88' lang='lat' dir='ltr'><strong>operis</strong></span> <span class='ocrx_word' id='word_1_727' title='bbox 1868 5053 2032 5122; x_wconf 86' lang='lat' dir='ltr'><strong>parti-</strong></span> 
     </span>
    </p>
   </div>
   <div class='ocr_carea' id='block_1_89' title="bbox 439 5145 2026 5218">
    <p class='ocr_par' dir='ltr' id='par_1_89' title="bbox 439 5145 2026 5218">
     <span class='ocr_line' id='line_1_89' title="bbox 439 5145 2026 5218; baseline -0.009 -5"><span class='ocrx_word' id='word_1_728' title='bbox 439 5159 540 5213; x_wconf 90' lang='lat' dir='ltr'><strong>bus</strong></span> <span class='ocrx_word' id='word_1_729' title='bbox 565 5156 686 5218; x_wconf 83' lang='lat' dir='ltr'><strong>feci,</strong></span> <span class='ocrx_word' id='word_1_730' title='bbox 718 5164 776 5210; x_wconf 93' lang='lat' dir='ltr'><strong>ut</strong></span> <span class='ocrx_word' id='word_1_731' title='bbox 800 5154 924 5208; x_wconf 91' lang='lat' dir='ltr'><strong>inde</strong></span> <span class='ocrx_word' id='word_1_732' title='bbox 953 5161 1310 5206; x_wconf 88' lang='lat' dir='ltr'><strong>monstrarem</strong></span> <span class='ocrx_word' id='word_1_733' title='bbox 1335 5189 1348 5214; x_wconf 95' lang='lat'><strong>,</strong></span> <span class='ocrx_word' id='word_1_734' title='bbox 1377 5157 1507 5218; x_wconf 90' lang='lat' dir='ltr'><strong>quot</strong></span> <span class='ocrx_word' id='word_1_735' title='bbox 1533 5157 1587 5203; x_wconf 91' lang='lat' dir='ltr'><strong>ct</strong></span> <span class='ocrx_word' id='word_1_736' title='bbox 1628 5146 1840 5216; x_wconf 87' lang='lat' dir='ltr'><strong>quantis</strong></span> <span class='ocrx_word' id='word_1_737' title='bbox 1866 5145 2026 5204; x_wconf 82' lang='lat' dir='ltr'><strong>viris.</strong></span> 
     </span>
    </p>
   </div>
   <div class='ocr_carea' id='block_1_90' title="bbox 443 5237 2032 5313">
    <p class='ocr_par' dir='ltr' id='par_1_90' title="bbox 443 5237 2032 5313">
     <span class='ocr_line' id='line_1_90' title="bbox 443 5237 2032 5313; baseline -0.009 -11"><span class='ocrx_word' id='word_1_738' title='bbox 443 5247 698 5313; x_wconf 59' lang='lat' dir='ltr'><strong>Ecclesia:</strong></span> <span class='ocrx_word' id='word_1_739' title='bbox 724 5245 921 5299; x_wconf 88' lang='lat' dir='ltr'><strong>sanctis</strong></span> <span class='ocrx_word' id='word_1_740' title='bbox 951 5242 1218 5312; x_wconf 90' lang='lat' dir='ltr'><strong>clarisque</strong></span> <span class='ocrx_word' id='word_1_741' title='bbox 1247 5239 1552 5296; x_wconf 89' lang='lat' dir='ltr'><strong>doctoribus</strong></span> <span class='ocrx_word' id='word_1_742' title='bbox 1572 5279 1587 5306; x_wconf 95' lang='lat'><strong>,</strong></span> <span class='ocrx_word' id='word_1_743' title='bbox 1619 5237 2032 5292; x_wconf 63' lang='lat' dir='ltr'><strong>Manichaaornm</strong></span> 
     </span>
    </p>
   </div>
   <div class='ocr_carea' id='block_1_91' title="bbox 439 5327 2031 5406">
    <p class='ocr_par' dir='ltr' id='par_1_91' title="bbox 439 5327 2031 5406">
     <span class='ocr_line' id='line_1_91' title="bbox 439 5327 2031 5406; baseline -0.009 -11"><span class='ocrx_word' id='word_1_744' title='bbox 439 5340 642 5395; x_wconf 85' lang='lat' dir='ltr'><strong>crimen</strong></span> <span class='ocrx_word' id='word_1_745' title='bbox 665 5336 961 5406; x_wconf 85' lang='lat' dir='ltr'><strong>impingas;</strong></span> <span class='ocrx_word' id='word_1_746' title='bbox 985 5343 1039 5388; x_wconf 92' lang='lat' dir='ltr'><strong>et</strong></span> <span class='ocrx_word' id='word_1_747' title='bbox 1063 5347 1184 5388; x_wconf 90' lang='lat' dir='ltr'><strong>cum</strong></span> <span class='ocrx_word' id='word_1_748' title='bbox 1213 5348 1298 5387; x_wconf 91' lang='lat' dir='ltr'><strong>me</strong></span> <span class='ocrx_word' id='word_1_749' title='bbox 1325 5332 1476 5401; x_wconf 88' lang='lat' dir='ltr'><strong>cupis</strong></span> <span class='ocrx_word' id='word_1_750' title='bbox 1495 5330 1632 5402; x_wconf 87' lang='lat' dir='ltr'><strong>apud</strong></span> <span class='ocrx_word' id='word_1_751' title='bbox 1663 5327 2031 5398; x_wconf 86' lang='lat' dir='ltr'><strong>imperitorum</strong></span> 
     </span>
    </p>
   </div>
   <div class='ocr_carea' id='block_1_92' title="bbox 441 5421 2032 5497">
    <p class='ocr_par' dir='ltr' id='par_1_92' title="bbox 441 5421 2032 5497">
     <span class='ocr_line' id='line_1_92' title="bbox 441 5421 2032 5497; baseline -0.006 -14"><span class='ocrx_word' id='word_1_752' title='bbox 441 5429 754 5492; x_wconf 71' lang='lat' dir='ltr'><strong>ilecoiorare</strong></span> <span class='ocrx_word' id='word_1_753' title='bbox 779 5427 978 5497; x_wconf 88' lang='lat' dir='ltr'><strong>judicia</strong></span> <span class='ocrx_word' id='word_1_754' title='bbox 1001 5467 1015 5492; x_wconf 96' lang='lat'><strong>,</strong></span> <span class='ocrx_word' id='word_1_755' title='bbox 1043 5439 1137 5480; x_wconf 90' lang='lat' dir='ltr'><strong>eos</strong></span> <span class='ocrx_word' id='word_1_756' title='bbox 1163 5425 1250 5496; x_wconf 91' lang='lat' dir='ltr'><strong>qui</strong></span> <span class='ocrx_word' id='word_1_757' title='bbox 1279 5424 1596 5479; x_wconf 86' lang='lat' dir='ltr'><strong>catholicam</strong></span> <span class='ocrx_word' id='word_1_758' title='bbox 1647 5421 1806 5477; x_wconf 88' lang='lat' dir='ltr'><strong>lident</strong></span> <span class='ocrx_word' id='word_1_759' title='bbox 1847 5429 2032 5475; x_wconf 90' lang='lat' dir='ltr'><strong>contra</strong></span> 
     </span>
    </p>
   </div>
   <div class='ocr_carea' id='block_1_93' title="bbox 445 5515 2033 5579">
    <p class='ocr_par' dir='ltr' id='par_1_93' title="bbox 445 5515 2033 5579">
     <span class='ocr_line' id='line_1_93' title="bbox 445 5515 2033 5579; baseline -0.009 -4"><span class='ocrx_word' id='word_1_760' title='bbox 445 5520 725 5575; x_wconf 68' lang='lat' dir='ltr'><strong>lum-elicos</strong></span> <span class='ocrx_word' id='word_1_761' title='bbox 749 5516 1121 5579; x_wconf 86' lang='lat' dir='ltr'><strong>defenderunt,</strong></span> <span class='ocrx_word' id='word_1_762' title='bbox 1153 5515 1370 5571; x_wconf 69' lang='lat' dir='ltr'><strong>hzeresis</strong></span> <span class='ocrx_word' id='word_1_763' title='bbox 1401 5515 1614 5569; x_wconf 74' lang='lat' dir='ltr'><strong>nefaria:</strong></span> <span class='ocrx_word' id='word_1_764' title='bbox 1636 5515 1849 5566; x_wconf 89' lang='lat' dir='ltr'><strong>nomine</strong></span> <span class='ocrx_word' id='word_1_765' title='bbox 1873 5526 2033 5565; x_wconf 86' lang='lat' dir='ltr'><strong>accu-</strong></span> 
     </span>
    </p>
   </div>
   <div class='ocr_carea' id='block_1_94' title="bbox 447 5605 2036 5680">
    <p class='ocr_par' dir='ltr' id='par_1_94' title="bbox 447 5605 2036 5680">
     <span class='ocr_line' id='line_1_94' title="bbox 447 5605 2036 5680; baseline -0.003 -16"><span class='ocrx_word' id='word_1_766' title='bbox 447 5628 552 5668; x_wconf 79' lang='lat' dir='ltr'><strong>ses.</strong></span> <span class='ocrx_word' id='word_1_767' title='bbox 575 5611 680 5668; x_wconf 84' lang='lat' dir='ltr'><strong>Sed</strong></span> <span class='ocrx_word' id='word_1_768' title='bbox 707 5626 850 5666; x_wconf 90' lang='lat' dir='ltr'><strong>nunc</strong></span> <span class='ocrx_word' id='word_1_769' title='bbox 875 5618 1182 5680; x_wconf 86' lang='lat' dir='ltr'><strong>argumenta</strong></span> <span class='ocrx_word' id='word_1_770' title='bbox 1214 5609 1328 5680; x_wconf 73' lang='lat' dir='ltr'><strong>ipsa</strong></span> <span class='ocrx_word' id='word_1_771' title='bbox 1355 5620 1550 5670; x_wconf 83' lang='lat' dir='ltr'><strong>vestra,</strong></span> <span class='ocrx_word' id='word_1_772' title='bbox 1569 5606 1760 5676; x_wconf 86' lang='lat' dir='ltr'><strong>quibus</strong></span> <span class='ocrx_word' id='word_1_773' title='bbox 1785 5605 1938 5676; x_wconf 87' lang='lat' dir='ltr'><strong>agilis</strong></span> <span class='ocrx_word' id='word_1_774' title='bbox 1969 5619 2036 5659; x_wconf 86' lang='lat' dir='ltr'><strong>ne</strong></span> 
     </span>
    </p>
   </div>
   <div class='ocr_carea' id='block_1_95' title="bbox 453 5699 2034 5774">
    <p class='ocr_par' dir='ltr' id='par_1_95' title="bbox 453 5699 2034 5774">
     <span class='ocr_line' id='line_1_95' title="bbox 453 5699 2034 5774; baseline -0.006 -16"><span class='ocrx_word' id='word_1_775' title='bbox 453 5706 724 5759; x_wconf 81' lang='lat' dir='ltr'><strong>hominum</strong></span> <span class='ocrx_word' id='word_1_776' title='bbox 769 5705 934 5774; x_wconf 86' lang='lat' dir='ltr'><strong>prima</strong></span> <span class='ocrx_word' id='word_1_777' title='bbox 965 5702 1208 5759; x_wconf 87' lang='lat' dir='ltr'><strong>nativitas</strong></span> <span class='ocrx_word' id='word_1_778' title='bbox 1230 5703 1468 5774; x_wconf 83' lang='lat' dir='ltr'><strong>originali</strong></span> <span class='ocrx_word' id='word_1_779' title='bbox 1519 5711 1737 5770; x_wconf 80' lang='lat' dir='ltr'><strong>peccato</strong></span> <span class='ocrx_word' id='word_1_780' title='bbox 1787 5699 2034 5753; x_wconf 79' lang='lat' dir='ltr'><strong>credatur</strong></span> 
     </span>
    </p>
   </div>
   <div class='ocr_carea' id='block_1_96' title="bbox 459 5790 2036 5867">
    <p class='ocr_par' dir='ltr' id='par_1_96' title="bbox 459 5790 2036 5867">
     <span class='ocr_line' id='line_1_96' title="bbox 459 5790 2036 5867; baseline -0.001 -21"><span class='ocrx_word' id='word_1_781' title='bbox 459 5801 735 5866; x_wconf 59' lang='grc' dir='ltr'>ιιιιιηιιίιιίι,</span> <span class='ocrx_word' id='word_1_782' title='bbox 760 5795 984 5867; x_wconf 82' lang='lat' dir='ltr'><strong>eloquiis</strong></span> <span class='ocrx_word' id='word_1_783' title='bbox 1012 5805 1132 5850; x_wconf 77' lang='lat' dir='ltr'><strong>sunt</strong></span> <span class='ocrx_word' id='word_1_784' title='bbox 1160 5797 1520 5867; x_wconf 74' lang='lat' dir='ltr'><strong>redarguenda</strong></span> <span class='ocrx_word' id='word_1_785' title='bbox 1544 5802 1866 5850; x_wconf 75' lang='lat' dir='ltr'><strong>sanctorum.</strong></span> <span class='ocrx_word' id='word_1_786' title='bbox 1890 5790 2036 5858; x_wconf 73' lang='lat' dir='ltr'><strong>Quas</strong></span> 
     </span>
    </p>
   </div>
   <div class='ocr_carea' id='block_1_97' title="bbox 2134 4504 3718 4574">
    <p class='ocr_par' dir='ltr' id='par_1_97' title="bbox 2134 4504 3718 4574">
     <span class='ocr_line' id='line_1_97' title="bbox 2134 4504 3718 4574; baseline 0 -16"><span class='ocrx_word' id='word_1_787' title='bbox 2134 4513 2348 4572; x_wconf 86' lang='lat' dir='ltr'><strong>oportet</strong></span> <span class='ocrx_word' id='word_1_788' title='bbox 2372 4511 2430 4557; x_wconf 91' lang='lat' dir='ltr'><strong>ut</strong></span> <span class='ocrx_word' id='word_1_789' title='bbox 2457 4505 2637 4574; x_wconf 89' lang='lat' dir='ltr'><strong>populi</strong></span> <span class='ocrx_word' id='word_1_790' title='bbox 2668 4504 2945 4559; x_wconf 88' lang='lat' dir='ltr'><strong>christiani</strong></span> <span class='ocrx_word' id='word_1_791' title='bbox 2977 4505 3168 4559; x_wconf 85' lang='lat' dir='ltr'><strong>vestris</strong></span> <span class='ocrx_word' id='word_1_792' title='bbox 3205 4505 3442 4574; x_wconf 81' lang='lat' dir='ltr'><strong>profanis</strong></span> <span class='ocrx_word' id='word_1_793' title='bbox 3468 4505 3718 4560; x_wconf 58' lang='lat' dir='ltr'><strong>novitati.</strong></span> 
     </span>
    </p>
   </div>
   <div class='ocr_carea' id='block_1_98' title="bbox 2135 4595 3723 4667">
    <p class='ocr_par' dir='ltr' id='par_1_98' title="bbox 2135 4595 3723 4667">
     <span class='ocr_line' id='line_1_98' title="bbox 2135 4595 3723 4667; baseline 0.001 -17"><span class='ocrx_word' id='word_1_794' title='bbox 2135 4595 2234 4650; x_wconf 80' lang='lat' dir='ltr'><strong>bus</strong></span> <span class='ocrx_word' id='word_1_795' title='bbox 2257 4605 2603 4665; x_wconf 87' lang='lat' dir='ltr'><strong>anteponant,</strong></span> <span class='ocrx_word' id='word_1_796' title='bbox 2631 4598 2813 4666; x_wconf 89' lang='lat' dir='ltr'><strong>eisque</strong></span> <span class='ocrx_word' id='word_1_797' title='bbox 2843 4597 3018 4667; x_wconf 88' lang='lat' dir='ltr'><strong>potius</strong></span> <span class='ocrx_word' id='word_1_798' title='bbox 3045 4598 3240 4666; x_wconf 83' lang='lat' dir='ltr'><strong>eligant</strong></span> <span class='ocrx_word' id='word_1_799' title='bbox 3259 4597 3536 4652; x_wconf 69' lang='lat' dir='ltr'><strong>adhaerere</strong></span> <span class='ocrx_word' id='word_1_800' title='bbox 3561 4613 3723 4667; x_wconf 88' lang='lat' dir='ltr'><strong>quam</strong></span> 
     </span>
    </p>
   </div>
   <div class='ocr_carea' id='block_1_99' title="bbox 2139 4687 2310 4742">
    <p class='ocr_par' dir='ltr' id='par_1_99' title="bbox 2139 4687 2310 4742">
     <span class='ocr_line' id='line_1_99' title="bbox 2139 4687 2310 4742; baseline 0.006 -2"><span class='ocrx_word' id='word_1_801' title='bbox 2139 4687 2310 4742; x_wconf 81' lang='lat' dir='ltr'><strong>vobis.</strong></span> 
     </span>
    </p>
   </div>
   <div class='ocr_carea' id='block_1_100' title="bbox 2206 4765 3726 4852">
    <p class='ocr_par' dir='ltr' id='par_1_100' title="bbox 2206 4765 3726 4852">
     <span class='ocr_line' id='line_1_100' title="bbox 2206 4765 3726 4852; baseline 0 -18"><span class='ocrx_word' id='word_1_802' title='bbox 2206 4765 2262 4834; x_wconf 72' lang='lat'><strong>2.</strong></span> <span class='ocrx_word' id='word_1_803' title='bbox 2293 4781 2418 4836; x_wconf 69' lang='lat' dir='ltr'><strong>llaec</strong></span> <span class='ocrx_word' id='word_1_804' title='bbox 2473 4790 2596 4835; x_wconf 91' lang='lat' dir='ltr'><strong>sunt</strong></span> <span class='ocrx_word' id='word_1_805' title='bbox 2647 4791 2792 4836; x_wconf 88' lang='lat' dir='ltr'><strong>certe</strong></span> <span class='ocrx_word' id='word_1_806' title='bbox 2843 4782 2990 4837; x_wconf 89' lang='lat' dir='ltr'><strong>velut</strong></span> <span class='ocrx_word' id='word_1_807' title='bbox 3063 4782 3236 4852; x_wconf 81' lang='lat' dir='ltr'><strong>capita</strong></span> <span class='ocrx_word' id='word_1_808' title='bbox 3289 4791 3726 4852; x_wconf 77' lang='lat' dir='ltr'><strong>argumentorum</strong></span> 
     </span>
    </p>
   </div>
   <div class='ocr_carea' id='block_1_101' title="bbox 2139 4870 3723 4943">
    <p class='ocr_par' dir='ltr' id='par_1_101' title="bbox 2139 4870 3723 4943">
     <span class='ocr_line' id='line_1_101' title="bbox 2139 4870 3723 4943; baseline -0.003 -18"><span class='ocrx_word' id='word_1_809' title='bbox 2139 4872 2287 4940; x_wconf 89' lang='lat' dir='ltr'><strong>quasi</strong></span> <span class='ocrx_word' id='word_1_810' title='bbox 2317 4870 2648 4926; x_wconf 81' lang='lat' dir='ltr'><strong>formidanda</strong></span> <span class='ocrx_word' id='word_1_811' title='bbox 2695 4879 3015 4938; x_wconf 69' lang='lat' dir='ltr'><strong>vestrorum,</strong></span> <span class='ocrx_word' id='word_1_812' title='bbox 3059 4871 3255 4943; x_wconf 86' lang='lat' dir='ltr'><strong>quibus</strong></span> <span class='ocrx_word' id='word_1_813' title='bbox 3307 4874 3518 4928; x_wconf 78' lang='lat' dir='ltr'><strong>terretis</strong></span> <span class='ocrx_word' id='word_1_814' title='bbox 3576 4873 3723 4926; x_wconf 86' lang='lat' dir='ltr'><strong>inlir.</strong></span> 
     </span>
    </p>
   </div>
   <div class='ocr_carea' id='block_1_102' title="bbox 2139 4953 3729 5044">
    <p class='ocr_par' dir='ltr' id='par_1_102' title="bbox 2139 4953 3729 5044">
     <span class='ocr_line' id='line_1_102' title="bbox 2139 4953 3729 5044; baseline -0.001 -28"><span class='ocrx_word' id='word_1_815' title='bbox 2139 4977 2276 5027; x_wconf 85' lang='lat' dir='ltr'><strong>IllOS,</strong></span> <span class='ocrx_word' id='word_1_816' title='bbox 2306 4971 2360 5016; x_wconf 92' lang='lat' dir='ltr'><strong>et</strong></span> <span class='ocrx_word' id='word_1_817' title='bbox 2386 4963 2560 5017; x_wconf 87' lang='lat' dir='ltr'><strong>minus</strong></span> <span class='ocrx_word' id='word_1_818' title='bbox 2585 4979 2743 5033; x_wconf 91' lang='lat' dir='ltr'><strong>quam</strong></span> <span class='ocrx_word' id='word_1_819' title='bbox 2783 4974 2974 5044; x_wconf 75' lang='lat' dir='ltr'><strong>ooptra</strong></span> <span class='ocrx_word' id='word_1_820' title='bbox 2994 4979 3091 5018; x_wconf 89' lang='lat' dir='ltr'><strong>vos</strong></span> <span class='ocrx_word' id='word_1_821' title='bbox 3139 4953 3373 5036; x_wconf 75' lang='lat' dir='ltr'><strong>expedit,</strong></span> <span class='ocrx_word' id='word_1_822' title='bbox 3412 4964 3578 5018; x_wconf 89' lang='lat' dir='ltr'><strong>sacris</strong></span> <span class='ocrx_word' id='word_1_823' title='bbox 3615 4963 3729 5018; x_wconf 82' lang='lat' dir='ltr'><strong>Lit-</strong></span> 
     </span>
    </p>
   </div>
   <div class='ocr_carea' id='block_1_103' title="bbox 2141 5053 3733 5125">
    <p class='ocr_par' dir='ltr' id='par_1_103' title="bbox 2141 5053 3733 5125">
     <span class='ocr_line' id='line_1_103' title="bbox 2141 5053 3733 5125; baseline 0.003 -19"><span class='ocrx_word' id='word_1_824' title='bbox 2141 5055 2271 5108; x_wconf 86' lang='lat' dir='ltr'><strong>teris</strong></span> <span class='ocrx_word' id='word_1_825' title='bbox 2289 5053 2548 5109; x_wconf 84' lang='lat' dir='ltr'><strong>eruditos.</strong></span> <span class='ocrx_word' id='word_1_826' title='bbox 2572 5054 2756 5109; x_wconf 90' lang='lat' dir='ltr'><strong>Dicitis</strong></span> <span class='ocrx_word' id='word_1_827' title='bbox 2781 5055 2945 5117; x_wconf 88' lang='lat' dir='ltr'><strong>enim,</strong></span> <span class='ocrx_word' id='word_1_828' title='bbox 2975 5074 2996 5107; x_wconf 86' lang='grc'><strong><em>‹</em></strong></span> <span class='ocrx_word' id='word_1_829' title='bbox 3024 5055 3133 5110; x_wconf 84' lang='lat' dir='ltr'><strong>Nos</strong></span> <span class='ocrx_word' id='word_1_830' title='bbox 3161 5054 3452 5110; x_wconf 86' lang='lat' dir='ltr'><strong>asserendo</strong></span> <span class='ocrx_word' id='word_1_831' title='bbox 3474 5054 3733 5125; x_wconf 83' lang='lat' dir='ltr'><strong>originale</strong></span> 
     </span>
    </p>
   </div>
   <div class='ocr_carea' id='block_1_104' title="bbox 2143 5147 3732 5215">
    <p class='ocr_par' dir='ltr' id='par_1_104' title="bbox 2143 5147 3732 5215">
     <span class='ocr_line' id='line_1_104' title="bbox 2143 5147 3732 5215; baseline 0.004 -19"><span class='ocrx_word' id='word_1_832' title='bbox 2143 5155 2448 5215; x_wconf 85' lang='lat' dir='ltr'><strong>peccatum,</strong></span> <span class='ocrx_word' id='word_1_833' title='bbox 2502 5147 2774 5202; x_wconf 88' lang='lat' dir='ltr'><strong>diabolum</strong></span> <span class='ocrx_word' id='word_1_834' title='bbox 2805 5147 2986 5203; x_wconf 80' lang='lat' dir='ltr'><strong>dicere</strong></span> <span class='ocrx_word' id='word_1_835' title='bbox 3042 5147 3318 5203; x_wconf 91' lang='lat' dir='ltr'><strong>hominum</strong></span> <span class='ocrx_word' id='word_1_836' title='bbox 3395 5149 3732 5202; x_wconf 88' lang='lat' dir='ltr'><strong>nascentium</strong></span> 
     </span>
    </p>
   </div>
   <div class='ocr_carea' id='block_1_105' title="bbox 2141 5237 3734 5309">
    <p class='ocr_par' dir='ltr' id='par_1_105' title="bbox 2141 5237 3734 5309">
     <span class='ocr_line' id='line_1_105' title="bbox 2141 5237 3734 5309; baseline -0.001 -17"><span class='ocrx_word' id='word_1_837' title='bbox 2141 5237 2493 5303; x_wconf 89' lang='lat' dir='ltr'><strong>conditorem,</strong></span> <span class='ocrx_word' id='word_1_838' title='bbox 2525 5237 2780 5294; x_wconf 88' lang='lat' dir='ltr'><strong>damnare</strong></span> <span class='ocrx_word' id='word_1_839' title='bbox 2826 5241 3061 5309; x_wconf 84' lang='lat' dir='ltr'><strong>nuptias,</strong></span> <span class='ocrx_word' id='word_1_840' title='bbox 3113 5255 3309 5309; x_wconf 88' lang='lat' dir='ltr'><strong>negare</strong></span> <span class='ocrx_word' id='word_1_841' title='bbox 3357 5239 3410 5292; x_wconf 91' lang='lat' dir='ltr'><strong>in</strong></span> <span class='ocrx_word' id='word_1_842' title='bbox 3459 5239 3734 5308; x_wconf 86' lang='lat' dir='ltr'><strong>Baptismo</strong></span> 
     </span>
    </p>
   </div>
   <div class='ocr_carea' id='block_1_106' title="bbox 2141 5329 3736 5400">
    <p class='ocr_par' dir='ltr' id='par_1_106' title="bbox 2141 5329 3736 5400">
     <span class='ocr_line' id='line_1_106' title="bbox 2141 5329 3736 5400; baseline -0.001 -17"><span class='ocrx_word' id='word_1_843' title='bbox 2141 5329 2336 5384; x_wconf 87' lang='lat' dir='ltr'><strong>dimitti</strong></span> <span class='ocrx_word' id='word_1_844' title='bbox 2373 5331 2616 5384; x_wconf 87' lang='lat' dir='ltr'><strong>universa</strong></span> <span class='ocrx_word' id='word_1_845' title='bbox 2663 5341 2902 5400; x_wconf 85' lang='lat' dir='ltr'><strong>peccata,</strong></span> <span class='ocrx_word' id='word_1_846' title='bbox 2953 5332 3118 5386; x_wconf 89' lang='lat' dir='ltr'><strong>Deum</strong></span> <span class='ocrx_word' id='word_1_847' title='bbox 3164 5331 3392 5386; x_wconf 88' lang='lat' dir='ltr'><strong>crimine</strong></span> <span class='ocrx_word' id='word_1_848' title='bbox 3439 5331 3736 5400; x_wconf 87' lang='lat' dir='ltr'><strong>iniquitatis</strong></span> 
     </span>
    </p>
   </div>
   <div class='ocr_carea' id='block_1_107' title="bbox 2143 5420 3733 5492">
    <p class='ocr_par' dir='ltr' id='par_1_107' title="bbox 2143 5420 3733 5492">
     <span class='ocr_line' id='line_1_107' title="bbox 2143 5420 3733 5492; baseline 0.002 -18"><span class='ocrx_word' id='word_1_849' title='bbox 2143 5437 2389 5490; x_wconf 83' lang='lat' dir='ltr'><strong>arguere,</strong></span> <span class='ocrx_word' id='word_1_850' title='bbox 2418 5420 2847 5490; x_wconf 85' lang='lat' dir='ltr'><strong>desperationem</strong></span> <span class='ocrx_word' id='word_1_851' title='bbox 2878 5423 3223 5492; x_wconf 82' lang='lat' dir='ltr'><strong>perfectionis</strong></span> <span class='ocrx_word' id='word_1_852' title='bbox 3254 5423 3518 5492; x_wconf 84' lang='lat' dir='ltr'><strong>ingerere.</strong></span> <span class='ocrx_word' id='word_1_853' title='bbox 3554 5440 3570 5474; x_wconf 86' lang='grc' dir='ltr'><strong>ι</strong></span> <span class='ocrx_word' id='word_1_854' title='bbox 3606 5421 3733 5477; x_wconf 57' lang='lat' dir='ltr'><strong>llaec</strong></span> 
     </span>
    </p>
   </div>
   <div class='ocr_carea' id='block_1_108' title="bbox 2143 5514 3736 5586">
    <p class='ocr_par' dir='ltr' id='par_1_108' title="bbox 2143 5514 3736 5586">
     <span class='ocr_line' id='line_1_108' title="bbox 2143 5514 3736 5586; baseline 0.004 -22"><span class='ocrx_word' id='word_1_855' title='bbox 2143 5514 2339 5583; x_wconf 85' lang='lat' dir='ltr'><strong>quipr</strong></span> <span class='ocrx_word' id='word_1_856' title='bbox 2365 5515 2542 5568; x_wconf 86' lang='lat' dir='ltr'><strong>omnia</strong></span> <span class='ocrx_word' id='word_1_857' title='bbox 2570 5517 2954 5586; x_wconf 89' lang='lat' dir='ltr'><strong>consequentia</strong></span> <span class='ocrx_word' id='word_1_858' title='bbox 2993 5532 3112 5572; x_wconf 88' lang='lat' dir='ltr'><strong>esse</strong></span> <span class='ocrx_word' id='word_1_859' title='bbox 3136 5517 3480 5582; x_wconf 85' lang='lat' dir='ltr'><strong>contenditis,</strong></span> <span class='ocrx_word' id='word_1_860' title='bbox 3530 5518 3572 5570; x_wconf 89' lang='lat' dir='ltr'><strong>si</strong></span> <span class='ocrx_word' id='word_1_861' title='bbox 3617 5531 3736 5571; x_wconf 84' lang='lat' dir='ltr'><strong>cre-</strong></span> 
     </span>
    </p>
   </div>
   <div class='ocr_carea' id='block_1_109' title="bbox 2144 5605 3740 5679">
    <p class='ocr_par' dir='ltr' id='par_1_109' title="bbox 2144 5605 3740 5679">
     <span class='ocr_line' id='line_1_109' title="bbox 2144 5605 3740 5679; baseline 0.001 -20"><span class='ocrx_word' id='word_1_862' title='bbox 2144 5605 2333 5659; x_wconf 81' lang='lat' dir='ltr'><strong>damus</strong></span> <span class='ocrx_word' id='word_1_863' title='bbox 2361 5606 2506 5659; x_wconf 82' lang='lat' dir='ltr'><strong>nasei</strong></span> <span class='ocrx_word' id='word_1_864' title='bbox 2537 5608 2788 5675; x_wconf 87' lang='lat' dir='ltr'><strong>parvulos</strong></span> <span class='ocrx_word' id='word_1_865' title='bbox 2821 5619 3038 5679; x_wconf 85' lang='lat' dir='ltr'><strong>peccato</strong></span> <span class='ocrx_word' id='word_1_866' title='bbox 3067 5608 3224 5678; x_wconf 90' lang='lat' dir='ltr'><strong>primi</strong></span> <span class='ocrx_word' id='word_1_867' title='bbox 3268 5609 3499 5662; x_wconf 87' lang='lat' dir='ltr'><strong>hominis</strong></span> <span class='ocrx_word' id='word_1_868' title='bbox 3547 5608 3740 5676; x_wconf 75' lang='lat' dir='ltr'><strong>obliga-</strong></span> 
     </span>
    </p>
   </div>
   <div class='ocr_carea' id='block_1_110' title="bbox 2147 5697 3736 5760">
    <p class='ocr_par' dir='ltr' id='par_1_110' title="bbox 2147 5697 3736 5760">
     <span class='ocr_line' id='line_1_110' title="bbox 2147 5697 3736 5760; baseline 0 -10"><span class='ocrx_word' id='word_1_869' title='bbox 2147 5706 2248 5759; x_wconf 81' lang='lat' dir='ltr'><strong>tos,</strong></span> <span class='ocrx_word' id='word_1_870' title='bbox 2283 5697 2423 5749; x_wconf 79' lang='lat' dir='ltr'><strong>etob</strong></span> <span class='ocrx_word' id='word_1_871' title='bbox 2452 5697 2550 5750; x_wconf 83' lang='lat' dir='ltr'><strong>hoc</strong></span> <span class='ocrx_word' id='word_1_872' title='bbox 2577 5714 2696 5751; x_wconf 79' lang='lat' dir='ltr'><strong>esse</strong></span> <span class='ocrx_word' id='word_1_873' title='bbox 2721 5699 2820 5752; x_wconf 90' lang='lat' dir='ltr'><strong>sub</strong></span> <span class='ocrx_word' id='word_1_874' title='bbox 2859 5699 3093 5760; x_wconf 82' lang='lat' dir='ltr'><strong>diabolo,</strong></span> <span class='ocrx_word' id='word_1_875' title='bbox 3141 5700 3241 5752; x_wconf 85' lang='lat' dir='ltr'><strong>nisi</strong></span> <span class='ocrx_word' id='word_1_876' title='bbox 3289 5709 3641 5753; x_wconf 85' lang='lat' dir='ltr'><strong>renascantur</strong></span> <span class='ocrx_word' id='word_1_877' title='bbox 3683 5698 3736 5751; x_wconf 89' lang='lat' dir='ltr'><strong>in</strong></span> 
     </span>
    </p>
   </div>
   <div class='ocr_carea' id='block_1_111' title="bbox 2144 5789 3741 5855">
    <p class='ocr_par' dir='ltr' id='par_1_111' title="bbox 2144 5789 3741 5855">
     <span class='ocr_line' id='line_1_111' title="bbox 2144 5789 3741 5855; baseline 0.001 -13"><span class='ocrx_word' id='word_1_878' title='bbox 2144 5789 2374 5842; x_wconf 76' lang='lat' dir='ltr'><strong>(lhristo.</strong></span> <span class='ocrx_word' id='word_1_879' title='bbox 2416 5806 2432 5840; x_wconf 85' lang='grc' dir='ltr'><strong>ι</strong></span> <span class='ocrx_word' id='word_1_880' title='bbox 2472 5789 2719 5844; x_wconf 81' lang='lat' dir='ltr'><strong>Diabolus</strong></span> <span class='ocrx_word' id='word_1_881' title='bbox 2750 5791 2890 5845; x_wconf 91' lang='lat' dir='ltr'><strong>enim</strong></span> <span class='ocrx_word' id='word_1_882' title='bbox 2938 5799 3104 5855; x_wconf 84' lang='lat' dir='ltr'><strong>creat,</strong></span> <span class='ocrx_word' id='word_1_883' title='bbox 3145 5810 3162 5841; x_wconf 82' lang='grc' dir='ltr'><strong>ι</strong></span> <span class='ocrx_word' id='word_1_884' title='bbox 3197 5790 3374 5844; x_wconf 85' lang='lat' dir='ltr'><strong>dicitis</strong></span> <span class='ocrx_word' id='word_1_885' title='bbox 3403 5808 3421 5840; x_wconf 74' lang='grc' dir='ltr'><strong>ι</strong></span> <span class='ocrx_word' id='word_1_886' title='bbox 3457 5791 3501 5845; x_wconf 88' lang='lat' dir='ltr'><strong>si</strong></span> <span class='ocrx_word' id='word_1_887' title='bbox 3542 5807 3605 5844; x_wconf 69' lang='lat' dir='ltr'><strong>ex</strong></span> <span class='ocrx_word' id='word_1_888' title='bbox 3638 5789 3741 5844; x_wconf 78' lang='lat' dir='ltr'><strong>hoc</strong></span> 
     </span>
    </p>
   </div>
  </div>
