4088 6542
305 1329 318 1360 ε

295 5833 302 5840 .

354 613 458 667 675

351 729 570 780 vulnere
598 735 865 784 creantur.
902 723 1040 794 quod
1067 723 1310 778 diabolus
1329 734 1552 790 naturai,
1571 739 1688 794 qua:
1706 725 1934 794 primum

347 819 560 872 condita
587 829 687 873 est.
720 817 908 871 inflixit
936 816 1183 871 humana:
1215 835 1227 870 :
1260 827 1314 872 et
1347 817 1670 871 damnantur
1714 819 1933 887 nuptias,

347 914 391 962 si
425 910 621 980 aliquid
655 910 794 962 unde
819 907 1153 962 damnabiles
1179 918 1522 977 generantur.
1573 907 1770 962 habere
1812 923 1934 961 cre-

348 1003 546 1054 duntur
577 1019 590 1054 :
615 1015 713 1055 nec
737 1000 916 1054 omnia
946 1009 1160 1068 peccata
1189 997 1531 1052 dimittuntur
1558 998 1609 1052 iu
1640 997 1932 1068 Baptismo,

349 1095 392 1147 si
419 1092 634 1162 aliquod
662 1093 714 1146 in
743 1093 1026 1163 baptizatis
1055 1091 1378 1162 coniugibus
1429 1101 1672 1146 remanet
1713 1092 1932 1157 malum,

349 1201 411 1239 ex
441 1200 547 1251 quo
577 1194 904 1254 generentur
925 1184 1070 1238 mali.
1103 1172 1566 1252 Quemadmodum
1615 1193 1793 1238 autem
1830 1199 1935 1238 non

255 1308 269 1316 -
305 1329 316 1346 ι
350 1287 424 1328 est
457 1276 668 1342 iniquus
692 1276 852 1339 Deus,
889 1275 980 1346 qui
1009 1290 1130 1330 cum
1192 1275 1474 1344 baptizatis
1525 1277 1763 1330 remittat
1817 1291 1936 1344 pec-

349 1378 463 1420 cata
501 1368 737 1436 propria,
793 1367 1075 1435 parvulum
1119 1365 1362 1430 damnat,
1411 1365 1534 1436 quia
1589 1380 1709 1420 cum
1751 1367 1936 1420 abillo

345 1471 640 1524 crearetur,
672 1460 916 1514 nesciens
963 1475 1063 1514 nec
1102 1460 1290 1514 volens
1315 1459 1478 1514 etiam
1519 1473 1584 1513 ex
1611 1458 1712 1512 illis
1739 1474 1934 1530 paren-

349 1551 509 1614 tibus,
537 1551 730 1620 quibus
765 1553 986 1604 remissa
1016 1549 1244 1610 fuerant,
1281 1551 1442 1604 traxit
1463 1551 1676 1603 aliena?
1699 1548 1810 1604 Nec
1829 1550 1936 1602 vir-

348 1650 454 1704 tus,
487 1642 570 1694 cui
607 1641 867 1695 vitiositas
917 1641 1232 1712 intelligitur
1278 1657 1400 1696 esse
1438 1641 1725 1706 contraria,
1777 1655 1936 1712 posse

347 1733 588 1786 creditur
639 1731 838 1802 perlici;
895 1734 1018 1802 quia
1071 1733 1376 1802 ingenerata
1426 1733 1556 1787 vitia
1623 1733 1936 1788 incredibile

345 1833 427 1876 est
474 1838 628 1892 posse
674 1823 953 1878 consumi:
983 1839 1102 1894 quae
1145 1824 1254 1893 jam
1321 1837 1418 1877 nec
1460 1823 1586 1877 vitia
1635 1823 1934 1894 deputanda

345 1924 486 1966 sunt.
521 1913 635 1967 Non
691 1913 835 1968 enim
881 1923 1084 1984 peccat,
1127 1914 1216 1984 qui
1249 1929 1360 1967 non
1409 1923 1582 1982 potest
1626 1913 1768 1968 aliud
1815 1930 1936 1968 esse

345 2021 503 2075 quam
535 2014 746 2060 creatus
765 2016 867 2058 est.
896 2024 914 2058 ι

416 2098 466 2152 5.
502 2097 626 2152 llaec
647 2097 692 2150 si
725 2097 864 2151 ﬁdeli
915 2097 1186 2168 diligentia
1215 2096 1551 2166 qua-reretis,
1598 2111 1698 2150 occ
1724 2110 1787 2150 ea
1816 2111 1935 2166 qua:

343 2189 620 2244 catholica:
644 2189 765 2244 ﬁdei
792 2189 1020 2245 veritate
1045 2199 1204 2260 atque
1234 2189 1550 2259 antiquitate
1573 2188 1787 2244 fundata
1813 2200 1938 2244 sunt

347 2279 545 2336 inﬁdeli
571 2281 951 2351 oppugnaretis
994 2281 1249 2346 audacia;
1283 2281 1334 2333 in
1361 2295 1424 2334 ea
1454 2295 1575 2348 quae
1621 2281 1935 2338 abscondita

344 2378 469 2424 sunt
495 2371 820 2440 sapientibus
846 2379 901 2426 et
925 2370 1293 2442 prudentibus,
1321 2379 1376 2424 et
1399 2370 1630 2426 revelata
1657 2380 1784 2426 sunt
1807 2387 1936 2441 par-

349 2461 486 2515 vulis
507 2461 717 2529 (Matth.
747 2477 824 2527 XI,
852 2461 970 2534 25),
1002 2462 1184 2517 nutriti
1213 2459 1411 2516 Christi
1443 2462 1612 2532 gratia
1651 2464 1930 2518 veniretis.

345 2553 506 2608 Multa
529 2555 672 2609 enim
701 2554 985 2610 multitudo
1024 2554 1321 2609 dulcedinis
1354 2554 1586 2620 Domini,
1620 2570 1778 2625 quam
1813 2571 1936 2625 pro.

345 2643 484 2700 l'ecto
507 2661 611 2700 non
637 2646 848 2714 invidit,
865 2655 920 2700 et
945 2653 1122 2701 tamen
1148 2645 1432 2700 abscondit
1452 2647 1761 2702 timentibus
1786 2663 1932 2712 eum,

343 2735 568 2806 perfecit
591 2745 768 2792 autem
801 2737 1160 2808 sperantibus,
1191 2751 1296 2791 non
1324 2736 1378 2790 in
1405 2750 1466 2790 se
1492 2737 1644 2806 ipsis,
1665 2735 1763 2792 sed
1788 2738 1840 2791 in
1868 2753 1936 2792 eo

341 2827 516 2901 (Psat.
547 2845 678 2895 xxx,
705 2827 822 2900 20).
851 2827 962 2884 Nos
989 2843 1119 2900 ergo
1144 2828 1371 2884 dicimus
1399 2829 1544 2900 quod
1571 2844 1634 2884 ea
1662 2829 1798 2885 ﬁdes
1843 2831 1936 2883 ha-

342 2921 452 2985 bet,
481 2919 551 2975 de
572 2935 675 2990 qua
700 2921 958 2991 scriptum
987 2928 1095 2986 est,
1139 2919 1258 2974 Nisi
1280 2921 1616 2986 credideritis,
1649 2937 1752 2976 non
1784 2921 1936 2976 intel-

341 3013 508 3084 ligetis
555 3012 690 3086 (Isai
727 3029 819 3080 vu,
848 3013 903 3077 9,
933 3029 1036 3068 sec.
1085 3010 1254 3083 LXX)
1289 3031 1303 3068 :
1335 3029 1436 3069 nec
1487 3013 1754 3068 diabolum
1776 3054 1793 3080 ,
1839 3013 1934 3068 sed

344 3107 508 3162 Deum
535 3123 718 3162 verum
747 3116 801 3162 et
817 3122 944 3162 vere
979 3107 1199 3172 bonum,
1239 3122 1361 3163 esse
1389 3107 1660 3162 hominum
1689 3107 1936 3161 condito-

341 3216 480 3266 rem,
506 3200 701 3255 munda
727 3209 746 3242 ι
773 3200 934 3256 etiam
979 3200 1047 3254 de
1077 3200 1365 3255 immundis
1418 3199 1757 3254 ineﬁabiliter
1804 3214 1936 3268 epe-

341 3301 584 3358 rautcm;
609 3290 853 3362 quamvis
883 3289 1158 3345 hominum
1204 3305 1364 3346 nemo
1385 3289 1616 3345 mundus
1659 3298 1931 3357 nascatur,

341 3391 400 3438 et
431 3383 550 3438 ideo
575 3383 748 3438 donec
775 3382 1066 3438 mundetur
1110 3383 1312 3452 Spiritu
1341 3391 1549 3450 sancto,
1590 3381 1694 3438 sub
1745 3382 1937 3452 spiritu

340 3475 618 3530 immundo
645 3485 1014 3546 essecogatnr.
1046 3473 1158 3532 Nec
1201 3484 1682 3546 quantamcumque
1707 3474 1939 3530 immun-

339 3565 530 3620 ditiam
554 3573 891 3631 naturarum,
931 3565 1098 3622 ullum
1145 3565 1350 3621 crimen
1405 3581 1529 3621 esse
1583 3567 1932 3636 nuptiarum:

341 3657 540 3711 bonum
589 3656 785 3726 quippe
828 3656 1152 3712 discernitur
1215 3657 1492 3728 proprium
1555 3657 1858 3727 nuptiarum
1903 3675 1932 3713 a

343 3752 584 3822 quolibet
611 3753 740 3806 vitio
759 3745 1092 3809 naturarum.
1115 3753 1228 3811 Nec
1275 3755 1438 3811 ullius
1491 3766 1699 3811 reatum
1755 3772 1934 3811 rema-

345 3858 473 3898 nere
496 3845 720 3913 peccati,
743 3845 834 3916 qui
865 3861 968 3900 non
991 3861 1054 3900 ea
1096 3861 1215 3915 quze
1242 3847 1293 3900 in
1317 3847 1533 3902 Christo
1565 3848 1623 3902 ﬁt
1652 3863 1933 3916 regenera—

344 3933 490 3988 tioue
547 3935 820 4001 solvatur;
873 3937 1116 4006 quamvis
1183 3936 1464 3992 inﬁrmitas
1516 3947 1702 4006 restet,
1749 3951 1934 3993 contra

345 4041 503 4094 quam
532 4026 586 4080 in
616 4042 676 4082 se
721 4027 837 4097 ipso
865 4030 1208 4084 constitutam
1237 4039 1589 4099 regeneratus
1627 4029 1672 4084 si
1720 4031 1934 4102 prolicit

343 4128 559 4187 pugnet.
589 4117 698 4172 Nec
727 4119 939 4188 iniquus
963 4128 1040 4172 est
1069 4120 1226 4185 Deus,
1255 4134 1376 4174 cum
1410 4121 1641 4188 peccatis
1669 4121 1782 4175 sive
1815 4121 1928 4172 ori-

341 4209 605 4279 ginalibus
629 4209 742 4264 sive
767 4209 997 4280 propriis
1023 4209 1179 4278 digna
1201 4211 1450 4266 retribuit
1481 4228 1495 4265 :
1529 4212 1804 4282 magisque
1835 4212 1934 4264 iui-

342 4313 478 4368 quus
515 4309 608 4353 aut
657 4298 904 4354 inﬁrmus
933 4301 1254 4368 ostenditur,
1301 4301 1346 4355 si
1367 4301 1556 4372 jugum
1592 4318 1744 4372 grave
1784 4318 1936 4371 super

345 4388 478 4457 ﬁlios
501 4389 684 4452 Adam,
716 4406 749 4443 a
789 4391 890 4455 die,
919 4392 1059 4446 sicut
1100 4392 1357 4462 scriptum
1398 4399 1502 4458 est,
1553 4393 1829 4448 nativitatis
1850 4410 1936 4447 eo-

341 4497 456 4534 rum
496 4498 654 4552 usque
701 4483 755 4537 in
806 4483 940 4537 diem
985 4488 1262 4554 sepultum
1305 4485 1358 4539 in
1410 4495 1622 4539 matrem
1645 4487 1666 4516 ²
1711 4486 1939 4540 omnium

343 4570 528 4643 (Eccli.
563 4589 652 4641 xc,
687 4575 766 4644 1),
798 4575 900 4628 sub
925 4591 1033 4645 quo
1057 4575 1187 4646 jugo
1213 4577 1388 4647 imago
1415 4575 1532 4646 ejus
1557 4576 1826 4644 atteritur,
1845 4587 1946 4632 aut

343 4662 457 4732 ipse
483 4665 630 4718 nullo
659 4665 740 4718 vel
780 4664 1026 4736 originali
1060 4666 1144 4721 vel
1179 4667 1400 4738 proprio
1439 4667 1780 4738 praecedente
1807 4683 1934 4738 pec-

341 4765 485 4824 cato,
510 4765 602 4811 aut
623 4757 849 4826 quilibet
870 4758 1006 4812 alius
1034 4758 1151 4828 ipso
1179 4759 1406 4829 imponit
1433 4759 1623 4814 invito.
1649 4759 1762 4815 Nec
1808 4776 1933 4830 per-

343 4847 502 4903 fectio
525 4857 610 4904 est
627 4848 956 4920 decperanda
981 4849 1208 4915 virtutis,
1237 4865 1330 4920 per
1347 4850 1466 4920 ejus
1485 4851 1732 4920 gratiam,
1759 4852 1847 4921 qui
1867 4867 1934 4906 ex

343 4942 548 5011 origine
577 4943 811 4996 vitiatam
861 4951 1067 4998 mutare
1116 4952 1294 5012 potest
1335 4954 1387 4999 et
1428 4957 1619 4998 sanare
1665 4952 1932 5001 naturam.

415 5032 641 5091 CAPUT
667 5035 730 5090 Il.
761 5036 815 5090 4.
847 5061 914 5077 -
941 5035 1234 5106 Aggrediar
1256 5034 1415 5106 igitur
1435 5035 1656 5105 implere
1673 5035 1934 5106 pollicita—

344 5130 543 5183 tionem
573 5143 767 5182 meam.
798 5127 908 5184 Nec
937 5128 1034 5182 ista
1081 5128 1318 5199 quinque
1363 5137 1678 5199 argumenta
1730 5139 1930 5192 vestra,

342 5233 409 5274 ex
439 5219 632 5290 quibus
656 5229 844 5274 cuncta
875 5219 1212 5284 counectitis,
1244 5234 1364 5288 quae
1409 5219 1462 5272 in
1512 5218 1612 5273 hac
1641 5219 1934 5288 quaastione

343 5309 602 5364 adversus
639 5309 962 5366 catholicam
1012 5309 1172 5365 ﬁdem
1222 5309 1588 5380 multipliciter
1628 5309 1928 5380 disputatis,

344 5401 655 5472 singillatim
714 5403 1036 5458 testimoniis
1084 5413 1391 5458 sanctorum
1444 5402 1727 5458 refutanda
1765 5403 1976 5458 susci-'

344 5497 484 5564 piam
526 5511 541 5550 :
573 5495 665 5548 sed
696 5505 950 5564 quantum
976 5495 1209 5564 potuerit
1237 5509 1424 5550 eorum
1444 5495 1648 5565 percuti
1671 5495 1925 5565 ctdejici,

343 5587 506 5640 etiam
537 5602 656 5640 cum
680 5601 711 5640 a
737 5601 824 5641 me
847 5586 916 5641 de
946 5587 1138 5641 litteris
1153 5587 1930 5658 catholicorumepiscoporum

343 5679 550 5750 singula
593 5679 946 5749 proferentur,
998 5689 1200 5734 tantum
1257 5681 1582 5750 percutiatur
1623 5687 1784 5752 atque
1835 5680 1932 5736 dc-

338 5770 576 5842 jicietur,
605 5771 719 5825 sive
745 5784 909 5824 unum
937 5784 1151 5836 eorum,
1183 5771 1296 5826 sive
1321 5770 1448 5837 duo,
1477 5771 1590 5826 sive
1612 5772 1783 5842 plura,
1821 5772 1933 5828 sive

345 5865 542 5929 omnia,
572 5864 708 5944 sicut
740 5863 966 5919 voluerit
992 5863 1134 5936 quod
1166 5865 1486 5934 proferetur.
1519 5865 1694 5922 Veluti
1741 5875 1826 5922 est
1863 5866 1934 5922 il-

411 5977 424 6007 ι
465 5983 668 6025 Vattmm
696 5984 820 6030 Mss.
837 5977 1032 6026 numde.

409 6039 430 6070 ³
462 6039 533 6088 δὶς
687 6046 738 6088 ut
761 6039 809 6088 in
836 6038 1006 6090 Bibliis.
1035 6038 1170 6102 Editi,
1196 6045 1364 6090 matre.

1679 609 1878 665 LIBER
1919 607 2298 666 SECUNDUS.

3537 624 3642 680 674.

2047 723 2136 778 lnd
2181 724 2232 779 in
2266 726 2404 780 libro
2431 741 2588 796 quem
2615 725 2683 781 de
2729 729 2864 782 Area
2916 729 3028 784 Noe
3075 733 3395 804 conscripsit
3449 745 3638 793 beatus

2047 816 2378 880 Ambrosius,
2441 838 2458 868 ι
2492 819 2594 872 Per
2643 835 2827 884 untuu,
2869 840 2888 872 ι
2917 822 3106 892 inquit,
3142 841 3161 875 ι
3207 825 3490 882 Dominum
3541 828 3640 884 Je~

2047 923 2164 963 sum
2196 910 2340 964 salus
2368 921 2584 964 ventura
2621 913 2924 969 nationibus
2967 915 3289 976 declaratur.
3349 921 3438 989 qui
3485 921 3634 976 solus

2048 1015 2152 1053 non
2183 1003 2546 1070 potuitjustus
2585 1019 2704 1060 esse
2730 1009 2770 1071 ‘,
2802 1021 2922 1061 cum
2954 1009 3230 1078 generatio
3257 1011 3432 1065 omnis
3477 1029 3634 1068 erra-

2046 1103 2145 1154 ret.
2175 1094 2273 1148 nisi
2298 1104 2452 1148 natus
2472 1111 2536 1149 ex
2569 1097 2776 1167 virgine
2798 1098 3159 1168 generationis
3201 1100 3447 1156 obnoxiae
3479 1105 3638 1172 privi-

2049 1185 2183 1256 legio
2238 1187 2456 1242 minime
2495 1197 2786 1245 teneretur.
2825 1189 2989 1258 Ecce,
3066 1193 3273 1264 inquit,
3315 1195 3368 1248 in
3403 1196 3638 1264 iniquita-

2045 1278 2178 1330 tibus
2223 1291 2492 1351 conccplus
2535 1298 2672 1348 sum,
2704 1293 2751 1335 et
2775 1283 2828 1336 in
2879 1284 3074 1338 delictis
3114 1287 3304 1356 peperit
3345 1304 3425 1342 me
3478 1299 3640 1340 inviter

2044 1383 2154 1420 mea
2180 1368 2350 1438 (Psal.
2380 1387 2430 1436 ι,
2465 1371 2538 1439 7),
2567 1372 2698 1426 dicit
2726 1373 2769 1426 is
2787 1374 2878 1444 qui
2897 1375 3072 1442 justus
3096 1389 3204 1444 prae
3229 1378 3438 1430 caneris
3487 1388 3640 1446 puta-

2046 1460 2220 1513 batur.
2245 1461 2411 1528 Quem
2441 1463 2600 1532 igitur
2634 1465 2743 1532 jam
2773 1464 2972 1534 justum
3015 1465 3264 1528 dixerim.
3295 1468 3394 1521 nisi
3444 1469 3632 1523 horum

2047 1551 2270 1605 liberum
2296 1553 2648 1617 vinculorum,
2681 1562 2840 1625 quem
2870 1565 3073 1610 natura:
3097 1559 3396 1612 communis
3419 1560 3633 1614 vincula

2044 1657 2148 1694 non
2199 1645 2454 1698 teneant?
2496 1645 2696 1700 Omnes
2763 1647 2862 1702 sub
2917 1659 3178 1718 peccato,
3233 1650 3301 1705 ab
3353 1651 3522 1706 Adam
3572 1653 3630 1706 in

2042 1751 2229 1788 oumes
2267 1737 2522 1806 regnabat
2568 1753 2733 1794 mors.
2767 1739 2958 1794 Veniat
2997 1741 3144 1796 solus
3165 1742 3342 1812 justus
3398 1744 3448 1799 in
3482 1760 3634 1798 con-

2043 1839 2225 1894 Specnt
2258 1830 2368 1894 Dei,
2401 1829 2468 1884 de
2489 1847 2594 1900 quo
2616 1831 2726 1900 jam
2761 1848 2866 1886 non
2905 1849 3028 1887 cum
3057 1837 3372 1905 exceptione
3400 1836 3628 1900 dicatur,

2047 1917 2167 1972 Non
2187 1921 2412 1987 peccarit
2441 1922 2492 1974 in
2517 1923 2662 1976 labiis
2709 1924 2814 1977 suis
2844 1923 2966 1991 (Job
2998 1941 3034 1984 l,
3058 1925 3175 1994 ‘22);
3199 1926 3314 1990 sed,
3356 1925 3628 1981 Peccatum

2043 2025 2143 2062 non
2188 2012 2305 2083 fecit
2341 2031 2359 2063 ι
2413 2011 2452 2080 (Ι
2489 2011 2629 2066 Petr.
2654 2029 2713 2078 ιι,
2743 2013 2854 2084 22).
2891 2014 3022 2075 liuic
3051 2017 3156 2082 die,
3188 2019 3231 2070 si
3261 2018 3443 2080 audes,
3489 2019 3634 2090 quod

2042 2104 2310 2158 diabolum
2365 2105 2549 2160 fecerit
2594 2106 2869 2161 hominum
2911 2108 3266 2174 conditorem,
3310 2111 3400 2180 qui
3433 2113 3633 2166 utrius-

2043 2215 2146 2268 que
2201 2213 2360 2252 sexus
2404 2200 2789 2255 commixtione
2826 2213 3152 2268 nascuntur;
3200 2205 3632 2276 quandt'iquidetn

2041 2290 2211 2343 solum
2247 2290 2542 2358 Christum,
2590 2293 2711 2362 quia
2761 2292 2829 2346 sit
2857 2301 3014 2349 natus
3045 2310 3110 2350 ex
3137 2295 3362 2364 virgine,
3390 2313 3417 2350 a
3449 2299 3634 2352 vincu-

2043 2382 2107 2436 lis
2127 2383 2370 2437 obnoxite
2393 2385 2755 2454 generationis
2783 2387 3013 2455 excepit,
3055 2389 3300 2442 omnibus
3330 2391 3536 2445 caeteris
3566 2408 3634 2446 ex

2042 2475 2211 2530 Adam
2241 2476 2342 2531 sub
2365 2478 2568 2546 peccati
2592 2477 2917 2548 obligatione
2945 2481 3309 2543 nascentibus;
3337 2482 3477 2552 quod
3525 2487 3630 2536 uti-

2040 2583 2144 2638 que
2199 2579 2475 2639 peeeatum
2515 2571 2758 2625 diabolus
2802 2571 3104 2626 seminavit.
3149 2572 3302 2628 Hunc
3346 2575 3630 2630 damnato-

2039 2675 2154 2714 retn
2183 2661 2443 2732 redargue
2463 2663 2788 2732 mtptiarum,
2823 2663 2910 2733 qui
2937 2663 3055 2718 sine
3081 2675 3298 2734 peccato
3327 2676 3508 2720 natum
3537 2683 3631 2720 so-

2043 2751 2148 2806 lutn
2177 2752 2304 2807 dicit
2327 2754 2548 2824 virginis
2585 2754 2772 2808 ﬁlium.
2802 2753 2966 2809 Istum
2997 2765 3303 2826 negatorem
3331 2759 3632 2829 percipien-

2042 2844 2125 2899 dae
2149 2846 2171 2878 ’
2201 2847 2488 2901 criminare
2517 2845 2750 2914 virtutis,
2791 2849 2882 2918 qui
2926 2851 3121 2904 asserit
3161 2851 3460 2920 ingenerari
3503 2855 3628 2907 vitia

2027 2935 2222 3005 generi
2250 2935 2560 2990 bumanoin
2586 2937 2703 3008 ipso
2743 2940 3120 3008 conceptiouis
3145 2942 3390 2996 exordio.
3438 2943 3502 2997 Et
3546 2944 3636 2997 dic

2040 3027 2109 3091 ei,
2142 3027 2285 3098 quod
2311 3027 2572 3084 adversus
2602 3045 2688 3085 me
2715 3029 2767 3083 in
2800 3031 2972 3100 primo
3005 3040 3096 3086 tuo
3122 3035 3392 3090 volumine
3437 3037 3634 3090 videris

2043 3120 2136 3175 tibi
2167 3122 2298 3176 satis
2322 3131 2446 3193 apte
2480 3131 2742 3193 acuteque
2769 3122 2791 3155 ³
2815 3122 3040 3188 dixisse,
3077 3143 3097 3176 ι
3131 3125 3240 3183 Nec
3270 3142 3489 3197 peccare
3536 3145 3633 3184 cos
3659 3149 3665 3153 ·

2040 3213 2279 3279 omnino,
2311 3213 2401 3283 qui
2433 3227 2656 3284 peccare
2683 3213 2935 3269 dicuntur
2973 3232 2987 3270 :
3019 3216 3279 3287 siquidem
3310 3233 3339 3272 a
3365 3231 3632 3290 quocum—

2040 3318 2146 3374 que
2171 3305 2337 3358 creati
2359 3311 2506 3371 sunt,
2547 3305 2840 3362 secundum
2888 3306 2940 3362 id
2967 3309 3109 3378 quod
3127 3310 3290 3364 creati
3343 3321 3486 3378 sunt,
3538 3328 3633 3368 ne—

2041 3405 2192 3448 Cesso
2235 3392 2434 3448 habent
2464 3393 2666 3461 vivere,
2717 3411 2818 3451 nec
2875 3411 2988 3452 suae
3017 3413 3320 3470 repugnare
3345 3413 3567 3456 naturai.
3605 3422 3625 3456 ι

2041 3483 2168 3538 lia-c
2219 3485 2396 3540 omnia
2433 3486 2521 3542 die
2567 3487 2875 3552 Ambrosio,
2906 3489 3020 3546 sive
3053 3492 3122 3548 de
3153 3493 3460 3562 Ambrosio,
3510 3512 3632 3564 qua:

2041 3579 2167 3633 mihi
2202 3591 2307 3635 tam
2337 3581 2586 3650 superbe,
2612 3591 2719 3637 tam
2747 3585 3162 3652 contumeliose,
3198 3595 3302 3640 tam
3331 3589 3632 3658 procaciter

2039 3681 2093 3724 et
2121 3673 2420 3740 petulanter
2443 3672 2700 3742 objectas.
2727 3674 2881 3748 (Nam
2911 3674 2996 3732 Itis
3019 3669 3198 3732 verbis
3229 3679 3346 3734 suis
3368 3679 3632 3736 infamare

2039 3765 2198 3818 etiam
2241 3765 2583 3832 Baptismatis
2618 3775 3033 3835 sacramentum,
3081 3769 3223 3840 quod
3271 3770 3322 3824 in
3370 3785 3436 3824 eo
3473 3771 3630 3840 plena

2041 3871 2144 3909 lion
2176 3857 2267 3910 fiat
2297 3857 2542 3912 remissio
2570 3865 2946 3928 peccatorum;
2976 3868 3032 3915 et
3072 3861 3308 3933 iniquum
3341 3863 3504 3918 Deum
3553 3863 3631 3918 fa-

2039 3965 2181 4011 cere,
2211 3949 2298 4020 qui
2323 3958 2536 4019 peccata
2561 3950 2613 4004 in
2641 3949 2765 4005 ﬁliis
2787 3950 3006 4008 damnat
3051 3953 3240 4017 aliena,
3291 3969 3412 4024 qua:
3455 3955 3506 4010 in
3537 3971 3633 4026 pa-

2040 4041 2280 4096 rentibus
2305 4041 2593 4108 relaxavit;
2622 4040 2850 4097 fortasse
2871 4057 2976 4098 non
3006 4053 3179 4114 potest
3199 4045 3301 4101 dici
3333 4048 3626 4118 :quoniam

2039 4149 2160 4186 cum
2187 4132 2304 4187 bam
2332 4133 2660 4203 loqueretur,
2691 4149 2798 4188 non
2825 4134 2893 4190 de
2917 4134 3304 4206 baptizatorum
3335 4141 3630 4210 propagine

2042 4228 2372 4298 loquebatur.
2398 4223 2418 4300 )
2451 4226 2616 4281 Porro
2645 4228 2688 4282 si
2712 4237 2928 4282 sanctus
2945 4229 3256 4286 Ambrosius
3287 4248 3392 4286 non
3447 4248 3513 4286 ex
3545 4232 3631 4288 his

2039 4331 2190 4388 erat,
2219 4321 2310 4392 qui
2337 4321 2606 4376 diabolum
2629 4322 2827 4378 faciunt
2856 4321 3129 4378 hominum
3172 4334 3490 4394 creatorem,
3537 4329 3626 4381 vel

2041 4413 2250 4484 nuptias
2277 4412 2554 4476 damnant,
2585 4414 2669 4468 vel
2699 4415 3002 4484 incapacem
3021 4415 3232 4470 virtutis
3255 4428 3496 4471 naturam
3516 4421 3634 4486 opi-

2040 4518 2235 4561 uantur
2260 4505 2572 4572 humanam;
2604 4505 2698 4562 sed
2729 4523 2791 4561 ex
2825 4507 2908 4562 his
2935 4507 3136 4578 potius.
3165 4507 3254 4578 qui
3286 4509 3450 4564 Deum
3480 4525 3628 4564 sum-

2039 4613 2264 4653 mumac
2289 4614 2498 4653 summe
2526 4597 2724 4653 bonum
2754 4599 2914 4653 totius
2941 4597 3192 4663 hominis,
3237 4599 3288 4654 id
3331 4608 3433 4665 cst,
3467 4601 3632 4655 tmius

2037 4691 2230 4744 animze
2255 4689 2525 4759 tmiusque
2573 4689 2816 4759 corporis
2855 4701 3152 4760 agnoscunt
3195 4700 3250 4744 et
3302 4694 3630 4746 conﬁtentur

2037 4791 2332 4847 auctorem,
2362 4791 2416 4836 et
2445 4783 2778 4836 honorantin
2807 4781 2891 4836 sui
2922 4783 3120 4852 gradus
3163 4782 3400 4838 bonitate
3439 4785 3598 4854 conju
3617 4814 3631 4827 -

2037 4875 2142 4944 gia,
2168 4887 2267 4929 nec
2317 4873 2590 4928 hominem
2635 4872 2869 4943 perfecte
2899 4871 3182 4943 iustiﬁcari
3227 4889 3385 4943 posse
3432 4879 3645 4946 despe-g

2041 4980 2157 5023 rant
2184 4987 2198 5022 ;
2232 4967 2348 5022 lucc
2368 4967 2580 5022 interim
2615 4967 2712 5021 tria
2736 4977 2914 5021 vestra
2943 4975 3254 5036 argumenta
3284 4969 3413 5020 tanti
3439 4965 3459 4998 ⁸
3483 4967 3629 5024 illius
3676 5029 3682 5040 ,

2104 5125 2120 5156 ι
2157 5123 2294 5180 aditi,
2317 5119 2401 5184 qui
2422 5119 2548 5184 solus
2569 5119 2720 5183 potuit
2735 5117 3035 5184 justusesse.
3061 5126 3325 5184 Negautem
3350 5121 3632 5183 particulam

2040 5201 2103 5235 ex
2129 5186 2286 5235 veteri
2318 5181 2483 5232 Codice
2505 5181 2786 5231 I-‘loriaeensi
2805 5181 3089 5230 addidimus.
3120 5181 3418 5244 altoquitt’ea
3441 5185 3633 5238 sublata

2039 5249 2138 5309 logi
2161 5247 2415 5309 debuisset
2450 5247 2571 5294 inira
2609 5252 2732 5306 post,
2765 5248 2951 5294 erraret
2969 5279 2984 5304 ,
3011 5243 3145 5309 quod
3166 5243 3390 5309 natusex
3409 5244 3631 5309 virgine;

2162 5285 2288 5359 sicut
2311 5285 2510 5377 iiilibro
2551 5285 2732 5377 qtiarto
2767 5313 2934 5377 contra
2969 5285 3114 5377 ,dt'tas
3147 5285 3382 5377 Epistolas
3415 5285 3631 5371 Pelagia:

2040 5366 2228 5442 norum,
2255 5384 2305 5418 u.
2329 5370 2408 5428 '29,
2429 5366 2750 5442 corre'xiutus,
2773 5382 2866 5416 non
2887 5366 2944 5440 ob
2965 5367 3117 5440 aliud,
3143 5366 3240 5442 nisi
3261 5369 3374 5442 quia
3396 5366 3555 5442 nutu?
3565 5384 3631 5442 ex

2037 5435 2238 5498 virgine.
2265 5439 2406 5481 Porro
2429 5433 2474 5480 id
2517 5431 2764 5498 atnrrosi'c
2793 5431 3120 5480 testimonium
3159 5431 3207 5480 in
3241 5431 3388 5482 citato
3422 5431 3544 5482 libro
3566 5435 3632 5483 de

2039 5494 2134 5548 Me
2160 5506 2211 5546 et
2237 5509 2348 5544 arca
2373 5509 2498 5545 nunc
2515 5494 2836 5542 desideratur.

2103 5564 2122 5593 ²
2158 5559 2343 5624 Aliquot
2364 5567 2486 5624 vss,
2511 5554 2838 5624 perlicienda’.
2873 5562 2968 5624 uec
2989 5553 3237 5624 molares;
3255 5553 3622 5624 ondetlillisrn.

2040 5624 2206 5672 tentia:
2231 5614 2401 5668 .t'uliani
2419 5614 2580 5682 supra,
2597 5614 2655 5666 'u.
2681 5617 2712 5666 '3
2731 5617 3028 5682 :.\cct'irttts,
3049 5615 3130 5682 citi
3143 5614 3374 5682 citiwittts
3393 5614 3627 5677 intelligi--

2040 5693 2118 5735 tur
2141 5697 2242 5734 esse
2264 5677 2524 5744 cmttrariu,
2561 5695 2692 5744 posse
2723 5677 3165 5744 creditnryerlici,
3200 5693 3315 5742 quia
3349 5677 3633 5744 ingenerata

2039 5747 2153 5797 vitia
2174 5743 2456 5796 incredibile
2491 5739 2570 5792 est
2583 5755 2715 5805 posse
2749 5739 2986 5792 consumi.
3016 5739 3630 5805 tteliqtnnms,_pgu‘ipien:

2039 5795 2147 5868 dte,
2161 5795 2288 5872 quod
2315 5821 2372 5872 ea
2394 5805 2540 5872 lectio
2558 5795 2610 5855 οἰ
2622 5805 2917 5872 communior
2939 5805 3020 5872 siti,
3037 5810 3096 5872 oet
3120 5795 3272 5862 magis
3288 5795 3629 5872 adquod

2041 5863 2193 5934 paulo
2207 5879 2314 5934 post
2336 5869 2517 5934 legitur
2539 5866 2912 5926 accommodata,
2935 5864 3007 5916 uel
3029 5863 3306 5924 incapacem:
3327 5863 3512 5908 virtuts
3535 5870 3625 5906 na-

2039 5929 2199 5984 turam
2208 5929 2474 5996 'opinantur
2498 5929 2774 5979 humanam.

2105 5998 2126 6029 ³
2159 5985 2259 6043 Ληιῖ
2277 6002 2349 6043 Er.
2376 6002 2427 6044 ct
2451 6005 2601 6054 prepe
2617 6001 2788 6040 omnes
2811 5994 2936 6054 atss.,
2962 5985 3309 6044 alteacuthue.

2105 6065 2126 6091 ο
2159 6059 2294 6118 sunt,
2323 6047 2468 6110 tanta'.
2491 6047 2692 6114 tn'tlss.,
2716 6049 2850 6103 auat.
