4088 6510
238 442 333 482 litt

234 535 651 591 incolumitatem
676 530 1008 599 salutemque
1037 536 1236 581 natum
1261 524 1311 578 in
1344 524 1440 577 hoc
1469 539 1587 577 esse
1615 522 1810 576 intelli—

237 637 354 700 pant
393 625 756 689 constitutam,
799 638 904 675 non
947 630 1004 674 ut
1033 630 1157 673 caro
1194 625 1250 670 ct
1286 614 1522 684 spiritus,
1568 624 1815 683 tanquam

237 728 374 773 inter
398 733 457 772 se
490 715 800 770 naturaliter
822 711 1054 774 inimica,
1090 709 1227 763 sicut
1249 704 1573 761 Manichmus
1596 702 1814 771 desipit.

235 820 581 880 separentur;
624 807 718 861 sed
761 806 937 875 potius
983 812 1232 871 tauquam
1277 815 1343 853 ex
1372 798 1501 851 vitio
1538 795 1819 850 discordia:

237 914 414 959 sanata
444 900 789 955 concordent.
829 897 943 951 lioc
984 904 1065 949 est
1107 893 1248 948 enim
1296 890 1507 946 liberari
1538 906 1567 943 a
1597 903 1820 957 corpore

238 992 422 1049 mortis
468 991 649 1061 hujus,
694 999 749 1043 ut
789 989 910 1042 vita:
957 987 1070 1054 ﬁat,
1117 983 1259 1055 quod
1302 980 1461 1037 modo
1505 995 1698 1048 corpus
1742 987 1819 1031 est

240 1082 443 1148 mortis,
488 1082 598 1150 ipsa
640 1081 691 1134 in
732 1093 798 1135 eo
830 1086 999 1131 morte
1030 1076 1326 1138 moriente;
1375 1072 1478 1125 line
1516 1069 1817 1133 discordiw,

242 1190 342 1229 non
372 1182 591 1226 uaturm.
623 1170 772 1227 Unde
800 1168 1006 1224 dicetur
1034 1167 1193 1222 etiam
1222 1163 1372 1222 illud.
1411 1160 1507 1216 Ubi
1535 1170 1629 1225 est,
1664 1176 1818 1222 mors,

240 1266 483 1322 contentio
528 1274 616 1318 tua
656 1263 698 1334 (l
733 1262 851 1317 Cor.
891 1276 978 1324 xv,
1011 1259 1127 1329 55)?
1163 1257 1316 1325 Quod
1355 1271 1460 1311 non
1493 1255 1547 1309 in
1596 1252 1696 1308 hac
1718 1252 1837 1304 vita-

243 1356 438 1425 pcrlici,
472 1356 612 1411 idem
653 1368 865 1425 quoque
908 1352 1056 1407 testis
1083 1361 1160 1405 est
1193 1349 1392 1419 Martyr
1419 1347 1470 1401 in
1502 1345 1726 1415 epistola
1757 1344 1823 1398 de

238 1447 572 1513 itiortalitatc,
622 1447 711 1501 ubi
752 1445 1054 1515 apostolum
1104 1443 1327 1498 Paulum
1376 1449 1657 1511 propterea
1696 1438 1823 1491 dicit

233 1540 587 1612 concupiscere
615 1536 820 1592 dissolvi
846 1545 891 1590 et
926 1552 1030 1589 esse
1056 1550 1170 1588 cum
1200 1532 1418 1597 Christo,
1449 1540 1505 1583 ut
1535 1529 1688 1583 nullis
1709 1529 1822 1598 jam

234 1633 379 1701 ﬁeret
421 1631 636 1701 peccatis
663 1639 707 1683 et
744 1629 875 1683 vitiis
903 1627 1070 1681 carnis
1100 1625 1363 1679 obnoxius.
1392 1622 1561 1691 Quam
1587 1637 1715 1676 vero
1740 1620 1819 1674 vi-

231 1726 463 1794 gilanter
487 1723 743 1779 adversos
774 1720 902 1776 illud
929 1719 1118 1787 dogma
1146 1727 1409 1781 vestrum,
1436 1729 1541 1783 quo
1566 1713 1619 1767 in
1647 1722 1819 1765 vestra

234 1818 432 1870 virtute
460 1812 748 1877 confiditis,
783 1812 884 1865 hoc
910 1811 964 1864 in
991 1808 1243 1863 Oratione
1270 1805 1535 1860 dominica
1568 1802 1822 1872 exponit?

230 1905 322 1962 Sic
352 1906 497 1960 enim
531 1904 712 1966 docet,
744 1902 1010 1976 petendum
1038 1901 1092 1955 id
1122 1901 1290 1969 potius
1327 1915 1358 1951 a
1392 1897 1629 1964 Domino,
1670 1913 1820 1966 quam

228 1998 295 2051 de
333 1996 556 2068 propriis
592 1995 776 2049 viribus
803 1992 1242 2065 prtesumeudum,
1283 1999 1337 2043 ut
1371 1989 1498 2042 inter
1524 2003 1723 2040 carnem
1762 2003 1822 2037 ac

227 2088 467 2158 spiritum
510 2104 611 2140 non
652 2087 874 2139 humana
914 2084 1091 2149 virtus,
1136 2081 1225 2136 sed
1263 2081 1429 2152 gratia
1458 2081 1614 2153 faciat
1651 2079 1822 2131 divina

225 2177 554 2231 concordior»
601 2193 621 2231 :
665 2190 968 2231 consonans
1013 2175 1234 2230 omnino
1278 2171 1539 2242 Apostolo
1585 2170 1817 2232 dicenti,

229 2270 357 2334 Quis
391 2287 470 2324 me
494 2268 720 2324 liberabit
760 2268 822 2322 de
852 2282 1063 2337 corpore
1093 2266 1266 2319 mortis
1294 2252 1486 2336 hujus?
1514 2261 1690 2316 Gratia
1727 2261 1821 2315 Dei

225 2381 317 2435 per
358 2362 539 2418 Iesum
566 2361 820 2417 Christum
848 2358 1122 2414 Dominum
1152 2367 1399 2411 nostrum.

298 2455 351 2510 7.
401 2453 496 2509 llis
542 2464 594 2507 et
642 2462 859 2507 sanctus
908 2448 1197 2520 Gregorius
1243 2456 1526 2501 attestatur
1568 2444 1752 2501 dicens
1801 2464 1816 2501 :

221 2547 413 2600 Anima
442 2560 658 2614 namque
682 2561 797 2598 cum
832 2545 884 2597 in
914 2541 1165 2596 laboribus
1195 2541 1346 2613 fuerit
1373 2548 1421 2594 et
1460 2540 1511 2593 in
1549 2539 1814 2610 angustiis,

216 2656 347 2709 cum
376 2637 629 2692 hostiliter
664 2644 869 2706 urgetur
895 2652 926 2689 a
954 2651 1125 2699 carne,
1158 2643 1276 2687 tunc
1299 2632 1367 2686 ad
1394 2631 1555 2686 Deum
1591 2631 1774 2703 refugit
1797 2673 1813 2699 ,

217 2744 266 2788 et
289 2732 553 2804 cognoscit
581 2728 714 2787 unde
737 2727 909 2782 debeat
934 2726 1181 2782 auxilium
1214 2743 1428 2795 poscere.
1464 2724 1543 2780 Ac
1575 2739 1641 2779 ne
1667 2724 1813 2793 quis-

214 2838 382 2894 quam
429 2820 481 2875 in
526 2820 611 2876 bis
652 2819 830 2874 verbis
868 2820 1101 2888 episcopi
1142 2816 1381 2887 Gregorii
1417 2814 1683 2870 hostiliter
1722 2831 1813 2869 ur-

213 2922 438 2984 gentem
470 2912 487 2944 ¹
509 2926 747 2975 carnem,
778 2922 1026 2979 tanquam
1051 2926 1115 2964 ex
1149 2909 1414 2963 contraria
1441 2917 1628 2963 natura
1655 2908 1811 2974 mali,

210 3004 518 3060 secundum
550 3002 963 3058 Manicbaaormn
998 3002 1255 3055 insaniam
1288 3001 1623 3069 suspicetur;
1652 3002 1812 3055 etiam

212 3097 333 3166 ipse
358 3094 484 3149 vide
514 3092 966 3163 quemadmodum
1006 3092 1116 3146 suis
1153 3091 1403 3145 fratribus
1436 3100 1488 3145 et
1522 3091 1811 3145 conducto-

210 3187 369 3241 ribus
403 3185 671 3250 concinat,
702 3184 901 3238 docens
927 3199 1031 3237 non
1061 3183 1128 3234 ob
1154 3181 1294 3235 aliud
1318 3181 1578 3236 adversus
1598 3196 1811 3236 carnem

208 3278 467 3347 spiritum
493 3275 890 3345 concupiscere,
922 3274 1025 3329 nisi
1053 3284 1109 3327 ut
1148 3288 1246 3329 suo
1276 3284 1561 3341 utrumque
1592 3287 1813 3326 revoce—

209 3380 301 3424 tur
324 3368 539 3425 auctori
566 3377 687 3439 pOsl
712 3367 1084 3437 gravissimum
1107 3368 1158 3421 in
1187 3366 1287 3420 hac
1308 3368 1412 3420 vita
1438 3365 1514 3421 rei
1536 3365 1812 3435 utriusque

206 3459 551 3525 conﬂictum,
593 3460 644 3513 in
686 3473 791 3528 quo
830 3458 1038 3512 laborat
1078 3459 1316 3513 omnium
1345 3458 1453 3512 vita
1481 3469 1808 3512 sanctorum.

203 3550 261 3607 lu
295 3551 443 3606 libro
467 3552 663 3620 quippe
684 3550 1029 3619 Apologetico
1055 3568 1068 3602 :
1105 3569 1124 3602 σ
1154 3550 1367 3604 Illorum
1390 3566 1536 3613 vero,
1571 3571 1589 3603 ι
1617 3552 1808 3622 inquit,

208 3662 229 3695 ο
268 3642 565 3696 verlerum
609 3640 843 3695 nondum
884 3640 1022 3694 facio
1064 3639 1411 3707 mentiooem,
1450 3642 1644 3711 quibus
1675 3643 1811 3698 intra

202 3732 583 3801 nosmetipsos
625 3732 854 3803 propriis
881 3732 1022 3788 vitiis
1055 3748 1119 3787 ac
1161 3734 1496 3803 passionibus
1539 3736 1816 3805 impugna-

200 3839 353 3885 mur,
386 3832 443 3876 et
469 3822 557 3877 die
584 3834 849 3893 noctuque
884 3823 1061 3893 ignitis
1098 3824 1325 3879 stimulis
1352 3827 1594 3895 corporis
1636 3826 1811 3882 humi-

204 3915 382 3970 litatis
414 3913 572 3983 hujus
594 3923 648 3968 et
676 3914 919 3983 corporis
944 3915 1131 3969 mortis
1158 3931 1429 3984 urgemur,
1463 3934 1602 3972 mmc
1632 3919 1807 3972 laten-

201 4016 309 4070 ter,
344 4021 495 4060 nunc
521 4006 679 4059 etiam
707 4006 880 4075 palam
910 4007 1318 4074 provocantibus
1346 4007 1538 4078 ubique
1585 4019 1637 4063 et
1689 4011 1812 4064 irri-

200 4099 458 4153 tantibus
495 4112 672 4151 rerum
704 4096 990 4151 visibilium
1041 4098 1457 4164 illccebris,luto
1497 4099 1598 4155 hoc
1620 4102 1639 4131 ²
1668 4099 1810 4156 ῐιιιοὶε

194 4189 287 4244 cui
324 4187 666 4251 iub-.csimus,
711 4189 849 4244 omni
891 4189 972 4243 sui
1012 4188 1230 4245 fetorem
1258 4190 1408 4245 venis
1444 4194 1810 4260 capacioribus

195 4282 531 4343 exhalante;
576 4280 671 4335 sed
701 4290 754 4335 et
781 4281 899 4350 lege
941 4281 1168 4348 peccati,
1210 4298 1329 4351 qua:
1356 4293 1437 4337 est
1466 4284 1517 4337 in
1551 4284 1807 4340 membris

194 4374 410 4428 nostris
432 4414 450 4437 ,
480 4372 580 4441 legi
612 4373 830 4443 spiritus
867 4383 1229 4442 repugnante;
1254 4373 1378 4428 dum
1410 4376 1692 4445 imaginem
1724 4394 1810 4433 rc-

194 4462 368 4532 giam,
412 4478 536 4530 qua:
579 4463 714 4517 intra
757 4478 855 4515 nos
882 4474 986 4525 est,
1033 4463 1295 4533 captivam
1338 4465 1536 4521 ducere
1580 4468 1751 4523 studet
1791 4488 1804 4524 :

193 4564 254 4608 ut
283 4554 486 4624 spoliis
512 4554 629 4621 ejus
662 4554 839 4624 cedat,
875 4556 1129 4624 quidquid
1166 4557 1293 4610 illud
1334 4560 1580 4628 estquod
1614 4562 1664 4614 iu
1709 4578 1807 4617 nos

192 4646 478 4702 beneﬁcio
503 4645 698 4699 divina:
726 4661 788 4697 ac
822 4649 1004 4714 prima:
1036 4647 1176 4701 illius
1203 4649 1524 4703 cooditiouis
1552 4651 1755 4706 inﬂuxit
1789 4671 1802 4706 :

1539 408 1738 463 LIBER
1777 404 2150 461 SECUNDUS.

3407 408 3508 469 678

1930 519 2090 585 primo
2120 518 2181 571 tle
2210 535 2301 571 sua
2332 516 2495 588 fuga).
2547 520 2806 588 Agnosco.
2843 519 2915 576 liii
2955 519 3164 575 Juliane
3195 562 3211 589 ,
3244 539 3506 582 consonus

1927 609 2213 663 catholicas
2244 625 2420 673 VOCt‘S,
2464 622 2517 664 et
2559 613 2627 664 ab
2676 613 2753 664 cis
2797 612 2983 668 desine
3030 615 3326 670 dissonare.
3378 618 3511 673 Cum

1928 703 2053 757 dicit
2086 703 2270 756 beatus
2299 703 2607 774 Gregorius,
2652 702 2797 757 Intra
2837 708 3167 774 nosmetipsos
3196 709 3416 779 propriis
3443 710 3513 763 ri-

1929 795 2010 847 tiis
2038 812 2098 848 ac
2128 795 2442 862 passionibus
2467 799 2850 867 impugnantur,
2879 808 2925 851 et
2953 798 3034 851 die
3073 811 3316 868 noctuque
3345 801 3514 871 ignitis

1927 886 2143 940 stimulis
2186 886 2411 956 corporis
2454 887 2751 941 humilitatis
2792 890 2944 959 hujus
2988 899 3035 941 et
3077 892 3301 957 corporis
3343 892 3515 943 mortis

1929 992 2199 1046 urgemur;
2261 977 2554 1045 baptizatus
2608 978 2857 1048 loquitur,
2898 979 2965 1033 de
3006 980 3283 1047 baptizatis
3345 981 3516 1052 loqui-

1930 1076 2016 1121 tur
2036 1069 2073 1119 ⁸.
2110 1070 2238 1123 Cum
2267 1071 2413 1134 dicit,
2456 1071 2564 1141 lege
2600 1073 2790 1140 peccati
2822 1088 2936 1141 qua:
2968 1085 3038 1125 est
3067 1074 3118 1126 in
3149 1074 3380 1127 membris
3420 1091 3515 1127 no.

1927 1160 2046 1212 stris
2082 1159 2177 1229 legi
2219 1161 2425 1230 spiritus
2462 1173 2808 1232 repugnante;
2838 1162 3137 1232 baptizatus
3165 1164 3415 1234 loquitur,
3448 1166 3516 1220 de

1930 1251 2207 1319 [rapti/alis
2235 1253 2484 1322 loquitur.
2512 1254 2937 1310 Christianorum
2961 1267 3041 1310 est
3070 1258 3164 1311 ista
3193 1274 3365 1328 pugna
3396 1259 3516 1311 tide-

1929 1341 2080 1409 lium,
2120 1361 2223 1396 non
2266 1344 2557 1399 inlidelitun
2598 1346 2925 1401 JlldiCOl'lllll.
2958 1349 3148 1413 Crede,
3191 1350 3235 1402 si
3276 1365 3380 1403 non
3423 1365 3519 1418 pu-

1926 1447 2090 1502 gnas;
2133 1448 2383 1504 agnosce,
2422 1438 2466 1491 si
2510 1452 2732 1507 pugnas,
2768 1450 2822 1493 ct
2852 1440 2950 1493 ista
3000 1442 3213 1510 pugna’
3259 1442 3511 1496 rebellem

1927 1540 2137 1595 quoque
2166 1530 2467 1597 superbiam
2503 1530 2765 1599 Pelagiani
2809 1534 3008 1587 erroris
3034 1549 3298 1603 expugna.
3324 1534 3515 1590 Jamne

1929 1619 2214 1686 discernis,
2259 1620 2443 1690 jamue
2483 1624 2759 1693 perspicis,
2807 1624 2988 1695 jamue
3034 1627 3322 1695 resipi~cis,
3364 1636 3417 1681 et
3461 1628 3513 1680 in

1928 1711 2260 1780 Baptismale
2308 1712 2421 1767 lieri
2460 1716 2697 1768 omnium
2738 1717 3107 1771 remissionem
3154 1730 3511 1786 peccatorum,

1928 1810 1984 1856 et
2008 1817 2128 1856 cum
2163 1803 2444 1871 haptizatis
2485 1807 2633 1874 quasi
2664 1807 2816 1861 civile
2856 1807 3050 1862 bellum
3087 1808 3394 1863 iuteriormn
3427 1827 3513 1865 rc-

1928 1908 2146 1947 mancre
2175 1894 2468 1949 vitiorum?
2515 1895 2630 1949 Non
2676 1899 2818 1952 enim
2874 1900 2994 1952 talia
3045 1908 3170 1954 sunt
3197 1901 3347 1967 vitia,
3394 1918 3515 1970 quas

1924 1986 2031 2051 jam
2060 1995 2275 2054 peccata
2313 1986 2536 2041 dicenda
2573 1991 2699 2051 sint,
2743 1989 2788 2041 si
2832 1989 2898 2043 ad
2939 1990 3117 2044 illicita
3153 2005 3313 2060 opera
3357 1993 3519 2061 spiri-

1928 2085 2035 2129 tum
2080 2078 2506 2146 concupiscentia
2547 2094 2653 2133 non
2712 2080 2881 2135 trahat
2927 2090 2982 2136 et
3015 2082 3279 2152 concipiat
3320 2086 3516 2151 pariat.

1924 2182 2029 2235 que
2054 2179 2349 2237 peceatum.
2377 2169 2487 2225 Nec
2515 2179 2689 2225 tamen
2717 2183 2867 2225 extra
2893 2187 2991 2226 nos
3010 2183 3154 2237 sunt,
3180 2176 3371 2245 quibus
3393 2177 3512 2228 vin-

1925 2259 2130 2326 crudis,
2160 2275 2281 2315 cum
2313 2261 2367 2315 in
2393 2261 2493 2316 hoc
2516 2263 2805 2317 certamine
2827 2265 3164 2334 prolicienter
3187 2265 3510 2333 laboramus,

1926 2349 2229 2427 instandum
2278 2361 2398 2418 est;
2450 2363 2630 2408 nostra
2681 2364 2827 2419 sunt,
2881 2358 3155 2426 passiones
3196 2368 3338 2421 sunt,
3384 2360 3512 2415 vitia

1923 2454 2065 2504 Sunt,
2113 2445 2387 2511 frcuanda,
2421 2447 2737 2509 cohibenda,
2769 2450 3003 2503 sanando
3030 2460 3154 2505 sunt
3187 2468 3199 2502 :
3246 2452 3338 2506 sed
3383 2454 3511 2508 dum

1922 2545 2177 2591 curantur
2216 2536 2404 2591 inl'eSta
2433 2548 2576 2592 sunt.
2608 2538 2674 2593 Et
2700 2540 2745 2594 si
2791 2539 2948 2595 nobis
2988 2541 3055 2595 ad
3084 2542 3301 2596 meliora
3346 2544 3509 2613 ιιι-οῦκ

1923 2631 2208 2696 cientibus,
2259 2634 2426 2703 magis
2469 2634 2740 2703 magisque
2780 2637 3119 2700 minuuntur;
3167 2645 3342 2691 tamen
3384 2637 3510 2691 dum

1926 2724 2009 2779 hic
2032 2724 2245 2792 vivitur,
2272 2740 2392 2780 esse
2422 2741 2525 2780 non
2558 2727 2827 2781 desinunt.
2857 2727 3168 2783 Discedeote
3191 2729 3311 2785 hinc
3332 2729 3512 2784 anima

1923 2817 2006 2886 pia
2039 2816 2307 2885 peribunt,
2350 2819 2402 2872 in
2432 2829 2743 2888 resurgentc
2770 2835 2996 2890 corpore
3025 2836 3129 2875 non
3169 2822 3434 2877 redibunt.

1990 2907 2217 2963 CAPUT
2248 2906 2334 2961 ιν.
2364 2938 2437 2948 —-
2462 2910 2515 2963 8.
2561 2910 2696 2979 Ergo
2729 2910 2797 2964 ad
2826 2910 3040 2966 beatum
3077 2912 3358 2968 redeamus
3382 2915 3511 2967 Am-

1919 2997 2179 3053 brosium.
2237 3000 2405 3053 Etiam
2460 3000 2611 3055 Pauli
2663 3019 2798 3064 caro,
2858 3006 3051 3073 inquit,
3105 3021 3286 3077 corpus
3335 3006 3510 3060 mortis

1921 3102 2048 3158 erat,
2076 3094 2203 3146 sicut
2231 3095 2339 3164 ipse
2356 3096 2446 3160 ait,
2483 3114 2500 3145 ι
2517 3094 2639 3161 Quis
2660 3112 2736 3149 me
2758 3095 2984 3151 liberabit
3010 3097 3071 3151 de
3095 3115 3304 3170 corpore
3333 3102 3509 3155 mortis

1924 3182 2120 3251 hujus?
2149 3202 2169 3235 s
2216 3183 2289 3237 lla
2315 3185 2571 3238 intellexit
2617 3187 2949 3251 Ambrosius,
2981 3187 3048 3240 ita
3080 3186 3393 3259 Cyprianus,
3436 3191 3508 3245 ita

1919 3271 2232 3342 Gregorius,
2277 3285 2331 3328 ut
2366 3275 2432 3329 dc
2471 3276 2588 3328 aliis
2616 3277 2824 3329 interim
2857 3285 3056 3330 taceam
3082 3278 3237 3332 simili
3272 3280 3505 3347 praeditis

1922 3366 2237 3419 auctoritate
2283 3364 2609 3420 doctoribus.
2657 3367 2790 3422 llnic
2834 3370 2989 3423 morti
3034 3370 3242 3423 dicetur
3280 3372 3330 3424 in
3381 3374 3501 3435 line,

1923 3452 2019 3507 Ubi
2058 3462 2147 3517 est,
2182 3470 2336 3518 mors,
2382 3459 2630 3510 contentio
2670 3459 2800 3511 tua?
2827 3458 2932 3512 Sed
2969 3446 3396 3530 regeneratorum
3425 3474 3509 3518 est

1920 3543 2037 3599 ha-c
2059 3545 2247 3614 gratia,
2279 3560 2381 3599 non
2408 3556 2804 3615 generatorum.
2830 3549 3017 3605 Christi
3043 3553 3174 3605 enim
3198 3568 3336 3615 caro,
3364 3556 3507 3623 quod

1916 3636 2155 3706 adjungit
2199 3638 2551 3703 Ambrosius,
2601 3640 2848 3695 damnant
2898 3653 3177 3711 peccatum,
3225 3650 3361 3715 quod
3414 3664 3508 3698 na-

1915 3728 2102 3780 scendo
2128 3743 2228 3781 non
2266 3730 2438 3795 sensit,
2467 3731 2600 3799 quod
2629 3732 2886 3785 moriendo
2912 3734 3161 3801 cruci/imit
3191 3751 3211 3789 :
3238 3738 3507 3791 nascendo

1918 3833 2022 3872 non
2064 3820 2232 3873 sensit
2267 3820 2316 3873 iu
2347 3836 2425 3884 se,
2474 3823 2749 3877 moriendo
2777 3827 3039 3880 crucilixit
3081 3830 3130 3881 in
3176 3831 3348 3884 nobis.
3392 3832 3504 3887 Lex

1918 3911 2094 3981 itaque
2135 3915 2337 3981 peccati
2365 3929 2666 3983 repugnans
2707 3915 2808 3986 legi
2857 3920 3071 3986 mentis,
3117 3938 3233 3990 quo
3280 3922 3332 3977 in
3374 3925 3506 3979 tanti

1917 4018 2128 4074 quoque
2157 4006 2382 4075 apostoli
2432 4009 2682 4064 membris
2716 4019 2853 4079 erat,
2901 4013 3185 4067 remittitur
3225 4016 3275 4069 in
3323 4017 3505 4083 Bapti-

1916 4107 2108 4161 Smate,
2136 4113 2239 4149 non
2264 4096 2463 4151 linitur.
2492 4100 2563 4152 Ex
2588 4100 2685 4155 hac
2708 4102 2826 4172 lege
2850 4104 3026 4157 carnis
3051 4117 3375 4174 repugnante
3402 4108 3504 4177 legi

1917 4188 2113 4243 mentis
2142 4188 2267 4242 nihil
2309 4189 2501 4243 (:ln'isti
2534 4207 2727 4262 corpus
2754 4196 3004 4260 attraxit;
3036 4199 3156 4265 quia
3186 4214 3288 4251 non
3320 4214 3384 4252 ex
3418 4199 3503 4254 ilia

1919 4279 2077 4350 Virgo
2116 4282 2380 4351 concepit.
2429 4284 2504 4336 Ex
2547 4286 2644 4338 hac
2680 4284 2795 4354 lege
2830 4286 3006 4340 carnis
3034 4298 3356 4358 repugnante
3401 4292 3500 4359 legi

1915 4372 2109 4426 mentis
2154 4374 2394 4428 eamdem
2442 4375 2608 4444 legem
2658 4377 2822 4445 prima
2870 4379 3143 4435 nativitatc
3185 4396 3340 4435 nemo
3386 4399 3491 4436 non

1916 4466 2099 4528 traxit;
2148 4466 2271 4534 quia
2310 4466 2409 4519 nisi
2454 4481 2519 4519 ex
2569 4468 2657 4520 illa
2703 4470 2891 4522 mulier
2938 4472 3077 4525 nulla
3118 4474 3382 4542 concepit.
3433 4475 3497 4529 Et

1916 4555 2036 4609 ideo
2076 4557 2413 4610 venerandus
2460 4557 2712 4623 Hilarius,
2758 4575 2823 4613 ex
2868 4571 3081 4629 peccato
3123 4577 3243 4617 esse
3284 4578 3496 4619 ouuieni

1913 4662 2130 4705 carnem
2158 4663 2262 4702 non
2289 4657 2567 4703 cunctatus
2589 4662 2669 4703 est
2690 4650 2867 4706 dicere
2889 4651 3106 4722 (Supra,
3132 4654 3218 4706 lib.
3246 4655 3296 4717 l,
3321 4654 3373 4706 η.
3398 4655 3454 4727 9)
3477 4675 3494 4711 :

1913 4738 2006 4792 scd
2049 4739 2303 4808 numquid
2348 4739 2467 4795 idco
2508 4742 2719 4810 negavit
2762 4757 2827 4795 ex
2871 4743 3017 4797 Deo?
3058 4744 3334 4809 Quomodo
3366 4746 3492 4801 dici-

1915 4846 2052 4895 mus,
2099 4840 2155 4885 et
2189 4844 2253 4885 ex
2296 4844 2460 4885 carne
2499 4847 2736 4898 carnem,
2785 4842 2840 4888 et
2879 4849 2941 4887 ex
2986 4833 3204 4889 homine
3243 4851 3490 4903 carnem;

1914 4923 2166 4994 numquid
2211 4925 2373 4979 etiam
2420 4926 2497 4979 sic
2543 4941 2795 4994 negamus
2837 4941 2899 4981 ex
2944 4926 3132 4981 Deo'?
3180 4928 3319 4999 Ergo
3347 4940 3400 4983 ct
3429 4946 3490 4988 cs

1912 5019 2043 5081 Deo,
2085 5019 2205 5087 quia
2243 5027 2418 5083 creat;
2458 5027 2512 5074 ct
2550 5036 2613 5073 ex
2644 5019 2876 5083 homine,
2916 5022 3034 5091 quia
3066 5032 3315 5092 generat;
3349 5034 3401 5078 et
3428 5041 3491 5085 ex
3544 5004 3567 5099 ἱ

1911 5119 2150 5180 peccato,
2182 5113 2304 5182 quia
2335 5112 2501 5166 vitiat.
2531 5110 2637 5168 Sed
2672 5114 2813 5168 Deus
2842 5115 2931 5185 qui
2959 5117 3137 5185 genuit
3171 5116 3360 5173 Filium
3392 5121 3496 5176 sibi
3560 5102 3567 5111 ’

1909 5209 2258 5271 coatternum,
2286 5203 2427 5274 quod
2456 5205 2506 5259 in
2535 5206 2796 5276 principio
2820 5206 3049 5262 Verbum
3074 5220 3207 5275 erat,
3236 5226 3330 5281 per
3352 5214 3495 5283 quod

1910 5294 2108 5348 creavit
2136 5311 2295 5349 omne
2325 5295 2463 5363 quod
2493 5312 2596 5351 non
2626 5308 2759 5361 crat,
2788 5298 2945 5353 etiam
2977 5301 3144 5369 ipsum
3172 5304 3371 5358 creavit
3401 5305 3497 5358 ho-

1911 5386 2106 5439 minem
2133 5387 2250 5441 sine
2275 5387 2401 5440 vitio
2424 5386 2464 5454 ⁸,
2498 5403 2605 5443 non
2636 5405 2698 5442 ex
2728 5392 2930 5446 semine
2953 5392 3179 5447 hominis
3210 5408 3304 5464 per
3330 5396 3491 5465 virgi-

189 4737 348 4794 unde
374 4738 470 4793 vix
496 4738 689 4808 aliquis
718 4737 942 4793 fortasse
970 4739 1121 4809 longa
1150 4756 1209 4794 se
1233 4752 1286 4795 et
1307 4741 1545 4797 districta
1566 4743 1587 4775 ³
1616 4733 1806 4814 regeiis

193 4830 573 4902 philosophia,
601 4842 653 4885 et
688 4831 935 4900 paulatim
977 4832 1306 4888 nobilitatem
1346 4837 1538 4888 anima:
1576 4850 1688 4890 sua:
1718 4854 1805 4890 re-

188 4922 412 4987 colens,
461 4929 707 4977 naturain
741 4922 872 4977 lucis
910 4939 1028 4992 qua:
1070 4924 1120 4977 in
1160 4938 1220 4979 se
1257 4934 1341 4979 est
1379 4926 1562 4980 humili
1598 4926 1721 4997 huic
1749 4939 1805 4982 et

189 5013 503 5068 tenebroso
549 5012 659 5065 loto
710 5013 1026 5082 conjuncta.
1074 5023 1292 5070 revocet
1339 5030 1404 5071 ac
1447 5016 1683 5071 reﬂectat
1733 5018 1801 5072 ad

186 5103 369 5160 Deum
408 5121 424 5158 :
461 5102 547 5158 vel
576 5105 620 5158 si
651 5113 794 5160 certe
822 5105 1055 5175 propitio
1086 5106 1197 5162 Deo
1222 5116 1363 5177 agat,
1393 5118 1675 5179 utrumque
1709 5126 1800 5181 pa-

181 5198 324 5252 riter
363 5195 685 5260 revocabit;
733 5196 777 5250 si
822 5206 996 5252 tamen
1040 5198 1193 5270 longa
1230 5212 1283 5255 et
1316 5202 1527 5256 assidua
1572 5206 1799 5259 medita-

186 5288 337 5341 tione
368 5288 647 5339 insuescat
687 5301 896 5341 sursum
938 5304 1152 5359 semper
1177 5292 1436 5362 aspicere,
1470 5304 1522 5349 et
1547 5297 1795 5352 deorsum

174 5378 330 5431 niale
380 5376 689 5431 trahentem
735 5394 800 5432 ac
844 5379 1217 5449 degravantem
1262 5387 1535 5440 materiam
1585 5389 1797 5443 sibimet

176 5467 474 5522 astrictam
506 5466 667 5522 frenis
689 5470 1003 5525 arctioribus
1018 5473 1297 5531 sublevare
1317 5495 1334 5527 ι
1364 5475 1449 5549 (In
1473 5479 1800 5551 Apologctico
1975 5540 1989 5571 ²
2016 5490 2142 5589 ‘mm
2187 5540 2248 5591 de
2271 5540 2507 5600 “ptimo
2528 5542 2734 5607 [quiw
2780 5546 2944 5597 “clius
2977 5557 3065 5599 “ss
3136 5551 3197 5601 de
3219 5548 3472 5614 ωηιωὼ

1971 5575 2163 5614 --.η’
2240 5570 2439 5614 '_‘
2621 5560 2787 5614 5'“
2977 5569 3102 5609 δι’
3294 5564 3375 5599 λ’

2149 5575 2163 5599 ,
2187 5560 2248 5591 ae
2271 5560 2507 5609 aapttzaw
2528 5560 2753 5607 loquitur.
2781 5560 2944 5597 .‘lClltlS
2977 5560 3102 5609 διεδ..
3136 5560 3197 5601 (te
3219 5560 3490 5609 bapttwlu.

244 5648 267 5716 ‘_
301 5645 470 5703 mliti,
510 5643 691 5708 urgeri.
731 5647 1030 5709 castigantur
1067 5649 1125 5699 ad
1161 5652 1421 5705 Gallien‘ltts
1466 5656 1586 5707 duos
1631 5671 1799 5708 marm-

478 5765 639 5827 hujus.
668 5777 720 5819 At
744 5778 868 5826 Mssa
892 5770 997 5822 hoc.

241 5831 263 5861 ³
297 5828 491 5892 Belgici
516 5835 604 5879 Mss
628 5866 641 5891 ,
666 5830 890 5882 discreta.

1971 5604 1991 5670 ξ
2024 5603 2099 5670 sic
2120 5612 2222 5670 uss.
2252 5611 2303 5652 Al.
2328 5607 2460 5670 editi,
2485 5614 2528 5670 et
2546 5603 2595 5657 tri
2611 5610 2700 5657 ista
2725 5621 2900 5670 pugna.

1970 5663 1993 5695 ³
2025 5664 2159 5738 tam,
2185 5666 2414 5725 numquid
2438 5668 2581 5738 etiam
2596 5670 2665 5720 sic
2680 5663 2922 5734 negtium,
2950 5685 3234 5738 generenam
3262 5683 3326 5721 ex
3353 5668 3488 5722 nco?

1907 5724 2072 5787 Abest,
2099 5738 2400 5787 generantur,
2425 5742 2455 5776 a
2475 5737 2579 5781 Mss.

1970 5786 1991 5818 ⁵
2025 5786 2105 5836 Hic
2128 5792 2376 5853 tnanuscrii
2399 5794 2431 5839 ti
2462 5793 2693 5847 nonnulli.
2713 5794 3022 5844 rlortaceasis
3045 5803 3093 5845 et
3116 5793 3375 5843 Casah‘usis
3402 5790 3463 5841 ω

1906 5850 2043 5902 dunt.
2066 5867 2155 5904 non
2176 5870 2238 5907 ex
2262 5850 2447 5903 homine
2470 5856 2571 5905 sine
2595 5863 2719 5905 i‘UlO.
