  <div class='ocr_page' id='page_1' title='image "/cluster/home/n/w/nwhite01/storage/ocr_20150623/44-45/uc1.31175026792435/348.png"; bbox 0 0 4118 6516; ppageno 0'>
   <div class='ocr_carea' id='block_1_1' title="bbox 278 338 555 417">
    <p class='ocr_par' dir='ltr' id='par_1_1' title="bbox 278 338 555 417">
     <span class='ocr_line' id='line_1_1' title="bbox 278 338 555 417; baseline 0.007 -2"><span class='ocrx_word' id='word_1_1' title='bbox 278 338 555 417; x_wconf 62' lang='lat' dir='ltr'><strong>3W.</strong></span> 
     </span>
    </p>
   </div>
   <div class='ocr_carea' id='block_1_2' title="bbox 352 464 1939 535">
    <p class='ocr_par' dir='ltr' id='par_1_2' title="bbox 352 464 1939 535">
     <span class='ocr_line' id='line_1_2' title="bbox 352 464 1939 535; baseline -0.006 -7"><span class='ocrx_word' id='word_1_2' title='bbox 352 470 455 535; x_wconf 74' lang='lat' dir='ltr'><strong>bus</strong></span> <span class='ocrx_word' id='word_1_3' title='bbox 503 470 849 527; x_wconf 64' lang='lat' dir='ltr'><strong>inhaerentem</strong></span> <span class='ocrx_word' id='word_1_4' title='bbox 898 467 1172 523; x_wconf 72' lang='lat' dir='ltr'><strong>edacitatis</strong></span> <span class='ocrx_word' id='word_1_5' title='bbox 1222 465 1397 520; x_wconf 91' lang='lat' dir='ltr'><strong>studio</strong></span> <span class='ocrx_word' id='word_1_6' title='bbox 1436 464 1753 535; x_wconf 69' lang='lat' dir='ltr'><strong>praeteriret.</strong></span> <span class='ocrx_word' id='word_1_7' title='bbox 1804 464 1939 519; x_wconf 78' lang='lat' dir='ltr'><strong>Hinc</strong></span> 
     </span>
    </p>
   </div>
   <div class='ocr_carea' id='block_1_3' title="bbox 355 555 1941 632">
    <p class='ocr_par' dir='ltr' id='par_1_3' title="bbox 355 555 1941 632">
     <span class='ocr_line' id='line_1_3' title="bbox 355 555 1941 632; baseline -0.006 -16"><span class='ocrx_word' id='word_1_8' title='bbox 355 570 633 632; x_wconf 88' lang='lat' dir='ltr'><strong>peccatum</strong></span> <span class='ocrx_word' id='word_1_9' title='bbox 662 574 906 613; x_wconf 81' lang='lat' dir='ltr'><strong>manasse</strong></span> <span class='ocrx_word' id='word_1_10' title='bbox 931 557 1186 627; x_wconf 88' lang='lat' dir='ltr'><strong>proditur,</strong></span> <span class='ocrx_word' id='word_1_11' title='bbox 1215 565 1463 626; x_wconf 78' lang='lat' dir='ltr'><strong>tanquam</strong></span> <span class='ocrx_word' id='word_1_12' title='bbox 1487 569 1714 625; x_wconf 90' lang='lat' dir='ltr'><strong>corpore</strong></span> <span class='ocrx_word' id='word_1_13' title='bbox 1737 555 1941 610; x_wconf 86' lang='lat' dir='ltr'><strong>anima-</strong></span> 
     </span>
    </p>
   </div>
   <div class='ocr_carea' id='block_1_4' title="bbox 354 645 1939 723">
    <p class='ocr_par' dir='ltr' id='par_1_4' title="bbox 354 645 1939 723">
     <span class='ocr_line' id='line_1_4' title="bbox 354 645 1939 723; baseline -0.004 -18"><span class='ocrx_word' id='word_1_14' title='bbox 354 666 460 722; x_wconf 88' lang='lat' dir='ltr'><strong>que</strong></span> <span class='ocrx_word' id='word_1_15' title='bbox 484 650 837 723; x_wconf 78' lang='lat' dir='ltr'><strong>genitoribus,</strong></span> <span class='ocrx_word' id='word_1_16' title='bbox 864 649 989 703; x_wconf 89' lang='lat' dir='ltr'><strong>dum</strong></span> <span class='ocrx_word' id='word_1_17' title='bbox 1011 646 1253 716; x_wconf 88' lang='lat' dir='ltr'><strong>corporis</strong></span> <span class='ocrx_word' id='word_1_18' title='bbox 1277 654 1464 701; x_wconf 85' lang='lat' dir='ltr'><strong>natura</strong></span> <span class='ocrx_word' id='word_1_19' title='bbox 1491 653 1740 709; x_wconf 89' lang='lat' dir='ltr'><strong>tentatur,</strong></span> <span class='ocrx_word' id='word_1_20' title='bbox 1764 645 1939 699; x_wconf 89' lang='lat' dir='ltr'><strong>anima</strong></span> 
     </span>
    </p>
   </div>
   <div class='ocr_carea' id='block_1_5' title="bbox 355 737 1943 823">
    <p class='ocr_par' dir='ltr' id='par_1_5' title="bbox 355 737 1943 823">
     <span class='ocr_line' id='line_1_5' title="bbox 355 737 1943 823; baseline -0.003 -26"><span class='ocrx_word' id='word_1_21' title='bbox 355 745 496 797; x_wconf 86' lang='lat' dir='ltr'><strong>male</strong></span> <span class='ocrx_word' id='word_1_22' title='bbox 521 743 698 796; x_wconf 67' lang='lat' dir='ltr'><strong>sanae‘</strong></span> <span class='ocrx_word' id='word_1_23' title='bbox 726 741 1064 811; x_wconf 89' lang='lat' dir='ltr'><strong>compatitur.</strong></span> <span class='ocrx_word' id='word_1_24' title='bbox 1096 738 1225 806; x_wconf 64' lang='lat' dir='ltr'><strong>Quae</strong></span> <span class='ocrx_word' id='word_1_25' title='bbox 1245 738 1291 792; x_wconf 91' lang='lat' dir='ltr'><strong>si</strong></span> <span class='ocrx_word' id='word_1_26' title='bbox 1315 739 1670 808; x_wconf 87' lang='lat' dir='ltr'><strong>appetentiam</strong></span> <span class='ocrx_word' id='word_1_27' title='bbox 1698 737 1943 823; x_wconf 66' lang='lat' dir='ltr'><strong>corporis</strong></span> 
     </span>
    </p>
   </div>
   <div class='ocr_carea' id='block_1_6' title="bbox 355 829 1940 901">
    <p class='ocr_par' dir='ltr' id='par_1_6' title="bbox 355 829 1940 901">
     <span class='ocr_line' id='line_1_6' title="bbox 355 829 1940 901; baseline -0.004 -13"><span class='ocrx_word' id='word_1_28' title='bbox 355 834 702 895; x_wconf 58' lang='lat' dir='ltr'><strong>refrenaSs-et,</strong></span> <span class='ocrx_word' id='word_1_29' title='bbox 732 832 784 885; x_wconf 87' lang='lat' dir='ltr'><strong>in</strong></span> <span class='ocrx_word' id='word_1_30' title='bbox 808 831 923 901; x_wconf 88' lang='lat' dir='ltr'><strong>ipso</strong></span> <span class='ocrx_word' id='word_1_31' title='bbox 944 839 1062 884; x_wconf 91' lang='lat' dir='ltr'><strong>ortu</strong></span> <span class='ocrx_word' id='word_1_32' title='bbox 1084 838 1226 884; x_wconf 82' lang='lat' dir='ltr'><strong>esset</strong></span> <span class='ocrx_word' id='word_1_33' title='bbox 1245 830 1506 883; x_wconf 83' lang='lat' dir='ltr'><strong>exstincta</strong></span> <span class='ocrx_word' id='word_1_34' title='bbox 1532 829 1683 898; x_wconf 87' lang='lat' dir='ltr'><strong>origo</strong></span> <span class='ocrx_word' id='word_1_35' title='bbox 1708 829 1940 898; x_wconf 86' lang='lat' dir='ltr'><strong>peccati;</strong></span> 
     </span>
    </p>
   </div>
   <div class='ocr_carea' id='block_1_7' title="bbox 356 918 1941 996">
    <p class='ocr_par' dir='ltr' id='par_1_7' title="bbox 356 918 1941 996">
     <span class='ocr_line' id='line_1_7' title="bbox 356 918 1941 996; baseline -0.004 -17"><span class='ocrx_word' id='word_1_36' title='bbox 356 941 514 996; x_wconf 89' lang='lat' dir='ltr'><strong>quam</strong></span> <span class='ocrx_word' id='word_1_37' title='bbox 538 925 683 979; x_wconf 86' lang='lat' dir='ltr'><strong>velut</strong></span> <span class='ocrx_word' id='word_1_38' title='bbox 711 922 875 977; x_wconf 80' lang='lat' dir='ltr'><strong>virilis</strong></span> <span class='ocrx_word' id='word_1_39' title='bbox 900 924 921 954; x_wconf 81' lang='grc'>⁸</span> <span class='ocrx_word' id='word_1_40' title='bbox 949 920 1173 977; x_wconf 83' lang='lat' dir='ltr'><strong>infusam</strong></span> <span class='ocrx_word' id='word_1_41' title='bbox 1196 921 1437 990; x_wconf 91' lang='lat' dir='ltr'><strong>corporis</strong></span> <span class='ocrx_word' id='word_1_42' title='bbox 1463 929 1608 974; x_wconf 90' lang='lat' dir='ltr'><strong>motu</strong></span> <span class='ocrx_word' id='word_1_43' title='bbox 1635 920 1772 974; x_wconf 90' lang='lat' dir='ltr'><strong>male</strong></span> <span class='ocrx_word' id='word_1_44' title='bbox 1793 919 1899 974; x_wconf 89' lang='lat' dir='ltr'><strong>feta</strong></span> <span class='ocrx_word' id='word_1_45' title='bbox 1920 918 1941 951; x_wconf 86' lang='grc'><em>³</em></span> 
     </span>
    </p>
   </div>
   <div class='ocr_carea' id='block_1_8' title="bbox 356 1013 1944 1084">
    <p class='ocr_par' dir='ltr' id='par_1_8' title="bbox 356 1013 1944 1084">
     <span class='ocr_line' id='line_1_8' title="bbox 356 1013 1944 1084; baseline -0.005 -10"><span class='ocrx_word' id='word_1_46' title='bbox 356 1022 557 1083; x_wconf 86' lang='lat' dir='ltr'><strong>anima,</strong></span> <span class='ocrx_word' id='word_1_47' title='bbox 591 1018 750 1070; x_wconf 86' lang='lat' dir='ltr'><strong>etiam</strong></span> <span class='ocrx_word' id='word_1_48' title='bbox 782 1018 865 1070; x_wconf 89' lang='lat' dir='ltr'><strong>sui</strong></span> <span class='ocrx_word' id='word_1_49' title='bbox 893 1015 1071 1084; x_wconf 80' lang='lat' dir='ltr'><strong>vigore</strong></span> <span class='ocrx_word' id='word_1_50' title='bbox 1098 1021 1368 1082; x_wconf 89' lang='lat' dir='ltr'><strong>corrupto,</strong></span> <span class='ocrx_word' id='word_1_51' title='bbox 1397 1013 1585 1068; x_wconf 89' lang='lat' dir='ltr'><strong>alienis</strong></span> <span class='ocrx_word' id='word_1_52' title='bbox 1613 1014 1788 1083; x_wconf 82' lang='lat' dir='ltr'><strong>gravis</strong></span> <span class='ocrx_word' id='word_1_53' title='bbox 1810 1028 1944 1066; x_wconf 85' lang='lat' dir='ltr'><strong>one-</strong></span> 
     </span>
    </p>
   </div>
   <div class='ocr_carea' id='block_1_9' title="bbox 358 1103 1941 1178">
    <p class='ocr_par' dir='ltr' id='par_1_9' title="bbox 358 1103 1941 1178">
     <span class='ocr_line' id='line_1_9' title="bbox 358 1103 1941 1178; baseline -0.003 -15"><span class='ocrx_word' id='word_1_54' title='bbox 358 1109 505 1164; x_wconf 80' lang='lat' dir='ltr'><strong>ribus</strong></span> <span class='ocrx_word' id='word_1_55' title='bbox 535 1107 810 1177; x_wconf 88' lang='lat' dir='ltr'><strong>parturivit</strong></span> <span class='ocrx_word' id='word_1_56' title='bbox 839 1126 857 1159; x_wconf 75' lang='lat' dir='ltr'><strong>i</strong></span> <span class='ocrx_word' id='word_1_57' title='bbox 911 1104 999 1178; x_wconf 87' lang='lat' dir='ltr'><strong>(In</strong></span> <span class='ocrx_word' id='word_1_58' title='bbox 1039 1104 1262 1169; x_wconf 86' lang='lat' dir='ltr'><strong>Lucam,</strong></span> <span class='ocrx_word' id='word_1_59' title='bbox 1299 1104 1385 1158; x_wconf 84' lang='lat' dir='ltr'><strong>lib.</strong></span> <span class='ocrx_word' id='word_1_60' title='bbox 1424 1104 1477 1168; x_wconf 90' lang='lat'><strong>7,</strong></span> <span class='ocrx_word' id='word_1_61' title='bbox 1507 1122 1594 1158; x_wconf 84' lang='lat' dir='ltr'><strong>nn.</strong></span> <span class='ocrx_word' id='word_1_62' title='bbox 1630 1106 1724 1159; x_wconf 72' lang='lat' dir='ltr'><strong>Ml</strong></span> <span class='ocrx_word' id='word_1_63' title='bbox 1746 1145 1760 1168; x_wconf 90' lang='lat'><strong>,</strong></span> <span class='ocrx_word' id='word_1_64' title='bbox 1791 1103 1941 1175; x_wconf 70' lang='grc'><strong>142).</strong></span> 
     </span>
    </p>
   </div>
   <div class='ocr_carea' id='block_1_10' title="bbox 434 1195 1941 1266">
    <p class='ocr_par' dir='ltr' id='par_1_10' title="bbox 434 1195 1941 1266">
     <span class='ocr_line' id='line_1_10' title="bbox 434 1195 1941 1266; baseline -0.001 -14"><span class='ocrx_word' id='word_1_65' title='bbox 434 1201 520 1253; x_wconf 85' lang='lat' dir='ltr'><strong>ll.</strong></span> <span class='ocrx_word' id='word_1_66' title='bbox 554 1198 650 1251; x_wconf 90' lang='lat' dir='ltr'><strong>llic</strong></span> <span class='ocrx_word' id='word_1_67' title='bbox 668 1207 813 1251; x_wconf 90' lang='lat' dir='ltr'><strong>certe</strong></span> <span class='ocrx_word' id='word_1_68' title='bbox 834 1196 1166 1266; x_wconf 79' lang='lat' dir='ltr'><strong>apertissime</strong></span> <span class='ocrx_word' id='word_1_69' title='bbox 1185 1202 1344 1265; x_wconf 88' lang='lat' dir='ltr'><strong>atque</strong></span> <span class='ocrx_word' id='word_1_70' title='bbox 1366 1195 1705 1251; x_wconf 87' lang='lat' dir='ltr'><strong>satiatissime</strong></span> <span class='ocrx_word' id='word_1_71' title='bbox 1726 1196 1816 1251; x_wconf 86' lang='lat' dir='ltr'><strong>ille</strong></span> <span class='ocrx_word' id='word_1_72' title='bbox 1838 1207 1941 1250; x_wconf 88' lang='lat' dir='ltr'><strong>tam</strong></span> 
     </span>
    </p>
   </div>
   <div class='ocr_carea' id='block_1_11' title="bbox 361 1286 1944 1343">
    <p class='ocr_par' dir='ltr' id='par_1_11' title="bbox 361 1286 1944 1343">
     <span class='ocr_line' id='line_1_11' title="bbox 361 1286 1944 1343; baseline -0.001 0"><span class='ocrx_word' id='word_1_73' title='bbox 361 1289 689 1343; x_wconf 81' lang='lat' dir='ltr'><strong>excellenter</strong></span> <span class='ocrx_word' id='word_1_74' title='bbox 717 1287 789 1340; x_wconf 91' lang='lat' dir='ltr'><strong>tui</strong></span> <span class='ocrx_word' id='word_1_75' title='bbox 817 1286 1053 1342; x_wconf 83' lang='lat' dir='ltr'><strong>deetoris</strong></span> <span class='ocrx_word' id='word_1_76' title='bbox 1094 1300 1188 1340; x_wconf 91' lang='lat' dir='ltr'><strong>ore</strong></span> <span class='ocrx_word' id='word_1_77' title='bbox 1220 1286 1466 1341; x_wconf 90' lang='lat' dir='ltr'><strong>laudatus</strong></span> <span class='ocrx_word' id='word_1_78' title='bbox 1500 1286 1690 1341; x_wconf 87' lang='lat' dir='ltr'><strong>doctor</strong></span> <span class='ocrx_word' id='word_1_79' title='bbox 1714 1287 1944 1341; x_wconf 83' lang='lat' dir='ltr'><strong>Ambro-</strong></span> 
     </span>
    </p>
   </div>
   <div class='ocr_carea' id='block_1_12' title="bbox 361 1375 1944 1447">
    <p class='ocr_par' dir='ltr' id='par_1_12' title="bbox 361 1375 1944 1447">
     <span class='ocr_line' id='line_1_12' title="bbox 361 1375 1944 1447; baseline 0 -14"><span class='ocrx_word' id='word_1_80' title='bbox 361 1380 471 1433; x_wconf 86' lang='lat' dir='ltr'><strong>sius</strong></span> <span class='ocrx_word' id='word_1_81' title='bbox 498 1376 802 1441; x_wconf 80' lang='lat' dir='ltr'><strong>declaravit,</strong></span> <span class='ocrx_word' id='word_1_82' title='bbox 835 1388 887 1430; x_wconf 87' lang='lat' dir='ltr'><strong>et</strong></span> <span class='ocrx_word' id='word_1_83' title='bbox 911 1376 1037 1446; x_wconf 91' lang='lat' dir='ltr'><strong>quid</strong></span> <span class='ocrx_word' id='word_1_84' title='bbox 1064 1386 1240 1443; x_wconf 91' lang='lat' dir='ltr'><strong>esset,</strong></span> <span class='ocrx_word' id='word_1_85' title='bbox 1268 1385 1324 1432; x_wconf 87' lang='lat' dir='ltr'><strong>et</strong></span> <span class='ocrx_word' id='word_1_86' title='bbox 1347 1375 1490 1433; x_wconf 87' lang='lat' dir='ltr'><strong>unde</strong></span> <span class='ocrx_word' id='word_1_87' title='bbox 1515 1385 1659 1432; x_wconf 82' lang='lat' dir='ltr'><strong>esset</strong></span> <span class='ocrx_word' id='word_1_88' title='bbox 1687 1377 1944 1447; x_wconf 80' lang='lat' dir='ltr'><strong>originale</strong></span> 
     </span>
    </p>
   </div>
   <div class='ocr_carea' id='block_1_13' title="bbox 359 1468 1945 1539">
    <p class='ocr_par' dir='ltr' id='par_1_13' title="bbox 359 1468 1945 1539">
     <span class='ocr_line' id='line_1_13' title="bbox 359 1468 1945 1539; baseline 0.001 -16"><span class='ocrx_word' id='word_1_89' title='bbox 359 1478 660 1538; x_wconf 86' lang='lat' dir='ltr'><strong>peccatum,</strong></span> <span class='ocrx_word' id='word_1_90' title='bbox 687 1478 740 1522; x_wconf 91' lang='lat' dir='ltr'><strong>et</strong></span> <span class='ocrx_word' id='word_1_91' title='bbox 769 1468 904 1521; x_wconf 90' lang='lat' dir='ltr'><strong>unde</strong></span> <span class='ocrx_word' id='word_1_92' title='bbox 929 1468 1209 1537; x_wconf 84' lang='lat' dir='ltr'><strong>contigerit</strong></span> <span class='ocrx_word' id='word_1_93' title='bbox 1235 1469 1319 1521; x_wconf 91' lang='lat' dir='ltr'><strong>illa</strong></span> <span class='ocrx_word' id='word_1_94' title='bbox 1349 1470 1517 1537; x_wconf 88' lang='lat' dir='ltr'><strong>prima</strong></span> <span class='ocrx_word' id='word_1_95' title='bbox 1543 1468 1802 1531; x_wconf 81' lang='lat' dir='ltr'><strong>confusio.</strong></span> <span class='ocrx_word' id='word_1_96' title='bbox 1827 1483 1945 1539; x_wconf 70' lang='lat' dir='ltr'><strong>qua:</strong></span> 
     </span>
    </p>
   </div>
   <div class='ocr_carea' id='block_1_14' title="bbox 362 1558 1945 1630">
    <p class='ocr_par' dir='ltr' id='par_1_14' title="bbox 362 1558 1945 1630">
     <span class='ocr_line' id='line_1_14' title="bbox 362 1558 1945 1630; baseline 0.001 -17"><span class='ocrx_word' id='word_1_97' title='bbox 362 1559 719 1614; x_wconf 85' lang='lat' dir='ltr'><strong>inobedientia</strong></span> <span class='ocrx_word' id='word_1_98' title='bbox 745 1562 922 1615; x_wconf 88' lang='lat' dir='ltr'><strong>carnis</strong></span> <span class='ocrx_word' id='word_1_99' title='bbox 951 1558 1046 1613; x_wconf 89' lang='lat' dir='ltr'><strong>fuit</strong></span> <span class='ocrx_word' id='word_1_100' title='bbox 1072 1559 1435 1614; x_wconf 83' lang='lat' dir='ltr'><strong>dissentientis</strong></span> <span class='ocrx_word' id='word_1_101' title='bbox 1464 1560 1532 1615; x_wconf 85' lang='lat' dir='ltr'><strong>ab</strong></span> <span class='ocrx_word' id='word_1_102' title='bbox 1557 1560 1756 1628; x_wconf 89' lang='lat' dir='ltr'><strong>anima,</strong></span> <span class='ocrx_word' id='word_1_103' title='bbox 1786 1574 1945 1630; x_wconf 92' lang='lat' dir='ltr'><strong>quam</strong></span> 
     </span>
    </p>
   </div>
   <div class='ocr_carea' id='block_1_15' title="bbox 358 1650 1950 1721">
    <p class='ocr_par' dir='ltr' id='par_1_15' title="bbox 358 1650 1950 1721">
     <span class='ocr_line' id='line_1_15' title="bbox 358 1650 1950 1721; baseline 0.001 -18"><span class='ocrx_word' id='word_1_104' title='bbox 358 1650 680 1704; x_wconf 74' lang='lat' dir='ltr'><strong>discordiam</strong></span> <span class='ocrx_word' id='word_1_105' title='bbox 710 1660 861 1704; x_wconf 90' lang='lat' dir='ltr'><strong>sanat</strong></span> <span class='ocrx_word' id='word_1_106' title='bbox 899 1650 991 1705; x_wconf 90' lang='lat' dir='ltr'><strong>Dei</strong></span> <span class='ocrx_word' id='word_1_107' title='bbox 1021 1651 1188 1719; x_wconf 85' lang='lat' dir='ltr'><strong>gratia</strong></span> <span class='ocrx_word' id='word_1_108' title='bbox 1216 1665 1310 1721; x_wconf 90' lang='lat' dir='ltr'><strong>per</strong></span> <span class='ocrx_word' id='word_1_109' title='bbox 1334 1650 1514 1706; x_wconf 87' lang='lat' dir='ltr'><strong>Jesum</strong></span> <span class='ocrx_word' id='word_1_110' title='bbox 1542 1650 1810 1706; x_wconf 81' lang='lat' dir='ltr'><strong>Christum</strong></span> <span class='ocrx_word' id='word_1_111' title='bbox 1844 1652 1950 1706; x_wconf 89' lang='lat' dir='ltr'><strong>Do-</strong></span> 
     </span>
    </p>
   </div>
   <div class='ocr_carea' id='block_1_16' title="bbox 359 1739 1945 1812">
    <p class='ocr_par' dir='ltr' id='par_1_16' title="bbox 359 1739 1945 1812">
     <span class='ocr_line' id='line_1_16' title="bbox 359 1739 1945 1812; baseline 0.003 -19"><span class='ocrx_word' id='word_1_112' title='bbox 359 1741 563 1793; x_wconf 78' lang='lat' dir='ltr'><strong>minum</strong></span> <span class='ocrx_word' id='word_1_113' title='bbox 593 1752 853 1795; x_wconf 72' lang='lat' dir='ltr'><strong>not-mum.</strong></span> <span class='ocrx_word' id='word_1_114' title='bbox 883 1739 1042 1795; x_wconf 78' lang='lat' dir='ltr'><strong>Vides</strong></span> <span class='ocrx_word' id='word_1_115' title='bbox 1066 1740 1204 1796; x_wconf 92' lang='lat' dir='ltr'><strong>unde</strong></span> <span class='ocrx_word' id='word_1_116' title='bbox 1231 1757 1355 1796; x_wconf 86' lang='lat' dir='ltr'><strong>caro</strong></span> <span class='ocrx_word' id='word_1_117' title='bbox 1380 1743 1721 1812; x_wconf 88' lang='lat' dir='ltr'><strong>concupiscat</strong></span> <span class='ocrx_word' id='word_1_118' title='bbox 1751 1743 1945 1798; x_wconf 89' lang='lat' dir='ltr'><strong>adver-</strong></span> 
     </span>
    </p>
   </div>
   <div class='ocr_carea' id='block_1_17' title="bbox 359 1829 1948 1903">
    <p class='ocr_par' dir='ltr' id='par_1_17' title="bbox 359 1829 1948 1903">
     <span class='ocr_line' id='line_1_17' title="bbox 359 1829 1948 1903; baseline 0.003 -19"><span class='ocrx_word' id='word_1_119' title='bbox 359 1844 456 1886; x_wconf 82' lang='lat' dir='ltr'><strong>sus</strong></span> <span class='ocrx_word' id='word_1_120' title='bbox 488 1829 731 1900; x_wconf 80' lang='lat' dir='ltr'><strong>Spiritum</strong></span> <span class='ocrx_word' id='word_1_121' title='bbox 754 1871 769 1894; x_wconf 93' lang='lat'><strong>,</strong></span> <span class='ocrx_word' id='word_1_122' title='bbox 812 1831 961 1886; x_wconf 82' lang='lat' dir='ltr'><strong>vides</strong></span> <span class='ocrx_word' id='word_1_123' title='bbox 1002 1832 1145 1887; x_wconf 88' lang='lat' dir='ltr'><strong>unde</strong></span> <span class='ocrx_word' id='word_1_124' title='bbox 1182 1832 1253 1888; x_wconf 89' lang='lat' dir='ltr'><strong>sit</strong></span> <span class='ocrx_word' id='word_1_125' title='bbox 1298 1833 1382 1887; x_wconf 89' lang='lat' dir='ltr'><strong>lex</strong></span> <span class='ocrx_word' id='word_1_126' title='bbox 1413 1833 1464 1886; x_wconf 90' lang='lat' dir='ltr'><strong>in</strong></span> <span class='ocrx_word' id='word_1_127' title='bbox 1496 1833 1753 1889; x_wconf 89' lang='lat' dir='ltr'><strong>membris</strong></span> <span class='ocrx_word' id='word_1_128' title='bbox 1788 1848 1948 1903; x_wconf 83' lang='lat' dir='ltr'><strong>repu-</strong></span> 
     </span>
    </p>
   </div>
   <div class='ocr_carea' id='block_1_18' title="bbox 356 1921 1945 1992">
    <p class='ocr_par' dir='ltr' id='par_1_18' title="bbox 356 1921 1945 1992">
     <span class='ocr_line' id='line_1_18' title="bbox 356 1921 1945 1992; baseline 0.004 -18"><span class='ocrx_word' id='word_1_129' title='bbox 356 1937 529 1992; x_wconf 83' lang='lat' dir='ltr'><strong>gnans</strong></span> <span class='ocrx_word' id='word_1_130' title='bbox 549 1922 650 1992; x_wconf 90' lang='lat' dir='ltr'><strong>legi</strong></span> <span class='ocrx_word' id='word_1_131' title='bbox 678 1922 888 1977; x_wconf 87' lang='lat' dir='ltr'><strong>mentis.</strong></span> <span class='ocrx_word' id='word_1_132' title='bbox 930 1921 1092 1978; x_wconf 85' lang='lat' dir='ltr'><strong>Vides</strong></span> <span class='ocrx_word' id='word_1_133' title='bbox 1124 1925 1349 1980; x_wconf 83' lang='lat' dir='ltr'><strong>vertisse</strong></span> <span class='ocrx_word' id='word_1_134' title='bbox 1375 1923 1430 1978; x_wconf 88' lang='lat' dir='ltr'><strong>in</strong></span> <span class='ocrx_word' id='word_1_135' title='bbox 1460 1933 1724 1989; x_wconf 89' lang='lat' dir='ltr'><strong>naturam,</strong></span> <span class='ocrx_word' id='word_1_136' title='bbox 1750 1926 1945 1980; x_wconf 81' lang='lat' dir='ltr'><strong>animte</strong></span> 
     </span>
    </p>
   </div>
   <div class='ocr_carea' id='block_1_19' title="bbox 357 2012 1946 2084">
    <p class='ocr_par' dir='ltr' id='par_1_19' title="bbox 357 2012 1946 2084">
     <span class='ocr_line' id='line_1_19' title="bbox 357 2012 1946 2084; baseline 0.003 -17"><span class='ocrx_word' id='word_1_137' title='bbox 357 2012 641 2084; x_wconf 86' lang='lat' dir='ltr'><strong>carnisque</strong></span> <span class='ocrx_word' id='word_1_138' title='bbox 667 2012 1018 2078; x_wconf 85' lang='lat' dir='ltr'><strong>discordiam,</strong></span> <span class='ocrx_word' id='word_1_139' title='bbox 1061 2022 1116 2069; x_wconf 91' lang='lat' dir='ltr'><strong>et</strong></span> <span class='ocrx_word' id='word_1_140' title='bbox 1166 2029 1261 2084; x_wconf 87' lang='lat' dir='ltr'><strong>per</strong></span> <span class='ocrx_word' id='word_1_141' title='bbox 1296 2012 1396 2069; x_wconf 87' lang='lat' dir='ltr'><strong>bas</strong></span> <span class='ocrx_word' id='word_1_142' title='bbox 1442 2014 1748 2070; x_wconf 85' lang='lat' dir='ltr'><strong>inimicitias</strong></span> <span class='ocrx_word' id='word_1_143' title='bbox 1791 2016 1946 2072; x_wconf 89' lang='lat' dir='ltr'><strong>nobis</strong></span> 
     </span>
    </p>
   </div>
   <div class='ocr_carea' id='block_1_20' title="bbox 356 2103 1945 2170">
    <p class='ocr_par' dir='ltr' id='par_1_20' title="bbox 356 2103 1945 2170">
     <span class='ocr_line' id='line_1_20' title="bbox 356 2103 1945 2170; baseline 0.004 -13"><span class='ocrx_word' id='word_1_144' title='bbox 356 2103 634 2159; x_wconf 77' lang='lat' dir='ltr'><strong>abundare</strong></span> <span class='ocrx_word' id='word_1_145' title='bbox 659 2104 934 2170; x_wconf 87' lang='lat' dir='ltr'><strong>miserias,</strong></span> <span class='ocrx_word' id='word_1_146' title='bbox 967 2121 1071 2158; x_wconf 84' lang='lat' dir='ltr'><strong>non</strong></span> <span class='ocrx_word' id='word_1_147' title='bbox 1099 2104 1203 2160; x_wconf 84' lang='lat' dir='ltr'><strong>nisi</strong></span> <span class='ocrx_word' id='word_1_148' title='bbox 1232 2105 1327 2161; x_wconf 88' lang='lat' dir='ltr'><strong>Dei</strong></span> <span class='ocrx_word' id='word_1_149' title='bbox 1357 2104 1721 2163; x_wconf 81' lang='lat' dir='ltr'><strong>misericordia</strong></span> <span class='ocrx_word' id='word_1_150' title='bbox 1751 2107 1945 2163; x_wconf 84' lang='lat' dir='ltr'><strong>finien-</strong></span> 
     </span>
    </p>
   </div>
   <div class='ocr_carea' id='block_1_21' title="bbox 356 2176 1945 2262">
    <p class='ocr_par' dir='ltr' id='par_1_21' title="bbox 356 2176 1945 2262">
     <span class='ocr_line' id='line_1_21' title="bbox 356 2176 1945 2262; baseline 0.005 -15"><span class='ocrx_word' id='word_1_151' title='bbox 356 2193 475 2247; x_wconf 86' lang='lat' dir='ltr'><strong>das.</strong></span> <span class='ocrx_word' id='word_1_152' title='bbox 502 2193 621 2248; x_wconf 84' lang='lat' dir='ltr'><strong>Nuli</strong></span> <span class='ocrx_word' id='word_1_153' title='bbox 641 2195 752 2261; x_wconf 84' lang='lat' dir='ltr'><strong>jam</strong></span> <span class='ocrx_word' id='word_1_154' title='bbox 775 2195 904 2248; x_wconf 87' lang='lat' dir='ltr'><strong>mihi</strong></span> <span class='ocrx_word' id='word_1_155' title='bbox 925 2194 1196 2250; x_wconf 87' lang='lat' dir='ltr'><strong>adversari</strong></span> <span class='ocrx_word' id='word_1_156' title='bbox 1221 2211 1238 2252; x_wconf 88' lang='lat'><strong>:</strong></span> <span class='ocrx_word' id='word_1_157' title='bbox 1272 2176 1395 2251; x_wconf 59' lang='lat' dir='ltr'><strong>nam</strong></span> <span class='ocrx_word' id='word_1_158' title='bbox 1418 2196 1463 2251; x_wconf 91' lang='lat' dir='ltr'><strong>si</strong></span> <span class='ocrx_word' id='word_1_159' title='bbox 1489 2196 1663 2253; x_wconf 85' lang='lat' dir='ltr'><strong>adhuc</strong></span> <span class='ocrx_word' id='word_1_160' title='bbox 1687 2196 1837 2262; x_wconf 87' lang='lat' dir='ltr'><strong>facis,</strong></span> <span class='ocrx_word' id='word_1_161' title='bbox 1859 2199 1945 2255; x_wconf 90' lang='lat' dir='ltr'><strong>cui</strong></span> 
     </span>
    </p>
   </div>
   <div class='ocr_carea' id='block_1_22' title="bbox 356 2285 1946 2360">
    <p class='ocr_par' dir='ltr' id='par_1_22' title="bbox 356 2285 1946 2360">
     <span class='ocr_line' id='line_1_22' title="bbox 356 2285 1946 2360; baseline 0.004 -22"><span class='ocrx_word' id='word_1_162' title='bbox 356 2286 440 2338; x_wconf 88' lang='lat' dir='ltr'><strong>vel</strong></span> <span class='ocrx_word' id='word_1_163' title='bbox 468 2285 660 2351; x_wconf 81' lang='lat' dir='ltr'><strong>quibus</strong></span> <span class='ocrx_word' id='word_1_164' title='bbox 687 2285 846 2341; x_wconf 83' lang='lat' dir='ltr'><strong>simul</strong></span> <span class='ocrx_word' id='word_1_165' title='bbox 887 2285 1221 2354; x_wconf 88' lang='lat' dir='ltr'><strong>adverseris,</strong></span> <span class='ocrx_word' id='word_1_166' title='bbox 1252 2287 1505 2343; x_wconf 89' lang='lat' dir='ltr'><strong>advertis.</strong></span> <span class='ocrx_word' id='word_1_167' title='bbox 1539 2306 1560 2340; x_wconf 73' lang='grc' dir='ltr'><strong>ι</strong></span> <span class='ocrx_word' id='word_1_168' title='bbox 1589 2288 1674 2345; x_wconf 79' lang='lat' dir='ltr'><strong>Me</strong></span> <span class='ocrx_word' id='word_1_169' title='bbox 1700 2308 1721 2343; x_wconf 77' lang='grc' dir='ltr'><strong>ι</strong></span> <span class='ocrx_word' id='word_1_170' title='bbox 1754 2305 1946 2360; x_wconf 86' lang='lat' dir='ltr'><strong>nempe</strong></span> 
     </span>
    </p>
   </div>
   <div class='ocr_carea' id='block_1_23' title="bbox 360 2374 1945 2449">
    <p class='ocr_par' dir='ltr' id='par_1_23' title="bbox 360 2374 1945 2449">
     <span class='ocr_line' id='line_1_23' title="bbox 360 2374 1945 2449; baseline 0.005 -22"><span class='ocrx_word' id='word_1_171' title='bbox 360 2394 382 2426; x_wconf 75' lang='grc' dir='ltr'><strong>ι</strong></span> <span class='ocrx_word' id='word_1_172' title='bbox 413 2374 593 2430; x_wconf 81' lang='lat' dir='ltr'><strong>dixisti</strong></span> <span class='ocrx_word' id='word_1_173' title='bbox 624 2377 758 2431; x_wconf 88' lang='lat' dir='ltr'><strong>nihil</strong></span> <span class='ocrx_word' id='word_1_174' title='bbox 787 2378 956 2447; x_wconf 85' lang='lat' dir='ltr'><strong>magis</strong></span> <span class='ocrx_word' id='word_1_175' title='bbox 990 2377 1269 2444; x_wconf 83' lang='lat' dir='ltr'><strong>laborare,</strong></span> <span class='ocrx_word' id='word_1_176' title='bbox 1300 2393 1459 2449; x_wconf 89' lang='lat' dir='ltr'><strong>quam</strong></span> <span class='ocrx_word' id='word_1_177' title='bbox 1501 2384 1561 2435; x_wconf 87' lang='lat' dir='ltr'><strong>ut</strong></span> <span class='ocrx_word' id='word_1_178' title='bbox 1598 2395 1706 2435; x_wconf 91' lang='lat' dir='ltr'><strong>non</strong></span> <span class='ocrx_word' id='word_1_179' title='bbox 1748 2382 1945 2436; x_wconf 88' lang='lat' dir='ltr'><strong>intelli-</strong></span> 
     </span>
    </p>
   </div>
   <div class='ocr_carea' id='block_1_24' title="bbox 353 2471 1943 2542">
    <p class='ocr_par' dir='ltr' id='par_1_24' title="bbox 353 2471 1943 2542">
     <span class='ocr_line' id='line_1_24' title="bbox 353 2471 1943 2542; baseline 0.004 -19"><span class='ocrx_word' id='word_1_180' title='bbox 353 2483 474 2539; x_wconf 88' lang='lat' dir='ltr'><strong>gar.</strong></span> <span class='ocrx_word' id='word_1_181' title='bbox 506 2489 526 2522; x_wconf 70' lang='grc' dir='ltr'><strong>ι</strong></span> <span class='ocrx_word' id='word_1_182' title='bbox 562 2472 631 2527; x_wconf 86' lang='grc' dir='ltr'>Ει</span> <span class='ocrx_word' id='word_1_183' title='bbox 668 2471 720 2525; x_wconf 88' lang='lat' dir='ltr'><strong>in</strong></span> <span class='ocrx_word' id='word_1_184' title='bbox 750 2471 1063 2542; x_wconf 84' lang='lat' dir='ltr'><strong>quibusdam</strong></span> <span class='ocrx_word' id='word_1_185' title='bbox 1109 2471 1240 2526; x_wconf 86' lang='lat' dir='ltr'><strong>locis</strong></span> <span class='ocrx_word' id='word_1_186' title='bbox 1280 2487 1471 2529; x_wconf 82' lang='lat' dir='ltr'><strong>sensus</strong></span> <span class='ocrx_word' id='word_1_187' title='bbox 1508 2488 1658 2529; x_wconf 87' lang='lat' dir='ltr'><strong>meos</strong></span> <span class='ocrx_word' id='word_1_188' title='bbox 1695 2472 1761 2528; x_wconf 88' lang='lat' dir='ltr'><strong>ad</strong></span> <span class='ocrx_word' id='word_1_189' title='bbox 1795 2482 1943 2529; x_wconf 87' lang='lat' dir='ltr'><strong>tuum</strong></span> 
     </span>
    </p>
   </div>
   <div class='ocr_carea' id='block_1_25' title="bbox 355 2560 1945 2631">
    <p class='ocr_par' dir='ltr' id='par_1_25' title="bbox 355 2560 1945 2631">
     <span class='ocr_line' id='line_1_25' title="bbox 355 2560 1945 2631; baseline 0.004 -18"><span class='ocrx_word' id='word_1_190' title='bbox 355 2560 535 2627; x_wconf 87' lang='lat' dir='ltr'><strong>potius</strong></span> <span class='ocrx_word' id='word_1_191' title='bbox 590 2562 957 2631; x_wconf 87' lang='lat' dir='ltr'><strong>interpretaris</strong></span> <span class='ocrx_word' id='word_1_192' title='bbox 997 2561 1304 2629; x_wconf 83' lang='lat' dir='ltr'><strong>arbitrium,</strong></span> <span class='ocrx_word' id='word_1_193' title='bbox 1342 2563 1568 2620; x_wconf 80' lang='lat' dir='ltr'><strong>abutens</strong></span> <span class='ocrx_word' id='word_1_194' title='bbox 1604 2565 1945 2620; x_wconf 87' lang='lat' dir='ltr'><strong>tardiuscufis</strong></span> 
     </span>
    </p>
   </div>
   <div class='ocr_carea' id='block_1_26' title="bbox 354 2651 1939 2726">
    <p class='ocr_par' dir='ltr' id='par_1_26' title="bbox 354 2651 1939 2726">
     <span class='ocr_line' id='line_1_26' title="bbox 354 2651 1939 2726; baseline 0.005 -21"><span class='ocrx_word' id='word_1_195' title='bbox 354 2651 612 2708; x_wconf 86' lang='lat' dir='ltr'><strong>cordibus</strong></span> <span class='ocrx_word' id='word_1_196' title='bbox 638 2654 910 2708; x_wconf 84' lang='lat' dir='ltr'><strong>hominum</strong></span> <span class='ocrx_word' id='word_1_197' title='bbox 931 2695 948 2721; x_wconf 92' lang='lat'><strong>,</strong></span> <span class='ocrx_word' id='word_1_198' title='bbox 978 2654 1070 2725; x_wconf 88' lang='lat' dir='ltr'><strong>qui</strong></span> <span class='ocrx_word' id='word_1_199' title='bbox 1097 2664 1148 2709; x_wconf 90' lang='lat' dir='ltr'><strong>te</strong></span> <span class='ocrx_word' id='word_1_200' title='bbox 1176 2670 1282 2709; x_wconf 91' lang='lat' dir='ltr'><strong>non</strong></span> <span class='ocrx_word' id='word_1_201' title='bbox 1315 2654 1611 2725; x_wconf 82' lang='lat' dir='ltr'><strong>intelligunt</strong></span> <span class='ocrx_word' id='word_1_202' title='bbox 1642 2665 1818 2712; x_wconf 83' lang='lat' dir='ltr'><strong>tacere</strong></span> <span class='ocrx_word' id='word_1_203' title='bbox 1842 2671 1939 2726; x_wconf 54' lang='lat' dir='ltr'><strong>po.</strong></span> 
     </span>
    </p>
   </div>
   <div class='ocr_carea' id='block_1_27' title="bbox 355 2743 1946 2816">
    <p class='ocr_par' dir='ltr' id='par_1_27' title="bbox 355 2743 1946 2816">
     <span class='ocr_line' id='line_1_27' title="bbox 355 2743 1946 2816; baseline 0.003 -20"><span class='ocrx_word' id='word_1_204' title='bbox 355 2743 463 2796; x_wconf 90' lang='lat' dir='ltr'><strong>tius</strong></span> <span class='ocrx_word' id='word_1_205' title='bbox 485 2744 742 2809; x_wconf 87' lang='lat' dir='ltr'><strong>noluisse,</strong></span> <span class='ocrx_word' id='word_1_206' title='bbox 768 2759 925 2814; x_wconf 88' lang='lat' dir='ltr'><strong>quam</strong></span> <span class='ocrx_word' id='word_1_207' title='bbox 945 2744 1272 2815; x_wconf 81' lang='lat' dir='ltr'><strong>respondere</strong></span> <span class='ocrx_word' id='word_1_208' title='bbox 1293 2745 1526 2814; x_wconf 90' lang='lat' dir='ltr'><strong>potuisse</strong></span> <span class='ocrx_word' id='word_1_209' title='bbox 1547 2746 1635 2800; x_wconf 91' lang='lat' dir='ltr'><strong>uni</strong></span> <span class='ocrx_word' id='word_1_210' title='bbox 1658 2760 1799 2813; x_wconf 92' lang='lat' dir='ltr'><strong>meo,</strong></span> <span class='ocrx_word' id='word_1_211' title='bbox 1821 2760 1946 2816; x_wconf 82' lang='lat' dir='ltr'><strong>qua-</strong></span> 
     </span>
    </p>
   </div>
   <div class='ocr_carea' id='block_1_28' title="bbox 354 2835 1942 2907">
    <p class='ocr_par' dir='ltr' id='par_1_28' title="bbox 354 2835 1942 2907">
     <span class='ocr_line' id='line_1_28' title="bbox 354 2835 1942 2907; baseline 0.003 -17"><span class='ocrx_word' id='word_1_212' title='bbox 354 2846 478 2891; x_wconf 88' lang='lat' dir='ltr'><strong>tuor</strong></span> <span class='ocrx_word' id='word_1_213' title='bbox 495 2837 853 2893; x_wconf 80' lang='lat' dir='ltr'><strong>voluminibus</strong></span> <span class='ocrx_word' id='word_1_214' title='bbox 874 2837 995 2892; x_wconf 87' lang='lat' dir='ltr'><strong>tuis.</strong></span> <span class='ocrx_word' id='word_1_215' title='bbox 1027 2838 1163 2892; x_wconf 87' lang='lat' dir='ltr'><strong>Ecce</strong></span> <span class='ocrx_word' id='word_1_216' title='bbox 1183 2835 1351 2892; x_wconf 88' lang='lat' dir='ltr'><strong>fundit</strong></span> <span class='ocrx_word' id='word_1_217' title='bbox 1377 2837 1693 2907; x_wconf 66' lang='lat' dir='ltr'><strong>eloquentiae</strong></span> <span class='ocrx_word' id='word_1_218' title='bbox 1708 2837 1942 2894; x_wconf 89' lang='lat' dir='ltr'><strong>lucidum</strong></span> 
     </span>
    </p>
   </div>
   <div class='ocr_carea' id='block_1_29' title="bbox 352 2925 1941 2996">
    <p class='ocr_par' dir='ltr' id='par_1_29' title="bbox 352 2925 1941 2996">
     <span class='ocr_line' id='line_1_29' title="bbox 352 2925 1941 2996; baseline 0.003 -16"><span class='ocrx_word' id='word_1_219' title='bbox 352 2940 418 2981; x_wconf 80' lang='lat' dir='ltr'><strong>ac</strong></span> <span class='ocrx_word' id='word_1_220' title='bbox 446 2927 784 2996; x_wconf 85' lang='lat' dir='ltr'><strong>perspicuum</strong></span> <span class='ocrx_word' id='word_1_221' title='bbox 832 2925 1029 2982; x_wconf 85' lang='lat' dir='ltr'><strong>flumen</strong></span> <span class='ocrx_word' id='word_1_222' title='bbox 1074 2927 1427 2983; x_wconf 82' lang='lat' dir='ltr'><strong>Ambrosius:</strong></span> <span class='ocrx_word' id='word_1_223' title='bbox 1459 2943 1569 2983; x_wconf 85' lang='lat' dir='ltr'><strong>non</strong></span> <span class='ocrx_word' id='word_1_224' title='bbox 1601 2937 1685 2984; x_wconf 90' lang='lat' dir='ltr'><strong>est</strong></span> <span class='ocrx_word' id='word_1_225' title='bbox 1710 2929 1800 2984; x_wconf 91' lang='lat' dir='ltr'><strong>ubi</strong></span> <span class='ocrx_word' id='word_1_226' title='bbox 1827 2929 1941 2985; x_wconf 68' lang='lat' dir='ltr'><strong>hai-</strong></span> 
     </span>
    </p>
   </div>
   <div class='ocr_carea' id='block_1_30' title="bbox 354 3018 1944 3090">
    <p class='ocr_par' dir='ltr' id='par_1_30' title="bbox 354 3018 1944 3090">
     <span class='ocr_line' id='line_1_30' title="bbox 354 3018 1944 3090; baseline 0.004 -18"><span class='ocrx_word' id='word_1_227' title='bbox 354 3027 473 3074; x_wconf 87' lang='lat' dir='ltr'><strong>reat</strong></span> <span class='ocrx_word' id='word_1_228' title='bbox 497 3019 686 3078; x_wconf 90' lang='lat' dir='ltr'><strong>lector.</strong></span> <span class='ocrx_word' id='word_1_229' title='bbox 715 3018 804 3074; x_wconf 91' lang='lat' dir='ltr'><strong>ubi</strong></span> <span class='ocrx_word' id='word_1_230' title='bbox 842 3019 1034 3090; x_wconf 83' lang='lat' dir='ltr'><strong>caliget</strong></span> <span class='ocrx_word' id='word_1_231' title='bbox 1076 3018 1308 3074; x_wconf 84' lang='lat' dir='ltr'><strong>auditor.</strong></span> <span class='ocrx_word' id='word_1_232' title='bbox 1347 3019 1779 3077; x_wconf 82' lang='lat' dir='ltr'><strong>Manifestissime</strong></span> <span class='ocrx_word' id='word_1_233' title='bbox 1814 3023 1944 3079; x_wconf 85' lang='lat' dir='ltr'><strong>dicit</strong></span> 
     </span>
    </p>
   </div>
   <div class='ocr_carea' id='block_1_31' title="bbox 354 3108 1944 3185">
    <p class='ocr_par' dir='ltr' id='par_1_31' title="bbox 354 3108 1944 3185">
     <span class='ocr_line' id='line_1_31' title="bbox 354 3108 1944 3185; baseline 0.003 -21"><span class='ocrx_word' id='word_1_234' title='bbox 354 3109 671 3179; x_wconf 83' lang='lat' dir='ltr'><strong>Apostolum</strong></span> <span class='ocrx_word' id='word_1_235' title='bbox 704 3109 822 3164; x_wconf 88' lang='lat' dir='ltr'><strong>ideo</strong></span> <span class='ocrx_word' id='word_1_236' title='bbox 847 3108 1075 3176; x_wconf 79' lang='lat' dir='ltr'><strong>dixisse,</strong></span> <span class='ocrx_word' id='word_1_237' title='bbox 1101 3109 1230 3177; x_wconf 79' lang='lat' dir='ltr'><strong>Quis</strong></span> <span class='ocrx_word' id='word_1_238' title='bbox 1269 3126 1350 3164; x_wconf 90' lang='lat' dir='ltr'><strong>me</strong></span> <span class='ocrx_word' id='word_1_239' title='bbox 1377 3110 1603 3165; x_wconf 77' lang='lat' dir='ltr'><strong>liberabit</strong></span> <span class='ocrx_word' id='word_1_240' title='bbox 1628 3112 1693 3165; x_wconf 82' lang='lat' dir='ltr'><strong>de</strong></span> <span class='ocrx_word' id='word_1_241' title='bbox 1733 3128 1944 3185; x_wconf 79' lang='lat' dir='ltr'><strong>corpore</strong></span> 
     </span>
    </p>
   </div>
   <div class='ocr_carea' id='block_1_32' title="bbox 353 3190 1944 3270">
    <p class='ocr_par' dir='ltr' id='par_1_32' title="bbox 353 3190 1944 3270">
     <span class='ocr_line' id='line_1_32' title="bbox 353 3190 1944 3270; baseline 0.003 -17"><span class='ocrx_word' id='word_1_242' title='bbox 353 3200 533 3253; x_wconf 66' lang='lat' dir='ltr'><strong>mortis</strong></span> <span class='ocrx_word' id='word_1_243' title='bbox 559 3199 753 3269; x_wconf 78' lang='lat' dir='ltr'><strong>hujus?</strong></span> <span class='ocrx_word' id='word_1_244' title='bbox 778 3200 900 3270; x_wconf 87' lang='lat' dir='ltr'><strong>quia</strong></span> <span class='ocrx_word' id='word_1_245' title='bbox 940 3213 1129 3254; x_wconf 89' lang='lat' dir='ltr'><strong>omnes</strong></span> <span class='ocrx_word' id='word_1_246' title='bbox 1160 3190 1272 3255; x_wconf 42' lang='lat' dir='ltr'><strong>‘sub</strong></span> <span class='ocrx_word' id='word_1_247' title='bbox 1315 3209 1533 3269; x_wconf 86' lang='lat' dir='ltr'><strong>peccato</strong></span> <span class='ocrx_word' id='word_1_248' title='bbox 1572 3203 1860 3267; x_wconf 83' lang='lat' dir='ltr'><strong>nascimur,</strong></span> <span class='ocrx_word' id='word_1_249' title='bbox 1889 3210 1944 3260; x_wconf 84' lang='lat' dir='ltr'><strong>et</strong></span> 
     </span>
    </p>
   </div>
   <div class='ocr_carea' id='block_1_33' title="bbox 354 3290 1939 3360">
    <p class='ocr_par' dir='ltr' id='par_1_33' title="bbox 354 3290 1939 3360">
     <span class='ocr_line' id='line_1_33' title="bbox 354 3290 1939 3360; baseline 0.004 -14"><span class='ocrx_word' id='word_1_250' title='bbox 354 3291 471 3360; x_wconf 87' lang='lat' dir='ltr'><strong>ipse</strong></span> <span class='ocrx_word' id='word_1_251' title='bbox 490 3298 643 3346; x_wconf 87' lang='lat' dir='ltr'><strong>ortus</strong></span> <span class='ocrx_word' id='word_1_252' title='bbox 672 3290 725 3345; x_wconf 93' lang='lat' dir='ltr'><strong>in</strong></span> <span class='ocrx_word' id='word_1_253' title='bbox 750 3292 880 3346; x_wconf 90' lang='lat' dir='ltr'><strong>vitio</strong></span> <span class='ocrx_word' id='word_1_254' title='bbox 903 3301 1005 3347; x_wconf 88' lang='lat' dir='ltr'><strong>est.</strong></span> <span class='ocrx_word' id='word_1_255' title='bbox 1033 3290 1459 3348; x_wconf 77' lang='lat' dir='ltr'><strong>Mauifestissime</strong></span> <span class='ocrx_word' id='word_1_256' title='bbox 1481 3294 1628 3360; x_wconf 88' lang='lat' dir='ltr'><strong>dicit,</strong></span> <span class='ocrx_word' id='word_1_257' title='bbox 1661 3295 1939 3351; x_wconf 88' lang='lat' dir='ltr'><strong>Dominum</strong></span> 
     </span>
    </p>
   </div>
   <div class='ocr_carea' id='block_1_34' title="bbox 353 3380 1942 3452">
    <p class='ocr_par' dir='ltr' id='par_1_34' title="bbox 353 3380 1942 3452">
     <span class='ocr_line' id='line_1_34' title="bbox 353 3380 1942 3452; baseline 0.003 -17"><span class='ocrx_word' id='word_1_258' title='bbox 353 3380 625 3435; x_wconf 79' lang='lat' dir='ltr'><strong>Christum</strong></span> <span class='ocrx_word' id='word_1_259' title='bbox 655 3390 933 3450; x_wconf 86' lang='lat' dir='ltr'><strong>propterea</strong></span> <span class='ocrx_word' id='word_1_260' title='bbox 981 3380 1144 3437; x_wconf 90' lang='lat' dir='ltr'><strong>fuisse</strong></span> <span class='ocrx_word' id='word_1_261' title='bbox 1183 3382 1300 3436; x_wconf 87' lang='lat' dir='ltr'><strong>sine</strong></span> <span class='ocrx_word' id='word_1_262' title='bbox 1331 3391 1582 3452; x_wconf 80' lang='lat' dir='ltr'><strong>peccato,</strong></span> <span class='ocrx_word' id='word_1_263' title='bbox 1610 3385 1752 3452; x_wconf 77' lang='lat' dir='ltr'><strong>quod</strong></span> <span class='ocrx_word' id='word_1_264' title='bbox 1784 3396 1942 3440; x_wconf 89' lang='lat' dir='ltr'><strong>natus</strong></span> 
     </span>
    </p>
   </div>
   <div class='ocr_carea' id='block_1_35' title="bbox 353 3471 1941 3545">
    <p class='ocr_par' dir='ltr' id='par_1_35' title="bbox 353 3471 1941 3545">
     <span class='ocr_line' id='line_1_35' title="bbox 353 3471 1941 3545; baseline 0.004 -18"><span class='ocrx_word' id='word_1_265' title='bbox 353 3487 422 3527; x_wconf 90' lang='lat' dir='ltr'><strong>ex</strong></span> <span class='ocrx_word' id='word_1_266' title='bbox 448 3471 655 3542; x_wconf 81' lang='lat' dir='ltr'><strong>virgine</strong></span> <span class='ocrx_word' id='word_1_267' title='bbox 692 3472 917 3526; x_wconf 87' lang='lat' dir='ltr'><strong>vinculis</strong></span> <span class='ocrx_word' id='word_1_268' title='bbox 955 3471 1200 3527; x_wconf 65' lang='lat' dir='ltr'><strong>obnoxiae</strong></span> <span class='ocrx_word' id='word_1_269' title='bbox 1237 3473 1599 3542; x_wconf 78' lang='lat' dir='ltr'><strong>generationis</strong></span> <span class='ocrx_word' id='word_1_270' title='bbox 1633 3486 1941 3545; x_wconf 71' lang='lat' dir='ltr'><strong>natumque</strong></span> 
     </span>
    </p>
   </div>
   <div class='ocr_carea' id='block_1_36' title="bbox 351 3559 1940 3635">
    <p class='ocr_par' dir='ltr' id='par_1_36' title="bbox 351 3559 1940 3635">
     <span class='ocr_line' id='line_1_36' title="bbox 351 3559 1940 3635; baseline 0.004 -21"><span class='ocrx_word' id='word_1_271' title='bbox 351 3559 656 3615; x_wconf 82' lang='lat' dir='ltr'><strong>communis</strong></span> <span class='ocrx_word' id='word_1_272' title='bbox 685 3561 902 3615; x_wconf 88' lang='lat' dir='ltr'><strong>minime</strong></span> <span class='ocrx_word' id='word_1_273' title='bbox 936 3569 1227 3625; x_wconf 75' lang='lat' dir='ltr'><strong>teneretur,</strong></span> <span class='ocrx_word' id='word_1_274' title='bbox 1269 3571 1324 3616; x_wconf 90' lang='lat' dir='ltr'><strong>et</strong></span> <span class='ocrx_word' id='word_1_275' title='bbox 1356 3562 1638 3618; x_wconf 89' lang='lat' dir='ltr'><strong>damnasse</strong></span> <span class='ocrx_word' id='word_1_276' title='bbox 1665 3574 1940 3635; x_wconf 87' lang='lat' dir='ltr'><strong>peccatum</strong></span> 
     </span>
    </p>
   </div>
   <div class='ocr_carea' id='block_1_37' title="bbox 352 3651 1940 3725">
    <p class='ocr_par' dir='ltr' id='par_1_37' title="bbox 352 3651 1940 3725">
     <span class='ocr_line' id='line_1_37' title="bbox 352 3651 1940 3725; baseline 0.004 -21"><span class='ocrx_word' id='word_1_277' title='bbox 352 3651 497 3721; x_wconf 89' lang='lat' dir='ltr'><strong>quod</strong></span> <span class='ocrx_word' id='word_1_278' title='bbox 529 3651 797 3706; x_wconf 86' lang='lat' dir='ltr'><strong>nascendo</strong></span> <span class='ocrx_word' id='word_1_279' title='bbox 834 3665 939 3705; x_wconf 90' lang='lat' dir='ltr'><strong>non</strong></span> <span class='ocrx_word' id='word_1_280' title='bbox 983 3653 1172 3706; x_wconf 88' lang='lat' dir='ltr'><strong>sensit.</strong></span> <span class='ocrx_word' id='word_1_281' title='bbox 1205 3652 1556 3721; x_wconf 90' lang='lat' dir='ltr'><strong>Apertissime</strong></span> <span class='ocrx_word' id='word_1_282' title='bbox 1593 3654 1752 3720; x_wconf 92' lang='lat' dir='ltr'><strong>dicit,</strong></span> <span class='ocrx_word' id='word_1_283' title='bbox 1797 3656 1940 3725; x_wconf 91' lang='lat' dir='ltr'><strong>quod</strong></span> 
     </span>
    </p>
   </div>
   <div class='ocr_carea' id='block_1_38' title="bbox 352 3743 1939 3818">
    <p class='ocr_par' dir='ltr' id='par_1_38' title="bbox 352 3743 1939 3818">
     <span class='ocr_line' id='line_1_38' title="bbox 352 3743 1939 3818; baseline 0.004 -21"><span class='ocrx_word' id='word_1_284' title='bbox 352 3743 619 3798; x_wconf 83' lang='lat' dir='ltr'><strong>dissensio</strong></span> <span class='ocrx_word' id='word_1_285' title='bbox 642 3744 818 3798; x_wconf 89' lang='lat' dir='ltr'><strong>carnis</strong></span> <span class='ocrx_word' id='word_1_286' title='bbox 841 3750 899 3798; x_wconf 84' lang='lat' dir='ltr'><strong>et</strong></span> <span class='ocrx_word' id='word_1_287' title='bbox 924 3744 1115 3798; x_wconf 72' lang='lat' dir='ltr'><strong>anima:</strong></span> <span class='ocrx_word' id='word_1_288' title='bbox 1145 3759 1241 3813; x_wconf 90' lang='lat' dir='ltr'><strong>per</strong></span> <span class='ocrx_word' id='word_1_289' title='bbox 1265 3745 1755 3813; x_wconf 59' lang='lat' dir='ltr'><strong>praevaricationem</strong></span> <span class='ocrx_word' id='word_1_290' title='bbox 1781 3748 1939 3818; x_wconf 88' lang='lat' dir='ltr'><strong>primi</strong></span> 
     </span>
    </p>
   </div>
   <div class='ocr_carea' id='block_1_39' title="bbox 354 3831 1944 3904">
    <p class='ocr_par' dir='ltr' id='par_1_39' title="bbox 354 3831 1944 3904">
     <span class='ocr_line' id='line_1_39' title="bbox 354 3831 1944 3904; baseline 0.006 -18"><span class='ocrx_word' id='word_1_291' title='bbox 354 3833 585 3887; x_wconf 85' lang='lat' dir='ltr'><strong>hominis</strong></span> <span class='ocrx_word' id='word_1_292' title='bbox 616 3831 668 3886; x_wconf 91' lang='lat' dir='ltr'><strong>in</strong></span> <span class='ocrx_word' id='word_1_293' title='bbox 710 3841 949 3887; x_wconf 87' lang='lat' dir='ltr'><strong>naturam</strong></span> <span class='ocrx_word' id='word_1_294' title='bbox 978 3834 1213 3888; x_wconf 90' lang='lat' dir='ltr'><strong>verterit.</strong></span> <span class='ocrx_word' id='word_1_295' title='bbox 1237 3835 1584 3904; x_wconf 88' lang='lat' dir='ltr'><strong>Apertissime</strong></span> <span class='ocrx_word' id='word_1_296' title='bbox 1611 3837 1773 3904; x_wconf 90' lang='lat' dir='ltr'><strong>dicit,</strong></span> <span class='ocrx_word' id='word_1_297' title='bbox 1822 3854 1944 3895; x_wconf 62' lang='lat' dir='ltr'><strong>carb</strong></span> 
     </span>
    </p>
   </div>
   <div class='ocr_carea' id='block_1_40' title="bbox 354 3923 1939 4000">
    <p class='ocr_par' dir='ltr' id='par_1_40' title="bbox 354 3923 1939 4000">
     <span class='ocr_line' id='line_1_40' title="bbox 354 3923 1939 4000; baseline 0.006 -22"><span class='ocrx_word' id='word_1_298' title='bbox 354 3939 477 3978; x_wconf 91' lang='lat' dir='ltr'><strong>nem</strong></span> <span class='ocrx_word' id='word_1_299' title='bbox 516 3923 794 3978; x_wconf 88' lang='lat' dir='ltr'><strong>libidinum</strong></span> <span class='ocrx_word' id='word_1_300' title='bbox 826 3925 1160 3980; x_wconf 84' lang='lat' dir='ltr'><strong>volutabrum</strong></span> <span class='ocrx_word' id='word_1_301' title='bbox 1190 3925 1651 4000; x_wconf 86' lang='lat' dir='ltr'><strong>diversoriumque</strong></span> <span class='ocrx_word' id='word_1_302' title='bbox 1691 3930 1939 3988; x_wconf 89' lang='lat' dir='ltr'><strong>vitiorum</strong></span> 
     </span>
    </p>
   </div>
   <div class='ocr_carea' id='block_1_41' title="bbox 354 4015 1936 4095">
    <p class='ocr_par' dir='ltr' id='par_1_41' title="bbox 354 4015 1936 4095">
     <span class='ocr_line' id='line_1_41' title="bbox 354 4015 1936 4095; baseline 0.006 -25"><span class='ocrx_word' id='word_1_303' title='bbox 354 4025 483 4070; x_wconf 90' lang='lat' dir='ltr'><strong>tunc</strong></span> <span class='ocrx_word' id='word_1_304' title='bbox 505 4015 528 4047; x_wconf 71' lang='grc'>⁸</span> <span class='ocrx_word' id='word_1_305' title='bbox 553 4016 745 4071; x_wconf 89' lang='lat' dir='ltr'><strong>mutari</strong></span> <span class='ocrx_word' id='word_1_306' title='bbox 771 4016 823 4070; x_wconf 92' lang='lat' dir='ltr'><strong>in</strong></span> <span class='ocrx_word' id='word_1_307' title='bbox 844 4015 940 4074; x_wconf 89' lang='lat' dir='ltr'><strong>Dei</strong></span> <span class='ocrx_word' id='word_1_308' title='bbox 965 4018 1219 4087; x_wconf 89' lang='lat' dir='ltr'><strong>templum</strong></span> <span class='ocrx_word' id='word_1_309' title='bbox 1240 4020 1639 4092; x_wconf 86' lang='lat' dir='ltr'><strong>sacrariumque</strong></span> <span class='ocrx_word' id='word_1_310' title='bbox 1660 4023 1936 4095; x_wconf 89' lang='lat' dir='ltr'><strong>virtutum,</strong></span> 
     </span>
    </p>
   </div>
   <div class='ocr_carea' id='block_1_42' title="bbox 351 4108 1936 4184">
    <p class='ocr_par' dir='ltr' id='par_1_42' title="bbox 351 4108 1936 4184">
     <span class='ocr_line' id='line_1_42' title="bbox 351 4108 1936 4184; baseline 0.01 -29"><span class='ocrx_word' id='word_1_311' title='bbox 351 4122 475 4160; x_wconf 67' lang='lat' dir='ltr'><strong>cum</strong></span> <span class='ocrx_word' id='word_1_312' title='bbox 504 4108 555 4161; x_wconf 92' lang='lat' dir='ltr'><strong>in</strong></span> <span class='ocrx_word' id='word_1_313' title='bbox 580 4117 820 4161; x_wconf 87' lang='lat' dir='ltr'><strong>naturam</strong></span> <span class='ocrx_word' id='word_1_314' title='bbox 838 4122 1082 4177; x_wconf 87' lang='lat' dir='ltr'><strong>regressa</strong></span> <span class='ocrx_word' id='word_1_315' title='bbox 1105 4109 1298 4178; x_wconf 78' lang='lat' dir='ltr'><strong>vigoris</strong></span> <span class='ocrx_word' id='word_1_316' title='bbox 1317 4112 1397 4165; x_wconf 91' lang='lat' dir='ltr'><strong>sui</strong></span> <span class='ocrx_word' id='word_1_317' title='bbox 1415 4113 1656 4182; x_wconf 76' lang='lat' dir='ltr'><strong>agnoscit</strong></span> <span class='ocrx_word' id='word_1_318' title='bbox 1673 4115 1936 4184; x_wconf 86' lang='lat' dir='ltr'><strong>altricem,</strong></span> 
     </span>
    </p>
   </div>
   <div class='ocr_carea' id='block_1_43' title="bbox 352 4197 1939 4267">
    <p class='ocr_par' dir='ltr' id='par_1_43' title="bbox 352 4197 1939 4267">
     <span class='ocr_line' id='line_1_43' title="bbox 352 4197 1939 4267; baseline 0.009 -18"><span class='ocrx_word' id='word_1_319' title='bbox 352 4207 514 4265; x_wconf 82' lang='lat' dir='ltr'><strong>atque</strong></span> <span class='ocrx_word' id='word_1_320' title='bbox 539 4212 670 4251; x_wconf 84' lang='lat' dir='ltr'><strong>ausu</strong></span> <span class='ocrx_word' id='word_1_321' title='bbox 696 4197 937 4267; x_wconf 88' lang='lat' dir='ltr'><strong>deposito</strong></span> <span class='ocrx_word' id='word_1_322' title='bbox 980 4201 1353 4267; x_wconf 84' lang='lat' dir='ltr'><strong>contumaciae,</strong></span> <span class='ocrx_word' id='word_1_323' title='bbox 1387 4202 1714 4260; x_wconf 88' lang='lat' dir='ltr'><strong>moderantis</strong></span> <span class='ocrx_word' id='word_1_324' title='bbox 1746 4207 1939 4263; x_wconf 72' lang='lat' dir='ltr'><strong>animai</strong></span> 
     </span>
    </p>
   </div>
   <div class='ocr_carea' id='block_1_44' title="bbox 352 4287 1935 4368">
    <p class='ocr_par' dir='ltr' id='par_1_44' title="bbox 352 4287 1935 4368">
     <span class='ocr_line' id='line_1_44' title="bbox 352 4287 1935 4368; baseline 0.008 -28"><span class='ocrx_word' id='word_1_325' title='bbox 352 4289 671 4357; x_wconf 85' lang='lat' dir='ltr'><strong>conjugatur</strong></span> <span class='ocrx_word' id='word_1_326' title='bbox 700 4287 921 4342; x_wconf 88' lang='lat' dir='ltr'><strong>arbitrio</strong></span> <span class='ocrx_word' id='word_1_327' title='bbox 945 4307 957 4341; x_wconf 89' lang='lat'><strong>:</strong></span> <span class='ocrx_word' id='word_1_328' title='bbox 988 4290 1162 4359; x_wconf 82' lang='lat' dir='ltr'><strong>qualis</strong></span> <span class='ocrx_word' id='word_1_329' title='bbox 1190 4290 1285 4344; x_wconf 86' lang='lat' dir='ltr'><strong>fuit</strong></span> <span class='ocrx_word' id='word_1_330' title='bbox 1310 4307 1431 4346; x_wconf 84' lang='lat' dir='ltr'><strong>cum</strong></span> <span class='ocrx_word' id='word_1_331' title='bbox 1473 4293 1813 4352; x_wconf 89' lang='lat' dir='ltr'><strong>inhabitanda</strong></span> <span class='ocrx_word' id='word_1_332' title='bbox 1839 4313 1935 4368; x_wconf 89' lang='lat' dir='ltr'><strong>pa-</strong></span> 
     </span>
    </p>
   </div>
   <div class='ocr_carea' id='block_1_45' title="bbox 351 4376 1941 4457">
    <p class='ocr_par' dir='ltr' id='par_1_45' title="bbox 351 4376 1941 4457">
     <span class='ocr_line' id='line_1_45' title="bbox 351 4376 1941 4457; baseline 0.008 -26"><span class='ocrx_word' id='word_1_333' title='bbox 351 4376 517 4431; x_wconf 84' lang='lat' dir='ltr'><strong>radisi</strong></span> <span class='ocrx_word' id='word_1_334' title='bbox 541 4387 749 4432; x_wconf 87' lang='lat' dir='ltr'><strong>secreta</strong></span> <span class='ocrx_word' id='word_1_335' title='bbox 778 4379 1031 4447; x_wconf 89' lang='lat' dir='ltr'><strong>suscepit,</strong></span> <span class='ocrx_word' id='word_1_336' title='bbox 1056 4387 1339 4450; x_wconf 87' lang='lat' dir='ltr'><strong>antequam</strong></span> <span class='ocrx_word' id='word_1_337' title='bbox 1369 4391 1514 4437; x_wconf 89' lang='lat' dir='ltr'><strong>esset</strong></span> <span class='ocrx_word' id='word_1_338' title='bbox 1542 4398 1750 4441; x_wconf 86' lang='lat' dir='ltr'><strong>veneno</strong></span> <span class='ocrx_word' id='word_1_339' title='bbox 1776 4388 1941 4457; x_wconf 85' lang='lat' dir='ltr'><strong>pesti-</strong></span> 
     </span>
    </p>
   </div>
   <div class='ocr_carea' id='block_1_46' title="bbox 351 4466 1937 4548">
    <p class='ocr_par' dir='ltr' id='par_1_46' title="bbox 351 4466 1937 4548">
     <span class='ocr_line' id='line_1_46' title="bbox 351 4466 1937 4548; baseline 0.009 -28"><span class='ocrx_word' id='word_1_340' title='bbox 351 4467 452 4523; x_wconf 86' lang='lat' dir='ltr'><strong>feri</strong></span> <span class='ocrx_word' id='word_1_341' title='bbox 479 4468 743 4537; x_wconf 88' lang='lat' dir='ltr'><strong>serpentis</strong></span> <span class='ocrx_word' id='word_1_342' title='bbox 778 4466 989 4524; x_wconf 88' lang='lat' dir='ltr'><strong>infecta.</strong></span> <span class='ocrx_word' id='word_1_343' title='bbox 1021 4468 1157 4537; x_wconf 87' lang='lat' dir='ltr'><strong>Quid</strong></span> <span class='ocrx_word' id='word_1_344' title='bbox 1189 4468 1366 4526; x_wconf 89' lang='lat' dir='ltr'><strong>adhuc</strong></span> <span class='ocrx_word' id='word_1_345' title='bbox 1392 4472 1651 4529; x_wconf 87' lang='lat' dir='ltr'><strong>adversus</strong></span> <span class='ocrx_word' id='word_1_346' title='bbox 1692 4492 1778 4532; x_wconf 92' lang='lat' dir='ltr'><strong>me</strong></span> <span class='ocrx_word' id='word_1_347' title='bbox 1802 4493 1937 4548; x_wconf 89' lang='lat' dir='ltr'><strong>quos</strong></span> 
     </span>
    </p>
   </div>
   <div class='ocr_carea' id='block_1_47' title="bbox 350 4557 1941 4632">
    <p class='ocr_par' dir='ltr' id='par_1_47' title="bbox 350 4557 1941 4632">
     <span class='ocr_line' id='line_1_47' title="bbox 350 4557 1941 4632; baseline 0.009 -21"><span class='ocrx_word' id='word_1_348' title='bbox 350 4557 521 4612; x_wconf 85' lang='lat' dir='ltr'><strong>libros</strong></span> <span class='ocrx_word' id='word_1_349' title='bbox 546 4558 782 4613; x_wconf 89' lang='lat' dir='ltr'><strong>moliaris</strong></span> <span class='ocrx_word' id='word_1_350' title='bbox 809 4558 852 4623; x_wconf 84' lang='lat'><strong>&#39;,</strong></span> <span class='ocrx_word' id='word_1_351' title='bbox 876 4559 1129 4629; x_wconf 78' lang='lat' dir='ltr'><strong>inquiris?</strong></span> <span class='ocrx_word' id='word_1_352' title='bbox 1157 4561 1305 4616; x_wconf 93' lang='lat' dir='ltr'><strong>lllum</strong></span> <span class='ocrx_word' id='word_1_353' title='bbox 1344 4564 1558 4632; x_wconf 81' lang='lat' dir='ltr'><strong>aspice,</strong></span> <span class='ocrx_word' id='word_1_354' title='bbox 1593 4567 1850 4623; x_wconf 89' lang='lat' dir='ltr'><strong>adversus</strong></span> <span class='ocrx_word' id='word_1_355' title='bbox 1876 4570 1941 4625; x_wconf 90' lang='lat' dir='ltr'><strong>il-</strong></span> 
     </span>
    </p>
   </div>
   <div class='ocr_carea' id='block_1_48' title="bbox 350 4648 1934 4720">
    <p class='ocr_par' dir='ltr' id='par_1_48' title="bbox 350 4648 1934 4720">
     <span class='ocr_line' id='line_1_48' title="bbox 350 4648 1934 4720; baseline 0.008 -18"><span class='ocrx_word' id='word_1_356' title='bbox 350 4648 466 4703; x_wconf 88' lang='lat' dir='ltr'><strong>lum</strong></span> <span class='ocrx_word' id='word_1_357' title='bbox 495 4648 693 4719; x_wconf 88' lang='lat' dir='ltr'><strong>aliquid</strong></span> <span class='ocrx_word' id='word_1_358' title='bbox 731 4649 900 4717; x_wconf 87' lang='lat' dir='ltr'><strong>aude,</strong></span> <span class='ocrx_word' id='word_1_359' title='bbox 931 4653 1019 4720; x_wconf 91' lang='lat' dir='ltr'><strong>qui</strong></span> <span class='ocrx_word' id='word_1_360' title='bbox 1059 4649 1282 4707; x_wconf 62' lang='lat' dir='ltr'><strong>haeresis</strong></span> <span class='ocrx_word' id='word_1_361' title='bbox 1308 4663 1499 4709; x_wconf 68' lang='lat' dir='ltr'><strong>vestra:</strong></span> <span class='ocrx_word' id='word_1_362' title='bbox 1533 4657 1751 4712; x_wconf 85' lang='lat' dir='ltr'><strong>venenis</strong></span> <span class='ocrx_word' id='word_1_363' title='bbox 1779 4668 1934 4716; x_wconf 37' lang='lat' dir='ltr'><strong>antes.</strong></span> 
     </span>
    </p>
   </div>
   <div class='ocr_carea' id='block_1_49' title="bbox 349 4741 1935 4818">
    <p class='ocr_par' dir='ltr' id='par_1_49' title="bbox 349 4741 1935 4818">
     <span class='ocr_line' id='line_1_49' title="bbox 349 4741 1935 4818; baseline 0.006 -24"><span class='ocrx_word' id='word_1_364' title='bbox 349 4755 513 4813; x_wconf 84' lang='lat' dir='ltr'><strong>quam</strong></span> <span class='ocrx_word' id='word_1_365' title='bbox 542 4751 910 4805; x_wconf 81' lang='lat' dir='ltr'><strong>nascerentur,</strong></span> <span class='ocrx_word' id='word_1_366' title='bbox 935 4741 1186 4806; x_wconf 89' lang='lat' dir='ltr'><strong>occurrit,</strong></span> <span class='ocrx_word' id='word_1_367' title='bbox 1217 4752 1273 4798; x_wconf 89' lang='lat' dir='ltr'><strong>et</strong></span> <span class='ocrx_word' id='word_1_368' title='bbox 1293 4743 1436 4799; x_wconf 91' lang='lat' dir='ltr'><strong>unde</strong></span> <span class='ocrx_word' id='word_1_369' title='bbox 1464 4756 1678 4815; x_wconf 84' lang='lat' dir='ltr'><strong>possent</strong></span> <span class='ocrx_word' id='word_1_370' title='bbox 1705 4749 1935 4818; x_wconf 90' lang='lat' dir='ltr'><strong>expelli,</strong></span> 
     </span>
    </p>
   </div>
   <div class='ocr_carea' id='block_1_50' title="bbox 352 4831 1936 4905">
    <p class='ocr_par' dir='ltr' id='par_1_50' title="bbox 352 4831 1936 4905">
     <span class='ocr_line' id='line_1_50' title="bbox 352 4831 1936 4905; baseline 0.005 -19"><span class='ocrx_word' id='word_1_371' title='bbox 352 4831 473 4886; x_wconf 73' lang='lat' dir='ltr'><strong>lucc</strong></span> <span class='ocrx_word' id='word_1_372' title='bbox 492 4832 728 4886; x_wconf 85' lang='lat' dir='ltr'><strong>antidota</strong></span> <span class='ocrx_word' id='word_1_373' title='bbox 757 4832 1098 4903; x_wconf 64' lang='lat' dir='ltr'><strong>praeparavit.</strong></span> <span class='ocrx_word' id='word_1_374' title='bbox 1126 4831 1259 4899; x_wconf 79' lang='lat' dir='ltr'><strong>Qua:</strong></span> <span class='ocrx_word' id='word_1_375' title='bbox 1288 4834 1334 4887; x_wconf 89' lang='lat' dir='ltr'><strong>si</strong></span> <span class='ocrx_word' id='word_1_376' title='bbox 1360 4835 1492 4889; x_wconf 85' lang='lat' dir='ltr'><strong>satis</strong></span> <span class='ocrx_word' id='word_1_377' title='bbox 1518 4851 1625 4891; x_wconf 90' lang='lat' dir='ltr'><strong>non</strong></span> <span class='ocrx_word' id='word_1_378' title='bbox 1649 4847 1806 4905; x_wconf 89' lang='lat' dir='ltr'><strong>sunt,</strong></span> <span class='ocrx_word' id='word_1_379' title='bbox 1835 4839 1936 4894; x_wconf 81' lang='lat' dir='ltr'><strong>ad-</strong></span> 
     </span>
    </p>
   </div>
   <div class='ocr_carea' id='block_1_51' title="bbox 350 4919 626 4976">
    <p class='ocr_par' dir='ltr' id='par_1_51' title="bbox 350 4919 626 4976">
     <span class='ocr_line' id='line_1_51' title="bbox 350 4919 626 4976; baseline 0 -1"><span class='ocrx_word' id='word_1_380' title='bbox 350 4922 460 4976; x_wconf 88' lang='lat' dir='ltr'><strong>huc</strong></span> <span class='ocrx_word' id='word_1_381' title='bbox 480 4919 626 4975; x_wconf 89' lang='lat' dir='ltr'><strong>audi.</strong></span> 
     </span>
    </p>
   </div>
   <div class='ocr_carea' id='block_1_52' title="bbox 425 5011 1937 5080">
    <p class='ocr_par' dir='ltr' id='par_1_52' title="bbox 425 5011 1937 5080">
     <span class='ocr_line' id='line_1_52' title="bbox 425 5011 1937 5080; baseline 0.009 -13"><span class='ocrx_word' id='word_1_382' title='bbox 425 5014 517 5067; x_wconf 71' lang='grc'><strong>12.</strong></span> <span class='ocrx_word' id='word_1_383' title='bbox 546 5011 605 5068; x_wconf 93' lang='lat' dir='ltr'><strong>ln</strong></span> <span class='ocrx_word' id='word_1_384' title='bbox 635 5013 775 5068; x_wconf 90' lang='lat' dir='ltr'><strong>libro</strong></span> <span class='ocrx_word' id='word_1_385' title='bbox 795 5012 865 5068; x_wconf 90' lang='lat' dir='ltr'><strong>de</strong></span> <span class='ocrx_word' id='word_1_386' title='bbox 882 5012 1029 5069; x_wconf 88' lang='lat' dir='ltr'><strong>lsaae</strong></span> <span class='ocrx_word' id='word_1_387' title='bbox 1051 5022 1106 5069; x_wconf 88' lang='lat' dir='ltr'><strong>et</strong></span> <span class='ocrx_word' id='word_1_388' title='bbox 1129 5013 1319 5069; x_wconf 83' lang='lat' dir='ltr'><strong>Anima</strong></span> <span class='ocrx_word' id='word_1_389' title='bbox 1347 5015 1487 5072; x_wconf 89' lang='lat' dir='ltr'><strong>idem</strong></span> <span class='ocrx_word' id='word_1_390' title='bbox 1513 5018 1677 5077; x_wconf 86' lang='lat' dir='ltr'><strong>dicit:</strong></span> <span class='ocrx_word' id='word_1_391' title='bbox 1711 5041 1731 5075; x_wconf 71' lang='grc' dir='ltr'><strong>ι</strong></span> <span class='ocrx_word' id='word_1_392' title='bbox 1759 5022 1937 5080; x_wconf 84' lang='lat' dir='ltr'><strong>Bonus</strong></span> 
     </span>
    </p>
   </div>
   <div class='ocr_carea' id='block_1_53' title="bbox 347 5105 1940 5180">
    <p class='ocr_par' dir='ltr' id='par_1_53' title="bbox 347 5105 1940 5180">
     <span class='ocr_line' id='line_1_53' title="bbox 347 5105 1940 5180; baseline 0.006 -20"><span class='ocrx_word' id='word_1_393' title='bbox 347 5119 483 5174; x_wconf 86' lang='lat' dir='ltr'><strong>ergo</strong></span> <span class='ocrx_word' id='word_1_394' title='bbox 507 5111 684 5159; x_wconf 83' lang='lat' dir='ltr'><strong>rector</strong></span> <span class='ocrx_word' id='word_1_395' title='bbox 713 5105 883 5160; x_wconf 90' lang='lat' dir='ltr'><strong>malos</strong></span> <span class='ocrx_word' id='word_1_396' title='bbox 904 5120 1072 5175; x_wconf 88' lang='lat' dir='ltr'><strong>equus</strong></span> <span class='ocrx_word' id='word_1_397' title='bbox 1098 5107 1369 5178; x_wconf 87' lang='lat' dir='ltr'><strong>restringit</strong></span> <span class='ocrx_word' id='word_1_398' title='bbox 1410 5117 1464 5164; x_wconf 91' lang='lat' dir='ltr'><strong>et</strong></span> <span class='ocrx_word' id='word_1_399' title='bbox 1493 5123 1735 5180; x_wconf 78' lang='lat' dir='ltr'><strong>revocat,</strong></span> <span class='ocrx_word' id='word_1_400' title='bbox 1767 5114 1940 5171; x_wconf 87' lang='lat' dir='ltr'><strong>bonos</strong></span> 
     </span>
    </p>
   </div>
   <div class='ocr_carea' id='block_1_54' title="bbox 342 5194 1939 5276">
    <p class='ocr_par' dir='ltr' id='par_1_54' title="bbox 342 5194 1939 5276">
     <span class='ocr_line' id='line_1_54' title="bbox 342 5194 1939 5276; baseline 0.009 -28"><span class='ocrx_word' id='word_1_401' title='bbox 342 5194 558 5249; x_wconf 86' lang='lat' dir='ltr'><strong>incitat.</strong></span> <span class='ocrx_word' id='word_1_402' title='bbox 586 5194 718 5249; x_wconf 81' lang='lat' dir='ltr'><strong>Boni</strong></span> <span class='ocrx_word' id='word_1_403' title='bbox 739 5208 861 5264; x_wconf 86' lang='lat' dir='ltr'><strong>equi</strong></span> <span class='ocrx_word' id='word_1_404' title='bbox 882 5203 1010 5250; x_wconf 82' lang='lat' dir='ltr'><strong>sunt</strong></span> <span class='ocrx_word' id='word_1_405' title='bbox 1031 5206 1278 5267; x_wconf 85' lang='lat' dir='ltr'><strong>quatuor,</strong></span> <span class='ocrx_word' id='word_1_406' title='bbox 1311 5199 1611 5270; x_wconf 81' lang='lat' dir='ltr'><strong>prudentia,</strong></span> <span class='ocrx_word' id='word_1_407' title='bbox 1638 5214 1939 5276; x_wconf 88' lang='lat' dir='ltr'><strong>temperan-</strong></span> 
     </span>
    </p>
   </div>
   <div class='ocr_carea' id='block_1_55' title="bbox 414 5371 1939 5444">
    <p class='ocr_par' dir='ltr' id='par_1_55' title="bbox 414 5371 1939 5444">
     <span class='ocr_line' id='line_1_55' title="bbox 414 5371 1939 5444; baseline 0.008 -23"><span class='ocrx_word' id='word_1_408' title='bbox 414 5376 449 5444; x_wconf 45' lang='grc' dir='ltr'>ι.</span> <span class='ocrx_word' id='word_1_409' title='bbox 468 5372 610 5434; x_wconf 68' lang='lat' dir='ltr'><strong>aditi,</strong></span> <span class='ocrx_word' id='word_1_410' title='bbox 628 5371 757 5444; x_wconf 66' lang='lat' dir='ltr'><strong>nulla</strong></span> <span class='ocrx_word' id='word_1_411' title='bbox 772 5385 911 5444; x_wconf 64' lang='lat' dir='ltr'><strong>suam.</strong></span> <span class='ocrx_word' id='word_1_412' title='bbox 936 5382 1008 5444; x_wconf 78' lang='lat' dir='ltr'><strong>_Al.</strong></span> <span class='ocrx_word' id='word_1_413' title='bbox 1043 5374 1237 5444; x_wconf 75' lang='lat' dir='ltr'><strong>optima:</strong></span> <span class='ocrx_word' id='word_1_414' title='bbox 1276 5383 1406 5427; x_wconf 72' lang='lat' dir='ltr'><strong>noue</strong></span> <span class='ocrx_word' id='word_1_415' title='bbox 1422 5377 1584 5444; x_wconf 80' lang='lat' dir='ltr'><strong>codex</strong></span> <span class='ocrx_word' id='word_1_416' title='bbox 1608 5379 1939 5444; x_wconf 81' lang='lat' dir='ltr'><strong>Floriaeensis,</strong></span> 
     </span>
    </p>
   </div>
   <div class='ocr_carea' id='block_1_56' title="bbox 347 5433 1478 5501">
    <p class='ocr_par' dir='ltr' id='par_1_56' title="bbox 347 5433 1478 5501">
     <span class='ocr_line' id='line_1_56' title="bbox 347 5433 1478 5501; baseline 0.004 -17"><span class='ocrx_word' id='word_1_417' title='bbox 347 5433 655 5501; x_wconf 58' lang='lat' dir='ltr'><strong>malemale;</strong></span> <span class='ocrx_word' id='word_1_418' title='bbox 680 5434 727 5482; x_wconf 88' lang='lat' dir='ltr'><strong>id</strong></span> <span class='ocrx_word' id='word_1_419' title='bbox 751 5442 842 5501; x_wconf 71' lang='lat' dir='ltr'><strong>est,</strong></span> <span class='ocrx_word' id='word_1_420' title='bbox 867 5442 1055 5501; x_wconf 68' lang='lat' dir='ltr'><strong>naturae</strong></span> <span class='ocrx_word' id='word_1_421' title='bbox 1077 5433 1227 5499; x_wconf 82' lang='lat' dir='ltr'><strong>ipsius</strong></span> <span class='ocrx_word' id='word_1_422' title='bbox 1247 5440 1478 5501; x_wconf 85' lang='lat' dir='ltr'><strong>corporis.</strong></span> 
     </span>
    </p>
   </div>
   <div class='ocr_carea' id='block_1_57' title="bbox 412 5494 1066 5551">
    <p class='ocr_par' dir='ltr' id='par_1_57' title="bbox 412 5494 1066 5551">
     <span class='ocr_line' id='line_1_57' title="bbox 412 5494 1066 5551; baseline 0.002 -7"><span class='ocrx_word' id='word_1_423' title='bbox 412 5498 434 5527; x_wconf 63' lang='grc' dir='ltr'>θ</span> <span class='ocrx_word' id='word_1_424' title='bbox 458 5496 532 5546; x_wconf 83' lang='lat' dir='ltr'><strong>sic</strong></span> <span class='ocrx_word' id='word_1_425' title='bbox 562 5503 667 5544; x_wconf 79' lang='lat' dir='ltr'><strong>Mss.</strong></span> <span class='ocrx_word' id='word_1_426' title='bbox 687 5502 745 5544; x_wconf 80' lang='lat' dir='ltr'><strong>At</strong></span> <span class='ocrx_word' id='word_1_427' title='bbox 763 5495 898 5551; x_wconf 87' lang='lat' dir='ltr'><strong>editi.</strong></span> <span class='ocrx_word' id='word_1_428' title='bbox 922 5494 1066 5547; x_wconf 79' lang='lat' dir='ltr'><strong>virili.</strong></span> 
     </span>
    </p>
   </div>
   <div class='ocr_carea' id='block_1_58' title="bbox 415 5556 1234 5620">
    <p class='ocr_par' dir='ltr' id='par_1_58' title="bbox 415 5556 1234 5620">
     <span class='ocr_line' id='line_1_58' title="bbox 415 5556 1234 5620; baseline 0.007 -17"><span class='ocrx_word' id='word_1_429' title='bbox 415 5557 438 5620; x_wconf 52' lang='grc' dir='ltr'>ξ</span> <span class='ocrx_word' id='word_1_430' title='bbox 467 5566 649 5620; x_wconf 69' lang='lat' dir='ltr'><strong>(nuces</strong></span> <span class='ocrx_word' id='word_1_431' title='bbox 669 5556 777 5607; x_wconf 87' lang='lat' dir='ltr'><strong>fere</strong></span> <span class='ocrx_word' id='word_1_432' title='bbox 800 5566 926 5617; x_wconf 59' lang='lat' dir='ltr'><strong>Mssa,</strong></span> <span class='ocrx_word' id='word_1_433' title='bbox 947 5557 1234 5620; x_wconf 80' lang='lat' dir='ltr'><strong>madefacta.</strong></span> 
     </span>
    </p>
   </div>
   <div class='ocr_carea' id='block_1_59' title="bbox 414 5616 1631 5680">
    <p class='ocr_par' dir='ltr' id='par_1_59' title="bbox 414 5616 1631 5680">
     <span class='ocr_line' id='line_1_59' title="bbox 414 5616 1631 5680; baseline 0.013 -16"><span class='ocrx_word' id='word_1_434' title='bbox 414 5618 432 5680; x_wconf 57' lang='grc' dir='ltr'>ξ</span> <span class='ocrx_word' id='word_1_435' title='bbox 469 5616 605 5680; x_wconf 82' lang='lat' dir='ltr'><strong>Editi,</strong></span> <span class='ocrx_word' id='word_1_436' title='bbox 627 5616 714 5668; x_wconf 76' lang='lat' dir='ltr'><strong>ita.</strong></span> <span class='ocrx_word' id='word_1_437' title='bbox 736 5624 793 5680; x_wconf 73' lang='lat' dir='ltr'><strong>At</strong></span> <span class='ocrx_word' id='word_1_438' title='bbox 809 5624 939 5680; x_wconf 65' lang='lat' dir='ltr'><strong>uss,</strong></span> <span class='ocrx_word' id='word_1_439' title='bbox 959 5616 1099 5669; x_wconf 63' lang='lat' dir='ltr'><strong>tunc:</strong></span> <span class='ocrx_word' id='word_1_440' title='bbox 1265 5679 1273 5680; x_wconf 19' lang='grc' dir='ltr'>ί</span> <span class='ocrx_word' id='word_1_441' title='bbox 1616 5674 1631 5680; x_wconf 82' lang='grc'><strong>-</strong></span> 
     </span>
    </p>
   </div>
   <div class='ocr_carea' id='block_1_60' title="bbox 347 5678 1938 5791">
    <p class='ocr_par' dir='ltr' id='par_1_60' title="bbox 347 5678 1938 5791">
     <span class='ocr_line' id='line_1_60' title="bbox 347 5678 1938 5791; baseline 0.007 -64"><span class='ocrx_word' id='word_1_442' title='bbox 347 5678 672 5791; x_wconf 45' lang='grc' dir='ltr'><em>ὡ</em></span> <span class='ocrx_word' id='word_1_443' title='bbox 703 5678 827 5729; x_wconf 68' lang='lat' dir='ltr'><strong>aditi</strong></span> <span class='ocrx_word' id='word_1_444' title='bbox 858 5692 1011 5739; x_wconf 83' lang='lat' dir='ltr'><strong>vero,</strong></span> <span class='ocrx_word' id='word_1_445' title='bbox 1048 5681 1175 5743; x_wconf 82' lang='lat' dir='ltr'><strong>quod</strong></span> <span class='ocrx_word' id='word_1_446' title='bbox 1207 5679 1439 5734; x_wconf 71' lang='grc' dir='ltr'><strong>θάνεν-ενδ</strong></span> <span class='ocrx_word' id='word_1_447' title='bbox 1477 5678 1793 5737; x_wconf 29' lang='lat' dir='ltr'><strong>utcos‘libroe</strong></span> <span class='ocrx_word' id='word_1_448' title='bbox 1836 5698 1938 5737; x_wconf 69' lang='lat' dir='ltr'><strong>inoo</strong></span> 
     </span>
    </p>
   </div>
   <div class='ocr_carea' id='block_1_61' title="bbox 557 5802 1085 5864">
    <p class='ocr_par' dir='ltr' id='par_1_61' title="bbox 557 5802 1085 5864">
     <span class='ocr_line' id='line_1_61' title="bbox 557 5802 1085 5864; baseline 0.006 -3"><span class='ocrx_word' id='word_1_449' title='bbox 557 5802 831 5863; x_wconf 70' lang='lat' dir='ltr'><strong>I’A&#39;ruon.</strong></span> <span class='ocrx_word' id='word_1_450' title='bbox 865 5804 1085 5864; x_wconf 82' lang='lat' dir='ltr'><strong>XLIV.</strong></span> 
     </span>
    </p>
   </div>
   <div class='ocr_carea' id='block_1_62' title="bbox 1668 328 2283 386">
    <p class='ocr_par' dir='ltr' id='par_1_62' title="bbox 1668 328 2283 386">
     <span class='ocr_line' id='line_1_62' title="bbox 1668 328 2283 386; baseline -0.005 -2"><span class='ocrx_word' id='word_1_451' title='bbox 1668 329 1867 384; x_wconf 78' lang='lat' dir='ltr'>LIBER</span> <span class='ocrx_word' id='word_1_452' title='bbox 1910 328 2283 386; x_wconf 73' lang='lat' dir='ltr'><strong>SECUNDUS.</strong></span> 
     </span>
    </p>
   </div>
   <div class='ocr_carea' id='block_1_63' title="bbox 3523 339 3631 398">
    <p class='ocr_par' dir='ltr' id='par_1_63' title="bbox 3523 339 3631 398">
     <span class='ocr_line' id='line_1_63' title="bbox 3523 339 3631 398; baseline 0.028 -3"><span class='ocrx_word' id='word_1_453' title='bbox 3523 339 3631 398; x_wconf 71' lang='lat'><strong>682</strong></span> 
     </span>
    </p>
   </div>
   <div class='ocr_carea' id='block_1_64' title="bbox 2051 442 3629 519">
    <p class='ocr_par' dir='ltr' id='par_1_64' title="bbox 2051 442 3629 519">
     <span class='ocr_line' id='line_1_64' title="bbox 2051 442 3629 519; baseline 0.01 -23"><span class='ocrx_word' id='word_1_454' title='bbox 2051 442 2152 508; x_wconf 85' lang='lat' dir='ltr'><strong>tia,</strong></span> <span class='ocrx_word' id='word_1_455' title='bbox 2182 442 2454 511; x_wconf 78' lang='lat' dir='ltr'><strong>fortitudo,</strong></span> <span class='ocrx_word' id='word_1_456' title='bbox 2487 444 2687 514; x_wconf 70' lang='lat' dir='ltr'><strong>jus-tilia</strong></span> <span class='ocrx_word' id='word_1_457' title='bbox 2716 466 2725 498; x_wconf 90' lang='lat'>:</span> <span class='ocrx_word' id='word_1_458' title='bbox 2757 447 2879 502; x_wconf 87' lang='lat' dir='ltr'><strong>mali</strong></span> <span class='ocrx_word' id='word_1_459' title='bbox 2907 451 3063 519; x_wconf 90' lang='lat' dir='ltr'><strong>equi,</strong></span> <span class='ocrx_word' id='word_1_460' title='bbox 3097 452 3397 513; x_wconf 85' lang='lat' dir='ltr'><strong>iracundia.</strong></span> <span class='ocrx_word' id='word_1_461' title='bbox 3425 466 3629 511; x_wconf 81' lang='lat' dir='ltr'><strong>eoncn-</strong></span> 
     </span>
    </p>
   </div>
   <div class='ocr_carea' id='block_1_65' title="bbox 2049 531 3629 614">
    <p class='ocr_par' dir='ltr' id='par_1_65' title="bbox 2049 531 3629 614">
     <span class='ocr_line' id='line_1_65' title="bbox 2049 531 3629 614; baseline 0.009 -29"><span class='ocrx_word' id='word_1_462' title='bbox 2049 531 2335 602; x_wconf 87' lang='lat' dir='ltr'><strong>piscentia,</strong></span> <span class='ocrx_word' id='word_1_463' title='bbox 2378 534 2554 602; x_wconf 86' lang='lat' dir='ltr'><strong>timor,</strong></span> <span class='ocrx_word' id='word_1_464' title='bbox 2592 535 2839 605; x_wconf 90' lang='lat' dir='ltr'><strong>iniquitas</strong></span> <span class='ocrx_word' id='word_1_465' title='bbox 2870 556 2887 589; x_wconf 77' lang='grc' dir='ltr'><strong>ι</strong></span> <span class='ocrx_word' id='word_1_466' title='bbox 2924 537 3075 611; x_wconf 80' lang='lat' dir='ltr'><strong>(Cap.</strong></span> <span class='ocrx_word' id='word_1_467' title='bbox 3108 539 3189 610; x_wconf 91' lang='lat'><strong>8).</strong></span> <span class='ocrx_word' id='word_1_468' title='bbox 3220 540 3483 614; x_wconf 83' lang='lat' dir='ltr'><strong>Numquid</strong></span> <span class='ocrx_word' id='word_1_469' title='bbox 3522 556 3629 612; x_wconf 86' lang='lat' dir='ltr'><strong>ait,</strong></span> 
     </span>
    </p>
   </div>
   <div class='ocr_carea' id='block_1_66' title="bbox 2050 622 3634 699">
    <p class='ocr_par' dir='ltr' id='par_1_66' title="bbox 2050 622 3634 699">
     <span class='ocr_line' id='line_1_66' title="bbox 2050 622 3634 699; baseline 0.009 -23"><span class='ocrx_word' id='word_1_470' title='bbox 2050 622 2231 678; x_wconf 88' lang='lat' dir='ltr'><strong>Bonus</strong></span> <span class='ocrx_word' id='word_1_471' title='bbox 2259 635 2437 679; x_wconf 84' lang='lat' dir='ltr'><strong>rector</strong></span> <span class='ocrx_word' id='word_1_472' title='bbox 2473 625 2642 682; x_wconf 89' lang='lat' dir='ltr'><strong>bonos</strong></span> <span class='ocrx_word' id='word_1_473' title='bbox 2666 643 2834 699; x_wconf 86' lang='lat' dir='ltr'><strong>equos</strong></span> <span class='ocrx_word' id='word_1_474' title='bbox 2863 628 3058 697; x_wconf 85' lang='lat' dir='ltr'><strong>habet,</strong></span> <span class='ocrx_word' id='word_1_475' title='bbox 3102 633 3270 688; x_wconf 87' lang='lat' dir='ltr'><strong>malos</strong></span> <span class='ocrx_word' id='word_1_476' title='bbox 3307 651 3411 689; x_wconf 89' lang='lat' dir='ltr'><strong>non</strong></span> <span class='ocrx_word' id='word_1_477' title='bbox 3441 635 3634 694; x_wconf 75' lang='lat' dir='ltr'><strong>habet?</strong></span> 
     </span>
    </p>
   </div>
   <div class='ocr_carea' id='block_1_67' title="bbox 2050 714 3733 795">
    <p class='ocr_par' dir='ltr' id='par_1_67' title="bbox 2050 714 3733 795">
     <span class='ocr_line' id='line_1_67' title="bbox 2050 714 3733 795; baseline 0.007 -24"><span class='ocrx_word' id='word_1_478' title='bbox 2050 714 2153 771; x_wconf 91' lang='lat' dir='ltr'><strong>Sed</strong></span> <span class='ocrx_word' id='word_1_479' title='bbox 2176 718 2267 783; x_wconf 90' lang='lat' dir='ltr'><strong>ait,</strong></span> <span class='ocrx_word' id='word_1_480' title='bbox 2307 737 2326 769; x_wconf 84' lang='grc'><em>‹</em></span> <span class='ocrx_word' id='word_1_481' title='bbox 2354 719 2531 773; x_wconf 85' lang='lat' dir='ltr'><strong>Bonos</strong></span> <span class='ocrx_word' id='word_1_482' title='bbox 2554 721 2752 782; x_wconf 84' lang='lat' dir='ltr'><strong>incitat,</strong></span> <span class='ocrx_word' id='word_1_483' title='bbox 2786 722 2955 777; x_wconf 86' lang='lat' dir='ltr'><strong>malos</strong></span> <span class='ocrx_word' id='word_1_484' title='bbox 2976 724 3320 795; x_wconf 87' lang='lat' dir='ltr'><strong>restringitet</strong></span> <span class='ocrx_word' id='word_1_485' title='bbox 3345 738 3579 784; x_wconf 73' lang='lat' dir='ltr'><strong>revocat.</strong></span> <span class='ocrx_word' id='word_1_486' title='bbox 3613 749 3632 781; x_wconf 77' lang='grc' dir='ltr'><strong>ι</strong></span> <span class='ocrx_word' id='word_1_487' title='bbox 3728 726 3733 729; x_wconf 79' lang='grc'><strong>’</strong></span> 
     </span>
    </p>
   </div>
   <div class='ocr_carea' id='block_1_68' title="bbox 2052 805 3640 883">
    <p class='ocr_par' dir='ltr' id='par_1_68' title="bbox 2052 805 3640 883">
     <span class='ocr_line' id='line_1_68' title="bbox 2052 805 3640 883; baseline 0.007 -21"><span class='ocrx_word' id='word_1_488' title='bbox 2052 805 2203 862; x_wconf 88' lang='lat' dir='ltr'><strong>Unde</strong></span> <span class='ocrx_word' id='word_1_489' title='bbox 2236 809 2320 861; x_wconf 79' lang='lat' dir='ltr'><strong>iSti</strong></span> <span class='ocrx_word' id='word_1_490' title='bbox 2350 820 2470 864; x_wconf 89' lang='lat' dir='ltr'><strong>sunt</strong></span> <span class='ocrx_word' id='word_1_491' title='bbox 2514 810 2678 880; x_wconf 81' lang='lat' dir='ltr'><strong>equi?</strong></span> <span class='ocrx_word' id='word_1_492' title='bbox 2704 811 2906 883; x_wconf 78' lang='lat' dir='ltr'><strong>Nempe</strong></span> <span class='ocrx_word' id='word_1_493' title='bbox 2935 814 2977 867; x_wconf 90' lang='lat' dir='ltr'><strong>si</strong></span> <span class='ocrx_word' id='word_1_494' title='bbox 3023 829 3117 869; x_wconf 91' lang='lat' dir='ltr'><strong>eos</strong></span> <span class='ocrx_word' id='word_1_495' title='bbox 3156 816 3479 873; x_wconf 83' lang='lat' dir='ltr'><strong>substantias</strong></span> <span class='ocrx_word' id='word_1_496' title='bbox 3507 820 3640 875; x_wconf 62' lang='lat' dir='ltr'><strong>dicio</strong></span> 
     </span>
    </p>
   </div>
   <div class='ocr_carea' id='block_1_69' title="bbox 2051 901 3636 971">
    <p class='ocr_par' dir='ltr' id='par_1_69' title="bbox 2051 901 3636 971">
     <span class='ocr_line' id='line_1_69' title="bbox 2051 901 3636 971; baseline 0.008 -17"><span class='ocrx_word' id='word_1_497' title='bbox 2051 914 2171 955; x_wconf 87' lang='lat' dir='ltr'><strong>mus</strong></span> <span class='ocrx_word' id='word_1_498' title='bbox 2197 901 2281 956; x_wconf 86' lang='lat' dir='ltr'><strong>vel</strong></span> <span class='ocrx_word' id='word_1_499' title='bbox 2323 913 2600 971; x_wconf 84' lang='lat' dir='ltr'><strong>putamus,</strong></span> <span class='ocrx_word' id='word_1_500' title='bbox 2643 904 3052 965; x_wconf 73' lang='lat' dir='ltr'><strong>Mauiclimorum</strong></span> <span class='ocrx_word' id='word_1_501' title='bbox 3085 907 3320 964; x_wconf 86' lang='lat' dir='ltr'><strong>favemus</strong></span> <span class='ocrx_word' id='word_1_502' title='bbox 3351 912 3432 964; x_wconf 84' lang='lat' dir='ltr'><strong>vel</strong></span> <span class='ocrx_word' id='word_1_503' title='bbox 3465 912 3636 966; x_wconf 75' lang='lat' dir='ltr'><strong>lucre-</strong></span> 
     </span>
    </p>
   </div>
   <div class='ocr_carea' id='block_1_70' title="bbox 2052 991 3640 1065">
    <p class='ocr_par' dir='ltr' id='par_1_70' title="bbox 2052 991 3640 1065">
     <span class='ocr_line' id='line_1_70' title="bbox 2052 991 3640 1065; baseline 0.009 -21"><span class='ocrx_word' id='word_1_504' title='bbox 2052 1006 2171 1046; x_wconf 89' lang='lat' dir='ltr'><strong>mus</strong></span> <span class='ocrx_word' id='word_1_505' title='bbox 2201 991 2462 1065; x_wconf 81' lang='lat' dir='ltr'><strong>insaniae:</strong></span> <span class='ocrx_word' id='word_1_506' title='bbox 2506 994 2649 1064; x_wconf 88' lang='lat' dir='ltr'><strong>quod</strong></span> <span class='ocrx_word' id='word_1_507' title='bbox 2668 1006 2734 1050; x_wconf 72' lang='grc' dir='ltr'><strong>,αι</strong></span> <span class='ocrx_word' id='word_1_508' title='bbox 2767 996 2907 1051; x_wconf 86' lang='lat' dir='ltr'><strong>absit</strong></span> <span class='ocrx_word' id='word_1_509' title='bbox 2935 1013 2962 1051; x_wconf 88' lang='lat' dir='ltr'><strong>a</strong></span> <span class='ocrx_word' id='word_1_510' title='bbox 3005 1000 3187 1064; x_wconf 88' lang='lat' dir='ltr'><strong>nobis,</strong></span> <span class='ocrx_word' id='word_1_511' title='bbox 3220 1002 3480 1058; x_wconf 81' lang='lat' dir='ltr'><strong>catliolice</strong></span> <span class='ocrx_word' id='word_1_512' title='bbox 3509 1002 3640 1059; x_wconf 78' lang='lat' dir='ltr'><strong>iSl&#39;)S</strong></span> 
     </span>
    </p>
   </div>
   <div class='ocr_carea' id='block_1_71' title="bbox 2051 1085 3643 1163">
    <p class='ocr_par' dir='ltr' id='par_1_71' title="bbox 2051 1085 3643 1163">
     <span class='ocr_line' id='line_1_71' title="bbox 2051 1085 3643 1163; baseline 0.009 -28"><span class='ocrx_word' id='word_1_513' title='bbox 2051 1094 2217 1151; x_wconf 87' lang='lat' dir='ltr'><strong>equos</strong></span> <span class='ocrx_word' id='word_1_514' title='bbox 2243 1085 2587 1153; x_wconf 83' lang='lat' dir='ltr'><strong>intelligimus</strong></span> <span class='ocrx_word' id='word_1_515' title='bbox 2616 1087 2744 1140; x_wconf 89' lang='lat' dir='ltr'><strong>vitia</strong></span> <span class='ocrx_word' id='word_1_516' title='bbox 2781 1098 2962 1143; x_wconf 90' lang='lat' dir='ltr'><strong>nostra</strong></span> <span class='ocrx_word' id='word_1_517' title='bbox 2995 1091 3034 1156; x_wconf 80' lang='grc'><strong>⁸,</strong></span> <span class='ocrx_word' id='word_1_518' title='bbox 3078 1108 3195 1161; x_wconf 71' lang='lat' dir='ltr'><strong>quae</strong></span> <span class='ocrx_word' id='word_1_519' title='bbox 3224 1093 3322 1163; x_wconf 83' lang='lat' dir='ltr'><strong>legi</strong></span> <span class='ocrx_word' id='word_1_520' title='bbox 3352 1095 3543 1150; x_wconf 87' lang='lat' dir='ltr'><strong>mentis</strong></span> <span class='ocrx_word' id='word_1_521' title='bbox 3575 1110 3643 1149; x_wconf 74' lang='lat' dir='ltr'><strong>ex</strong></span> 
     </span>
    </p>
   </div>
   <div class='ocr_carea' id='block_1_72' title="bbox 2052 1170 3637 1255">
    <p class='ocr_par' dir='ltr' id='par_1_72' title="bbox 2052 1170 3637 1255">
     <span class='ocr_line' id='line_1_72' title="bbox 2052 1170 3637 1255; baseline 0.011 -29"><span class='ocrx_word' id='word_1_522' title='bbox 2052 1170 2169 1242; x_wconf 81' lang='lat' dir='ltr'><strong>lege</strong></span> <span class='ocrx_word' id='word_1_523' title='bbox 2193 1177 2395 1245; x_wconf 86' lang='lat' dir='ltr'><strong>peccati</strong></span> <span class='ocrx_word' id='word_1_524' title='bbox 2423 1178 2697 1231; x_wconf 88' lang='lat' dir='ltr'><strong>resistunt.</strong></span> <span class='ocrx_word' id='word_1_525' title='bbox 2722 1178 2839 1234; x_wconf 92' lang='lat' dir='ltr'><strong>Non</strong></span> <span class='ocrx_word' id='word_1_526' title='bbox 2861 1195 2893 1234; x_wconf 87' lang='lat' dir='ltr'><strong>a</strong></span> <span class='ocrx_word' id='word_1_527' title='bbox 2915 1181 3068 1236; x_wconf 89' lang='lat' dir='ltr'><strong>nobis</strong></span> <span class='ocrx_word' id='word_1_528' title='bbox 3090 1184 3204 1239; x_wconf 80' lang='lat' dir='ltr'><strong>haec</strong></span> <span class='ocrx_word' id='word_1_529' title='bbox 3221 1184 3348 1240; x_wconf 88' lang='lat' dir='ltr'><strong>vitia</strong></span> <span class='ocrx_word' id='word_1_530' title='bbox 3371 1197 3637 1255; x_wconf 84' lang='lat' dir='ltr'><strong>separata.</strong></span> 
     </span>
    </p>
   </div>
   <div class='ocr_carea' id='block_1_73' title="bbox 2051 1262 3640 1349">
    <p class='ocr_par' dir='ltr' id='par_1_73' title="bbox 2051 1262 3640 1349">
     <span class='ocr_line' id='line_1_73' title="bbox 2051 1262 3640 1349; baseline 0.012 -34"><span class='ocrx_word' id='word_1_531' title='bbox 2051 1262 2245 1318; x_wconf 84' lang='lat' dir='ltr'><strong>alicubi</strong></span> <span class='ocrx_word' id='word_1_532' title='bbox 2296 1266 2420 1321; x_wconf 89' lang='lat' dir='ltr'><strong>alibi</strong></span> <span class='ocrx_word' id='word_1_533' title='bbox 2461 1278 2656 1330; x_wconf 87' lang='lat' dir='ltr'><strong>erunt,</strong></span> <span class='ocrx_word' id='word_1_534' title='bbox 2706 1269 2799 1324; x_wconf 81' lang='lat' dir='ltr'><strong>sed</strong></span> <span class='ocrx_word' id='word_1_535' title='bbox 2845 1269 2897 1324; x_wconf 91' lang='lat' dir='ltr'><strong>in</strong></span> <span class='ocrx_word' id='word_1_536' title='bbox 2946 1271 3098 1326; x_wconf 89' lang='lat' dir='ltr'><strong>nobis</strong></span> <span class='ocrx_word' id='word_1_537' title='bbox 3141 1285 3323 1330; x_wconf 88' lang='lat' dir='ltr'><strong>sanata</strong></span> <span class='ocrx_word' id='word_1_538' title='bbox 3377 1293 3640 1349; x_wconf 84' lang='lat' dir='ltr'><strong>nusquam</strong></span> 
     </span>
    </p>
   </div>
   <div class='ocr_carea' id='block_1_74' title="bbox 2051 1357 3641 1439">
    <p class='ocr_par' dir='ltr' id='par_1_74' title="bbox 2051 1357 3641 1439">
     <span class='ocr_line' id='line_1_74' title="bbox 2051 1357 3641 1439; baseline 0.011 -30"><span class='ocrx_word' id='word_1_539' title='bbox 2051 1365 2225 1410; x_wconf 88' lang='lat' dir='ltr'><strong>erunt.</strong></span> <span class='ocrx_word' id='word_1_540' title='bbox 2262 1357 2637 1413; x_wconf 84' lang='lat' dir='ltr'><strong>Verumtamen</strong></span> <span class='ocrx_word' id='word_1_541' title='bbox 2679 1376 2843 1430; x_wconf 90' lang='lat' dir='ltr'><strong>quare</strong></span> <span class='ocrx_word' id='word_1_542' title='bbox 2884 1364 3073 1417; x_wconf 90' lang='lat' dir='ltr'><strong>nonin</strong></span> <span class='ocrx_word' id='word_1_543' title='bbox 3116 1366 3436 1439; x_wconf 70' lang='lat' dir='ltr'><strong>liaptismate</strong></span> <span class='ocrx_word' id='word_1_544' title='bbox 3463 1372 3641 1439; x_wconf 82' lang='lat' dir='ltr'><strong>perie-</strong></span> 
     </span>
    </p>
   </div>
   <div class='ocr_carea' id='block_1_75' title="bbox 2051 1446 3640 1531">
    <p class='ocr_par' dir='ltr' id='par_1_75' title="bbox 2051 1446 3640 1531">
     <span class='ocr_line' id='line_1_75' title="bbox 2051 1446 3640 1531; baseline 0.011 -31"><span class='ocrx_word' id='word_1_545' title='bbox 2051 1446 2214 1501; x_wconf 84' lang='lat' dir='ltr'><strong>runt?</strong></span> <span class='ocrx_word' id='word_1_546' title='bbox 2243 1448 2325 1502; x_wconf 80' lang='lat' dir='ltr'><strong>An</strong></span> <span class='ocrx_word' id='word_1_547' title='bbox 2355 1450 2589 1504; x_wconf 86' lang='lat' dir='ltr'><strong>nonduin</strong></span> <span class='ocrx_word' id='word_1_548' title='bbox 2622 1450 2902 1519; x_wconf 75' lang='lat' dir='ltr'><strong>fateberis,</strong></span> <span class='ocrx_word' id='word_1_549' title='bbox 2925 1455 3065 1524; x_wconf 91' lang='lat' dir='ltr'><strong>quod</strong></span> <span class='ocrx_word' id='word_1_550' title='bbox 3092 1467 3270 1512; x_wconf 86' lang='lat' dir='ltr'><strong>reatus</strong></span> <span class='ocrx_word' id='word_1_551' title='bbox 3293 1474 3480 1515; x_wconf 88' lang='lat' dir='ltr'><strong>eorum</strong></span> <span class='ocrx_word' id='word_1_552' title='bbox 3513 1478 3640 1531; x_wconf 84' lang='lat' dir='ltr'><strong>per-</strong></span> 
     </span>
    </p>
   </div>
   <div class='ocr_carea' id='block_1_76' title="bbox 2058 1536 3639 1620">
    <p class='ocr_par' dir='ltr' id='par_1_76' title="bbox 2058 1536 3639 1620">
     <span class='ocr_line' id='line_1_76' title="bbox 2058 1536 3639 1620; baseline 0.012 -31"><span class='ocrx_word' id='word_1_553' title='bbox 2058 1536 2211 1600; x_wconf 84' lang='lat' dir='ltr'><strong>ierit,</strong></span> <span class='ocrx_word' id='word_1_554' title='bbox 2245 1537 2524 1594; x_wconf 81' lang='lat' dir='ltr'><strong>infirmitas</strong></span> <span class='ocrx_word' id='word_1_555' title='bbox 2593 1545 2848 1597; x_wconf 86' lang='lat' dir='ltr'><strong>manserit</strong></span> <span class='ocrx_word' id='word_1_556' title='bbox 2875 1562 2890 1597; x_wconf 90' lang='lat'><strong>:</strong></span> <span class='ocrx_word' id='word_1_557' title='bbox 2922 1561 3027 1599; x_wconf 88' lang='lat' dir='ltr'><strong>non</strong></span> <span class='ocrx_word' id='word_1_558' title='bbox 3057 1559 3235 1602; x_wconf 82' lang='lat' dir='ltr'><strong>reatus</strong></span> <span class='ocrx_word' id='word_1_559' title='bbox 3277 1565 3385 1619; x_wconf 89' lang='lat' dir='ltr'><strong>quo</strong></span> <span class='ocrx_word' id='word_1_560' title='bbox 3412 1552 3522 1620; x_wconf 90' lang='lat' dir='ltr'><strong>ipsa</strong></span> <span class='ocrx_word' id='word_1_561' title='bbox 3551 1569 3639 1608; x_wconf 87' lang='lat' dir='ltr'><strong>rea</strong></span> 
     </span>
    </p>
   </div>
   <div class='ocr_carea' id='block_1_77' title="bbox 2053 1626 3637 1712">
    <p class='ocr_par' dir='ltr' id='par_1_77' title="bbox 2053 1626 3637 1712">
     <span class='ocr_line' id='line_1_77' title="bbox 2053 1626 3637 1712; baseline 0.01 -31"><span class='ocrx_word' id='word_1_562' title='bbox 2053 1626 2282 1695; x_wconf 90' lang='lat' dir='ltr'><strong>fuerant,</strong></span> <span class='ocrx_word' id='word_1_563' title='bbox 2311 1630 2405 1684; x_wconf 88' lang='lat' dir='ltr'><strong>sed</strong></span> <span class='ocrx_word' id='word_1_564' title='bbox 2428 1646 2534 1701; x_wconf 91' lang='lat' dir='ltr'><strong>quo</strong></span> <span class='ocrx_word' id='word_1_565' title='bbox 2562 1648 2661 1687; x_wconf 88' lang='lat' dir='ltr'><strong>nos</strong></span> <span class='ocrx_word' id='word_1_566' title='bbox 2690 1648 2809 1687; x_wconf 89' lang='lat' dir='ltr'><strong>reos</strong></span> <span class='ocrx_word' id='word_1_567' title='bbox 2838 1635 3076 1690; x_wconf 85' lang='lat' dir='ltr'><strong>fecerant</strong></span> <span class='ocrx_word' id='word_1_568' title='bbox 3104 1638 3155 1691; x_wconf 89' lang='lat' dir='ltr'><strong>in</strong></span> <span class='ocrx_word' id='word_1_569' title='bbox 3186 1639 3340 1694; x_wconf 88' lang='lat' dir='ltr'><strong>malis</strong></span> <span class='ocrx_word' id='word_1_570' title='bbox 3364 1643 3637 1712; x_wconf 85' lang='lat' dir='ltr'><strong>operibus,</strong></span> 
     </span>
    </p>
   </div>
   <div class='ocr_carea' id='block_1_78' title="bbox 2052 1722 3637 1799">
    <p class='ocr_par' dir='ltr' id='par_1_78' title="bbox 2052 1722 3637 1799">
     <span class='ocr_line' id='line_1_78' title="bbox 2052 1722 3637 1799; baseline 0.013 -30"><span class='ocrx_word' id='word_1_571' title='bbox 2052 1732 2160 1787; x_wconf 88' lang='lat' dir='ltr'><strong>quo</strong></span> <span class='ocrx_word' id='word_1_572' title='bbox 2187 1734 2284 1774; x_wconf 92' lang='lat' dir='ltr'><strong>nos</strong></span> <span class='ocrx_word' id='word_1_573' title='bbox 2310 1722 2620 1776; x_wconf 80' lang='lat' dir='ltr'><strong>traxerant?</strong></span> <span class='ocrx_word' id='word_1_574' title='bbox 2650 1722 2760 1778; x_wconf 88' lang='lat' dir='ltr'><strong>Nec</strong></span> <span class='ocrx_word' id='word_1_575' title='bbox 2787 1726 2860 1780; x_wconf 83' lang='lat' dir='ltr'><strong>ita</strong></span> <span class='ocrx_word' id='word_1_576' title='bbox 2887 1741 3071 1782; x_wconf 91' lang='lat' dir='ltr'><strong>eorum</strong></span> <span class='ocrx_word' id='word_1_577' title='bbox 3102 1731 3297 1785; x_wconf 88' lang='lat' dir='ltr'><strong>mansit</strong></span> <span class='ocrx_word' id='word_1_578' title='bbox 3324 1734 3602 1790; x_wconf 88' lang='lat' dir='ltr'><strong>infirmitas</strong></span> <span class='ocrx_word' id='word_1_579' title='bbox 3620 1777 3637 1799; x_wconf 91' lang='lat'><strong>,</strong></span> 
     </span>
    </p>
   </div>
   <div class='ocr_carea' id='block_1_79' title="bbox 2051 1808 3643 1887">
    <p class='ocr_par' dir='ltr' id='par_1_79' title="bbox 2051 1808 3643 1887">
     <span class='ocr_line' id='line_1_79' title="bbox 2051 1808 3643 1887; baseline 0.014 -28"><span class='ocrx_word' id='word_1_580' title='bbox 2051 1808 2202 1876; x_wconf 86' lang='lat' dir='ltr'><strong>quasi</strong></span> <span class='ocrx_word' id='word_1_581' title='bbox 2242 1809 2418 1879; x_wconf 87' lang='lat' dir='ltr'><strong>aliqua</strong></span> <span class='ocrx_word' id='word_1_582' title='bbox 2445 1811 2552 1866; x_wconf 89' lang='lat' dir='ltr'><strong>sint</strong></span> <span class='ocrx_word' id='word_1_583' title='bbox 2578 1815 2827 1869; x_wconf 83' lang='lat' dir='ltr'><strong>animalia</strong></span> <span class='ocrx_word' id='word_1_584' title='bbox 2853 1832 2976 1887; x_wconf 72' lang='lat' dir='ltr'><strong>qua:</strong></span> <span class='ocrx_word' id='word_1_585' title='bbox 3012 1818 3349 1876; x_wconf 86' lang='lat' dir='ltr'><strong>infirmantur</strong></span> <span class='ocrx_word' id='word_1_586' title='bbox 3374 1841 3388 1879; x_wconf 87' lang='lat'><strong>:</strong></span> <span class='ocrx_word' id='word_1_587' title='bbox 3422 1825 3516 1879; x_wconf 90' lang='lat' dir='ltr'><strong>sed</strong></span> <span class='ocrx_word' id='word_1_588' title='bbox 3544 1842 3643 1880; x_wconf 86' lang='lat' dir='ltr'><strong>no-</strong></span> 
     </span>
    </p>
   </div>
   <div class='ocr_carea' id='block_1_80' title="bbox 2051 1900 3642 1985">
    <p class='ocr_par' dir='ltr' id='par_1_80' title="bbox 2051 1900 3642 1985">
     <span class='ocr_line' id='line_1_80' title="bbox 2051 1900 3642 1985; baseline 0.013 -33"><span class='ocrx_word' id='word_1_589' title='bbox 2051 1909 2160 1953; x_wconf 88' lang='lat' dir='ltr'><strong>stra</strong></span> <span class='ocrx_word' id='word_1_590' title='bbox 2195 1900 2475 1956; x_wconf 81' lang='lat' dir='ltr'><strong>infirmitas</strong></span> <span class='ocrx_word' id='word_1_591' title='bbox 2516 1904 2626 1975; x_wconf 91' lang='lat' dir='ltr'><strong>ipsa</strong></span> <span class='ocrx_word' id='word_1_592' title='bbox 2659 1916 2801 1961; x_wconf 91' lang='lat' dir='ltr'><strong>sunt.</strong></span> <span class='ocrx_word' id='word_1_593' title='bbox 2832 1907 2943 1965; x_wconf 85' lang='lat' dir='ltr'><strong>Nec</strong></span> <span class='ocrx_word' id='word_1_594' title='bbox 2971 1909 3022 1965; x_wconf 90' lang='lat' dir='ltr'><strong>in</strong></span> <span class='ocrx_word' id='word_1_595' title='bbox 3061 1910 3147 1967; x_wconf 86' lang='lat' dir='ltr'><strong>his</strong></span> <span class='ocrx_word' id='word_1_596' title='bbox 3174 1915 3326 1985; x_wconf 86' lang='lat' dir='ltr'><strong>cquis</strong></span> <span class='ocrx_word' id='word_1_597' title='bbox 3354 1916 3511 1971; x_wconf 88' lang='lat' dir='ltr'><strong>malis</strong></span> <span class='ocrx_word' id='word_1_598' title='bbox 3541 1919 3642 1973; x_wconf 89' lang='lat' dir='ltr'><strong>ini-</strong></span> 
     </span>
    </p>
   </div>
   <div class='ocr_carea' id='block_1_81' title="bbox 2052 1992 3643 2078">
    <p class='ocr_par' dir='ltr' id='par_1_81' title="bbox 2052 1992 3643 2078">
     <span class='ocr_line' id='line_1_81' title="bbox 2052 1992 3643 2078; baseline 0.014 -35"><span class='ocrx_word' id='word_1_599' title='bbox 2052 1992 2311 2061; x_wconf 91' lang='lat' dir='ltr'><strong>quitatem</strong></span> <span class='ocrx_word' id='word_1_600' title='bbox 2341 1996 2643 2052; x_wconf 91' lang='lat' dir='ltr'><strong>nominasse</strong></span> <span class='ocrx_word' id='word_1_601' title='bbox 2671 1999 2939 2068; x_wconf 90' lang='lat' dir='ltr'><strong>putandus</strong></span> <span class='ocrx_word' id='word_1_602' title='bbox 2960 2013 3044 2058; x_wconf 86' lang='lat' dir='ltr'><strong>est</strong></span> <span class='ocrx_word' id='word_1_603' title='bbox 3072 2004 3247 2073; x_wconf 88' lang='lat' dir='ltr'><strong>illam,</strong></span> <span class='ocrx_word' id='word_1_604' title='bbox 3283 2022 3402 2078; x_wconf 78' lang='lat' dir='ltr'><strong>qua:</strong></span> <span class='ocrx_word' id='word_1_605' title='bbox 3429 2008 3643 2065; x_wconf 87' lang='lat' dir='ltr'><strong>deletur</strong></span> 
     </span>
    </p>
   </div>
   <div class='ocr_carea' id='block_1_82' title="bbox 2052 2085 3636 2171">
    <p class='ocr_par' dir='ltr' id='par_1_82' title="bbox 2052 2085 3636 2171">
     <span class='ocr_line' id='line_1_82' title="bbox 2052 2085 3636 2171; baseline 0.013 -33"><span class='ocrx_word' id='word_1_606' title='bbox 2052 2086 2105 2139; x_wconf 92' lang='lat' dir='ltr'><strong>in</strong></span> <span class='ocrx_word' id='word_1_607' title='bbox 2133 2085 2444 2157; x_wconf 88' lang='lat' dir='ltr'><strong>Baptismo:</strong></span> <span class='ocrx_word' id='word_1_608' title='bbox 2479 2091 2564 2144; x_wconf 80' lang='lat' dir='ltr'><strong>illa</strong></span> <span class='ocrx_word' id='word_1_609' title='bbox 2604 2107 2832 2161; x_wconf 89' lang='lat' dir='ltr'><strong>namque</strong></span> <span class='ocrx_word' id='word_1_610' title='bbox 2862 2105 3198 2164; x_wconf 74' lang='lat' dir='ltr'><strong>peccatorum</strong></span> <span class='ocrx_word' id='word_1_611' title='bbox 3233 2114 3353 2169; x_wconf 68' lang='lat' dir='ltr'><strong>quae</strong></span> <span class='ocrx_word' id='word_1_612' title='bbox 3380 2101 3636 2171; x_wconf 88' lang='lat' dir='ltr'><strong>fecimus,</strong></span> 
     </span>
    </p>
   </div>
   <div class='ocr_carea' id='block_1_83' title="bbox 2051 2174 3639 2261">
    <p class='ocr_par' dir='ltr' id='par_1_83' title="bbox 2051 2174 3639 2261">
     <span class='ocr_line' id='line_1_83' title="bbox 2051 2174 3639 2261; baseline 0.013 -33"><span class='ocrx_word' id='word_1_613' title='bbox 2051 2174 2167 2239; x_wconf 88' lang='lat' dir='ltr'><strong>fuit,</strong></span> <span class='ocrx_word' id='word_1_614' title='bbox 2199 2192 2318 2248; x_wconf 76' lang='lat' dir='ltr'><strong>qua:</strong></span> <span class='ocrx_word' id='word_1_615' title='bbox 2342 2191 2533 2234; x_wconf 89' lang='lat' dir='ltr'><strong>cuncta</strong></span> <span class='ocrx_word' id='word_1_616' title='bbox 2566 2184 2788 2236; x_wconf 90' lang='lat' dir='ltr'><strong>remissa</strong></span> <span class='ocrx_word' id='word_1_617' title='bbox 2812 2194 2955 2248; x_wconf 79' lang='lat' dir='ltr'><strong>sunt,</strong></span> <span class='ocrx_word' id='word_1_618' title='bbox 2978 2194 3139 2257; x_wconf 89' lang='lat' dir='ltr'><strong>atque</strong></span> <span class='ocrx_word' id='word_1_619' title='bbox 3161 2190 3379 2245; x_wconf 91' lang='lat' dir='ltr'><strong>omnino</strong></span> <span class='ocrx_word' id='word_1_620' title='bbox 3396 2191 3507 2261; x_wconf 81' lang='lat' dir='ltr'><strong>jam</strong></span> <span class='ocrx_word' id='word_1_621' title='bbox 3532 2209 3639 2249; x_wconf 89' lang='lat' dir='ltr'><strong>non</strong></span> 
     </span>
    </p>
   </div>
   <div class='ocr_carea' id='block_1_84' title="bbox 2049 2274 3641 2351">
    <p class='ocr_par' dir='ltr' id='par_1_84' title="bbox 2049 2274 3641 2351">
     <span class='ocr_line' id='line_1_84' title="bbox 2049 2274 3641 2351; baseline 0.014 -32"><span class='ocrx_word' id='word_1_622' title='bbox 2049 2274 2194 2333; x_wconf 90' lang='lat' dir='ltr'><strong>sunt,</strong></span> <span class='ocrx_word' id='word_1_623' title='bbox 2225 2284 2450 2338; x_wconf 89' lang='lat' dir='ltr'><strong>quorum</strong></span> <span class='ocrx_word' id='word_1_624' title='bbox 2484 2281 2663 2327; x_wconf 87' lang='lat' dir='ltr'><strong>reatus</strong></span> <span class='ocrx_word' id='word_1_625' title='bbox 2684 2276 2929 2330; x_wconf 72' lang='lat' dir='ltr'><strong>manebat</strong></span> <span class='ocrx_word' id='word_1_626' title='bbox 2956 2279 3169 2347; x_wconf 87' lang='lat' dir='ltr'><strong>quando</strong></span> <span class='ocrx_word' id='word_1_627' title='bbox 3193 2280 3306 2351; x_wconf 84' lang='lat' dir='ltr'><strong>ipsa</strong></span> <span class='ocrx_word' id='word_1_628' title='bbox 3338 2282 3534 2340; x_wconf 88' lang='lat' dir='ltr'><strong>fiebant</strong></span> <span class='ocrx_word' id='word_1_629' title='bbox 3559 2298 3641 2341; x_wconf 86' lang='lat' dir='ltr'><strong>at-</strong></span> 
     </span>
    </p>
   </div>
   <div class='ocr_carea' id='block_1_85' title="bbox 2049 2359 3641 2443">
    <p class='ocr_par' dir='ltr' id='par_1_85' title="bbox 2049 2359 3641 2443">
     <span class='ocr_line' id='line_1_85' title="bbox 2049 2359 3641 2443; baseline 0.014 -33"><span class='ocrx_word' id='word_1_630' title='bbox 2049 2372 2153 2425; x_wconf 88' lang='lat' dir='ltr'><strong>que</strong></span> <span class='ocrx_word' id='word_1_631' title='bbox 2176 2359 2490 2414; x_wconf 88' lang='lat' dir='ltr'><strong>transibant.</strong></span> <span class='ocrx_word' id='word_1_632' title='bbox 2520 2360 2679 2417; x_wconf 91' lang='lat' dir='ltr'><strong>lstam</strong></span> <span class='ocrx_word' id='word_1_633' title='bbox 2713 2380 2841 2418; x_wconf 89' lang='lat' dir='ltr'><strong>vero</strong></span> <span class='ocrx_word' id='word_1_634' title='bbox 2880 2367 3046 2437; x_wconf 90' lang='lat' dir='ltr'><strong>legem</strong></span> <span class='ocrx_word' id='word_1_635' title='bbox 3078 2372 3302 2439; x_wconf 81' lang='lat' dir='ltr'><strong>peccati,</strong></span> <span class='ocrx_word' id='word_1_636' title='bbox 3330 2374 3485 2443; x_wconf 84' lang='lat' dir='ltr'><strong>cujus</strong></span> <span class='ocrx_word' id='word_1_637' title='bbox 3527 2391 3641 2430; x_wconf 84' lang='lat' dir='ltr'><strong>ma-</strong></span> 
     </span>
    </p>
   </div>
   <div class='ocr_carea' id='block_1_86' title="bbox 2050 2447 3637 2536">
    <p class='ocr_par' dir='ltr' id='par_1_86' title="bbox 2050 2447 3637 2536">
     <span class='ocr_line' id='line_1_86' title="bbox 2050 2447 3637 2536; baseline 0.016 -37"><span class='ocrx_word' id='word_1_638' title='bbox 2050 2447 2226 2502; x_wconf 84' lang='lat' dir='ltr'><strong>nentis</strong></span> <span class='ocrx_word' id='word_1_639' title='bbox 2252 2459 2433 2504; x_wconf 88' lang='lat' dir='ltr'><strong>reatus</strong></span> <span class='ocrx_word' id='word_1_640' title='bbox 2463 2453 2515 2505; x_wconf 92' lang='lat' dir='ltr'><strong>in</strong></span> <span class='ocrx_word' id='word_1_641' title='bbox 2550 2467 2706 2507; x_wconf 88' lang='lat' dir='ltr'><strong>sacro</strong></span> <span class='ocrx_word' id='word_1_642' title='bbox 2733 2453 2880 2510; x_wconf 81' lang='lat' dir='ltr'><strong>fonte</strong></span> <span class='ocrx_word' id='word_1_643' title='bbox 2908 2458 3166 2515; x_wconf 87' lang='lat' dir='ltr'><strong>remissus</strong></span> <span class='ocrx_word' id='word_1_644' title='bbox 3201 2471 3317 2528; x_wconf 87' lang='lat' dir='ltr'><strong>est,</strong></span> <span class='ocrx_word' id='word_1_645' title='bbox 3355 2475 3637 2536; x_wconf 82' lang='lat' dir='ltr'><strong>propterea</strong></span> 
     </span>
    </p>
   </div>
   <div class='ocr_carea' id='block_1_87' title="bbox 2048 2539 3639 2619">
    <p class='ocr_par' dir='ltr' id='par_1_87' title="bbox 2048 2539 3639 2619">
     <span class='ocr_line' id='line_1_87' title="bbox 2048 2539 3639 2619; baseline 0.015 -28"><span class='ocrx_word' id='word_1_646' title='bbox 2048 2539 2258 2593; x_wconf 88' lang='lat' dir='ltr'><strong>vocavit</strong></span> <span class='ocrx_word' id='word_1_647' title='bbox 2284 2540 2613 2611; x_wconf 88' lang='lat' dir='ltr'><strong>iniquitatem</strong></span> <span class='ocrx_word' id='word_1_648' title='bbox 2634 2584 2651 2611; x_wconf 92' lang='lat'><strong>,</strong></span> <span class='ocrx_word' id='word_1_649' title='bbox 2680 2547 2807 2616; x_wconf 87' lang='lat' dir='ltr'><strong>quia</strong></span> <span class='ocrx_word' id='word_1_650' title='bbox 2832 2547 3068 2619; x_wconf 89' lang='lat' dir='ltr'><strong>iniquum</strong></span> <span class='ocrx_word' id='word_1_651' title='bbox 3099 2561 3183 2607; x_wconf 85' lang='lat' dir='ltr'><strong>est</strong></span> <span class='ocrx_word' id='word_1_652' title='bbox 3210 2562 3265 2607; x_wconf 92' lang='lat' dir='ltr'><strong>ut</strong></span> <span class='ocrx_word' id='word_1_653' title='bbox 3285 2568 3415 2611; x_wconf 88' lang='lat' dir='ltr'><strong>caro</strong></span> <span class='ocrx_word' id='word_1_654' title='bbox 3438 2571 3639 2614; x_wconf 86' lang='lat' dir='ltr'><strong>concu-</strong></span> 
     </span>
    </p>
   </div>
   <div class='ocr_carea' id='block_1_88' title="bbox 2049 2627 3640 2709">
    <p class='ocr_par' dir='ltr' id='par_1_88' title="bbox 2049 2627 3640 2709">
     <span class='ocr_line' id='line_1_88' title="bbox 2049 2627 3640 2709; baseline 0.015 -27"><span class='ocrx_word' id='word_1_655' title='bbox 2049 2627 2218 2697; x_wconf 85' lang='lat' dir='ltr'><strong>piscat</strong></span> <span class='ocrx_word' id='word_1_656' title='bbox 2256 2630 2516 2688; x_wconf 85' lang='lat' dir='ltr'><strong>adversus</strong></span> <span class='ocrx_word' id='word_1_657' title='bbox 2560 2634 2806 2703; x_wconf 88' lang='lat' dir='ltr'><strong>spiritum</strong></span> <span class='ocrx_word' id='word_1_658' title='bbox 2837 2655 2851 2691; x_wconf 90' lang='lat'><strong>:</strong></span> <span class='ocrx_word' id='word_1_659' title='bbox 2881 2642 3127 2709; x_wconf 86' lang='lat' dir='ltr'><strong>quamvis</strong></span> <span class='ocrx_word' id='word_1_660' title='bbox 3168 2642 3309 2699; x_wconf 86' lang='lat' dir='ltr'><strong>adsit</strong></span> <span class='ocrx_word' id='word_1_661' title='bbox 3353 2645 3408 2701; x_wconf 90' lang='lat' dir='ltr'><strong>in</strong></span> <span class='ocrx_word' id='word_1_662' title='bbox 3454 2657 3640 2705; x_wconf 84' lang='lat' dir='ltr'><strong>nostra</strong></span> 
     </span>
    </p>
   </div>
   <div class='ocr_carea' id='block_1_89' title="bbox 2049 2721 3641 2798">
    <p class='ocr_par' dir='ltr' id='par_1_89' title="bbox 2049 2721 3641 2798">
     <span class='ocr_line' id='line_1_89' title="bbox 2049 2721 3641 2798; baseline 0.015 -25"><span class='ocrx_word' id='word_1_663' title='bbox 2049 2721 2393 2777; x_wconf 84' lang='lat' dir='ltr'><strong>renovatione</strong></span> <span class='ocrx_word' id='word_1_664' title='bbox 2412 2723 2650 2793; x_wconf 86' lang='lat' dir='ltr'><strong>justitia;</strong></span> <span class='ocrx_word' id='word_1_665' title='bbox 2679 2727 2803 2797; x_wconf 89' lang='lat' dir='ltr'><strong>quia</strong></span> <span class='ocrx_word' id='word_1_666' title='bbox 2823 2728 3027 2798; x_wconf 86' lang='lat' dir='ltr'><strong>justum</strong></span> <span class='ocrx_word' id='word_1_667' title='bbox 3050 2740 3134 2787; x_wconf 88' lang='lat' dir='ltr'><strong>est</strong></span> <span class='ocrx_word' id='word_1_668' title='bbox 3159 2743 3215 2788; x_wconf 91' lang='lat' dir='ltr'><strong>ut</strong></span> <span class='ocrx_word' id='word_1_669' title='bbox 3237 2735 3497 2796; x_wconf 86' lang='lat' dir='ltr'><strong>adversus</strong></span> <span class='ocrx_word' id='word_1_670' title='bbox 3519 2754 3641 2796; x_wconf 59' lang='lat' dir='ltr'><strong>car.</strong></span> 
     </span>
    </p>
   </div>
   <div class='ocr_carea' id='block_1_90' title="bbox 2049 2812 3642 2897">
    <p class='ocr_par' dir='ltr' id='par_1_90' title="bbox 2049 2812 3642 2897">
     <span class='ocr_line' id='line_1_90' title="bbox 2049 2812 3642 2897; baseline 0.016 -34"><span class='ocrx_word' id='word_1_671' title='bbox 2049 2825 2172 2865; x_wconf 92' lang='lat' dir='ltr'><strong>nem</strong></span> <span class='ocrx_word' id='word_1_672' title='bbox 2211 2812 2430 2881; x_wconf 90' lang='lat' dir='ltr'><strong>spiritus</strong></span> <span class='ocrx_word' id='word_1_673' title='bbox 2456 2817 2829 2887; x_wconf 88' lang='lat' dir='ltr'><strong>concupiscat,</strong></span> <span class='ocrx_word' id='word_1_674' title='bbox 2876 2829 2933 2874; x_wconf 92' lang='lat' dir='ltr'><strong>ut</strong></span> <span class='ocrx_word' id='word_1_675' title='bbox 2969 2821 3159 2892; x_wconf 90' lang='lat' dir='ltr'><strong>spiritu</strong></span> <span class='ocrx_word' id='word_1_676' title='bbox 3186 2825 3554 2897; x_wconf 85' lang='lat' dir='ltr'><strong>ambulemus,</strong></span> <span class='ocrx_word' id='word_1_677' title='bbox 3585 2840 3642 2888; x_wconf 74' lang='lat' dir='ltr'><strong>et</strong></span> 
     </span>
    </p>
   </div>
   <div class='ocr_carea' id='block_1_91' title="bbox 2047 2902 3639 2992">
    <p class='ocr_par' dir='ltr' id='par_1_91' title="bbox 2047 2902 3639 2992">
     <span class='ocr_line' id='line_1_91' title="bbox 2047 2902 3639 2992; baseline 0.014 -37"><span class='ocrx_word' id='word_1_678' title='bbox 2047 2902 2504 2971; x_wconf 88' lang='lat' dir='ltr'><strong>concupiscentias</strong></span> <span class='ocrx_word' id='word_1_679' title='bbox 2532 2907 2709 2961; x_wconf 89' lang='lat' dir='ltr'><strong>carnis</strong></span> <span class='ocrx_word' id='word_1_680' title='bbox 2739 2923 2844 2964; x_wconf 87' lang='lat' dir='ltr'><strong>non</strong></span> <span class='ocrx_word' id='word_1_681' title='bbox 2871 2912 3234 2981; x_wconf 85' lang='lat' dir='ltr'><strong>perficiamus.</strong></span> <span class='ocrx_word' id='word_1_682' title='bbox 3263 2916 3417 2974; x_wconf 84' lang='lat' dir='ltr'><strong>Hanc</strong></span> <span class='ocrx_word' id='word_1_683' title='bbox 3441 2921 3639 2992; x_wconf 86' lang='lat' dir='ltr'><strong>quippe</strong></span> 
     </span>
    </p>
   </div>
   <div class='ocr_carea' id='block_1_92' title="bbox 2047 2991 3638 3077">
    <p class='ocr_par' dir='ltr' id='par_1_92' title="bbox 2047 2991 3638 3077">
     <span class='ocr_line' id='line_1_92' title="bbox 2047 2991 3638 3077; baseline 0.014 -31"><span class='ocrx_word' id='word_1_684' title='bbox 2047 2991 2305 3060; x_wconf 79' lang='lat' dir='ltr'><strong>justitiam</strong></span> <span class='ocrx_word' id='word_1_685' title='bbox 2351 3005 2588 3052; x_wconf 83' lang='lat' dir='ltr'><strong>nostram</strong></span> <span class='ocrx_word' id='word_1_686' title='bbox 2621 2998 2761 3055; x_wconf 90' lang='lat' dir='ltr'><strong>inter</strong></span> <span class='ocrx_word' id='word_1_687' title='bbox 2787 3001 2957 3059; x_wconf 83' lang='lat' dir='ltr'><strong>bonos</strong></span> <span class='ocrx_word' id='word_1_688' title='bbox 2996 3020 3163 3077; x_wconf 90' lang='lat' dir='ltr'><strong>equos</strong></span> <span class='ocrx_word' id='word_1_689' title='bbox 3204 3009 3506 3068; x_wconf 85' lang='lat' dir='ltr'><strong>invenimus</strong></span> <span class='ocrx_word' id='word_1_690' title='bbox 3536 2991 3638 3068; x_wconf 82' lang='lat' dir='ltr'><strong>uo-</strong></span> 
     </span>
    </p>
   </div>
   <div class='ocr_carea' id='block_1_93' title="bbox 2049 3083 2324 3138">
    <p class='ocr_par' dir='ltr' id='par_1_93' title="bbox 2049 3083 2324 3138">
     <span class='ocr_line' id='line_1_93' title="bbox 2049 3083 2324 3138; baseline 0.007 -2"><span class='ocrx_word' id='word_1_691' title='bbox 2049 3083 2324 3138; x_wconf 74' lang='lat' dir='ltr'><strong>minatum.</strong></span> 
     </span>
    </p>
   </div>
   <div class='ocr_carea' id='block_1_94' title="bbox 2122 3176 3640 3269">
    <p class='ocr_par' dir='ltr' id='par_1_94' title="bbox 2122 3176 3640 3269">
     <span class='ocr_line' id='line_1_94' title="bbox 2122 3176 3640 3269; baseline 0.017 -39"><span class='ocrx_word' id='word_1_692' title='bbox 2122 3176 2209 3269; x_wconf 61' lang='grc' dir='ltr'><strong>ιζ».</strong></span> <span class='ocrx_word' id='word_1_693' title='bbox 2242 3178 2381 3269; x_wconf 68' lang='lat' dir='ltr'><strong>Audi</strong></span> <span class='ocrx_word' id='word_1_694' title='bbox 2408 3179 2583 3236; x_wconf 90' lang='lat' dir='ltr'><strong>adhuc</strong></span> <span class='ocrx_word' id='word_1_695' title='bbox 2608 3183 2734 3253; x_wconf 92' lang='lat' dir='ltr'><strong>quid</strong></span> <span class='ocrx_word' id='word_1_696' title='bbox 2776 3184 2922 3253; x_wconf 80' lang='lat' dir='ltr'><strong>dicat</strong></span> <span class='ocrx_word' id='word_1_697' title='bbox 2960 3187 3015 3243; x_wconf 91' lang='lat' dir='ltr'><strong>in</strong></span> <span class='ocrx_word' id='word_1_698' title='bbox 3058 3189 3198 3248; x_wconf 89' lang='lat' dir='ltr'><strong>libro</strong></span> <span class='ocrx_word' id='word_1_699' title='bbox 3224 3208 3385 3264; x_wconf 90' lang='lat' dir='ltr'><strong>quem</strong></span> <span class='ocrx_word' id='word_1_700' title='bbox 3423 3197 3640 3269; x_wconf 76' lang='lat' dir='ltr'><strong>scripsit</strong></span> 
     </span>
    </p>
   </div>
   <div class='ocr_carea' id='block_1_95' title="bbox 2048 3264 3634 3358">
    <p class='ocr_par' dir='ltr' id='par_1_95' title="bbox 2048 3264 3634 3358">
     <span class='ocr_line' id='line_1_95' title="bbox 2048 3264 3634 3358; baseline 0.015 -38"><span class='ocrx_word' id='word_1_701' title='bbox 2048 3264 2116 3321; x_wconf 85' lang='lat' dir='ltr'><strong>de</strong></span> <span class='ocrx_word' id='word_1_702' title='bbox 2143 3266 2410 3358; x_wconf 86' lang='lat' dir='ltr'><strong>Paradiso</strong></span> <span class='ocrx_word' id='word_1_703' title='bbox 2444 3269 2639 3343; x_wconf 82' lang='lat' dir='ltr'><strong>(Capp.</strong></span> <span class='ocrx_word' id='word_1_704' title='bbox 2674 3274 2734 3328; x_wconf 78' lang='lat' dir='ltr'><strong>ll</strong></span> <span class='ocrx_word' id='word_1_705' title='bbox 2766 3283 2812 3329; x_wconf 86' lang='lat' dir='ltr'><strong>et</strong></span> <span class='ocrx_word' id='word_1_706' title='bbox 2842 3275 2966 3346; x_wconf 75' lang='grc'><strong>12).</strong></span> <span class='ocrx_word' id='word_1_707' title='bbox 3000 3296 3021 3330; x_wconf 72' lang='grc' dir='ltr'><strong>ι</strong></span> <span class='ocrx_word' id='word_1_708' title='bbox 3049 3277 3299 3339; x_wconf 85' lang='lat' dir='ltr'><strong>Fortasse</strong></span> <span class='ocrx_word' id='word_1_709' title='bbox 3319 3323 3337 3350; x_wconf 93' lang='lat'><strong>,</strong></span> <span class='ocrx_word' id='word_1_710' title='bbox 3365 3301 3388 3338; x_wconf 75' lang='grc' dir='ltr'><strong>ι</strong></span> <span class='ocrx_word' id='word_1_711' title='bbox 3432 3264 3634 3358; x_wconf 79' lang='lat' dir='ltr'><strong>inquit,</strong></span> 
     </span>
    </p>
   </div>
   <div class='ocr_carea' id='block_1_96' title="bbox 2052 3357 3638 3451">
    <p class='ocr_par' dir='ltr' id='par_1_96' title="bbox 2052 3357 3638 3451">
     <span class='ocr_line' id='line_1_96' title="bbox 2052 3357 3638 3451; baseline 0.018 -44"><span class='ocrx_word' id='word_1_712' title='bbox 2052 3375 2071 3407; x_wconf 69' lang='grc' dir='ltr'><strong>ι</strong></span> <span class='ocrx_word' id='word_1_713' title='bbox 2102 3357 2221 3413; x_wconf 89' lang='lat' dir='ltr'><strong>ideo</strong></span> <span class='ocrx_word' id='word_1_714' title='bbox 2261 3359 2393 3414; x_wconf 89' lang='lat' dir='ltr'><strong>dixit</strong></span> <span class='ocrx_word' id='word_1_715' title='bbox 2423 3361 2651 3430; x_wconf 88' lang='lat' dir='ltr'><strong>Paulus,</strong></span> <span class='ocrx_word' id='word_1_716' title='bbox 2688 3364 2815 3433; x_wconf 65' lang='lat' dir='ltr'><strong>Qua</strong></span> <span class='ocrx_word' id='word_1_717' title='bbox 2837 3383 2939 3421; x_wconf 80' lang='lat' dir='ltr'><strong>non</strong></span> <span class='ocrx_word' id='word_1_718' title='bbox 2961 3369 3074 3423; x_wconf 79' lang='lat' dir='ltr'><strong>licet</strong></span> <span class='ocrx_word' id='word_1_719' title='bbox 3099 3370 3294 3427; x_wconf 80' lang='lat' dir='ltr'><strong>homini</strong></span> <span class='ocrx_word' id='word_1_720' title='bbox 3335 3357 3519 3448; x_wconf 68' lang='lat' dir='ltr'><strong>loquir</strong></span> <span class='ocrx_word' id='word_1_721' title='bbox 3551 3378 3638 3451; x_wconf 87' lang='lat' dir='ltr'><strong>(ll</strong></span> 
     </span>
    </p>
   </div>
   <div class='ocr_carea' id='block_1_97' title="bbox 2048 3446 3632 3536">
    <p class='ocr_par' dir='ltr' id='par_1_97' title="bbox 2048 3446 3632 3536">
     <span class='ocr_line' id='line_1_97' title="bbox 2048 3446 3632 3536; baseline 0.015 -34"><span class='ocrx_word' id='word_1_722' title='bbox 2048 3446 2165 3504; x_wconf 82' lang='lat' dir='ltr'><strong>Cor.</strong></span> <span class='ocrx_word' id='word_1_723' title='bbox 2201 3466 2297 3517; x_wconf 83' lang='lat' dir='ltr'><strong>xu,</strong></span> <span class='ocrx_word' id='word_1_724' title='bbox 2329 3451 2407 3521; x_wconf 69' lang='grc'><strong>4),</strong></span> <span class='ocrx_word' id='word_1_725' title='bbox 2433 3471 2455 3505; x_wconf 71' lang='grc' dir='ltr'><strong>ι</strong></span> <span class='ocrx_word' id='word_1_726' title='bbox 2489 3455 2613 3524; x_wconf 88' lang='lat' dir='ltr'><strong>quia</strong></span> <span class='ocrx_word' id='word_1_727' title='bbox 2641 3466 2756 3510; x_wconf 88' lang='lat' dir='ltr'><strong>erat</strong></span> <span class='ocrx_word' id='word_1_728' title='bbox 2770 3458 3011 3514; x_wconf 88' lang='lat' dir='ltr'><strong>adhucin</strong></span> <span class='ocrx_word' id='word_1_729' title='bbox 3028 3475 3256 3534; x_wconf 79' lang='lat' dir='ltr'><strong>corpore</strong></span> <span class='ocrx_word' id='word_1_730' title='bbox 3283 3446 3632 3536; x_wconf 81' lang='lat' dir='ltr'><strong>constitutus,</strong></span> 
     </span>
    </p>
   </div>
   <div class='ocr_carea' id='block_1_98' title="bbox 2050 3538 3636 3623">
    <p class='ocr_par' dir='ltr' id='par_1_98' title="bbox 2050 3538 3636 3623">
     <span class='ocr_line' id='line_1_98' title="bbox 2050 3538 3636 3623; baseline 0.017 -32"><span class='ocrx_word' id='word_1_731' title='bbox 2050 3538 2150 3593; x_wconf 88' lang='lat' dir='ltr'><strong>hoc</strong></span> <span class='ocrx_word' id='word_1_732' title='bbox 2176 3548 2277 3605; x_wconf 84' lang='lat' dir='ltr'><strong>est,</strong></span> <span class='ocrx_word' id='word_1_733' title='bbox 2310 3541 2523 3599; x_wconf 85' lang='lat' dir='ltr'><strong>videbat</strong></span> <span class='ocrx_word' id='word_1_734' title='bbox 2548 3545 2700 3601; x_wconf 88' lang='lat' dir='ltr'><strong>istius</strong></span> <span class='ocrx_word' id='word_1_735' title='bbox 2724 3550 2968 3619; x_wconf 82' lang='lat' dir='ltr'><strong>corporis</strong></span> <span class='ocrx_word' id='word_1_736' title='bbox 2993 3553 3286 3623; x_wconf 82' lang='lat' dir='ltr'><strong>passiones,</strong></span> <span class='ocrx_word' id='word_1_737' title='bbox 3317 3557 3530 3616; x_wconf 81' lang='lat' dir='ltr'><strong>videbat</strong></span> <span class='ocrx_word' id='word_1_738' title='bbox 3552 3561 3636 3619; x_wconf 86' lang='lat' dir='ltr'><strong>le-</strong></span> 
     </span>
    </p>
   </div>
   <div class='ocr_carea' id='block_1_99' title="bbox 2045 3633 3638 3714">
    <p class='ocr_par' dir='ltr' id='par_1_99' title="bbox 2045 3633 3638 3714">
     <span class='ocr_line' id='line_1_99' title="bbox 2045 3633 3638 3714; baseline 0.015 -29"><span class='ocrx_word' id='word_1_739' title='bbox 2045 3645 2162 3701; x_wconf 89' lang='lat' dir='ltr'><strong>gem</strong></span> <span class='ocrx_word' id='word_1_740' title='bbox 2186 3633 2364 3687; x_wconf 81' lang='lat' dir='ltr'><strong>carnis</strong></span> <span class='ocrx_word' id='word_1_741' title='bbox 2388 3649 2499 3690; x_wconf 62' lang='lat' dir='ltr'><strong>suae</strong></span> <span class='ocrx_word' id='word_1_742' title='bbox 2523 3649 2905 3707; x_wconf 86' lang='lat' dir='ltr'><strong>repugnantem</strong></span> <span class='ocrx_word' id='word_1_743' title='bbox 2928 3642 3030 3714; x_wconf 89' lang='lat' dir='ltr'><strong>legi</strong></span> <span class='ocrx_word' id='word_1_744' title='bbox 3054 3647 3246 3702; x_wconf 88' lang='lat' dir='ltr'><strong>mentis</strong></span> <span class='ocrx_word' id='word_1_745' title='bbox 3269 3663 3401 3705; x_wconf 65' lang='lat' dir='ltr'><strong>sum.</strong></span> <span class='ocrx_word' id='word_1_746' title='bbox 3427 3668 3449 3703; x_wconf 75' lang='grc' dir='ltr'><strong>ι</strong></span> <span class='ocrx_word' id='word_1_747' title='bbox 3477 3650 3638 3708; x_wconf 85' lang='lat' dir='ltr'><strong>Item-</strong></span> 
     </span>
    </p>
   </div>
   <div class='ocr_carea' id='block_1_100' title="bbox 2046 3723 3635 3810">
    <p class='ocr_par' dir='ltr' id='par_1_100' title="bbox 2046 3723 3635 3810">
     <span class='ocr_line' id='line_1_100' title="bbox 2046 3723 3635 3810; baseline 0.016 -36"><span class='ocrx_word' id='word_1_748' title='bbox 2046 3738 2150 3791; x_wconf 91' lang='lat' dir='ltr'><strong>que</strong></span> <span class='ocrx_word' id='word_1_749' title='bbox 2176 3723 2227 3777; x_wconf 89' lang='lat' dir='ltr'><strong>in</strong></span> <span class='ocrx_word' id='word_1_750' title='bbox 2254 3724 2442 3780; x_wconf 90' lang='lat' dir='ltr'><strong>eodem</strong></span> <span class='ocrx_word' id='word_1_751' title='bbox 2469 3744 2482 3779; x_wconf 88' lang='lat'><strong>:</strong></span> <span class='ocrx_word' id='word_1_752' title='bbox 2515 3744 2534 3778; x_wconf 72' lang='grc' dir='ltr'><strong>ι</strong></span> <span class='ocrx_word' id='word_1_753' title='bbox 2563 3726 2694 3782; x_wconf 88' lang='lat' dir='ltr'><strong>Cum</strong></span> <span class='ocrx_word' id='word_1_754' title='bbox 2720 3730 2880 3796; x_wconf 89' lang='lat' dir='ltr'><strong>dicit,</strong></span> <span class='ocrx_word' id='word_1_755' title='bbox 2912 3752 2932 3786; x_wconf 77' lang='grc' dir='ltr'><strong>ι</strong></span> <span class='ocrx_word' id='word_1_756' title='bbox 2965 3733 3172 3806; x_wconf 84' lang='lat' dir='ltr'><strong>inquit,</strong></span> <span class='ocrx_word' id='word_1_757' title='bbox 3205 3755 3225 3790; x_wconf 71' lang='grc' dir='ltr'><em>α</em></span> <span class='ocrx_word' id='word_1_758' title='bbox 3253 3739 3635 3810; x_wconf 82' lang='lat' dir='ltr'><strong>sapientiorem</strong></span> 
     </span>
    </p>
   </div>
   <div class='ocr_carea' id='block_1_101' title="bbox 2045 3819 3638 3901">
    <p class='ocr_par' dir='ltr' id='par_1_101' title="bbox 2045 3819 3638 3901">
     <span class='ocr_line' id='line_1_101' title="bbox 2045 3819 3638 3901; baseline 0.016 -32"><span class='ocrx_word' id='word_1_759' title='bbox 2045 3826 2371 3886; x_wconf 89' lang='lat' dir='ltr'><strong>serpentem,</strong></span> <span class='ocrx_word' id='word_1_760' title='bbox 2402 3819 2655 3891; x_wconf 84' lang='lat' dir='ltr'><strong>intelligis</strong></span> <span class='ocrx_word' id='word_1_761' title='bbox 2682 3839 2842 3892; x_wconf 89' lang='lat' dir='ltr'><strong>quem</strong></span> <span class='ocrx_word' id='word_1_762' title='bbox 2868 3827 3130 3898; x_wconf 89' lang='lat' dir='ltr'><strong>loquatur,</strong></span> <span class='ocrx_word' id='word_1_763' title='bbox 3157 3830 3208 3885; x_wconf 92' lang='lat' dir='ltr'><strong>id</strong></span> <span class='ocrx_word' id='word_1_764' title='bbox 3234 3841 3339 3901; x_wconf 87' lang='lat' dir='ltr'><strong>est,</strong></span> <span class='ocrx_word' id='word_1_765' title='bbox 3368 3834 3516 3891; x_wconf 89' lang='lat' dir='ltr'><strong>illum</strong></span> <span class='ocrx_word' id='word_1_766' title='bbox 3540 3839 3638 3894; x_wconf 59' lang='lat' dir='ltr'><strong>ad.</strong></span> 
     </span>
    </p>
   </div>
   <div class='ocr_carea' id='block_1_102' title="bbox 2046 3908 3635 3993">
    <p class='ocr_par' dir='ltr' id='par_1_102' title="bbox 2046 3908 3635 3993">
     <span class='ocr_line' id='line_1_102' title="bbox 2046 3908 3635 3993; baseline 0.015 -34"><span class='ocrx_word' id='word_1_767' title='bbox 2046 3908 2340 3967; x_wconf 74' lang='lat' dir='ltr'><strong>versarium</strong></span> <span class='ocrx_word' id='word_1_768' title='bbox 2372 3920 2645 3979; x_wconf 89' lang='lat' dir='ltr'><strong>nostrum,</strong></span> <span class='ocrx_word' id='word_1_769' title='bbox 2672 3915 2762 3983; x_wconf 88' lang='lat' dir='ltr'><strong>qui</strong></span> <span class='ocrx_word' id='word_1_770' title='bbox 2793 3924 2969 3971; x_wconf 88' lang='lat' dir='ltr'><strong>tamen</strong></span> <span class='ocrx_word' id='word_1_771' title='bbox 3001 3918 3164 3975; x_wconf 88' lang='lat' dir='ltr'><strong>habet</strong></span> <span class='ocrx_word' id='word_1_772' title='bbox 3189 3923 3504 3993; x_wconf 86' lang='lat' dir='ltr'><strong>sapientiam</strong></span> <span class='ocrx_word' id='word_1_773' title='bbox 3531 3926 3635 3983; x_wconf 87' lang='lat' dir='ltr'><strong>htt-</strong></span> 
     </span>
    </p>
   </div>
   <div class='ocr_carea' id='block_1_103' title="bbox 2042 3994 3635 4079">
    <p class='ocr_par' dir='ltr' id='par_1_103' title="bbox 2042 3994 3635 4079">
     <span class='ocr_line' id='line_1_103' title="bbox 2042 3994 3635 4079; baseline 0.017 -30"><span class='ocrx_word' id='word_1_774' title='bbox 2042 3994 2131 4066; x_wconf 85' lang='lat' dir='ltr'><strong>jus</strong></span> <span class='ocrx_word' id='word_1_775' title='bbox 2153 3999 2358 4052; x_wconf 91' lang='lat' dir='ltr'><strong>mundi.</strong></span> <span class='ocrx_word' id='word_1_776' title='bbox 2386 3999 2489 4055; x_wconf 87' lang='lat' dir='ltr'><strong>Sed</strong></span> <span class='ocrx_word' id='word_1_777' title='bbox 2518 4010 2574 4057; x_wconf 91' lang='lat' dir='ltr'><strong>et</strong></span> <span class='ocrx_word' id='word_1_778' title='bbox 2603 4004 2850 4074; x_wconf 85' lang='lat' dir='ltr'><strong>voluptas</strong></span> <span class='ocrx_word' id='word_1_779' title='bbox 2877 4018 3039 4079; x_wconf 89' lang='lat' dir='ltr'><strong>atque</strong></span> <span class='ocrx_word' id='word_1_780' title='bbox 3066 4011 3353 4070; x_wconf 89' lang='lat' dir='ltr'><strong>delectatio</strong></span> <span class='ocrx_word' id='word_1_781' title='bbox 3377 4015 3517 4075; x_wconf 88' lang='lat' dir='ltr'><strong>bene</strong></span> <span class='ocrx_word' id='word_1_782' title='bbox 3544 4034 3635 4075; x_wconf 84' lang='lat' dir='ltr'><strong>sa-</strong></span> 
     </span>
    </p>
   </div>
   <div class='ocr_carea' id='block_1_104' title="bbox 2046 4088 3634 4180">
    <p class='ocr_par' dir='ltr' id='par_1_104' title="bbox 2046 4088 3634 4180">
     <span class='ocr_line' id='line_1_104' title="bbox 2046 4088 3634 4180; baseline 0.018 -39"><span class='ocrx_word' id='word_1_783' title='bbox 2046 4088 2197 4180; x_wconf 87' lang='lat' dir='ltr'><strong>piens</strong></span> <span class='ocrx_word' id='word_1_784' title='bbox 2238 4090 2461 4157; x_wconf 89' lang='lat' dir='ltr'><strong>dicitur;</strong></span> <span class='ocrx_word' id='word_1_785' title='bbox 2509 4093 2633 4164; x_wconf 90' lang='lat' dir='ltr'><strong>quia</strong></span> <span class='ocrx_word' id='word_1_786' title='bbox 2677 4105 2733 4152; x_wconf 90' lang='lat' dir='ltr'><strong>et</strong></span> <span class='ocrx_word' id='word_1_787' title='bbox 2770 4101 2947 4155; x_wconf 86' lang='lat' dir='ltr'><strong>carnis</strong></span> <span class='ocrx_word' id='word_1_788' title='bbox 2989 4105 3292 4174; x_wconf 75' lang='lat' dir='ltr'><strong>appellatur</strong></span> <span class='ocrx_word' id='word_1_789' title='bbox 3327 4110 3634 4180; x_wconf 85' lang='lat' dir='ltr'><strong>sapientia:</strong></span> 
     </span>
    </p>
   </div>
   <div class='ocr_carea' id='block_1_105' title="bbox 2044 4179 3639 4264">
    <p class='ocr_par' dir='ltr' id='par_1_105' title="bbox 2044 4179 3639 4264">
     <span class='ocr_line' id='line_1_105' title="bbox 2044 4179 3639 4264; baseline 0.018 -31"><span class='ocrx_word' id='word_1_790' title='bbox 2044 4179 2184 4234; x_wconf 80' lang='lat' dir='ltr'><strong>sicut</strong></span> <span class='ocrx_word' id='word_1_791' title='bbox 2222 4180 2421 4249; x_wconf 85' lang='lat' dir='ltr'><strong>habes,</strong></span> <span class='ocrx_word' id='word_1_792' title='bbox 2468 4184 2602 4249; x_wconf 78' lang='lat' dir='ltr'><strong>Quia</strong></span> <span class='ocrx_word' id='word_1_793' title='bbox 2628 4188 2877 4256; x_wconf 81' lang='lat' dir='ltr'><strong>sapientia</strong></span> <span class='ocrx_word' id='word_1_794' title='bbox 2919 4193 3073 4264; x_wconf 77' lang='lat' dir='ltr'><strong>hujus</strong></span> <span class='ocrx_word' id='word_1_795' title='bbox 3109 4198 3278 4252; x_wconf 77' lang='lat' dir='ltr'><strong>carnis</strong></span> <span class='ocrx_word' id='word_1_796' title='bbox 3322 4179 3527 4257; x_wconf 76' lang='lat' dir='ltr'><strong>inimica</strong></span> <span class='ocrx_word' id='word_1_797' title='bbox 3566 4215 3639 4261; x_wconf 77' lang='lat' dir='ltr'><strong>eu</strong></span> 
     </span>
    </p>
   </div>
   <div class='ocr_carea' id='block_1_106' title="bbox 2044 4266 3633 4353">
    <p class='ocr_par' dir='ltr' id='par_1_106' title="bbox 2044 4266 3633 4353">
     <span class='ocr_line' id='line_1_106' title="bbox 2044 4266 3633 4353; baseline 0.019 -33"><span class='ocrx_word' id='word_1_798' title='bbox 2044 4266 2154 4325; x_wconf 87' lang='lat' dir='ltr'><strong>Deo</strong></span> <span class='ocrx_word' id='word_1_799' title='bbox 2176 4288 2195 4321; x_wconf 75' lang='grc' dir='ltr'><strong>ι</strong></span> <span class='ocrx_word' id='word_1_800' title='bbox 2222 4270 2397 4343; x_wconf 81' lang='lat' dir='ltr'><strong>(Rom.</strong></span> <span class='ocrx_word' id='word_1_801' title='bbox 2431 4290 2545 4342; x_wconf 81' lang='lat' dir='ltr'><strong>\‘lll,</strong></span> <span class='ocrx_word' id='word_1_802' title='bbox 2575 4276 2650 4345; x_wconf 88' lang='lat'><strong>7).</strong></span> <span class='ocrx_word' id='word_1_803' title='bbox 2675 4296 2694 4329; x_wconf 71' lang='grc' dir='ltr'><strong>ο</strong></span> <span class='ocrx_word' id='word_1_804' title='bbox 2720 4280 2781 4332; x_wconf 65' lang='lat' dir='ltr'><strong>fit</strong></span> <span class='ocrx_word' id='word_1_805' title='bbox 2796 4281 2862 4335; x_wconf 90' lang='lat' dir='ltr'><strong>ad</strong></span> <span class='ocrx_word' id='word_1_806' title='bbox 2881 4284 3633 4353; x_wconf 81' lang='lat' dir='ltr'><strong>exquirendadelectationum</strong></span> 
     </span>
    </p>
   </div>
   <div class='ocr_carea' id='block_1_107' title="bbox 2042 4365 3632 4454">
    <p class='ocr_par' dir='ltr' id='par_1_107' title="bbox 2042 4365 3632 4454">
     <span class='ocr_line' id='line_1_107' title="bbox 2042 4365 3632 4454; baseline 0.018 -40"><span class='ocrx_word' id='word_1_807' title='bbox 2042 4373 2239 4430; x_wconf 80' lang='lat' dir='ltr'><strong>genera</strong></span> <span class='ocrx_word' id='word_1_808' title='bbox 2273 4365 2435 4419; x_wconf 89' lang='lat' dir='ltr'><strong>astuti</strong></span> <span class='ocrx_word' id='word_1_809' title='bbox 2480 4378 2635 4432; x_wconf 89' lang='lat' dir='ltr'><strong>sunt,</strong></span> <span class='ocrx_word' id='word_1_810' title='bbox 2667 4370 2756 4439; x_wconf 90' lang='lat' dir='ltr'><strong>qui</strong></span> <span class='ocrx_word' id='word_1_811' title='bbox 2783 4383 3096 4442; x_wconf 83' lang='lat' dir='ltr'><strong>appetentes</strong></span> <span class='ocrx_word' id='word_1_812' title='bbox 3127 4389 3252 4434; x_wconf 91' lang='lat' dir='ltr'><strong>sunt</strong></span> <span class='ocrx_word' id='word_1_813' title='bbox 3280 4382 3632 4454; x_wconf 82' lang='lat' dir='ltr'><strong>voluptatum.</strong></span> 
     </span>
    </p>
   </div>
   <div class='ocr_carea' id='block_1_108' title="bbox 2043 4451 3636 4550">
    <p class='ocr_par' dir='ltr' id='par_1_108' title="bbox 2043 4451 3636 4550">
     <span class='ocr_line' id='line_1_108' title="bbox 2043 4451 3636 4550; baseline 0.014 -43"><span class='ocrx_word' id='word_1_814' title='bbox 2043 4451 2167 4550; x_wconf 51' lang='lat' dir='ltr'><strong>Sive</strong></span> <span class='ocrx_word' id='word_1_815' title='bbox 2193 4469 2352 4550; x_wconf 67' lang='lat' dir='ltr'><strong>ergo,</strong></span> <span class='ocrx_word' id='word_1_816' title='bbox 2385 4476 2418 4550; x_wconf 57' lang='lat' dir='ltr'><strong>r</strong></span> <span class='ocrx_word' id='word_1_817' title='bbox 2443 4458 2647 4550; x_wconf 82' lang='lat' dir='ltr'><strong>inquit,</strong></span> <span class='ocrx_word' id='word_1_818' title='bbox 2685 4480 2703 4514; x_wconf 75' lang='grc' dir='ltr'><strong>ι</strong></span> <span class='ocrx_word' id='word_1_819' title='bbox 2727 4462 3135 4524; x_wconf 88' lang='lat' dir='ltr'><strong>delectationem</strong></span> <span class='ocrx_word' id='word_1_820' title='bbox 3166 4451 3454 4546; x_wconf 74' lang='lat' dir='ltr'><strong>intelligas,</strong></span> <span class='ocrx_word' id='word_1_821' title='bbox 3483 4493 3636 4550; x_wconf 67' lang='lat' dir='ltr'><strong>qum-</strong></span> 
     </span>
    </p>
   </div>
   <div class='ocr_carea' id='block_1_109' title="bbox 2043 4541 3634 4624">
    <p class='ocr_par' dir='ltr' id='par_1_109' title="bbox 2043 4541 3634 4624">
     <span class='ocr_line' id='line_1_109' title="bbox 2043 4541 3634 4624; baseline 0.018 -27"><span class='ocrx_word' id='word_1_822' title='bbox 2043 4541 2165 4598; x_wconf 87' lang='lat' dir='ltr'><strong>dam</strong></span> <span class='ocrx_word' id='word_1_823' title='bbox 2193 4549 2277 4599; x_wconf 89' lang='lat' dir='ltr'><strong>est</strong></span> <span class='ocrx_word' id='word_1_824' title='bbox 2314 4546 2496 4601; x_wconf 86' lang='lat' dir='ltr'><strong>divino</strong></span> <span class='ocrx_word' id='word_1_825' title='bbox 2524 4547 2746 4607; x_wconf 76' lang='lat' dir='ltr'><strong>adversa</strong></span> <span class='ocrx_word' id='word_1_826' title='bbox 2776 4555 3059 4623; x_wconf 89' lang='lat' dir='ltr'><strong>mandato,</strong></span> <span class='ocrx_word' id='word_1_827' title='bbox 3109 4567 3165 4619; x_wconf 85' lang='lat' dir='ltr'><strong>et</strong></span> <span class='ocrx_word' id='word_1_828' title='bbox 3203 4541 3417 4619; x_wconf 75' lang='lat' dir='ltr'><strong>inimica</strong></span> <span class='ocrx_word' id='word_1_829' title='bbox 3438 4541 3634 4624; x_wconf 69' lang='lat' dir='ltr'><strong>sensi-</strong></span> 
     </span>
    </p>
   </div>
   <div class='ocr_carea' id='block_1_110' title="bbox 2043 4632 3637 4728">
    <p class='ocr_par' dir='ltr' id='par_1_110' title="bbox 2043 4632 3637 4728">
     <span class='ocr_line' id='line_1_110' title="bbox 2043 4632 3637 4728; baseline 0.016 -40"><span class='ocrx_word' id='word_1_830' title='bbox 2043 4632 2143 4689; x_wconf 88' lang='lat' dir='ltr'><strong>bus</strong></span> <span class='ocrx_word' id='word_1_831' title='bbox 2160 4637 2538 4695; x_wconf 88' lang='lat' dir='ltr'><strong>nostris.Unde</strong></span> <span class='ocrx_word' id='word_1_832' title='bbox 2551 4654 2769 4697; x_wconf 89' lang='lat' dir='ltr'><strong>sanctus</strong></span> <span class='ocrx_word' id='word_1_833' title='bbox 2784 4642 3011 4701; x_wconf 79' lang='lat' dir='ltr'><strong>Paulus&#39;</strong></span> <span class='ocrx_word' id='word_1_834' title='bbox 3026 4649 3122 4716; x_wconf 89' lang='lat' dir='ltr'><strong>ait,</strong></span> <span class='ocrx_word' id='word_1_835' title='bbox 3135 4648 3293 4706; x_wconf 81' lang='lat' dir='ltr'><strong>Video</strong></span> <span class='ocrx_word' id='word_1_836' title='bbox 3305 4655 3461 4712; x_wconf 80' lang='lat' dir='ltr'><strong>aliam</strong></span> <span class='ocrx_word' id='word_1_837' title='bbox 3476 4657 3637 4728; x_wconf 81' lang='lat' dir='ltr'><strong>legem</strong></span> 
     </span>
    </p>
   </div>
   <div class='ocr_carea' id='block_1_111' title="bbox 2044 4725 3632 4818">
    <p class='ocr_par' dir='ltr' id='par_1_111' title="bbox 2044 4725 3632 4818">
     <span class='ocr_line' id='line_1_111' title="bbox 2044 4725 3632 4818; baseline 0.017 -40"><span class='ocrx_word' id='word_1_838' title='bbox 2044 4725 2095 4779; x_wconf 79' lang='lat' dir='ltr'><strong>in</strong></span> <span class='ocrx_word' id='word_1_839' title='bbox 2117 4728 2350 4783; x_wconf 79' lang='lat' dir='ltr'><strong>membris</strong></span> <span class='ocrx_word' id='word_1_840' title='bbox 2377 4733 2517 4795; x_wconf 80' lang='lat' dir='ltr'><strong>meis,</strong></span> <span class='ocrx_word' id='word_1_841' title='bbox 2535 4748 2899 4804; x_wconf 70' lang='lat' dir='ltr'><strong>repugnantem</strong></span> <span class='ocrx_word' id='word_1_842' title='bbox 2913 4739 3014 4810; x_wconf 83' lang='lat' dir='ltr'><strong>legi</strong></span> <span class='ocrx_word' id='word_1_843' title='bbox 3028 4742 3208 4797; x_wconf 80' lang='lat' dir='ltr'><strong>mentis</strong></span> <span class='ocrx_word' id='word_1_844' title='bbox 3218 4760 3360 4808; x_wconf 67' lang='lat' dir='ltr'><strong>ruere,</strong></span> <span class='ocrx_word' id='word_1_845' title='bbox 3388 4756 3437 4802; x_wconf 83' lang='lat' dir='ltr'><strong>et</strong></span> <span class='ocrx_word' id='word_1_846' title='bbox 3466 4725 3632 4818; x_wconf 63' lang='lat' dir='ltr'><strong>capti-</strong></span> 
     </span>
    </p>
   </div>
   <div class='ocr_carea' id='block_1_112' title="bbox 2043 4818 3634 4905">
    <p class='ocr_par' dir='ltr' id='par_1_112' title="bbox 2043 4818 3634 4905">
     <span class='ocr_line' id='line_1_112' title="bbox 2043 4818 3634 4905; baseline 0.016 -35"><span class='ocrx_word' id='word_1_847' title='bbox 2043 4825 2239 4870; x_wconf 79' lang='lat' dir='ltr'><strong>vantem</strong></span> <span class='ocrx_word' id='word_1_848' title='bbox 2282 4833 2362 4871; x_wconf 86' lang='lat' dir='ltr'><strong>me</strong></span> <span class='ocrx_word' id='word_1_849' title='bbox 2396 4818 2447 4871; x_wconf 86' lang='lat' dir='ltr'><strong>t&#39;u</strong></span> <span class='ocrx_word' id='word_1_850' title='bbox 2492 4821 2602 4889; x_wconf 84' lang='lat' dir='ltr'><strong>lege</strong></span> <span class='ocrx_word' id='word_1_851' title='bbox 2646 4825 2841 4893; x_wconf 78' lang='lat' dir='ltr'><strong>peccati</strong></span> <span class='ocrx_word' id='word_1_852' title='bbox 2874 4845 2894 4878; x_wconf 73' lang='grc' dir='ltr'><strong>ι</strong></span> <span class='ocrx_word' id='word_1_853' title='bbox 2929 4826 2949 4895; x_wconf 89' lang='grc'>(</span> <span class='ocrx_word' id='word_1_854' title='bbox 2973 4826 3062 4883; x_wconf 83' lang='lat' dir='ltr'><strong>Id.</strong></span> <span class='ocrx_word' id='word_1_855' title='bbox 3093 4845 3198 4894; x_wconf 78' lang='lat' dir='ltr'><strong>vn,</strong></span> <span class='ocrx_word' id='word_1_856' title='bbox 3228 4832 3300 4887; x_wconf 74' lang='grc'><strong>23</strong></span> <span class='ocrx_word' id='word_1_857' title='bbox 3323 4834 3363 4905; x_wconf 88' lang='grc'><strong>).</strong></span> <span class='ocrx_word' id='word_1_858' title='bbox 3412 4838 3634 4904; x_wconf 80' lang='lat' dir='ltr'><strong>Qualem</strong></span> 
     </span>
    </p>
   </div>
   <div class='ocr_carea' id='block_1_113' title="bbox 2043 4908 3632 5001">
    <p class='ocr_par' dir='ltr' id='par_1_113' title="bbox 2043 4908 3632 5001">
     <span class='ocr_line' id='line_1_113' title="bbox 2043 4908 3632 5001; baseline 0.02 -43"><span class='ocrx_word' id='word_1_859' title='bbox 2043 4908 2368 4978; x_wconf 85' lang='lat' dir='ltr'><strong>voluptatein</strong></span> <span class='ocrx_word' id='word_1_860' title='bbox 2397 4912 2539 4965; x_wconf 87' lang='lat' dir='ltr'><strong>dicat</strong></span> <span class='ocrx_word' id='word_1_861' title='bbox 2560 4913 2663 4968; x_wconf 88' lang='lat' dir='ltr'><strong>hoc</strong></span> <span class='ocrx_word' id='word_1_862' title='bbox 2682 4915 2800 4970; x_wconf 86' lang='lat' dir='ltr'><strong>loco</strong></span> <span class='ocrx_word' id='word_1_863' title='bbox 2821 4918 2920 4971; x_wconf 89' lang='lat' dir='ltr'><strong>iste</strong></span> <span class='ocrx_word' id='word_1_864' title='bbox 2945 4919 3151 4987; x_wconf 88' lang='lat' dir='ltr'><strong>doctor,</strong></span> <span class='ocrx_word' id='word_1_865' title='bbox 3183 4924 3233 4978; x_wconf 92' lang='lat' dir='ltr'><strong>in</strong></span> <span class='ocrx_word' id='word_1_866' title='bbox 3256 4940 3505 4999; x_wconf 90' lang='lat' dir='ltr'><strong>promptu</strong></span> <span class='ocrx_word' id='word_1_867' title='bbox 3525 4944 3632 5001; x_wconf 88' lang='lat' dir='ltr'><strong>est,</strong></span> 
     </span>
    </p>
   </div>
   <div class='ocr_carea' id='block_1_114' title="bbox 2044 4997 3634 5082">
    <p class='ocr_par' dir='ltr' id='par_1_114' title="bbox 2044 4997 3634 5082">
     <span class='ocr_line' id='line_1_114' title="bbox 2044 4997 3634 5082; baseline 0.019 -32"><span class='ocrx_word' id='word_1_868' title='bbox 2044 4997 2165 5066; x_wconf 88' lang='lat' dir='ltr'><strong>quia</strong></span> <span class='ocrx_word' id='word_1_869' title='bbox 2196 5007 2251 5051; x_wconf 92' lang='lat' dir='ltr'><strong>ut</strong></span> <span class='ocrx_word' id='word_1_870' title='bbox 2276 4998 2715 5073; x_wconf 85' lang='lat' dir='ltr'><strong>intelligcrcmus,</strong></span> <span class='ocrx_word' id='word_1_871' title='bbox 2738 5005 2982 5078; x_wconf 74' lang='lat' dir='ltr'><strong>adhibuit</strong></span> <span class='ocrx_word' id='word_1_872' title='bbox 3004 5011 3244 5080; x_wconf 77' lang='lat' dir='ltr'><strong>Apostoli</strong></span> <span class='ocrx_word' id='word_1_873' title='bbox 3271 4997 3634 5082; x_wconf 78' lang='lat' dir='ltr'><strong>testimonium</strong></span> 
     </span>
    </p>
   </div>
   <div class='ocr_carea' id='block_1_115' title="bbox 2046 5088 3636 5185">
    <p class='ocr_par' dir='ltr' id='par_1_115' title="bbox 2046 5088 3636 5185">
     <span class='ocr_line' id='line_1_115' title="bbox 2046 5088 3636 5185; baseline 0.019 -44"><span class='ocrx_word' id='word_1_874' title='bbox 2046 5088 2271 5147; x_wconf 82' lang='lat' dir='ltr'><strong>dicentis</strong></span> <span class='ocrx_word' id='word_1_875' title='bbox 2291 5131 2307 5157; x_wconf 89' lang='lat'><strong>,</strong></span> <span class='ocrx_word' id='word_1_876' title='bbox 2358 5090 2515 5147; x_wconf 83' lang='lat' dir='ltr'><strong>Video</strong></span> <span class='ocrx_word' id='word_1_877' title='bbox 2545 5096 2700 5149; x_wconf 86' lang='lat' dir='ltr'><strong>aliam</strong></span> <span class='ocrx_word' id='word_1_878' title='bbox 2734 5097 2896 5168; x_wconf 86' lang='lat' dir='ltr'><strong>legem</strong></span> <span class='ocrx_word' id='word_1_879' title='bbox 2934 5102 2987 5155; x_wconf 86' lang='lat' dir='ltr'><strong>in</strong></span> <span class='ocrx_word' id='word_1_880' title='bbox 3016 5104 3431 5179; x_wconf 69' lang='lat' dir='ltr'><strong>membrismeis,</strong></span> <span class='ocrx_word' id='word_1_881' title='bbox 3477 5130 3636 5185; x_wconf 81' lang='lat' dir='ltr'><strong>repu-</strong></span> 
     </span>
    </p>
   </div>
   <div class='ocr_carea' id='block_1_116' title="bbox 2045 5183 3637 5278">
    <p class='ocr_par' dir='ltr' id='par_1_116' title="bbox 2045 5183 3637 5278">
     <span class='ocr_line' id='line_1_116' title="bbox 2045 5183 3637 5278; baseline 0.021 -47"><span class='ocrx_word' id='word_1_882' title='bbox 2045 5192 2283 5251; x_wconf 83' lang='lat' dir='ltr'><strong>gnantem</strong></span> <span class='ocrx_word' id='word_1_883' title='bbox 2320 5183 2418 5253; x_wconf 84' lang='lat' dir='ltr'><strong>legi</strong></span> <span class='ocrx_word' id='word_1_884' title='bbox 2460 5185 2640 5239; x_wconf 75' lang='lat' dir='ltr'><strong>mentis</strong></span> <span class='ocrx_word' id='word_1_885' title='bbox 2678 5204 2836 5255; x_wconf 67' lang='lat' dir='ltr'><strong>mea,</strong></span> <span class='ocrx_word' id='word_1_886' title='bbox 2875 5199 2925 5244; x_wconf 83' lang='lat' dir='ltr'><strong>et</strong></span> <span class='ocrx_word' id='word_1_887' title='bbox 2960 5194 3293 5263; x_wconf 77' lang='lat' dir='ltr'><strong>captivantem</strong></span> <span class='ocrx_word' id='word_1_888' title='bbox 3332 5217 3410 5257; x_wconf 83' lang='lat' dir='ltr'><strong>me</strong></span> <span class='ocrx_word' id='word_1_889' title='bbox 3444 5204 3498 5258; x_wconf 82' lang='lat' dir='ltr'><strong>in</strong></span> <span class='ocrx_word' id='word_1_890' title='bbox 3526 5183 3637 5278; x_wconf 73' lang='lat' dir='ltr'><strong>lege</strong></span> 
     </span>
    </p>
   </div>
   <div class='ocr_carea' id='block_1_117' title="bbox 2047 5273 3634 5366">
    <p class='ocr_par' dir='ltr' id='par_1_117' title="bbox 2047 5273 3634 5366">
     <span class='ocr_line' id='line_1_117' title="bbox 2047 5273 3634 5366; baseline 0.021 -43"><span class='ocrx_word' id='word_1_891' title='bbox 2047 5273 2257 5341; x_wconf 82' lang='lat' dir='ltr'><strong>peccati.</strong></span> <span class='ocrx_word' id='word_1_892' title='bbox 2291 5273 2415 5329; x_wconf 81' lang='lat' dir='ltr'><strong>llaec</strong></span> <span class='ocrx_word' id='word_1_893' title='bbox 2442 5284 2523 5330; x_wconf 89' lang='lat' dir='ltr'><strong>est</strong></span> <span class='ocrx_word' id='word_1_894' title='bbox 2554 5276 2801 5349; x_wconf 86' lang='lat' dir='ltr'><strong>voluptas</strong></span> <span class='ocrx_word' id='word_1_895' title='bbox 2840 5282 2927 5337; x_wconf 81' lang='lat' dir='ltr'><strong>illa</strong></span> <span class='ocrx_word' id='word_1_896' title='bbox 2955 5297 3200 5357; x_wconf 83' lang='lat' dir='ltr'><strong>suscepta</strong></span> <span class='ocrx_word' id='word_1_897' title='bbox 3242 5299 3359 5357; x_wconf 86' lang='lat' dir='ltr'><strong>tua,</strong></span> <span class='ocrx_word' id='word_1_898' title='bbox 3387 5273 3634 5366; x_wconf 77' lang='lat' dir='ltr'><strong>quamvis</strong></span> 
     </span>
    </p>
   </div>
   <div class='ocr_carea' id='block_1_118' title="bbox 2047 5363 3636 5456">
    <p class='ocr_par' dir='ltr' id='par_1_118' title="bbox 2047 5363 3636 5456">
     <span class='ocr_line' id='line_1_118' title="bbox 2047 5363 3636 5456; baseline 0.02 -40"><span class='ocrx_word' id='word_1_899' title='bbox 2047 5371 2101 5416; x_wconf 92' lang='lat' dir='ltr'><strong>et</strong></span> <span class='ocrx_word' id='word_1_900' title='bbox 2130 5370 2183 5416; x_wconf 90' lang='lat' dir='ltr'><strong>tu</strong></span> <span class='ocrx_word' id='word_1_901' title='bbox 2207 5363 2566 5432; x_wconf 89' lang='lat' dir='ltr'><strong>reprehendas</strong></span> <span class='ocrx_word' id='word_1_902' title='bbox 2583 5367 2698 5437; x_wconf 83' lang='lat' dir='ltr'><strong>ejus</strong></span> <span class='ocrx_word' id='word_1_903' title='bbox 2719 5386 3018 5430; x_wconf 83' lang='lat' dir='ltr'><strong>excessum.</strong></span> <span class='ocrx_word' id='word_1_904' title='bbox 3048 5368 3145 5433; x_wconf 88' lang='lat' dir='ltr'><strong>Ubi</strong></span> <span class='ocrx_word' id='word_1_905' title='bbox 3164 5381 3338 5449; x_wconf 82' lang='lat' dir='ltr'><strong>qualis</strong></span> <span class='ocrx_word' id='word_1_906' title='bbox 3358 5363 3449 5452; x_wconf 78' lang='lat' dir='ltr'><strong>sit,</strong></span> <span class='ocrx_word' id='word_1_907' title='bbox 3476 5390 3636 5456; x_wconf 86' lang='lat' dir='ltr'><strong>plane</strong></span> 
     </span>
    </p>
   </div>
   <div class='ocr_carea' id='block_1_119' title="bbox 2049 5450 3635 5535">
    <p class='ocr_par' dir='ltr' id='par_1_119' title="bbox 2049 5450 3635 5535">
     <span class='ocr_line' id='line_1_119' title="bbox 2049 5450 3635 5535; baseline 0.02 -32"><span class='ocrx_word' id='word_1_908' title='bbox 2049 5450 2268 5508; x_wconf 79' lang='lat' dir='ltr'><strong>fateris:</strong></span> <span class='ocrx_word' id='word_1_909' title='bbox 2304 5455 2397 5509; x_wconf 90' lang='lat' dir='ltr'><strong>sed</strong></span> <span class='ocrx_word' id='word_1_910' title='bbox 2440 5459 2601 5512; x_wconf 90' lang='lat' dir='ltr'><strong>tantis</strong></span> <span class='ocrx_word' id='word_1_911' title='bbox 2629 5460 2910 5517; x_wconf 82' lang='lat' dir='ltr'><strong>verborum</strong></span> <span class='ocrx_word' id='word_1_912' title='bbox 2941 5474 3271 5525; x_wconf 90' lang='lat' dir='ltr'><strong>ornamentis</strong></span> <span class='ocrx_word' id='word_1_913' title='bbox 3297 5489 3414 5529; x_wconf 88' lang='lat' dir='ltr'><strong>eam</strong></span> <span class='ocrx_word' id='word_1_914' title='bbox 3438 5450 3635 5535; x_wconf 77' lang='lat' dir='ltr'><strong>mede-</strong></span> 
     </span>
    </p>
   </div>
   <div class='ocr_carea' id='block_1_120' title="bbox 2047 5542 3634 5629">
    <p class='ocr_par' dir='ltr' id='par_1_120' title="bbox 2047 5542 3634 5629">
     <span class='ocr_line' id='line_1_120' title="bbox 2047 5542 3634 5629; baseline 0.02 -33"><span class='ocrx_word' id='word_1_915' title='bbox 2047 5550 2216 5596; x_wconf 87' lang='lat' dir='ltr'><strong>ratam</strong></span> <span class='ocrx_word' id='word_1_916' title='bbox 2244 5542 2486 5601; x_wconf 86' lang='lat' dir='ltr'><strong>defendis</strong></span> <span class='ocrx_word' id='word_1_917' title='bbox 2514 5558 2566 5602; x_wconf 89' lang='lat' dir='ltr'><strong>et</strong></span> <span class='ocrx_word' id='word_1_918' title='bbox 2606 5549 2825 5620; x_wconf 87' lang='lat' dir='ltr'><strong>laudas,</strong></span> <span class='ocrx_word' id='word_1_919' title='bbox 2874 5557 3025 5625; x_wconf 87' lang='lat' dir='ltr'><strong>quasi</strong></span> <span class='ocrx_word' id='word_1_920' title='bbox 3071 5560 3229 5616; x_wconf 86' lang='lat' dir='ltr'><strong>istum</strong></span> <span class='ocrx_word' id='word_1_921' title='bbox 3276 5566 3491 5624; x_wconf 87' lang='lat' dir='ltr'><strong>modum</strong></span> <span class='ocrx_word' id='word_1_922' title='bbox 3531 5574 3634 5629; x_wconf 74' lang='lat' dir='ltr'><strong>sibi</strong></span> 
     </span>
    </p>
   </div>
   <div class='ocr_carea' id='block_1_121' title="bbox 2115 5692 3073 5772">
    <p class='ocr_par' dir='ltr' id='par_1_121' title="bbox 2115 5692 3073 5772">
     <span class='ocr_line' id='line_1_121' title="bbox 2115 5692 3073 5772; baseline 0.019 -31"><span class='ocrx_word' id='word_1_923' title='bbox 2115 5692 2137 5772; x_wconf 61' lang='grc' dir='ltr'>ξ</span> <span class='ocrx_word' id='word_1_924' title='bbox 2371 5702 2485 5772; x_wconf 61' lang='lat' dir='ltr'><strong>iis,</strong></span> <span class='ocrx_word' id='word_1_925' title='bbox 2510 5696 2625 5772; x_wconf 62' lang='lat' dir='ltr'><strong>uitia</strong></span> <span class='ocrx_word' id='word_1_926' title='bbox 2643 5708 2805 5772; x_wconf 66' lang='lat' dir='ltr'><strong>nostra</strong></span> <span class='ocrx_word' id='word_1_927' title='bbox 2817 5712 2924 5757; x_wconf 76' lang='lat' dir='ltr'><strong>sum</strong></span> <span class='ocrx_word' id='word_1_928' title='bbox 2946 5718 3073 5772; x_wconf 56' lang='lat' dir='ltr'><strong>quer.</strong></span> 
     </span>
    </p>
   </div>
   <div class='ocr_carea' id='block_1_122' title="bbox 2114 5751 3489 5836">
    <p class='ocr_par' dir='ltr' id='par_1_122' title="bbox 2114 5751 3489 5836">
     <span class='ocr_line' id='line_1_122' title="bbox 2114 5751 3489 5836; baseline 0.023 -35"><span class='ocrx_word' id='word_1_929' title='bbox 2114 5751 2137 5782; x_wconf 79' lang='lat'><strong>&#39;</strong></span> <span class='ocrx_word' id='word_1_930' title='bbox 2166 5760 2215 5803; x_wconf 87' lang='lat' dir='ltr'><strong>tu</strong></span> <span class='ocrx_word' id='word_1_931' title='bbox 2240 5751 2589 5822; x_wconf 79' lang='lat' dir='ltr'><strong>manuscriptis,</strong></span> <span class='ocrx_word' id='word_1_932' title='bbox 2610 5751 2740 5813; x_wconf 80' lang='lat' dir='ltr'><strong>unde</strong></span> <span class='ocrx_word' id='word_1_933' title='bbox 2758 5751 3275 5836; x_wconf 54' lang='grc' dir='ltr'><strong>δώιὰᾶἔᾶἱῖξοηιιδεο.</strong></span> <span class='ocrx_word' id='word_1_934' title='bbox 3298 5780 3489 5833; x_wconf 72' lang='lat' dir='ltr'><strong>Paulus.</strong></span> 
     </span>
    </p>
   </div>
   <div class='ocr_carea' id='block_1_123' title="bbox 2660 5845 3153 5925">
    <p class='ocr_par' dir='ltr' id='par_1_123' title="bbox 2660 5845 3153 5925">
     <span class='ocr_line' id='line_1_123' title="bbox 2660 5845 3153 5925; baseline 0.014 -18"><span class='ocrx_word' id='word_1_935' title='bbox 2660 5851 2692 5923; x_wconf 82' lang='grc'><em>(’</em></span> <span class='ocrx_word' id='word_1_936' title='bbox 2707 5845 3153 5925; x_wconf 71' lang='lat' dir='ltr'><strong>l&#39;t&#39;ngt-dcuw.)</strong></span> 
     </span>
    </p>
   </div>
  </div>
