4088 6524
580 404 684 457 (“33

581 518 690 586 ipsa
733 515 1103 576 constituerit.
1147 526 1199 573 ct
1225 534 1327 573 non
1362 518 1582 587 spiritus
1620 520 1708 589 qui
1751 517 2009 573 adversus
2049 516 2166 585 ejus

580 612 836 684 impetum
874 615 1216 684 concupiscit.
1257 613 1528 668 Adversus
1567 629 1724 683 quem
1760 612 1967 668 lortiter
1993 612 2169 667 stahat

581 704 688 769 ille,
716 705 807 775 qui
826 704 1110 771 clamabat,
1145 703 1301 759 Video
1319 705 1475 759 aliam
1496 704 1653 775 legem
1679 704 1732 758 in
1758 701 1994 757 membris
2014 702 2165 766 meis,

580 804 943 868 repugnantem
964 796 1063 869 legi
1084 797 1261 851 mentis
1281 811 1421 853 inea.
1448 795 1555 851 Iste
1571 794 1914 866 repugnantis
1937 794 2167 863 impetus

578 889 621 941 si
664 887 892 954 laxetur,
925 888 978 942 in
1008 903 1126 959 qua:
1155 887 1443 942 declinabit
1487 886 1793 941 immunda?
1824 886 1876 940 in
1911 900 2029 956 qua:
2058 898 2164 939 non

580 978 854 1048 pertrahet
868 989 921 1035 et
948 980 1298 1051 pra-cipitabit
1317 981 1580 1049 abrupta?
1613 980 1805 1035 Verum
1835 994 1998 1042 nunc.
2022 977 2164 1048 quod

580 1071 758 1138 potius
778 1071 959 1137 instat,
992 1087 1119 1127 ecce
1149 1086 1256 1126 non
1282 1072 1576 1127 secundum
1611 1086 1705 1127 vos
1727 1071 2050 1141 quicumque
2073 1070 2168 1125 Ju-

577 1161 754 1229 dmus,
795 1162 891 1218 sed
922 1164 1213 1219 secundum
1256 1165 1464 1219 heatqu
1496 1165 1832 1219 Ambrosium
1872 1163 1939 1219 de
1964 1178 2024 1219 se
2050 1162 2167 1231 ipso

579 1253 779 1309 Paulus
801 1256 1075 1324 apostolus
1102 1256 1250 1322 dicit,
1290 1254 1445 1310 Video
1471 1257 1628 1310 aliam
1665 1255 1824 1327 legem
1850 1256 1903 1309 in
1932 1254 2168 1309 membris

580 1346 723 1409 meis,
750 1357 1115 1418 repugnantem
1143 1348 1241 1421 legi
1265 1349 1444 1403 utentia
1469 1363 1609 1411 metu,
1635 1357 1681 1402 et
1708 1349 2059 1418 captivantem
2087 1361 2167 1401 nu

575 1438 631 1493 in
656 1438 763 1511 lege
790 1441 999 1511 peccati.
1034 1442 1239 1495 Rursus
1266 1443 1317 1495 in
1344 1442 1532 1497 eodem
1561 1457 1725 1510 opere
1748 1442 1852 1495 alio
1878 1441 1996 1497 loco
2024 1440 2166 1495 idem

576 1529 804 1586 doctor:
839 1551 858 1584 ι
890 1532 1249 1603 lmpugnatur,
1275 1553 1295 1587 ι
1329 1535 1525 1604 inquit,
1560 1552 1581 1586 ι
1606 1534 1822 1597 Paulus,
1846 1543 1901 1588 et
1927 1534 2063 1587 videt
2092 1534 2167 1587 lc-

575 1639 697 1690 gem
739 1625 918 1681 carnis
961 1640 1072 1680 sua:
1125 1637 1506 1697 repugnantem
1557 1627 1657 1697 legi
1708 1627 1904 1681 utentis
1937 1641 2084 1690 suae,
2113 1633 2168 1679 et

576 1716 932 1784 captivantem
975 1731 1034 1771 se
1077 1716 1127 1770 in
1159 1716 1277 1787 lege
1317 1717 1552 1786 peccati;
1603 1733 1703 1771 nec
1729 1716 1797 1771 de
1837 1717 2165 1771 conscientia

574 1821 670 1862 sua
707 1806 1009 1877 pra'sumit,
1052 1808 1145 1862 sed
1180 1826 1272 1877 per
1300 1807 1496 1863 Christi
1525 1812 1753 1879 gratiam
1782 1808 1997 1862 conlidit
2041 1823 2101 1861 se
2134 1821 2163 1860 a

576 1898 765 1955 mortis
800 1914 1026 1969 corpore
1055 1900 1387 1956 liberandum
1419 1919 1433 1954 :
1462 1911 1518 1955 et
1544 1910 1598 1953 tu
1623 1914 1945 1969 quemquam
1974 1899 2165 1967 opina-

571 1990 647 2044 ris
675 1991 929 2060 scientem
973 2008 1081 2047 non
1114 2006 1270 2061 posse.
1312 1993 1570 2062 peccare?
1616 1992 1812 2045 Paulus
1845 1992 2007 2055 dicit,
2042 1990 2162 2044 Non

571 2082 710 2137 enim
736 2083 873 2151 quod
899 2084 1013 2138 uolo
1031 2085 1163 2154 facio
1183 2084 1399 2150 bonum;
1424 2083 1514 2137 sed
1526 2084 1660 2154 quod
1676 2083 1794 2135 nolo
1829 2083 2020 2135 malum
2039 2122 2054 2144 ,
2071 2082 2165 2134 hoc

571 2189 668 2243 ugo
687 2192 707 2226 ι
739 2174 757 2234 ί
764 2172 914 2228 Rom.
931 2190 1023 2240 vn,
1044 2174 1156 2245 l9):
1189 2192 1209 2226 ι
1235 2185 1361 2229 ettu
1386 2174 1662 2228 arbitraris
1681 2174 1877 2227 homini
1909 2174 2163 2241 prodesse

574 2265 873 2329 scientiam,
904 2280 1024 2334 quae
1051 2265 1232 2319 delicti
1260 2276 1450 2335 augeat
1477 2265 1767 2319 invidiam?
1794 2282 1814 2316 ι
1847 2264 2083 2333 Itemque
2110 2266 2161 2319 in

574 2355 691 2423 ipso
719 2370 881 2424 opere
908 2355 1046 2411 idem
1083 2354 1198 2425 ipse
1234 2356 1516 2426 cpiscopus
1555 2356 1620 2409 ad
1664 2370 1849 2408 omnes
1891 2372 1988 2410 nos
2027 2356 2164 2409 rele-

573 2461 702 2501 rcns
726 2445 1016 2514 eloquium,
1044 2461 1364 2517 causamque
1384 2462 1723 2502 communem
1743 2448 1929 2502 sedulo
1954 2463 2117 2517 agens
2146 2466 2159 2501 :

582 2537 897 2610 illcpugnat
921 2539 1067 2593 enim
1089 2538 1176 2594 lex
1200 2539 1437 2605 carnis,»
1476 2540 1661 2609 inquit,
1701 2558 1721 2591 ¢
1744 2540 1844 2609 legi
1873 2542 2083 2603 mentis,
2112 2550 2161 2595 et

572 2626 921 2685 laborandum
952 2630 1106 2685 nobis
1131 2640 1215 2685 est
1237 2646 1304 2687 ac
1326 2631 1693 2685 desudandum
1718 2673 1729 2694 ,
1761 2642 1815 2685 ut
1843 2632 2163 2700 castigemus

573 2736 771 2790 corpus
799 2732 852 2775 et
875 2724 1116 2777 servituti
1143 2724 1470 2792 redigamus,
1500 2733 1554 2778 ct
1583 2740 1703 2793 qua)
1725 2734 1848 2777 sunt
1868 2725 2159 2794 spiritualia

573 2814 936 2870 seminantis»
975 2813 1160 2886 (Capp.
1192 2815 1259 2870 12
1285 2826 1331 2867 et

649 2906 734 2960 M.
766 2904 822 2959 In
844 2907 950 2960 alio
978 2923 1188 2977 quoque
1216 2907 1348 2965 libro
1377 2923 1474 2960 suo
1495 2950 1509 2973 ,
1536 2907 1603 2962 de
1628 2906 1974 2963 Sacramento
2004 2923 2160 2979 rege-

582 2997 878 3052 nerationis
903 3037 920 3064 ,
952 2999 1036 3052 vel
1061 2999 1127 3053 de
1171 2998 1509 3068 Philosophia
1536 3014 1689 3068 quem
1722 2998 1934 3067 scﬁpsit
1958 3000 2053 3069 (α),
2086 2998 2157 3052 ita

575 3087 809 3159 loquitur
835 3106 849 3142 :
887 3089 1074 3142 (Beata
1095 3090 1249 3160 igitur
1278 3105 1419 3143 mors
1450 3106 1518 3156 qu
1538 3108 1565 3142 ιδ
1594 3104 1690 3144 nos
1719 3099 1937 3159 peccato
1979 3090 2155 3159 eripit,

573 3189 634 3235 ut
659 3179 914 3236 reformat
962 3181 1090 3236 Deo.
1129 3181 1231 3249 Qui
1252 3183 1408 3235 xenim
1441 3191 1667 3235 mortuus
1706 3192 1801 3245 est,
1842 3182 2159 3252 jnetiﬂcatns

571 3281 645 3327 est
677 3289 711 3325 a
734 3283 981 3343 peccato)
1012 3272 1185 3345 (Rom.
1214 3290 1286 3339 vi,
1315 3274 1394 3338 7).
1418 3292 1436 3324 ι
1459 3272 1723 3344 Numquid
1741 3283 1943 3327 natura:
1972 3273 2096 3340 line,
2133 3292 2154 3327 ο

572 3365 765 3436 inquit,
791 3382 812 3418 ι
859 3365 1179 3435 jnstilicatur
1204 3380 1237 3419 a
1280 3375 1498 3436 peccato
1525 3364 1761 3434 aliquis?
1788 3363 1904 3420 Non
1937 3366 2116 3434 utique
2141 3383 2154 3420 :

569 3456 820 3525 quoniam
844 3455 931 3527 qui
955 3466 1203 3527 peccator
1230 3456 1476 3523 moritur,
1507 3456 1559 3510 in
1585 3465 1803 3527 peccato
1832 3465 2044 3523 manet;
2068 3456 2159 3512 illo

568 3558 747 3604 autem
778 3549 1099 3617 justilicatur
1116 3565 1145 3604 a
1172 3560 1412 3623 peccato,
1440 3551 1527 3605 cui
1551 3565 1649 3623 per
1677 3550 2005 3619 Baptismum
2035 3564 2158 3620 pcc-

568 3651 686 3697 cata
716 3643 897 3697 omnia
948 3645 1310 3697 remittuntur.
1342 3660 1362 3696 ι
1397 3642 1643 3699 Habesne
1667 3642 1731 3696 ad
1763 3642 1861 3695 ista
1884 3642 2027 3713 quod
2076 3642 2157 3696 di-

566 3748 659 3791 cas
672 3735 698 3789 ?
723 3734 950 3791 Videsne
965 3736 1413 3807 quemadmodum
1434 3737 1755 3805 expresserit
1775 3736 1855 3789 vir
1873 3736 2155 3791 venerabi-

569 3828 659 3894 lis,
687 3829 737 3883 in
759 3828 1030 3899 Bnptismo
1059 3827 1171 3884 licri
1200 3828 1430 3883 hominis
1450 3836 1679 3883 mortem
1706 3830 1936 3893 beatam,
1958 3828 2046 3882 ubi
2071 3844 2156 3883 re-

568 3922 853 3975 mittuntur
876 3931 1089 3992 peccata
1110 3922 1333 3977 omnia?
1361 3921 1471 3978 Sed
1499 3922 1714 3977 attende
1746 3922 1911 3987 aliud,
1940 3922 2154 3978 attende

570 4012 714 4081 (mod
766 4027 872 4067 non
928 4013 1026 4067 vis.
1050 4030 1070 4064 σ
1105 4012 1467 4077 Advenimus,
1503 4032 1524 4065 ι
1568 4014 1759 4083 inquit,
1803 4033 1822 4065 ‹
1848 4014 2153 4082 cujusmodi

568 4106 641 4159 sit
665 4119 811 4160 mors
839 4105 1061 4177 mystica
1092 4121 1106 4159 :
1135 4119 1277 4159 nunc
1305 4105 1714 4161 consideremus
1746 4106 2044 4175 cujusmodi
2074 4121 2153 4161 se-

564 4197 777 4267 pultura
799 4212 919 4253 esse
943 4197 1155 4253 debeat.
1185 4196 1300 4251 Non
1340 4198 1480 4251 enim
1504 4198 1633 4251 satis
1670 4207 1753 4251 est
1779 4208 1836 4252 ut
1861 4198 2153 4252 moriantur

564 4289 835 4355 vitia,nisi
864 4289 1193 4343 marccseat‘
1217 4287 1462 4357 corporis
1491 4289 1663 4346 luxus.
1691 4298 1744 4343 et
1770 4290 2004 4342 omnium
2033 4290 2151 4342 vin-

564 4380 810 4435 culorum
834 4381 1127 4435 carnalium
1174 4395 1433 4448 compago
1465 4379 1717 4443 solvatur,
1764 4381 1939 4435 omnis
1984 4381 2152 4436 nodus

565 4470 809 4541 corporei
856 4471 1062 4525 laxetur
1095 4486 1240 4526 usus.
1292 4471 1457 4524 Nemo
1495 4471 1593 4524 sibi
1646 4471 1963 4535 blandiatur,
2010 4473 2150 4542 quod

567 4563 724 4617 aliam
742 4561 962 4631 ﬁguram
990 4560 1239 4622 induerit,
1283 4563 1503 4633 mystica
1535 4562 1800 4631 praecepta
1859 4566 2144 4632 acceperit,

565 4654 632 4710 ad
669 4654 1011 4711 continentia
1034 4652 1366 4722 disciplinam
1394 4653 1711 4723 applicuerit
1749 4655 2003 4707 animum.
2034 4654 2148 4709 Non

568 4745 712 4818 quod
742 4746 1007 4812 volumus,
1034 4745 1134 4799 hoc
1164 4747 1404 4815 agimus;
1435 4745 1526 4799 sed
1555 4746 1691 4814 ηψπ]
1719 4746 1841 4800 odio
1867 4745 2145 4813 habemus,

565 4836 668 4892 hoc
696 4835 937 4892 facimus.
971 4835 1128 4890 Multa
1154 4846 1407 4905 Operatur
1452 4837 1503 4890 in
1531 4837 1683 4891 nobis
1711 4848 2004 4906 peccatum.
2036 4837 2147 4892 No-

566 4928 646 4983 bis
670 4926 1056 4982 reluctautibns
1076 4927 1326 4982 redivivm
1354 4929 1682 4998 plerumque
1731 4930 2034 4999 voluptates
2056 4946 2147 4983 re-

567 5029 809 5087 surgunt.
841 5019 1173 5074 Luctandum
1216 5020 1365 5074 nobis
1392 5030 1473 5076 cst
1499 5020 1754 5076 adversus
1776 5037 2014 5075 carnem.
2038 5021 2147 5076 Lu-

562 5117 739 5168 ctatus
766 5120 847 5165 est
871 5109 1127 5166 adversus
1155 5127 1272 5165 eam
1316 5112 1507 5166 Paulus
1542 5129 1555 5164 :
1603 5111 1831 5182 denique
1856 5112 1951 5176 ait,
1996 5110 2148 5166 Video

562 5213 731 5258 autem
756 5202 915 5257 aliam
941 5201 1097 5273 legem
1120 5205 1173 5257 in
1198 5204 1438 5258 membris
1462 5205 1605 5265 meis,
1634 5213 1998 5283 repugnantem
2049 5203 2149 5273 legi

564 5294 743 5348 utentis
781 5309 921 5359 meat,
947 5306 995 5349 et
1021 5296 1356 5365 captivantem
1394 5310 1473 5347 me
1518 5294 1569 5346 in
1593 5295 1701 5363 lege
1749 5294 1956 5359 peccati.
1984 5292 2149 5346 Num-

560 5385 686 5455 quid
703 5395 778 5451 tu,
806 5405 825 5439 ι
853 5387 1039 5456 inquit,
1070 5404 1089 5438 ι
1126 5387 1308 5440 fortior
1348 5385 1553 5439 Paulo?
1578 5382 1686 5437 Nec
1714 5392 1960 5452 tanquam
1987 5384 2145 5437 srdu-

564 5484 629 5532 la:
651 5481 794 5533 carni
822 5487 924 5533 tua:
950 5477 1207 5543 conﬁdas,
1239 5484 1295 5530 ct
1342 5483 1394 5533 te
1418 5474 1466 5528 ei
1517 5472 1726 5537 credas,
1758 5488 1876 5526 cum
1917 5477 2145 5541 Aposto-

564 5568 646 5623 lus
669 5571 905 5623 clamitet
935 5586 949 5621 :
984 5568 1103 5623 Scio
1129 5568 1262 5619 enim
1282 5565 1399 5636 quin
1430 5578 1529 5616 non
1560 5561 1751 5614 Imbitnt
1795 5562 1846 5615 in
1873 5580 1965 5623 me,
2001 5564 2053 5616 id
2075 5574 2147 5617 est

567 5662 619 5713 in
645 5676 795 5714 carne
819 5676 949 5723 meo,
974 5661 1157 5711 bonum
1175 5670 1323 5709 :nam
1348 5652 1473 5706 velle
1511 5653 1708 5722 udjnrct
1733 5655 1872 5717 milii,
1903 5657 2147 5726 perﬁcere

619 5797 637 5828 ⁸
674 5804 770 5843 Am.
797 5800 872 5842 Er.
899 5800 950 5842 et
972 5789 1157 5852 aliquot
1178 5794 1308 5846 Mss,
1337 5799 1648 5839 marcescant.

616 5858 691 5919 (ο)
722 5864 812 5906 hoc
838 5868 862 5904 ε
872 5866 963 5917 pus
980 5863 1075 5900 non
1096 5858 1273 5901 exstat.

1365 403 1632 459 CONTRA
1674 402 2014 458 JU!.l.\.\lU.\l
2057 402 2524 471 l’l‘lLiGlANUM,
2560 408 2615 462 S.
2659 406 3028 464 AUGUSTINI

3754 420 3848 476 6%

2277 526 2440 572 autem
2482 519 2665 574 bonum
2708 539 2807 576 non
2859 525 3071 579 invmio.
3110 523 3229 578 Non
3255 527 3384 580 enim
3410 528 3542 597 quod
3581 532 3695 585 volo
3719 536 3843 605 facio

2273 607 2457 663 bonum
2480 628 2499 675 ;
2528 611 2617 666 sed
2640 613 2776 683 quod
2802 613 2919 667 nolo
2950 617 3158 683 malum,
3187 617 3281 672 hoc
3305 636 3420 689 ago.
3450 620 3510 674 Si
3526 632 3693 676 autem
3719 626 3842 694 quod

2275 700 2410 764 nolo,
2442 702 2536 755 hoc
2563 718 2696 774 ago;
2713 705 2827 774 jam
2853 723 2953 759 non
2998 724 3091 778 ego
3116 724 3296 775 operor
3314 710 3467 776 illud,
3488 714 3577 767 sed
3596 715 3732 784 quod
3755 716 3841 770 lto-

2272 790 2395 844 bitut
2421 793 2473 846 in
2495 810 2573 849 me
2601 806 2856 864 peccatum
2892 815 2911 851 ι
2949 796 3120 869 (Rom.
3151 815 3240 867 vn,
3268 801 3359 865 25,
3387 804 3599 875 l8-20).
3621 806 3843 875 Quanta-

2275 882 2609 939 libctleraris
2629 887 2791 942 animi
2838 890 3213 959 obstinatione,
3259 892 3492 959 Juliane,
3525 899 3840 966 quantalibet

2272 973 2525 1029 adversus
2557 992 2654 1032 nos
2696 982 2987 1049 pervicacia
3014 997 3108 1050 pro
3139 983 3420 1053 Pelagiano
3443 1002 3630 1044 errore
3678 991 3842 1045 consi-

2272 1075 2424 1131 stas;
2463 1076 2605 1122 tanta
2651 1084 2746 1139 per
2795 1068 3007 1125 beatum
3057 1073 3393 1130 Anthrosium
3436 1076 3841 1137 circumvallaris

2273 1170 2453 1210 rerum
2482 1157 2765 1223 evidentia,
2802 1170 2943 1216 tanta
2968 1164 3250 1219 verborum
3281 1167 3397 1236 ejus
3422 1170 3840 1227 manilestationu

2272 1247 2635 1316 contunderis,
2670 1258 2725 1303 ut
2760 1252 3021 1321 profecto,
3067 1256 3110 1309 si
3139 1256 3280 1311 nulla
3318 1267 3369 1312 te
3393 1260 3548 1324 ratio,
3581 1262 3841 1333 cogitatio,

2270 1338 2628 1421 consideratio
2655 1343 2950 1413 religionis,
2996 1347 3227 1416 pietatis,
3282 1349 3648 1418 humanitatis,
3695 1365 3842 1424 atque

2272 1436 2395 1490 inte
2438 1432 2553 1502 ipso
2575 1435 2918 1491 advertendtn
2954 1440 3189 1495 veritatis
3216 1457 3243 1494 a
3273 1444 3530 1513 pertinaci
3560 1444 3843 1503 intentch

2273 1527 2614 1592 revocaverit,
2644 1529 2894 1584 ostendas
2920 1539 3173 1601 quantum
3202 1533 3253 1587 in
3289 1535 3443 1589 malis
3479 1536 3730 1593 humanis
3756 1555 3843 1593 va-

2272 1614 2397 1681 leat,
2425 1632 2491 1672 eo
2519 1633 2836 1689 quamquam
2874 1622 3055 1677 .luisse
3105 1639 3463 1694 progressum.
3496 1628 3587 1681 ubi
3638 1644 3841 1686 manem

2272 1721 2374 1761 non
2417 1708 2595 1775 libeat,
2630 1711 2772 1765 unde
2814 1712 2988 1767 redire
3015 1730 3122 1785 1am
3150 1717 3365 1784 pudeat.
3402 1716 3489 1776 Sic
3519 1721 3663 1774 enim
3693 1720 3840 1777 credo

2272 1808 2324 1853 te
2354 1798 2525 1866 allici,
2543 1817 2664 1855 cum
2696 1803 2796 1860 ista
2827 1805 3035 1875 legeris.
3068 1804 3173 1863 Sed
3204 1823 3237 1862 o
3259 1810 3304 1863 si
3332 1826 3428 1879 pax
3459 1812 3658 1865 Christi
3690 1814 3740 1868 iu
3758 1824 3839 1867 tuo

2269 1891 2431 1945 corde
2456 1893 2653 1959 vincat,
2682 1904 2734 1950 ct
2755 1896 2890 1952 bona
2921 1900 3231 1970 pmuitentia
3256 1902 3324 1956 de
3349 1904 3485 1957 mala
3530 1907 3837 1965 verecundia

2271 1984 2439 2055 palma
2448 2002 2495 2038 ιιι
2526 1985 2659 2041 lerat
2687 1987 2701 2041 !

2339 2075 2566 2132 CAPUT
2606 2076 2693 2131 Vl.
2725 2108 2795 2118 ——
2822 2079 2904 2135 l5.
2936 2079 3042 2137 Sed
3062 2083 3172 2151 jam
3203 2100 3345 2139 nunc
3374 2100 3663 2156 parumper
3686 2098 3839 2145 atten-

2268 2164 2355 2229 de,
2384 2165 2653 2235 quomodo
2677 2183 2743 2223 ex
2769 2168 2868 2223 ista
2894 2171 3014 2240 lege
3046 2174 3271 2242 peccati,
3299 2176 3449 2246 cuius
3476 2186 3682 2233 motum
3709 2196 3839 2236 mor-

2271 2257 2442 2311 talitas
2472 2260 2631 2314 etiam
2653 2262 3037 2318 continentium
3068 2267 3274 2337 cogitur
3304 2268 3471 2334 terre,
3517 2272 3605 2326 cui
3635 2272 3836 2327 modum

2267 2351 2484 2407 castitas
2533 2353 2836 2422 nuptiarum
2879 2356 3085 2412 laborat
3126 2360 3421 2430 impOnere.
3455 2364 3543 2419 ubi
3600 2368 3839 2435 concupip

2266 2444 2465 2498 sccntia
2524 2444 2739 2511 carnis,
2772 2448 3143 2521 voluptasque,
3197 2470 3355 2522 quam
3414 2455 3623 2525 luridas,
3668 2469 3836 2513 contra

2268 2536 2597 2605 propositum
2616 2540 2898 2595 voluntatis
2923 2543 3031 2611 agit
3055 2557 3180 2598 suos
3209 2546 3439 2615 impetus
3456 2587 3470 2611 ,
3494 2562 3619 2602 cum
3646 2550 3834 2604 excita-

2269 2634 2373 2693 tur,
2403 2627 2610 2682 ctiamsi
2639 2638 2791 2685 actus
2820 2646 2928 2685 non
2955 2634 3193 2704 peragit,
3224 2650 3347 2688 cum
3371 2635 3613 2693 frenatur
3641 2657 3654 2693 :
3678 2648 3834 2695 atten-

2265 2715 2334 2771 de
2371 2733 2497 2789 ergo
2537 2720 2823 2790 paulisper,
2879 2724 3149 2794 quomodo
3203 2742 3266 2780 ex
3323 2726 3422 2782 hac
3469 2727 3591 2798 lege
3650 2730 3834 2799 peccati

2264 2823 2477 2864 omnem
2519 2812 2764 2881 generari
2791 2813 3082 2879 hominem,
3109 2825 3163 2871 et
3193 2816 3312 2871 ideo
3341 2818 3555 2875 trahere
3594 2822 3835 2891 originale

2266 2910 2561 2970 peccatum,
2590 2912 2804 2958 sanctus
2850 2904 3133 2973 eloquatur
3177 2908 3488 2965 Ambrosius
3540 2910 3596 2964 in
3636 2927 3702 2966 eo
3734 2913 3835 2981 ipso

2264 2990 2332 3045 de
2371 2991 2718 3047 Sacramento
2762 2997 3204 3065 regenerationis,
3253 2999 3370 3055 sive
3396 2999 3463 3055 de
3499 3001 3831 3072 Philowpbia

2265 3084 2400 3140 libro
2429 3101 2547 3139 suo.
2572 3105 2592 3138 ι
2649 3088 2763 3153 list,
2813 3108 2833 3142 ι
2867 3089 3057 3160 inquit,
3092 3110 3112 3142 ι
3146 3090 3337 3147 domus
3382 3108 3544 3163 quam
3590 3095 3832 3164 sapientia

2262 3178 2511 3242 aediﬁcat,
2541 3190 2590 3233 et
2621 3195 2801 3234 mensa
2830 3183 3128 3237 calestibus
3167 3183 3360 3238 referta
3394 3187 3763 3253 sacramentis,
3783 3185 3830 3241 in

2263 3287 2365 3343 qua
2382 3272 2560 3342 justus
2584 3272 2759 3328 cibum
2801 3274 2995 3329 divinae
3025 3276 3307 3347 voluptatis
3335 3279 3601 3347 epulatur,
3630 3293 3828 3334 suavem

2259 3364 2445 3434 gratia:
2489 3372 2669 3433 potum
2741 3363 2963 3430 bibens,
3014 3366 3061 3420 si
3103 3377 3475 3437 perpetuorum
3537 3371 3828 3425 meritorum

2263 3455 2411 3510 uberi
2442 3457 2750 3525 posteritate
2778 3457 3008 3512 laetetur.
3037 3458 3147 3513 llos
3195 3460 3331 3517 lilios
3373 3474 3643 3531 generatis
3682 3460 3827 3517 David

2261 3553 2445 3618 partus
2475 3547 2595 3603 illos
2621 3562 2894 3619 corporese
2922 3549 3316 3606 commixtionis
3345 3552 3621 3618 horrebat,
3644 3562 3697 3607 et
3722 3551 3828 3607 ideo

2259 3637 2505 3693 mundari
2527 3639 2666 3693 sacri
2690 3639 2849 3694 fontis
2872 3640 3070 3710 irriguo
3090 3640 3447 3708 desiderabat,
3480 3653 3538 3697 ut
3577 3645 3824 3699 carnalem

2259 3742 2326 3783 ac
2355 3736 2619 3784 terrenam
2658 3729 2831 3785 labem
2859 3733 3027 3801 gratia
3073 3733 3363 3802 spiritualis
3387 3733 3654 3790 ablueret.
3688 3734 3821 3798 Ecce,

2260 3820 2450 3890 inquit,
2481 3821 2534 3876 in
2559 3820 2910 3891 iniquitatibus
2933 3835 3203 3895 conceptus
3236 3841 3372 3891 sum,
3399 3835 3443 3880 et
3467 3826 3519 3879 in
3536 3828 3731 3881 delictis
3750 3841 3825 3896 pe.

2260 3914 2387 3985 perit
2415 3930 2493 3968 me
2516 3924 2677 3969 mater
2705 3931 2815 3969 mea
2842 3934 2863 3968 ι
2899 3913 3068 3986 (Psal.
3091 3917 3233 3984 1.,7).
3268 3936 3289 3969 ι
3310 3917 3448 3974 Male
3478 3918 3591 3974 Eva
3620 3916 3823 3988 parturio

2259 4012 2357 4072 vit,
2401 4015 2461 4060 ut
2493 4017 2675 4075 partus
2729 4007 3053 4076 relinqueret
3107 4008 3415 4064 mulieribus
3453 4009 3822 4073 hereditatem,

2259 4107 2419 4167 atque
2443 4100 2807 4167 unusquisque
2844 4099 3292 4167 concupiscentiae
3317 4099 3588 4167 voluptate
3615 4113 3822 4155 concre-

2260 4196 2366 4254 tus,
2388 4196 2447 4244 et
2471 4188 2792 4257 genitalibus
2840 4190 3129 4244 visceribus
3168 4190 3391 4256 inlusus,
3432 4198 3488 4247 et
3531 4191 3821 4262 coagulatus

2258 4276 2311 4333 in
2341 4279 2620 4349 sanguine,
2667 4279 2721 4333 in
2754 4281 2944 4347 pannis
2972 4279 3262 4346 involutus,
3288 4281 3434 4348 prius
3462 4283 3669 4338 subiret
3691 4280 3816 4335 deli-

2258 4381 2466 4426 ctorum
2495 4356 2819 4440 contagium,
2850 4387 3009 4443 quam
3036 4373 3210 4427 vitalis
3239 4374 3456 4442 spiritus
3484 4389 3677 4429 munus
3699 4374 3817 4428 bau-

2258 4464 2408 4519 riret.
2443 4482 2463 4516 ι
2485 4462 2538 4519 Si
2571 4475 2623 4518 te
2665 4481 2769 4517 non
2799 4464 3036 4519 deseruit
3059 4466 3464 4535 qualiscumque
3495 4468 3684 4523 saltem
3713 4480 3817 4519 sen-

2258 4572 2353 4612 sus
2369 4556 2651 4621 bumanus,
2694 4557 2841 4611 vides
2868 4556 2992 4625 quid
3022 4557 3089 4612 de
3111 4558 3557 4625 concupiscentia:
3598 4557 3818 4625 voluptate

2259 4660 2332 4715 te,
2351 4650 2575 4718 hacipsa
2601 4651 2682 4704 cui
2714 4649 3450 4719 praebesimpudentissimum
3464 4650 3813 4719 patrocinium,

2260 4740 2703 4813 pronuntiaverit,
2736 4742 2832 4803 tui,
2860 4740 3004 4810 quod
3039 4755 3186 4811 saepe
3207 4740 3493 4796 dicendum
3516 4749 3617 4804 cat,
3647 4738 3813 4793 docto-

2260 4836 2334 4889 ris
2354 4834 2659 4890 testimonio
2704 4832 3043 4902 praedicatum,
3074 4843 3178 4887 tam
3235 4832 3600 4889 memorabilis
3648 4831 3815 4884 doctor

2256 4927 2571 4982 Ambrosius
2602 4943 2616 4980 :
2648 4926 2789 4997 quod
2818 4941 2883 4981 ea
2912 4926 3136 4996 quisque
3173 4935 3478 4992 concretus,
3508 4942 3575 4981 ea
3590 4921 3811 4995 genitali.

2258 5022 2359 5076 bus
2385 5019 2676 5074 visceribus
2725 5018 2949 5084 infusus,
3002 5033 3064 5073 ea
3092 5019 3401 5089 coagulatus
3450 5020 3503 5072 in
3533 5017 3811 5087 sanguine;

2255 5121 2311 5169 et
2340 5113 2390 5166 in
2423 5111 2632 5181 pannis,
2664 5127 2767 5165 non
2792 5112 2974 5180 utique
2990 5111 3177 5174 laneis,
3209 5120 3300 5165 aut
3330 5111 3506 5177 linels,
3535 5119 3626 5164 aut
3653 5106 3812 5174 hujus-

2257 5204 2462 5259 cemodi
2517 5202 2730 5267 talibus,
2758 5202 3007 5272 qualibus
3023 5202 3135 5271 jam
3158 5203 3269 5256 nati
3285 5202 3635 5256 obvolvuntur
3658 5198 3812 5251 inlan~

2258 5305 2358 5362 tes,
2399 5294 2493 5349 sed
2526 5294 2713 5364 pannis
2736 5294 2933 5348 vitiane
2962 5294 3183 5363 originis
3209 5303 3455 5363 umquam
3488 5286 3810 5347 [hereditariis

2257 5390 2546 5452 involutus,
2576 5387 2724 5456 prius
2755 5386 2941 5440 subeat
2968 5386 3269 5456 contagium
3296 5386 3645 5448 delictorum,
3670 5389 3808 5450 quam

2256 5480 2430 5533 vitalis
2448 5478 2604 5547 hujus
2630 5477 2770 5531 acris
2792 5493 2976 5531 auram
2996 5476 3248 5547 spirando
3291 5477 3581 5547 percipiat:
3607 5474 3656 5528 in
3672 5480 3806 5541 quem

2257 5569 2404 5624 velut
2457 5568 2775 5622 immensmn
2808 5567 3008 5622 fontem
3035 5570 3336 5623 communis
3361 5576 3543 5622 etnon
3569 5565 3808 5619 desisten-

2258 5662 2324 5715 lis
2356 5659 2591 5713 alimenti
2617 5699 2634 5725 ,
2665 5669 2782 5729 post
2810 5660 3013 5716 occulta
3067 5659 3389 5729 spiramenta
3421 5660 3674 5714 viscerum
3711 5664 3806 5705 mae

2259 5766 2556 5816 ternorum,
2588 5756 2676 5821 qui
2706 5754 2960 5818 nascitur,
2991 5752 3228 5808 funditur
3255 5770 3270 5818 ;
3301 5754 3351 5808 in
3381 5761 3501 5809 ortu
3535 5752 3804 5822 ploratur"!

2267 5854 2494 5912 reatum,
2525 5860 2682 5913 quem
2725 5846 2988 5899 contraxit
3030 5856 3154 5901 ante
3182 5856 3377 5900 ortum.
3407 5843 3613 5915 Ergone
3637 5856 3697 5895 ex
3724 5836 3801 5890 1m
