4088 6524
341 421 444 479 685

332 544 420 609 jus
449 539 900 610 concupiscentiae
925 546 1074 594 motu
1101 536 1174 592 illi
1199 549 1307 592 non
1333 535 1714 593 erubescerent
1739 535 1919 599 homn-

339 650 433 686 ues
451 633 630 702 primi,
661 648 767 702 quo
786 645 838 687 et
861 624 961 703 ipsi
991 632 1318 702 apparebant
1338 630 1505 697 noxii,
1535 639 1589 686 et
1613 644 1798 685 eorum
1828 628 1922 684 filii

334 732 552 796 peccato
569 734 845 793 parentum
872 723 1360 793 pncuuntiabantur
1382 723 1399 755 ¹
1424 722 1679 777 obnoxii?
1702 721 1921 777 Utinam

333 817 473 869 sicut
502 815 574 870 illi
626 814 956 870 ernbnerunt
1003 830 1094 870 eas
1138 823 1316 885 partes
1353 815 1701 883 corporis,1'n
1730 813 1924 883 quibus

333 909 567 962 libidinis
595 907 1009 963 inoltedientiam
1030 907 1355 972 sentiebant,
1384 906 1556 961 nudas
1575 907 1880 974 relinquere
1902 922 1917 970 ;

335 1000 403 1052 ita
435 1009 486 1052 tu
515 998 633 1053 fidei
655 997 930 1054 catholica:
949 997 1209 1054 obediens
1230 999 1578 1054 erubesceres
1592 997 1918 1053 erubescen-

332 1090 397 1143 da
428 1088 645 1145 laudare
670 1092 685 1145 ἓ

410 1182 498 1237 16.
528 1183 664 1250 Quid
689 1191 870 1237 antem
892 1182 1052 1238 etiam
1081 1183 1150 1239 de
1173 1183 1289 1254 ipso
1311 1183 1659 1238 ficulneorum
1686 1182 1920 1252 tegmine

334 1273 579 1337 foliorum
605 1276 658 1330 in
687 1275 824 1330 libro
850 1274 917 1330 de
945 1275 1197 1330 Paradiso
1217 1275 1353 1331 idem
1388 1277 1502 1345 ipse
1521 1275 1798 1345 scripserit
1820 1275 1923 1330 do-

332 1365 697 1420 ctoradverte.
733 1384 752 1418 ι
784 1364 936 1435 Quod
984 1366 1146 1437 igitur
1194 1367 1408 1437 gravius
1453 1378 1570 1432 est,
1630 1385 1652 1420 ι
1700 1366 1868 1438 inquit
1899 1408 1916 1429 ,

337 1475 358 1509 ι
401 1456 581 1513 hacse
625 1457 792 1512 Adam
822 1459 1261 1527 interpretatione
1297 1459 1561 1515 suceiuxit
1587 1473 1653 1515 eo
1672 1458 1797 1526 loci,
1826 1459 1917 1514 ubi

333 1547 506 1603 fructu
541 1550 710 1619 magis
734 1550 993 1604 castitatis
1048 1565 1108 1606 se
1159 1552 1472 1622 succingere
1521 1551 1821 1606 debuisset.
1852 1550 1908 1606 In

334 1640 530 1694 lumbis
560 1640 705 1695 enim
754 1641 945 1709 quibus
976 1642 1368 1710 prcccingitnur,
1427 1641 1673 1711 qnzedatn
1707 1642 1915 1697 semina

328 1732 688 1799 generationis
724 1747 844 1787 esse
872 1733 1120 1786 dicuntur
1149 1751 1161 1787 :
1206 1742 1260 1787 ιιι
1279 1733 1397 1789 ideo
1426 1734 1565 1789 male
1606 1734 1677 1788 ibi
1700 1734 1916 1789 succini-

328 1835 447 1879 r-.tus
462 1832 544 1879 est
573 1823 740 1878 Adam
786 1825 927 1881 foiiis
954 1826 1247 1889 inutilibus,
1279 1826 1366 1880 ubi
1402 1825 1590 1881 futura:
1618 1826 1920 1895 generatio-

330 1918 415 1971 uis
442 1933 547 1971 non
600 1916 831 1971 fructum
877 1918 1130 1980 futurum,
1164 1918 1259 1973 sed
1299 1919 1541 1987 qttusdattt
1593 1929 1808 1986 peccata
1845 1919 1922 1972 si-

335 2019 526 2079 gnaret
558 2028 577 2062 ι
616 2018 628 2078 (
663 2010 791 2079 Cap.
831 2011 897 2063 13
991 2010 1085 2065 llic
1099 2019 1243 2065 certe
1260 2009 1532 2067 frttstrnvit
1561 2011 1660 2065 iste
1686 2011 1767 2064 vir
1790 2024 1916 2064 san-

327 2115 446 2159 ctus
476 2104 932 2158 tamclaltoratam
988 2103 1406 2170 disnntatiottctn
1449 2110 1595 2158 tuam
1650 2102 1919 2172 nimisque

330 2195 652 2260 Sollicitam,
696 2211 763 2249 ne
804 2204 925 2265 post
977 2204 1251 2264 peccatum
1299 2195 1472 2249 Adam
1501 2204 1557 2250 et
1591 2195 1696 2250 Eva
1745 2195 1923 2251 oculis

326 2290 524 2356 apertis
549 2289 758 2343 lumbos
796 2288 1140 2359 pnecinxisse
1184 2287 1473 2343 credantur
1499 2289 1516 2358 (
1536 2286 1666 2343 Gen.
1692 2302 1775 2353 ιιι,
1806 2288 1838 2341 7
1867 2285 1912 2359 ).

329 2379 400 2434 Ut
424 2380 565 2436 enim
594 2388 734 2434 tanta
763 2380 832 2434 ibi
878 2379 1197 2450 loquacitate
1240 2379 1539 2445 laborares,
1567 2388 1761 2434 contra
1786 2394 1913 2434 sen-

328 2485 421 2525 sus
467 2470 717 2526 veniebas
747 2470 985 2525 omnium
1011 2510 1029 2536 ,
1071 2480 1126 2526 et
1151 2457 1246 2526 eos
1289 2468 1609 2539 multiloquii
1643 2470 1867 2538 strepitu
1892 2470 1914 2502 ¹

327 2564 685 2633 perstringere
708 2564 980 2635 cupiebas.
1005 2563 1141 2633 Quid
1169 2564 1315 2620 enim
1340 2572 1445 2618 tam
1471 2566 1523 2617 in
1538 2574 1792 2635 promptu
1808 2572 1913 2630 est,

326 2671 486 2725 quam
540 2656 937 2719 succinctoriis.
982 2656 1067 2711 vel
1123 2657 1541 2726 princiuetoriis,
1571 2671 1697 2727 quas
1738 2670 1916 2727 grmce

325 2754 634 2818 περιζώματα
659 2760 1052 2818 nuneupantur,
1077 2747 1288 2803 lumbos
1309 2747 1580 2802 hominum
1602 2747 1813 2816 contegi
1830 2747 1912 2803 vel

325 2838 596 2909 put-cingi,
626 2853 759 2907 quas
780 2838 969 2909 vulgus
994 2838 1158 2894 etiam
1185 2839 1483 2895 munituras
1511 2839 1701 2894 vocat?
1726 2838 1913 2909 Neque

324 2908 541 2983 hocille
591 2930 751 2984 homo
782 2908 897 2995 Dei,
924 2929 1078 2998 cujus
1128 2937 1182 2986 te
1231 2945 1481 3001 urgemus
1520 2930 1757 3001 eloquio,
1795 2908 1913 2987 tau-

323 3032 482 3087 quam
535 3020 822 3074 obscurum
879 3029 1026 3076 esset
1074 3020 1354 3089 exposuit:
1382 3020 1476 3074 sed
1532 3020 1674 3092 quod
1723 3034 1914 3076 omnes

324 3112 696 3184 intelligebant
717 3154 731 3179 ,
764 3112 890 3184 quid
919 3113 1242 3184 significaret
1269 3113 1521 3169 ostendit.
1558 3132 1578 3166 t
1616 3115 1672 3170 In
1716 3114 1913 3172 lumbis

325 3206 470 3260 enim
520 3206 712 3276 quibus
758 3205 1152 3277 pueringimur,
1193 3224 1212 3257 ι
1240 3206 1338 3270 ait,
1370 3224 1391 3258 c
1432 3205 1680 3276 quredam
1703 3208 1910 3263 semina

323 3297 686 3367 generationis
714 3312 836 3353 esse
863 3297 1153 3362 dicuntur;
1188 3307 1244 3353 et
1273 3296 1395 3353 ideo
1417 3298 1556 3354 male
1583 3297 1655 3353 ibi
1695 3301 1910 3354 succin-

321 3398 440 3443 ctus
458 3398 542 3444 est
567 3389 733 3443 Adam
759 3388 899 3445 foliis
924 3390 1224 3446 inutilibus.
1253 3409 1274 3444 ι
1303 3390 1481 3457 Quare
1510 3390 1683 3446 male?
1716 3389 1913 3461 Sequi-

323 3490 409 3534 tur
434 3490 489 3535 et
516 3480 665 3546 dicit,
694 3500 714 3533 ι
742 3480 834 3535 ubi
878 3480 1069 3536 futurae
1094 3483 1480 3552 generationis,
1520 3497 1628 3537 non
1678 3483 1908 3540 fructum

319 3570 580 3636 futurum,
604 3570 697 3625 sed
727 3570 969 3641 quzcdam
998 3580 1213 3641 peccata
1242 3572 1495 3643 signaret.
1524 3591 1545 3626 ι
1570 3573 1817 3629 Habesne
1842 3573 1910 3630 ad

324 3664 426 3717 ista
454 3664 593 3732 quod
618 3663 813 3718 dicas?
838 3663 978 3720 Ecce
1006 3664 1147 3720 unde
1178 3664 1267 3720 illa
1305 3663 1574 3733 confusio,
1604 3680 1734 3722 ecce
1760 3666 1910 3723 unde

319 3756 591 3812 contextio
616 3757 978 3813 etsuccinctio
1007 3756 1277 3826 foliorum,
1308 3772 1437 3815 ecce
1477 3758 1619 3814 unde
1649 3759 1701 3813 in
1732 3768 1913 3831 poste-

320 3847 399 3900 ris
425 3846 684 3917 originale
703 3855 999 3916 peccatum.

392 3939 480 3992 17.
531 3938 759 3994 Sanctus
804 3953 933 3995 vero
989 3938 1227 3996 Joannes
1273 3939 1907 4013 Constantinopolitanns

317 4032 621 4103 cpiscopus,
664 4042 920 4103 quantum
959 4034 1280 4091 verecundia
1336 4036 1646 4106 permittere
1696 4038 1904 4106 potuit,

321 4135 511 4179 totum~
537 4125 665 4180 illud
710 4127 1005 4196 primorum
1058 4126 1333 4183 hominum
1367 4129 1792 4184 erubescendum
1822 4128 1897 4185 fa-

315 4227 462 4272 ctum
506 4218 718 4274 duobus
770 4220 952 4276 verbis
994 4221 1274 4277 evidenter
1330 4222 1618 4289 expressit,
1666 4222 1899 4279 dicens:

322 4331 341 4361 ι
378 4310 536 4366 Foliis
559 4322 737 4367 autem
757 4312 888 4368 ficus
907 4322 1063 4369 erant
1091 4314 1351 4383 cooperti,
1393 4322 1640 4382 tegentes
1667 4315 1901 4386 speciem

320 4402 544 4469 peccati.
568 4420 587 4454 ι
612 4400 706 4458 Cui
740 4418 844 4456 non
884 4413 1159 4473 appareat,
1208 4414 1331 4473 quae
1366 4405 1453 4459 vel
1478 4404 1652 4474 qualis
1700 4405 1900 4474 peccati

314 4495 521 4562 species
550 4510 578 4547 a
605 4494 843 4550 confusis
893 4495 1116 4564 tegenda
1150 4495 1319 4550 fuerat
1346 4496 1398 4551 in
1430 4496 1648 4566 regione
1690 4495 1903 4551 lumbo-

313 4602 455 4645 rum.
482 4586 569 4655 qui
592 4585 658 4640 de
683 4586 762 4640 sui
793 4587 1036 4655 corporis
1060 4587 1298 4654 nuditate
1348 4602 1454 4642 non
1502 4587 1904 4644 confundeban-

313 4685 404 4729 tur
445 4686 569 4730 aute
619 4677 935 4745 peccatum?
964 4677 1219 4739 Obsecro,
1272 4678 1548 4748 intelligite
1574 4695 1587 4741 ;
1616 4679 1726 4735 imo
1774 4684 1902 4735 vero

311 4766 600 4832 permittite
630 4764 893 4831 homines,
922 4766 1061 4836 quod
1096 4767 1370 4821 vobiscum
1411 4768 1715 4838 intelligunt
1742 4768 1903 4825 intel-

311 4857 498 4928 ligete,
526 4866 579 4911 et
608 4858 771 4912 nolite
818 4873 914 4911 nos
935 4873 1125 4926 cogere
1160 4858 1228 4913 de
1258 4857 1515 4928 pudendis
1549 4874 1688 4929 pene
1719 4860 1898 4930 impu-

307 4949 502 5004 denter
536 4946 558 4979 ⁸
580 4948 778 5003 diutius
808 4949 1105 5019 disputare.

384 5042 468 5097 18.
500 5042 684 5098 Merito
713 5042 850 5097 idem
883 5044 1066 5097 beatus
1093 5043 1361 5108 Joannes,
1392 5043 1550 5098 etiam
1581 5044 1728 5114 ipse,
1760 5045 1899 5103 sicut

302 5142 364 5187 et
391 5143 591 5204 martyr
614 5130 912 5206 Cyprianus
942 5133 1137 5202 (Epist.
1167 5133 1234 5188 63
1252 5174 1272 5201 ,
1301 5134 1371 5187 ad
1395 5131 1644 5205 Fidum),
1671 5135 1901 5195 circum-

305 5226 563 5280 cisionem
601 5225 777 5279 carnis
804 5226 855 5279 in
883 5226 1034 5294 signo
1067 5235 1385 5295 praeceptam
1413 5226 1755 5282 commendat
1776 5242 1900 5286 esse

305 5315 667 5383 Baptismatis.
717 5333 737 5366 ι
780 5316 847 5371 Et
884 5317 1003 5370 vide
1043 5317 1310 5386 quomodo
1338 5316 1592 5385 Judaaus,
1630 5337 1649 5370 ι
1683 5318 1895 5390 inquit,

311 5423 333 5457 τ
364 5406 821 5461 circnmcisionem
841 5423 945 5461 non
960 5408 1134 5461 differt
1151 5416 1368 5478 propter
1392 5410 1856 5466 comminationem
1876 5451 1894 5479 ,

303 5499 426 5569 quia
467 5498 642 5554 omnis
678 5499 851 5553 anima
883 5515 1231 5570 quaecumque
1260 5515 1365 5556 non
1396 5500 1555 5556 fuerit
1581 5502 1894 5559 circumcisa

298 5589 392 5647 die
415 5601 623 5656 octavo,
638 5590 1072 5647 exterminabitur
1090 5589 1156 5645 de
1186 5592 1381 5662 populo
1409 5607 1508 5648 suo
1540 5610 1560 5647 ι
1587 5591 1736 5667 (Gen.
1763 5610 1890 5662 xvn,

365 5746 387 5778 ¹
418 5747 491 5797 sic
511 5754 619 5797 uss.
649 5756 700 5797 At
720 5746 854 5801 etilli.
882 5744 1327 5805 promouiabmmtr.

364 5808 386 5870 ξ
418 5814 467 5870 In
493 5817 618 5864 MSS...
641 5814 916 5870 multuqu
938 5810 1148 5868 strepitu.

369 5868 389 5899 ’
420 5868 732 5920 Fiorizccnsis
756 5868 855 5923 iis,
879 5869 1191 5927 impmfeuus.

1652 417 1858 475 LIBER
1895 414 2271 474 SECUNDUS.

3523 427 3630 485 686

2035 536 2157 606 ﬂ).
2194 551 2214 587 ι
2240 533 2320 590 Tu
2347 542 2546 599 autem,
2580 535 2811 607 tinquit,
2835 554 2857 591 ι
2877 550 2983 594 non
3006 537 3363 596 manufactam
3386 541 3627 599 circum-

2031 626 2288 683 cisioncm
2311 625 2494 683 differs
2519 668 2536 695 ,
2563 643 2683 699 quae
2710 628 2764 683 in
2794 627 3181 701 exspoliatione
3208 633 3388 691 carnis
3415 634 3470 691 in
3497 650 3628 694 eor-

2031 735 2161 789 pore
2204 719 2474 789 perficitur
2493 761 2508 786 ,
2554 721 2726 789 ipsum
2757 721 3043 777 Dominum
3069 723 3292 781 audiens
3318 725 3588 785 dicentem
3607 768 3626 795 ,

2032 813 2189 865 Amm
2209 852 2224 875 ,
2256 828 2401 866 amen
2428 812 2542 867 dico
2568 812 2731 881 vobis,
2755 815 2853 870 nisi
2875 816 2986 886 quis
3012 827 3216 873 renatus
3236 820 3390 890 fuerit
3408 837 3473 877 ea:
3494 838 3630 891 aqua

2029 912 2074 958 et
2112 904 2318 975 spiritu,
2350 920 2452 958 non
2481 904 2703 960 introibit
2728 906 2780 960 in
2798 924 3007 978 regnum
3031 909 3271 963 calorum
3295 929 3314 963 ι
3336 909 3410 983 (α)
3433 909 3621 987 [leam

2028 1008 2120 1060 ιιι,
2151 991 2250 1066 5]?
2284 1014 2302 1045 ι
2336 993 2521 1049 Cernis
2551 996 2999 1067 quemadmodum
3027 998 3487 1057 circumcisionem
3513 1005 3624 1058 cir-

2026 1084 2377 1149 cumcisioni,
2420 1086 2890 1144 commutationem
2938 1089 3341 1146 comminationi
3398 1093 3481 1149 vir
3527 1110 3625 1150 eeo

2025 1176 2325 1230 etesiastica
2360 1177 2601 1232 doctrina
2632 1178 2889 1248 praeditus
2915 1183 3286 1251 comparavit?
3314 1183 3467 1254 Quod
3492 1202 3625 1259 ergo

2025 1275 2108 1321 est
2126 1275 2316 1321 octavo
2340 1267 2427 1323 die
2456 1284 2562 1323 non
2588 1270 2936 1336 circumcidi,
2964 1271 3064 1327 hoc
3090 1283 3172 1327 est
3197 1275 3253 1329 in
3276 1274 3491 1331 Christo
3513 1294 3626 1333 non

2025 1357 2276 1427 baptizari
2309 1376 2324 1414 :
2351 1368 2405 1413 et
2436 1359 2578 1430 quod
2607 1370 2692 1417 est
2719 1362 2899 1431 perire
2924 1363 2991 1418 de
3019 1366 3216 1433 populo
3243 1380 3345 1421 suo
3363 1408 3381 1435 ,
3415 1366 3517 1423 hoc
3542 1381 3627 1425 est

2025 1464 2129 1502 non
2158 1450 2356 1506 intrare
2383 1451 2434 1504 in
2457 1466 2676 1522 regnum
2704 1454 2984 1510 cceloruiu.
3017 1455 3086 1511 Et
3113 1466 3293 1514 tamen
3318 1473 3417 1514 vos
3433 1460 3487 1515 in
3516 1460 3623 1515 Ba-

2024 1542 2273 1611 ptismate
2307 1545 2644 1614 parvulorum
2671 1548 3113 1618 exspoliationem
3138 1554 3317 1613 carnis
3333 1594 3350 1622 ,
3380 1556 3480 1612 hoc
3505 1571 3584 1612 est
3601 1601 3617 1621 ,

2022 1632 2482 1690 circumcisionem
2515 1652 2621 1691 non
2655 1638 3010 1696 tuanufactam
3035 1682 3052 1708 ,
3083 1626 3344 1701 celebrari
3373 1650 3619 1719 negatis;

2022 1728 2151 1794 quia
2185 1724 2317 1779 nihil
2345 1742 2440 1781 eos
2460 1768 2477 1791 ,
2510 1743 2619 1799 quo
2646 1731 2932 1800 exspoliari
2962 1733 3226 1801 debeant,
3259 1735 3458 1796 habere
3484 1754 3621 1795 cott-

2025 1816 2260 1872 tenditis.
2292 1817 2413 1875 Non
2437 1819 2582 1875 enim
2622 1835 2718 1877 eos
2752 1821 2991 1879 fatemini
3014 1837 3257 1882 mortuos
3284 1826 3336 1883 in
3364 1832 3625 1902 prchutio

2022 1909 2201 1963 carnis
2232 1925 2342 1966 sua:
2367 1952 2383 1977 ,
2409 1926 2516 1981 quo
2542 1922 2818 1982 peccatum
2843 1915 3193 1985 significatur,
3226 1921 3456 1978 maxime
3479 1923 3622 1993 quod

2021 2003 2350 2073 originaliter
2398 2004 2624 2061 trahitur
2674 2023 2688 2061 :
2736 2021 2835 2078 per
2882 2010 2984 2064 hoc
3018 2009 3163 2066 enim
3191 2020 3274 2067 est
3301 2027 3499 2086 corpus
3527 2029 3623 2070 no-

2021 2104 2191 2149 strum
2229 2110 2424 2167 corpus
2460 2098 2696 2167 peccati,
2734 2097 2879 2170 quod
2913 2103 3157 2158 evacuari
3182 2101 3311 2159 dicit
3334 2106 3620 2177 Apostolus

2026 2202 2121 2256 per
2142 2202 2358 2244 crucem
2385 2189 2581 2246 Christi
2612 2189 2787 2263 (Rom.
2813 2207 2867 2249 v1
2886 2232 2903 2259 ,
2931 2192 3011 2266 6).

2093 2279 2320 2336 CAPUT
2366 2280 2475 2337 VII.
2500 2312 2578 2324 —
2603 2284 2692 2338 t9.
2723 2283 2830 2340 Sed
2858 2300 3001 2342 nunc
3028 2290 3309 2345 sententiis
3335 2292 3622 2366 episeopo-

2022 2388 2139 2425 rum
2169 2375 2258 2442 qui
2287 2373 2498 2458 fuerunt
2521 2383 2647 2431 ante
2671 2391 2804 2443 nos,
2833 2386 2888 2433 et
2913 2377 3029 2435 hac
3048 2379 3228 2437 divina
3253 2382 3463 2456 eloquia
3492 2386 3621 2444 fides

2022 2463 2146 2519 liter
2183 2475 2238 2518 et
2277 2465 2694 2523 memorabiliter
2728 2476 3084 2526 tractaverunt
3106 2512 3123 2537 ,
3164 2488 3356 2543 urgere
3383 2484 3434 2530 te
3463 2474 3621 2532 insti-

2022 2558 2139 2611 tui..
2162 2557 2390 2614 Proinde
2434 2558 2499 2613 ad
2524 2559 2835 2630 episeOpum
2863 2563 3206 2620 Ambrosium
3238 2576 3576 2625 revertamur
3602 2588 3618 2627 :

2018 2651 2106 2721 qui
2145 2667 2266 2707 cunt
2296 2662 2354 2707 et
2377 2651 2620 2709 homines
2640 2694 2660 2721 ,
2688 2653 2740 2709 id
2764 2664 2847 2710 est
2870 2664 2925 2710 et
2948 2658 3155 2714 animas
3175 2668 3231 2714 et
3256 2674 3481 2731 corpora
3512 2661 3613 2718 ho-

2019 2742 2220 2797 minum
2238 2784 2252 2807 ,
2276 2758 2411 2813 opus
2441 2744 2533 2799 Dei
2563 2759 2684 2803 esse
2714 2761 2818 2800 non
2845 2745 3085 2811 dubitet,
3113 2756 3170 2804 et
3195 2752 3406 2820 nuptias
3435 2751 3609 2809 hono-

2020 2840 2135 2897 ret,
2182 2844 2237 2887 et
2274 2834 2333 2887 in
2376 2833 2645 2903 Baptismo
2680 2822 2885 2891 Christi
2917 2838 3170 2906 praedicet
3191 2841 3367 2895 omnia
3397 2852 3617 2912 peccata

2016 2923 2209 2980 dimitti
2234 2966 2247 2985 .
2295 2935 2349 2979 et
2395 2925 2561 2981 Deum
2602 2942 2722 2982 esse
2763 2930 2972 2985 noverit
3002 2930 3244 2999 justum;
3284 2943 3338 2989 et
3365 2949 3625 3004 capacem

2019 3016 2233 3072 virtutis
2263 3026 2423 3086 atque
2454 3018 2797 3086 perfectionis
2825 3034 2921 3089 per
2952 3021 3043 3076 Dei
3071 3024 3296 3092 gratiam
3329 3024 3615 3081 humanam

2015 3122 2123 3164 non
2172 3120 2324 3179 neget
2362 3124 2484 3164 esse
2523 3118 2805 3177 naturam;
2832 3128 2953 3183 quae
2979 3125 3155 3170 vestra
3179 3116 3413 3187 quinque
3443 3118 3620 3174 facitis

2015 3212 2358 3268 argumenta,
2411 3202 2797 3259 contendentes
2843 3204 3048 3260 nullum
3104 3205 3327 3263 istorum
3373 3209 3610 3280 quinan

2015 3306 2200 3347 verum
2240 3306 2360 3347 esse
2406 3306 2565 3362 posse
2585 3334 2599 3357 ,
2640 3295 2745 3349 nisi
2775 3294 2966 3351 falsum
2995 3297 3066 3351 sit
3097 3298 3309 3354 trahere
3333 3314 3613 3359 nascentes

2015 3383 2273 3453 originale
2324 3393 2598 3452 peccatum
2660 3402 2674 3440 :
2732 3394 2911 3441 tamen
2963 3387 3064 3443 hoc
3115 3389 3319 3458 ipsum,
3359 3391 3501 3462 quod
3529 3392 3615 3448 his

2014 3477 2250 3546 quinque
2289 3477 2619 3545 argumentis
2663 3477 2877 3534 auferre
2920 3480 3226 3546 conamini,
3266 3481 3346 3538 sic
3385 3481 3478 3539 ille
3524 3483 3612 3541 ubi

1982 3568 2149 3636 'opus
2194 3574 2307 3633 est,
2352 3566 2405 3621 in
2446 3566 2559 3623 suis
2599 3570 2937 3625 sermonibus
2981 3572 3157 3641 ponit,
3201 3581 3257 3627 ut
3284 3574 3455 3630 cuivis
3479 3576 3621 3633 satis

2013 3657 2261 3724 eluceat,
2291 3657 2418 3729 quid
2438 3658 2699 3714 catholica
2722 3661 2916 3715 veritas
2942 3663 3114 3717 soleat
3140 3664 3451 3734 pranlicare,
3479 3662 3609 3738 quid

2013 3748 2232 3818 profana
2261 3750 2469 3804 novitas
2493 3759 2716 3805 conetur
2737 3761 3002 3807 evertere.
3029 3752 3264 3809 Auferte
3285 3755 3457 3824 ipsum
3475 3771 3608 3826 quo-

2010 3856 2116 3912 que
2156 3842 2499 3898 Ambrosium
2539 3843 2707 3899 scisse
2744 3859 2809 3899 ac
2838 3844 3087 3901 docuisse
3110 3846 3407 3913 dubitabis,
3438 3849 3606 3905 Deum

2010 3946 2132 3988 esse
2175 3932 2449 3988 hominum
2498 3933 2828 3989 conditorem
2853 3975 2869 4000 ,
2916 3944 2972 3991 et
3007 3936 3201 3992 anima:
3238 3947 3291 4005 et
3323 3938 3608 4008 corporis?

2010 4024 2148 4078 Audi
2190 4039 2329 4095 ergo
2356 4024 2483 4096 quid
2521 4024 2666 4080 dicat
2704 4027 2757 4081 in
2786 4028 2921 4083 libro
2953 4028 3021 4083 de
3046 4028 3389 4100 Philosophia
3416 4042 3605 4089 contra

2009 4114 2292 4171 Platonem
2324 4115 2699 4187 philosophum
2722 4159 2739 4186 ,
2761 4119 2852 4190 qui
2878 4119 3151 4176 hominum
3173 4123 3381 4178 animas
3398 4124 3605 4180 revolvi

2009 4209 2061 4262 in
2092 4209 2288 4264 bestias
2314 4219 2626 4280 asseverat,
2652 4221 2708 4268 et
2730 4213 3025 4269 animarum
3052 4217 3417 4275 tantummodo
3438 4217 3605 4276 Deum

2005 4302 2253 4371 opinatur
2278 4311 2551 4359 auctorem
2571 4344 2584 4369 ,
2616 4319 2841 4377 corpora
2863 4315 3038 4361 autem
3064 4305 3168 4362 diis
3193 4307 3490 4364 minoribus
3511 4307 3595 4363 fa-

2006 4392 2195 4449 cienda
2220 4393 2480 4451 decernit.
2508 4396 2648 4467 Ergo
2674 4405 2889 4453 sanctus
2914 4397 3231 4454 Ambrosius
3251 4442 3266 4462 ,
3300 4417 3320 4451 ι
3348 4399 3514 4456 Miror
3531 4441 3549 4467 ,
3575 4419 3595 4455 ι

2006 4484 2207 4555 inquit,
2257 4503 2279 4537 ι
2325 4497 2529 4541 tantum
2578 4487 2984 4558 philosophum,
3027 4490 3296 4560 quomodo
3328 4491 3596 4559 animum;

2004 4576 2091 4633 cui
2128 4584 2449 4649 potestatem
2488 4578 2829 4635 conferendae
2873 4581 3288 4639 immortalitatis
3319 4583 3593 4651 attribuit,

2005 4666 2059 4721 in
2103 4668 2316 4724 noctuis
2342 4668 2614 4734 includat,
2643 4677 2736 4724 aut
2765 4671 2965 4726 ranulis
2987 4712 3003 4737 ,
3038 4673 3245 4729 feritate
3268 4688 3480 4744 quoque
3508 4678 3596 4734 ἰι-

2003 4759 2131 4814 dttat
2174 4761 2462 4815 bestiarum
2509 4779 2524 4817 :
2565 4776 2688 4816 eum
2730 4761 2784 4817 in
2822 4762 3023 4818 Timtco
3047 4779 3166 4819 eam
3196 4764 3291 4821 Dei
3319 4780 3453 4836 opus
3476 4783 3601 4825 esse

2004 4857 2415 4922 memoraverit,
2446 4859 2584 4911 inter
2610 4855 2931 4912 immortalia
2955 4872 2986 4911 a
3012 4857 3122 4914 Deo
3143 4858 3330 4915 factam
3357 4877 3372 4924 ;
3395 4875 3594 4928 corpus

2001 4954 2178 5000 autem
2200 4961 2306 5001 non
2337 4947 2501 5002 videri
2530 4963 2665 5016 opus
2692 4948 2883 5003 summi
2908 4948 2999 5003 Dei
3024 4950 3236 5017 asserit,
3259 4952 3379 5022 quia
3404 4961 3591 5006 natura

2000 5037 2179 5091 carnis
2221 5037 2466 5093 humana:
2508 5037 2635 5091 nihil
2675 5052 2707 5091 a
2750 5047 2933 5092 natura
2960 5041 3199 5109 corporis
3223 5040 3461 5097 bestialis
3484 5039 3591 5098 dif-

2001 5124 2124 5181 fert.
2171 5126 2228 5183 Si
2269 5142 2402 5198 ergo
2435 5127 2592 5198 digna
2618 5137 2705 5184 est
2732 5144 2850 5199 qua:
2877 5129 2969 5185 Dei
2999 5145 3133 5202 opus
3157 5144 3279 5188 esse
3302 5134 3553 5189 credatur
3576 5174 3592 5201 ,

1999 5219 2270 5289 quomodo
2298 5218 2509 5290 indigna
2535 5226 2619 5277 est
2644 5235 2765 5292 qua:
2785 5220 2878 5276 Dei
2904 5236 3066 5292 opere
3087 5221 3385 5280 vestiatur?
3414 5242 3435 5278 ι
3456 5224 3593 5281 Ecce

1999 5327 2106 5368 non
2142 5313 2311 5368 solum
2341 5312 2603 5377 animam,
2635 5312 2777 5384 quod
2801 5322 2856 5368 et
2881 5313 2952 5369 illi
2979 5313 3194 5384 dicunt,
3217 5330 3402 5372 verum
3427 5317 3588 5373 etiam

1999 5417 2226 5473 corpus.
2261 5403 2404 5476 quod
2440 5404 2513 5459 illi
2541 5412 2770 5476 negant,
2798 5414 2984 5461 contra
3010 5404 3310 5463 Platonicos
3335 5407 3428 5464 Del
3454 5424 3591 5479 opus

1999 5508 2120 5549 esse
2147 5492 2386 5549 defendit
2410 5494 2744 5550 Ambrosius.

2068 5583 2160 5640 20.
2205 5587 2289 5639 An
2328 5593 2382 5639 tu
2420 5584 2657 5640 dicturus
2695 5600 2791 5651 es,
2830 5586 2972 5657 quod
3018 5588 3215 5662 nuptiis
3256 5587 3462 5659 ingerat
3483 5587 3590 5644 cri-

2000 5693 2120 5732 men
2145 5716 2161 5742 ,
2205 5677 2324 5747 quia
2360 5684 2415 5732 et
2444 5676 2566 5732 inde
2594 5676 2736 5748 quod
2764 5678 2999 5733 nascitur
3021 5677 3464 5749 concupiscentia:
3486 5691 3584 5730 vo-

2081 5811 2132 5873 (ι)
2155 5812 2310 5863 verba
2329 5811 2438 5874 haec
2454 5810 2578 5873 apud
2594 5810 2814 5861 Basilium
2834 5810 3066 5874 leguntur
3090 5812 3137 5861 in
3160 5808 3351 5860 humilia
3380 5807 3450 5865 l3,
3476 5820 3586 5867 quis

2001 5873 2272 5924 exhortatio
2292 5883 2365 5923 est
2383 5873 2442 5922 ad
2467 5876 2767 5935 Baptismum.
