4118 6504
520 417 622 469 687

520 533 718 599 lnptate
762 540 1106 588 co~eretnm.
1152 531 1277 584 dicit
1320 533 1498 585 subire
1541 533 1839 599 contagium
1885 530 2106 584 delicto-

522 624 683 676 rum?
732 623 863 676 Audi
908 638 1032 693 ergo
1076 624 1141 676 de
1182 625 1375 692 nuptiis
1419 625 1685 678 Ambrosii
1715 623 2027 678 svntentiam
2058 624 2107 674 in

519 717 775 787 Apologia
825 718 992 770 sancti
1042 718 1217 770 David.
1255 737 1272 766 ι
1310 718 1511 771 Bonum
1534 760 1546 781 ,
1586 736 1603 769 ι
1639 719 1841 787 inquit,
1871 734 1889 767 ι
1926 719 2110 784 conju-

519 810 660 878 gium
684 851 697 869 .
743 820 921 863 sanct-t
952 809 1159 879 copula.
1193 809 1295 863 Sed
1330 819 1504 863 tamen
1536 810 1621 877 qui
1651 808 1846 862 habent
1875 823 2067 861 uxores
2092 850 2106 873 ,

522 901 590 953 ita
635 900 738 969 sint
782 913 846 954 ac
889 900 931 953 si
978 916 1080 951 non
1116 899 1371 953 habentes
1402 916 1412 952 :
1445 900 1557 969 ipse
1583 909 1662 953 est
1692 901 1876 952 thorus
1909 899 2110 952 ineoin-

520 992 804 1057 qninalus;
858 999 913 1045 et
956 1005 1113 1045 nemo
1158 991 1384 1045 alterum
1419 990 1661 1044 fraudare
1688 989 1849 1043 debet
1877 1009 1974 1051 eo,
2011 989 2110 1042 nisi

521 1081 659 1136 forte
704 1082 770 1136 ad
815 1090 1025 1152 tempus
1047 1123 1060 1144 ,
1110 1091 1166 1135 ut
1194 1067 1382 1136 vacent
1406 1081 1631 1135 orationi
1661 1080 1703 1149 (l
1730 1080 1847 1135 Cor.
1880 1096 1969 1143 vn,
2001 1079 2072 1134 ‘29
2094 1121 2107 1146 ,

520 1173 601 1243 5).
635 1173 835 1226 Tamen
868 1172 1156 1227 secundum
1186 1174 1502 1243 Apostolum
1523 1215 1537 1236 ,
1567 1188 1671 1225 non
1701 1182 1855 1225 vacat
1882 1172 2109 1227 orationi

518 1265 640 1335 quis
676 1280 740 1319 eo
776 1275 1040 1335 tempore,
1069 1279 1174 1335 quo
1196 1279 1347 1318 usum
1372 1265 1387 1296 ¹
1416 1279 1687 1332 corporea:
1715 1263 1854 1317 illius
1880 1277 2114 1317 conven-

524 1356 684 1409 tionis
709 1365 954 1411 exerceti
988 1355 1134 1427 (Cap.
1166 1354 1280 1426 Η).
1307 1355 1445 1409 Audi
1470 1363 1524 1409 et
1549 1355 1770 1408 alteram
1798 1355 1851 1408 in
1883 1355 2021 1409 libro
2045 1355 2113 1409 de

521 1448 862 1519 Philosophia
896 1466 909 1501 :
944 1468 964 1502 ι
998 1449 1142 1502 Bona
1167 1490 1183 1513 ,
1221 1467 1241 1500 ι
1277 1449 1484 1518 inquit,
1523 1467 1542 1501 ι
1577 1448 1933 1513 continentia,
1962 1462 2111 1518 qua:-

521 1540 643 1594 dam
671 1540 817 1594 velut
843 1538 1062 1610 crepido
1083 1539 1313 1608 pietatis.
1338 1538 1638 1608 Namquein
1663 1538 1968 1607 pra-cipitits
1992 1538 2117 1592 vita:

522 1630 682 1701 hujus
710 1630 1000 1686 labentium
1031 1629 1217 1684 statuit
1244 1629 1465 1699 vestigia
1490 1644 1505 1694 ;
1540 1629 1863 1699 speculatrix
1885 1629 2070 1684 sedula
2094 1668 2111 1696 ,

520 1738 589 1778 ne
639 1721 765 1793 quid
816 1722 1039 1791 obrepat
1082 1721 1346 1776 illicitum.
1405 1720 1576 1775 Mater
1630 1729 1808 1776 autem
1861 1721 2114 1776 vitiorum

520 1816 759 1870 omnium
813 1814 1197 1870 incontinentia
1222 1855 1239 1881 ,
1269 1829 1389 1886 qum
1415 1814 1576 1868 etiam
1604 1814 1746 1869 licita
1772 1815 1931 1869 vertit
1958 1814 2008 1869 in
2036 1815 2114 1869 vi-

523 1908 651 1961 tium
702 1905 935 1976 ideoque
956 1905 1245 1975 Apostolus
1268 1922 1374 1960 non
1396 1906 1567 1959 solum
1591 1921 1619 1958 a
1645 1904 1997 1961 fornicatione
2018 1920 2114 1961 nos

519 2000 958 2066 retrahit,verum
989 1999 1148 2054 etiam
1181 1997 1234 2053 in
1260 1998 1388 2069 ipsis
1413 1998 1673 2068 conjugiis
1697 1997 1911 2052 modum
1930 2013 2116 2067 quem-

522 2092 646 2147 dam
691 2092 848 2147 docet
869 2133 883 2158 ,
928 2099 983 2146 ct
1019 2100 1259 2160 tempora
1289 2090 1601 2162 sprescribit
1636 2089 1821 2144 orandi
1847 2107 1867 2141 ι
1894 2088 1956 2159 (l
1992 2087 2115 2145 Cor.

518 2185 636 2257 vn).
678 2202 700 2238 ι
728 2184 1090 2254 intemperans
1117 2181 1261 2238 enim
1288 2183 1342 2237 in
1356 2182 1616 2253 conjugio
1633 2222 1648 2247 ,
1679 2182 1804 2252 quid
1830 2181 1973 2237 aliud
1998 2183 2102 2239 nisi

520 2276 736 2347 quidam
782 2274 994 2329 adulter
1031 2274 1215 2329 uxoris
1251 2273 1422 2329 est?)
1457 2273 1644 2328 Cernis
1667 2274 2114 2344 quemadmodum

521 2368 652 2423 velit
684 2367 844 2422 etiam
890 2367 1029 2421 inter
1076 2381 1136 2420 se
1178 2366 1293 2435 ipsa
1333 2381 1458 2421 vere
1484 2366 1707 2421 honesta
1736 2367 1759 2398 '
1784 2380 1903 2422 esse
1927 2368 2117 2437 conju-

520 2459 603 2530 gia
642 2459 667 2513 ?
720 2457 884 2513 Vides
933 2456 1382 2529 quemadmodum
1431 2457 1573 2512 dicat
1610 2499 1626 2523 ,
1666 2458 2114 2513 incontinentiam

522 2551 680 2605 etiam
726 2548 868 2605 licita
900 2558 1109 2603 vertere
1147 2548 1200 2603 in
1230 2548 1414 2603 vitium
1434 2590 1448 2612 ,
1482 2548 1567 2602 nbi
1592 2556 1649 2604 et
1674 2549 1872 2603 licitum
1896 2550 2118 2605 demon-

521 2650 655 2697 strat
700 2655 820 2697 esse
864 2640 1185 2696 connubium
1210 2680 1226 2707 ,
1271 2654 1326 2695 et
1366 2641 1418 2695 in
1462 2641 1578 2710 ipso
1608 2656 1712 2695 non
1742 2642 1857 2696 vult
1885 2642 2113 2698 inconti-

520 2735 756 2789 nentiam
799 2731 1002 2789 l’mdare
1042 2732 1185 2803 quod
1223 2733 1424 2789 licitum
1466 2742 1552 2789 est
1588 2733 1650 2787 ’τ
1692 2734 1939 2789 Advertis
1983 2751 2118 2806 quo-

522 2824 686 2880 modo
711 2825 1008 2894 intelligere
1038 2824 1315 2878 nobiscum
1340 2823 1539 2879 debeas
1559 2866 1573 2889 ,
1603 2825 1655 2879 in
1680 2841 1789 2895 quo
1811 2826 1998 2881 morbo
2019 2827 2116 2882 de-

521 2918 703 2973 siderii
748 2916 976 2971 noluerit
1018 2917 1305 2987 Apostolus
1347 2932 1779 2989 unumquemque
1824 2934 1916 2973 vas
1959 2936 2114 2977 suum

526 3009 837 3081 possidere,
869 3010 1005 3065 sicut
1031 3017 1216 3079 gentes
1244 3024 1365 3080 qn:e
1391 3010 1636 3079 ignorant
1668 3012 1831 3065 Deum
1862 3011 1905 3083 (Ι
1934 3011 2111 3067 Thess.

521 3102 653 3168 tv,4,
673 3101 731 3172 ὃ)
750 3101 775 3155 ?
793 3099 911 3156 Tibi
938 3110 1113 3155 autem
1130 3099 1292 3154 libido
1315 3116 1419 3154 non
1442 3100 1542 3154 nisi
1571 3109 1765 3170 praeter
1789 3118 2007 3156 uxorem
2032 3107 2109 3156 vi-

521 3197 677 3250 detur
707 3208 828 3250 esse
852 3194 1153 3264 culpabilis.
1182 3192 1321 3261 Quid
1345 3208 1474 3264 ergo
1501 3193 1569 3247 de
1599 3192 1886 3248 Ambrosio
1908 3194 2116 3264 judica-

522 3287 630 3351 bis,
659 3286 749 3357 qui
775 3287 1220 3355 intemperantem
1248 3285 1302 3339 in
1324 3285 1572 3355 coniugio
1598 3285 1900 3341 adulterum
1928 3304 2113 3357 quem-

523 3380 645 3431 dam
684 3378 915 3449 appellat
950 3377 1182 3432 uxoris?
1206 3377 1356 3432 Tune
1382 3376 1573 3432 melius
1599 3379 1811 3447 nuptias
1838 3378 2069 3433 honoras
2093 3421 2108 3446 ,

522 3475 573 3526 in
595 3472 785 3543 quibus
810 3470 1012 3525 libidini
1039 3470 1527 3526 licentiosissimum
1550 3472 1782 3540 spatium
1806 3472 2110 3541 pra-buisti;

519 3580 586 3618 ne
630 3564 868 3618 fortassis
908 3562 1109 3617 offensa
1149 3560 1486 3618 defensorem
1532 3563 1635 3617 sibi
1674 3564 1835 3618 alium
1865 3564 2109 3633 provide-

517 3668 599 3712 ret
618 3658 643 3710 “!
663 3655 848 3726 Neque
873 3655 1015 3711 enim
1033 3698 1047 3721 ,
1077 3654 1218 3724 quod
1249 3669 1349 3726 ego
1376 3655 1793 3710 commemoravi
1820 3656 2110 3710 secundum

516 3751 727 3803 veniam
765 3748 1082 3818 conjugihus
1122 3747 1423 3803 concedere
1446 3748 1759 3817 Apostolum
1790 3745 1900 3819 (ubi
1930 3749 2111 3818 procul

517 3838 680 3893 dubio
719 3846 964 3903 notatur,
1002 3837 1104 3893 etsi
1133 3836 1423 3908 ignoscitur
1444 3878 1460 3905 ,
1489 3836 1665 3909 culpa)
1687 3875 1709 3906 ,
1735 3837 1922 3894 saltem
1951 3838 2115 3894 verbo

520 3941 674 3985 tenus
718 3931 981 4000 attingere
1021 3929 1275 3994 voluisti;
1315 3936 1409 3983 aut
1439 3928 1582 3998 quod
1606 3927 1675 3982 ab
1704 3928 1796 3983 illo
1823 3942 1990 3999 opere
2011 3969 2024 3993 ,
2058 3940 2114 3982 nt

517 4022 744 4077 orationi
775 4029 963 4076 vacent
985 4062 999 4088 ,
1022 4035 1236 4075 cessare
1257 4020 1516 4089 conjuges
1538 4019 1904 4074 admonentur
1924 4020 1970 4089 (l
1992 4020 2110 4075 Cor.

518 4129 625 4180 vn,
661 4115 694 4169 6
713 4156 728 4180 ,
759 4112 814 4184 5)
840 4154 856 4180 ,
887 4113 1029 4184 quod
1060 4128 1160 4184 ego
1190 4121 1359 4167 totum
1390 4113 1840 4179 commemoravi,
1866 4128 2027 4168 ausus
2055 4129 2115 4169 es

519 4208 572 4262 in
617 4216 703 4261 tua
744 4206 1096 4277 responsione
1151 4204 1406 4261 refricare
1438 4222 1451 4258 :
1483 4206 1646 4262 credo
1668 4248 1682 4274 ,
1716 4204 2009 4263 formidans
2045 4224 2113 4265 ne

519 4310 606 4355 tua
631 4299 904 4355 videretur
930 4299 1277 4368 praevaricata
1303 4296 1567 4364 defensio,
1602 4298 1648 4354 si
1672 4308 1726 4354 et
1754 4307 1805 4354 te
1825 4300 2115 4356 conﬁtente

518 4399 824 4462 appareret,
853 4390 995 4461 quod
1029 4406 1122 4459 per
1151 4389 1447 4455 libidinem,
1473 4390 1560 4445 cui
1585 4399 1637 4444 te
1665 4391 1983 4459 patrocinari
2008 4407 2115 4446 non

518 4482 717 4553 pudet,
749 4481 908 4535 etiam
947 4479 1231 4550 conjugum
1273 4479 1622 4550 impediretur
1659 4479 1851 4535 oratio.
1893 4479 1967 4535 lta
1993 4494 2113 4536 cum

521 4571 650 4627 mihi
696 4586 793 4642 pro
821 4571 909 4625 illa
937 4570 1263 4641 respondere
1291 4585 1547 4642 cuperes,
1578 4570 1672 4625 scd
1700 4571 1955 4640 Apostolo
1983 4572 2114 4626 resi-

520 4675 665 4721 stere
691 4681 796 4720 non
822 4662 1048 4718 auderes
1068 4704 1083 4731 ,
1110 4678 1211 4720 nec
1235 4663 1289 4718 in
1313 4663 1469 4717 aliam
1499 4665 1838 4734 sententiam,
1866 4664 2002 4720 sicut
2028 4680 2117 4721 so-

521 4760 640 4815 letis
659 4799 675 4824 ,
704 4758 879 4827 ipsum
908 4756 1260 4828 apostolicum
1285 4755 1643 4810 testimonium
1671 4755 1987 4827 detorquere
2014 4771 2114 4827 po-

523 4853 716 4908 tuisses
739 4893 754 4919 ,
778 4852 999 4907 omnino
1026 4850 1149 4906 inde
1179 4858 1355 4906 tacere
1381 4849 1631 4903 maluisti.
1665 4849 1745 4904 Tu
1770 4864 1896 4920 ergo
1923 4849 2116 4904 melius

524 4946 756 4997 honoras
777 4944 986 5014 nuptias
1006 4986 1019 5010 ,
1047 4958 1272 5013 quarum
1293 4940 1603 5012 dignitatem
1628 4951 1874 5012 tanquam
1896 4942 2116 4995 omnino

526 5034 978 5103 irreprehensibili
1008 5034 1289 5088 volutabro
1315 5032 1543 5086 carnalis
1558 5032 2001 5101 concupiscentia:
2019 5032 2116 5087 de-

523 5126 730 5180 coloras
763 5143 774 5176 :
805 5140 870 5177 an
908 5125 1025 5188 ille,
1059 5124 1149 5195 qtti
1188 5139 1308 5180 cum
1340 5124 1509 5188 dicat,
1544 5139 1647 5177 non
1677 5126 1847 5178 solum
1876 5125 2075 5200 licitum
2099 5168 2113 5193 ,

511 5202 617 5271 sed
663 5217 819 5270 etiam
871 5215 1067 5269 bonum
1114 5214 1416 5287 eoujugium
1462 5225 1805 5286 sanctamque
1836 5219 2112 5286 copulam,

528 5318 704 5363 tamen
727 5316 972 5361 cessante
998 5308 1230 5361 libidinis
1255 5308 1542 5376 voluptate,
1574 5317 1809 5377 leutpora
1836 5310 2023 5381 orandi
2050 5312 2117 5365 ab

525 5401 783 5471 Apostolo
817 5401 1117 5472 prmscripta
1150 5411 1564 5463 commemorat;
1599 5410 1759 5469 atque
1785 5401 1855 5454 ita
1882 5418 1982 5454 non
2007 5403 2118 5456 vult

530 5493 605 5546 illi
638 5492 823 5546 morbo
853 5491 1060 5546 deditos
1084 5508 1203 5547 esse
1230 5492 1480 5562 conjuges
1501 5534 1514 5557 ,
1549 5493 1688 5546 unde
1711 5494 1938 5548 trahitur
1960 5495 2118 5565 origi-

590 5604 604 5634 ¹
641 5607 698 5650 Er
723 5609 772 5651 et
795 5608 927 5660 l.ov.,
955 5600 1035 5664 qui
1056 5614 1111 5651 eo
1134 5608 1343 5664 tempore
1376 5615 1529 5652 usum.
1554 5603 1873 5653 Emcudantur
1909 5619 1968 5654 ex
2014 5615 2115 5656 Mss.

526 5673 577 5711 et
606 5666 909 5712 Ambrosiana
935 5664 1166 5712 editione.

590 5727 608 5755 ³
642 5738 714 5774 sic
735 5726 958 5786 jra‘cipui
984 5731 1088 5773 Mss.
1118 5735 1169 5773 st
1194 5726 1326 5785 editi,
1350 5739 1461 5775 vera
1484 5734 1527 5775 et
1551 5725 1756 5775 honesta.

524 5788 711 5893 “0'1
745 5795 795 5835 ct
817 5793 945 5847 Lov.,
978 5799 1070 5837 non
1106 5786 1200 5838 ruit
1245 5786 1581 5842 incontinentis:
1619 5789 1796 5851 [cedat-1'
1841 5791 1968 5853 quod
2010 5791 2114 5843 lici-

593 5861 606 5893 l
670 5861 690 5893 .”
718 5883 727 5893 .

546 5860 624 5894 unt
644 5856 727 5898 est.

1327 416 1596 473 CONTRA
1643 415 1985 474 JlILIANUM
2030 414 2486 484 l'l‘JAtilANUil,
2531 422 2585 475 S.
2633 425 2995 485 AUGUSTI.“
3540 432 3544 436 ’
3692 443 3785 502 633

2220 531 2335 582 nale
2377 542 2647 599 peccatum
2670 579 2682 597 .
2715 549 2768 592 ut
2793 555 2886 594 eos
2916 543 3002 611 qui
3034 542 3227 599 habent
3254 560 3443 602 uxores
3465 591 3478 613 ,
3513 554 3784 613 secundum

2218 622 2462 677 emndem
2503 628 2828 694 apostolum,
2873 632 2941 684 ita
2984 648 3102 689 esse
3128 635 3282 703 velit,
3313 652 3374 693 ac
3400 639 3442 692 si
3470 655 3571 695 non
3597 641 3784 700 haben-

2220 719 2336 774 tes;
2388 729 2484 767 nec
2534 731 2721 772 \orarc
2768 720 2972 777 dubitat
2996 726 3154 779 etiam
3188 729 3366 783 uxoris
3395 730 3684 789 adulterum
3711 738 3785 791 in-

2220 810 2603 872 temperantem
2654 810 2928 875 maritum,
2974 830 3133 869 omne
3172 819 3421 874 connubii
3451 820 3641 878 bonum
3669 842 3789 895 pen-

2218 909 2342 947 sans
2370 912 2472 951 non
2502 900 2789 968 cupiditate
2815 906 2993 959 carnis
3016 949 3030 971 ,
3054 908 3148 962 sed
3175 910 3275 965 lide
3308 913 3479 980 potius
3507 917 3787 981 castitatis;

2220 1000 2323 1038 non
2353 989 2540 1043 morbo
2568 993 2828 1059 passionis
2850 1036 2863 1058 ,
2896 997 2990 1050 sed
3018 998 3217 1054 laedere
3243 1002 3664 1071 conjunctionis;
3692 1024 3790 1064 non

2217 1078 2485 1148 voluptate
2527 1082 2796 1151 libidinis,
2839 1088 2932 1141 sed
2975 1089 3245 1146 voluntate
3287 1097 3629 1165 propaginis?
3670 1099 3790 1154 Nam

2220 1171 2494 1226 mulierem
2533 1175 2649 1228 vim
2690 1179 2898 1232 nonnisi
2937 1182 3224 1249 generandi
3266 1199 3421 1239 causa
3453 1187 3688 1256 perhibet
3712 1190 3788 1246 in-

2218 1262 2454 1317 stitutam
2474 1306 2490 1328 ,
2531 1267 2673 1321 unde
2697 1278 2806 1323 tam
2838 1270 2926 1325 diu
2956 1273 3185 1339 frustra,
3217 1278 3366 1346 quasi
3397 1274 3667 1351 quisquam
3699 1282 3792 1339 hoe

2217 1365 2457 1411 nostrum
2506 1371 2765 1430 negaret,
2811 1363 3186 1433 disputandum
3236 1373 3446 1438 putasti.
3497 1374 3616 1429 ll:rc
3660 1378 3791 1431 enim

2217 1455 2341 1502 sunt
2374 1448 2440 1504 de
2466 1450 2566 1507 hac
2595 1468 2653 1506 re
2681 1454 2841 1509 verba
2869 1456 2983 1526 ejus
3016 1458 3065 1511 in
3100 1459 3236 1515 libro
3265 1461 3330 1516 de
3363 1463 3613 1520 Paradiso
3642 1484 3655 1521 :
3689 1486 3706 1518 ι
3743 1468 3793 1523 Si

2218 1540 2377 1610 igitur
2421 1543 2540 1597 viro
2566 1584 2580 1608 ,
2638 1564 2658 1598 ›
2712 1546 2911 1618 inquit,
2966 1567 2985 1602 ι
3037 1551 3208 1620 culpa:
3243 1563 3427 1609 auctor
3459 1564 3541 1611 est
3575 1558 3792 1626 mulier,

2218 1632 2665 1700 quemadmodum
2715 1652 2809 1707 pro
2851 1639 2993 1694 bono
3036 1642 3241 1699 videtur
3265 1644 3470 1715 adjecta
3491 1646 3518 1700 ἲ
3542 1647 3728 1704 Verum
3754 1650 3794 1704 si

2218 1723 2527 1780 consideres
2549 1766 2565 1790 ,
2596 1726 2718 1796 quia
2751 1729 2857 1784 Deo
2888 1732 3248 1789 universitatis
3276 1748 3358 1791 est
3386 1754 3509 1793 cura
3532 1782 3547 1801 ,
3571 1741 3795 1798 invenies

2219 1815 2336 1884 plus
2375 1817 2590 1886 placere
2633 1818 2858 1877 Domino
2901 1823 3149 1880 debuisse
3192 1826 3242 1882 id
3274 1828 3325 1882 in
3350 1845 3455 1900 quo
3482 1842 3621 1886 esset
3647 1848 3795 1888 causa

2220 1909 2576 1968 universitatis
2599 1954 2614 1980 ,
2652 1928 2811 1984 quam
2848 1917 3309 1974 condemnandum
3349 1920 3514 1978 fuisse
3543 1924 3668 1979 illud
3701 1926 3715 1957 ¹
3748 1927 3794 1980 in

2218 2015 2325 2071 quo
2361 2011 2505 2057 esset
2547 2019 2706 2060 causa
2749 2009 2971 2075 peccati.
3014 2009 3138 2063 Ideo
3178 2012 3299 2081 quia
3329 2029 3393 2067 ex
3424 2014 3538 2069 viro
3562 2016 3673 2069 solo
3700 2031 3797 2070 non

2219 2100 2428 2161 poterat
2452 2092 2669 2151 humani
2695 2112 2818 2153 esse
2844 2101 3057 2169 generis
3084 2104 3428 2174 propagatio,
3451 2107 3798 2175 pronuntiavit

2220 2183 2477 2240 Dominus
2502 2227 2517 2253 ,
2540 2201 2645 2241 non
2670 2201 2792 2244 esse
2807 2188 3005 2245 bonum
3022 2192 3195 2247 solum
3222 2193 3492 2251 hominem
3518 2213 3633 2252 esse
3652 2196 3794 2273 (Gen.

2219 2288 2285 2340 ιι,
2332 2274 2444 2344 l8).
2485 2276 2668 2332 Maluit
2705 2280 2847 2334 enim
2887 2282 3028 2338 Deus
3070 2284 3251 2353 plures
3294 2300 3446 2353 esse,
3476 2303 3609 2358 quos
3631 2289 3798 2346 Salvos

2218 2365 2396 2422 facere
2421 2379 2637 2438 posset,
2662 2372 2856 2441 quibus
2882 2372 3105 2431 donaret
3134 2385 3431 2445 peccatum,
3457 2396 3614 2449 quam
3644 2397 3795 2435 unum

2219 2459 2390 2513 solum
2435 2460 2604 2516 Adam
2626 2502 2643 2529 ,
2687 2465 2778 2531 qui
2819 2465 2953 2521 liber
2988 2477 3131 2523 esset
3166 2483 3193 2522 a
3221 2470 3394 2540 culpa.
3431 2473 3660 2543 Denique
3686 2474 3796 2544 quia

2218 2549 2387 2618 idem,
2427 2570 2448 2603 ι
2489 2552 2696 2623 inquit,
2742 2573 2763 2607 ‹
2800 2557 3074 2626 utriusque
3102 2568 3290 2615 auctor
3313 2571 3395 2617 est
3422 2566 3600 2633 Operis
3620 2604 3635 2630 ,
3666 2566 3800 2619 venit

2218 2641 2272 2695 in
2319 2642 2459 2697 hunc
2499 2645 2787 2713 mundum,
2834 2657 2886 2701 ut
2915 2648 3096 2704 salvos
3124 2649 3323 2706 faceret
3350 2664 3672 2723 peccatores.
3703 2655 3797 2707 Po-

2218 2742 2419 2787 stremo
2443 2749 2541 2790 nec
2567 2735 2697 2791 Cain
2727 2740 2991 2807 parricidii
3018 2757 3168 2795 reum
3197 2742 3504 2815 priusquam
3531 2754 3800 2817 generaret

2220 2826 2388 2895 lilios,
2429 2842 2617 2897 passus
2659 2839 2742 2885 est
2782 2831 3019 2888 interire.
3054 2833 3225 2904 Ergo,
3260 2854 3281 2889 ι
3308 2837 3511 2906 inquit,
3549 2858 3566 2889 ι
3598 2849 3804 2909 propter

2216 2921 2614 2989 generationem
2685 2924 3042 2981 successionis
3097 2926 3344 2982 humana:
3394 2928 3575 2985 debuit
3624 2931 3802 2985 mulier

2216 3011 2373 3081 adjici
2404 3013 2519 3067 viro
2552 3032 2571 3066 ι
2607 3013 2756 3086 (Cap.
2786 3015 2897 3085 10).

2287 3101 2380 3158 21.
2423 3101 2598 3160 Habes
2631 3120 2757 3161 ecce
2788 3110 3124 3163 Ambrosium
3155 3110 3431 3168 doctorem
3462 3129 3665 3180 meum,
3696 3123 3748 3169 et
3773 3128 3801 3167 a

2218 3201 2310 3248 tuo
2353 3197 2774 3252 memorabiliter
2806 3207 2827 3238 ι
2869 3201 3245 3270 praedicatum,
3287 3212 3342 3258 et
3383 3221 3519 3275 opus
3565 3207 3651 3261 Dei
3691 3221 3803 3261 esse

2217 3300 2430 3339 omnem
2479 3288 2748 3344 hominem
2793 3299 2953 3361 atque
2996 3291 3228 3348 hominis
3271 3310 3525 3358 carnem,
3564 3305 3620 3353 et
3647 3298 3803 3351 bonas

2216 3390 2338 3432 esse
2379 3381 2589 3449 nuptias
2629 3381 2683 3435 in
2710 3393 2964 3453 quantum
2995 3397 3119 3440 sunt
3151 3387 3346 3457 nuptiae
3368 3432 3382 3456 ,
3413 3406 3520 3445 non
3548 3391 3702 3446 modo
3730 3389 3802 3445 fa-

2219 3476 2448 3535 tentem,
2495 3485 2683 3526 vernm
2726 3475 2886 3529 etiam
2935 3475 3328 3534 defendentem.
3377 3481 3627 3537 Jamvero
3671 3482 3804 3553 quod

2218 3574 2315 3628 per
2353 3561 2612 3631 originale
2651 3576 2921 3633 peccatum
2961 3583 3117 3623 sacro
3154 3562 3464 3640 Baptismati
3498 3575 3626 3629 nihil
3652 3575 3803 3629 dero-

2215 3661 2337 3720 get,
2366 3653 2613 3721 superius
2637 3654 3032 3723 demonstravi,
3062 3663 3275 3731 quando
3296 3664 3410 3734 ejus
3439 3667 3592 3736 posui
3622 3667 3801 3727 verba,

2218 3741 2304 3795 ubi
2342 3742 2510 3810 dicit,
2556 3763 2580 3796 ι
2618 3746 2764 3800 illum
2798 3747 3079 3817 justilicari
3118 3767 3147 3805 a
3193 3763 3447 3822 peccato,
3479 3758 3563 3811 cui
3594 3773 3686 3826 per
3710 3757 3804 3810 Ba-

2220 3834 2470 3901 ptismum
2495 3848 2706 3904 peccata
2736 3841 3075 3895 remittuntur
3098 3845 3272 3897 omnia
3300 3864 3318 3897 ι
3350 3845 3585 3917 (Supra,
3614 3865 3665 3901 η.
3698 3846 3801 3914 Η).

2224 3940 2243 3975 ι
2273 3922 2483 3979 Iustum
2512 3941 2674 3995 porro
2696 3930 2782 3982 ille
2807 3930 2972 3985 Deum
3005 3933 3093 3987 ubi
3125 3949 3228 3988 non
3261 3936 3516 4005 praedicat
3536 3982 3550 4004 ,
3579 3946 3667 3991 aut
3693 3937 3805 4007 quis

2218 4014 2287 4070 de
2329 4015 2429 4071 hoc
2469 4026 2642 4086 potcSt
2677 4021 2971 4075 catholicus
3011 4004 3642 4091 dubitareichristiauus,
3672 4004 3805 4096 quod
3900 4004 3910 4018 ’

2221 4120 2355 4173 pene
2379 4115 2436 4160 et
2457 4121 2647 4163 omnes
2676 4109 2823 4180 impii
2852 4112 3175 4168 confitentur
3193 4118 3218 4168 Υ

2289 4199 2518 4256 CAPUT
2568 4201 2701 4257 Vill.
2730 4233 2803 4245 --
2844 4204 2932 4259 22.
2973 4204 3226 4273 Quintum
3255 4209 3382 4263 illud
3412 4221 3609 4275 restat,
3638 4221 3805 4265 utrum

2220 4290 2465 4346 videatur
2507 4293 2792 4350 Ambrosio
2829 4295 3113 4353 humanam
3141 4315 3390 4370 capacem
3418 4302 3806 4371 jnstilicationis

2220 4394 2277 4438 et
2324 4384 2665 4454 perfectionis
2707 4402 2829 4443 esse
2870 4400 3145 4457 naturam;
3190 4408 3289 4447 nec
3323 4394 3390 4448 ab
3421 4394 3523 4451 hac
3550 4393 3804 4450 sententia

2222 4485 2503 4546 propterea
2528 4474 2811 4535 revocetur
2830 4523 2845 4549 ,
2873 4483 2995 4551 quia
3026 4499 3169 4554 smpe
3197 4501 3259 4541 ac
3289 4488 3469 4543 multis
3492 4488 3664 4543 modis
3687 4486 3807 4543 dicit

2220 4582 2435 4624 onmem
2484 4570 2753 4628 hominem
2800 4577 2901 4629 sub
2942 4588 3158 4645 peccato
3198 4580 3378 4647 nasci,
3410 4591 3612 4636 etesse
3642 4582 3804 4650 ipsum

2221 4670 2397 4716 ortum
2436 4662 2552 4733 ejus
2588 4664 2641 4719 in
2677 4665 2824 4721 vitio.
2858 4666 3056 4721 Verum
3086 4678 3142 4723 et
3172 4669 3273 4724 hoc
3296 4671 3405 4740 jam
3432 4687 3591 4742 supra
3619 4669 3806 4732 docui,

2222 4751 2310 4806 ubi
2355 4768 2475 4808 eum
2515 4754 2635 4810 loco
2664 4757 2780 4825 ipso
2809 4760 2968 4828 paulo
3001 4768 3119 4828 post
3146 4760 3345 4817 dixisse
3374 4763 3693 4826 memoravi,
3726 4779 3742 4811 ι
3779 4776 3807 4812 a

2220 4841 2419 4899 Christi
2457 4861 2619 4903 carne
2662 4848 2970 4904 damnatum
3011 4867 3132 4908 esse
3176 4865 3491 4923 peccatum,
3538 4854 3678 4924 quod
3722 4869 3807 4907 na-

2222 4938 2423 4993 scendo
2467 4954 2573 4994 non
2616 4943 2814 5010 sensit,
2856 4945 2995 5014 quod
3039 4948 3315 5000 moriendo
3340 4949 3602 5002 crucifixit
3627 4989 3640 5008 ,
3675 4947 3807 4999 utin

2222 5040 2385 5084 carne
2427 5039 2606 5084 nostra
2647 5041 2791 5087 esset
2826 5032 3133 5103 justilicatio
3178 5053 3270 5104 per
3295 5039 3553 5108 gratiam,
3588 5039 3673 5093 ubi
3701 5043 3813 5090 erat

2223 5130 2348 5174 ante
2375 5123 2604 5176 colluvie
2633 5139 2730 5193 per
2758 5126 2965 5195 culpam
3003 5145 3021 5178 ι
3060 5126 3220 5198 (Ibid.
3254 5145 3305 5182 ιι.
3337 5130 3414 5200 5).
3447 5129 3522 5182 lbi
3548 5130 3688 5183 enim
3718 5142 3810 5179 nao

2226 5220 2396 5268 turam
2418 5215 2802 5271 demonstravit
2829 5219 3109 5273 humanam
3137 5263 3150 5287 ,
3177 5223 3337 5276 etiam
3364 5223 3548 5285 istam,
3576 5237 3692 5292 qua:
3718 5217 3811 5273 sub

2226 5319 2444 5380 peccato
2472 5311 2706 5364 nascitur
2724 5353 2738 5378 ,
2770 5321 2824 5366 et
2852 5313 3003 5383 cujus
3026 5321 3173 5368 ortus
3202 5315 3254 5369 in
3286 5316 3413 5369 vitio
3440 5326 3521 5369 est
3546 5356 3561 5379 ,
3594 5326 3712 5368 esse
3729 5311 3811 5379 ju-

2225 5398 2557 5455 stilicatibnis
2603 5417 2853 5473 capacem
2901 5423 2915 5459 :
2960 5406 3052 5460 sed
3096 5422 3225 5463 sane
3267 5424 3364 5478 per
3388 5408 3648 5483 gratiam,
3677 5402 3809 5474 quod

2226 5491 2497 5547 inimicum
2525 5505 2606 5549 est
2628 5496 2778 5552 vobis
2797 5539 2811 5561 ,
2837 5498 3008 5552 eidem
3031 5501 3216 5569 gratiae
3237 5501 3544 5556 crudelibus
3567 5498 3807 5554 inimicis.

2228 5585 2422 5640 Verum
2452 5587 2497 5640 si
2536 5587 2635 5642 hoc
2665 5603 2853 5659 parum
2882 5601 2961 5645 est
2980 5635 2993 5656 ,
3024 5607 3209 5646 rursus
3234 5592 3359 5662 qttid
3391 5591 3531 5646 dicat
3556 5634 3570 5657 ,
3604 5586 3810 5644 attende

2227 5679 2279 5733 in
2319 5679 2666 5749 Expositione
2710 5681 2855 5737 Isaia:
2899 5686 3170 5753 pmphcta:
3199 5727 3213 5740 .
3253 5705 3270 5737 ι
3308 5684 3631 5749 Videamus,
3669 5701 3689 5736 ι
3730 5681 3809 5735 iu-

2294 5800 2309 5860 f
2344 5794 2651 5844 Floriaceusis
2676 5804 2776 5854 M8,,
2800 5811 2958 5860 quam,
2973 5811 3066 5860 non
3088 5799 3389 5850 condendam
3407 5797 3558 5860 nime
3580 5797 3722 5850 illud.

2292 5858 2311 5887 ²
2344 5862 2392 5904 ω
2415 5864 2526 5906 ante
2554 5862 2762 5915 excusis.
2786 5858 3088 5910 mirabiliter.
