4088 6526
347 547 498 615 quit,
543 557 563 592 ι
598 552 667 593 ne
699 551 802 611 qua
828 537 900 592 sit
927 545 1046 608 post
1073 532 1231 605 hujus
1256 532 1376 587 vita:
1406 531 1728 588 curriculum
1762 538 1942 584 nostra

351 630 718 704 regeneratio,
767 626 837 686 de
883 644 983 700 qua
1025 627 1226 685 dictum
1270 635 1386 692 est,
1434 619 1498 679 In
1531 624 1942 697 regeneratione,

351 738 465 777 cum
487 721 669 778 sederit
685 718 1076 774 Filiusltontinis
1086 719 1137 772 in
1156 717 1337 787 throno
1356 716 1535 790 gloriae
1552 731 1659 771 sua:
1682 734 1700 767 ι
1728 712 1942 783 (Matth.

354 825 480 877 xtx,
507 809 622 883 28).
654 809 803 866 Sicut
831 811 974 865 enim
1008 809 1343 880 regeneratio
1374 807 1565 864 lavacri
1596 807 1821 872 dicitur,
1853 820 1948 876 per

354 916 514 974 quam
541 901 757 958 detersa
786 910 1122 972 peccatorum
1150 898 1453 955 colluvione
1481 913 1805 955 renovamur
1832 914 1847 966 ;
1878 898 1947 951 ita

352 993 691 1064 regeneratio
716 992 819 1048 dici
848 989 1077 1058 videtur,
1112 1007 1207 1061 per
1229 1006 1387 1063 quam
1416 989 1484 1044 ab
1503 990 1647 1044 omni
1673 1003 1949 1059 corporea:

354 1083 714 1140 concretionis
758 1082 1024 1154 purificati
1068 1082 1225 1150 labe,
1266 1082 1466 1138 mundo
1490 1083 1682 1136 anima:
1708 1094 1868 1135 sensu
1895 1079 1947 1134 in

358 1176 518 1230 vitam
564 1190 941 1246 regeneramur
982 1184 1259 1230 aeternam.
1295 1192 1315 1227 ι
1358 1173 1565 1244 Nempe
1600 1171 1842 1228 distinxit
1868 1172 1951 1227 vir

357 1274 573 1319 sanctus
611 1274 666 1319 et
690 1280 850 1320 verax
872 1306 888 1330 ,
916 1264 1351 1335 justificationem
1378 1263 1503 1319 vitae
1534 1263 1717 1334 hujus,
1745 1278 1865 1333 quae
1894 1262 1952 1317 fit

360 1371 456 1426 per
498 1355 1213 1427 lavacrum‘regenerationis
1231 1397 1247 1421 ,
1279 1365 1333 1412 et
1362 1355 1504 1410 illius
1530 1353 1948 1425 perfectionem,

359 1462 481 1501 cum
506 1455 558 1502 et
582 1454 764 1502 nostra
786 1462 1011 1518 corpora
1034 1446 1229 1503 fuerint
1249 1446 1649 1502 immortalitate
1672 1454 1951 1502 renovata.

360 1537 478 1593 Non
507 1538 683 1608 itaque
712 1537 810 1592 fuit
832 1538 1147 1605 Ambrosio,
1181 1538 1423 1609 quamvis
1448 1536 1707 1594 fateretur
1730 1552 1958 1592 nascen-

364 1632 432 1687 tis
459 1629 678 1700 originis
703 1629 886 1684 vitium
906 1671 922 1696 ,
944 1628 1343 1700 justificationis
1370 1629 1650 1701 desperata
1678 1628 1951 1698 perfectio.

362 1721 497 1788 Quia
526 1721 662 1776 sicut
684 1730 767 1775 est
785 1719 1017 1775 humana
1038 1729 1226 1776 natura
1247 1721 1477 1778 creatori
1504 1722 1613 1778 Deo
1635 1719 1953 1788 formabilis,

365 1814 436 1867 ita
467 1812 720 1868 sanabilis
747 1810 1093 1883 redemptori.

436 1927 527 1981 23.
564 1926 671 1983 Sed
698 1943 792 1983 vos
820 1928 1081 1985 festinatis
1101 1970 1117 1997 ,
1142 1936 1197 1985 et
1223 1930 1692 2000 prmsumptionem
1721 1940 1952 1986 vestram

369 2018 673 2074 festinando
716 2020 1077 2092 praecipitatis.
1132 2020 1232 2076 llic
1274 2022 1419 2077 enim
1468 2020 1629 2076 vultis
1681 2019 1954 2076 hominem

371 2109 554 2179 perfici
576 2151 592 2175 ,
621 2118 780 2179 atque
808 2111 1011 2166 utinam
1028 2110 1121 2166 Dei
1136 2110 1301 2178 dono,
1328 2120 1508 2166 etnon
1531 2110 1720 2175 libero,
1752 2110 1833 2165 vel
1860 2126 1955 2180 po-

372 2202 477 2256 tius
513 2216 670 2257 servo
702 2203 929 2273 propria:
965 2202 1255 2258 voluntatis
1287 2202 1530 2258 arbitrio.
1569 2203 1615 2258 A
1649 2218 1752 2273 qua
1782 2200 1957 2271 perfe-

370 2294 547 2349 ctione
570 2294 787 2364 quidem
813 2294 970 2366 Ionge
1006 2310 1105 2349 vos
1131 2308 1253 2349 esse
1289 2294 1499 2349 sentitis
1532 2311 1545 2347 :
1576 2293 1671 2349 sed
1698 2294 1851 2348 dolus
1876 2303 1958 2349 est

372 2385 428 2438 in
454 2399 549 2439 ore
570 2392 747 2440 vestro
766 2425 782 2450 ,
809 2386 923 2442 sive
950 2394 1258 2455 peccatores
1285 2401 1381 2441 vos
1404 2398 1525 2440 esse
1547 2383 1770 2451 dicatis,
1801 2394 1856 2461 et
1875 2384 1957 2452 ju-

371 2486 486 2531 stos
513 2475 657 2531 credi
686 2476 895 2542 velitis;
925 2479 1040 2534 sive
1077 2476 1433 2547 profiteamini
1464 2474 1847 2547 perfectionem
1869 2475 1959 2546 ju-

373 2569 553 2635 stitize,
578 2586 734 2640 quam
758 2571 996 2641 profecto
1016 2572 1070 2626 in
1097 2571 1247 2627 vobis
1272 2585 1379 2626 non
1399 2586 1518 2626 esse
1542 2570 1774 2626 sentitis.
1797 2570 1962 2627 Justi-

375 2662 551 2717 fIcatio
596 2678 771 2733 porro.
800 2663 855 2718 in
899 2663 998 2719 hac
1042 2666 1147 2718 vita
1189 2663 1344 2720 nobis
1387 2663 1677 2719 secundum
1721 2664 1820 2719 tria
1860 2664 1961 2720 ista

373 2751 649 2808 confertur
680 2770 693 2806 :
724 2754 891 2823 prius,
918 2754 1134 2809 lavacro
1169 2754 1622 2825 regenerationis,
1652 2771 1759 2826 quo
1782 2755 1965 2810 remit-

376 2849 757 2899 tunturcuncta
770 2852 983 2914 peccata
1005 2861 1018 2898 :
1037 2845 1248 2912 deinde,
1264 2847 1645 2916 congressione
1657 2863 1778 2903 cum
1797 2847 1961 2916 vitiis,

377 2947 409 2985 a
421 2947 644 3002 quorum
658 2943 804 2989 reatu
815 2935 1042 2990 absoluti
1056 2951 1240 2992 sumus
1255 2955 1269 2991 :
1285 2939 1462 3004 tertio,
1475 2938 1600 2993 dum
1619 2948 1798 2996 nostra
1810 2953 1966 2994 exau-

375 3024 522 3078 ditur
532 3025 723 3092 oratio,
738 3041 841 3096 qua
853 3027 1098 3091 dicimus,
1119 3027 1325 3084 Dimitte
1334 3030 1475 3084 nobis
1486 3029 1648 3085 debita
1661 3041 1835 3085 nostra
1848 3028 1959 3104 (Ιό.

376 3130 453 3180 γι,
475 3114 572 3181 12)
590 3132 605 3183 ;
625 3118 876 3186 quoniam
892 3119 1187 3189 quamlibet
1201 3119 1407 3176 fortiter
1417 3130 1602 3175 contra
1615 3122 1741 3176 vitia
1752 3121 1965 3178 dimice-

379 3221 528 3273 mus,
552 3207 799 3264 homines
824 3223 1039 3277 sumus;
1061 3211 1152 3267 Dei
1175 3222 1353 3268 autem
1380 3213 1547 3283 gratia
1567 3213 1645 3269 sic
1670 3227 1768 3268 nos
1792 3214 1843 3268 in
1862 3213 1963 3270 hoc

374 3300 710 3369 corruptibili
740 3315 966 3371 corpore
984 3302 1201 3375 adjuvat
1229 3303 1579 3370 dimicantes;
1609 3316 1666 3360 ut
1684 3320 1793 3360 non
1822 3304 1963 3361 desit

378 3401 596 3462 propter
610 3392 749 3463 quod
765 3394 1233 3450 exaudiatveniam
1253 3396 1602 3465 postulantes.
1625 3397 1783 3452 Istam
1799 3412 1964 3467 super

379 3497 480 3539 nos
506 3483 600 3538 Dei
627 3484 1074 3551 misericordiam,
1105 3485 1256 3542 vobis
1281 3487 1637 3542 necessariam
1669 3502 1774 3541 non
1807 3498 1963 3557 puta-

380 3574 478 3638 tis;
510 3575 761 3644 quoni‘am
786 3590 855 3631 ex
878 3590 944 3631 eo
959 3592 1183 3633 numero
1207 3577 1357 3643 estis,
1380 3577 1448 3633 de
1473 3577 1666 3647 quibus
1686 3578 1739 3633 in
1756 3578 1966 3635 Psalmo

380 3664 581 3719 dictum
601 3673 706 3732 est,
738 3664 839 3732 Qui
863 3666 1131 3735 conﬁdunt
1153 3668 1207 3721 in
1240 3668 1420 3723 virtute
1449 3684 1544 3723 sua
1568 3666 1738 3741 (Psal.
1767 3684 1962 3735 xtvm,

382 3753 467 3825 7).
496 3754 601 3810 Sed
626 3764 825 3825 quanto
840 3757 1032 3814 melius
1045 3757 1291 3815 audimus
1305 3758 1643 3815 Ambrosium
1663 3756 1718 3814 in
1739 3760 1878 3814 libro
1897 3760 1966 3816 de

382 3844 526 3916 Fuga
548 3848 728 3903 saeculi
756 3847 1020 3906 dicentem
1040 3866 1054 3905 :
1079 3849 1386 3921 «Frequens
1402 3850 1558 3907 nobis
1580 3850 1648 3907 de
1667 3850 1967 3921 eti‘ugiendo

382 3936 485 3991 isto
536 3938 737 3993 szeculo
790 3948 1078 4012 estseer
1125 3950 1331 4011 :atque
1367 3942 1573 3997 utinam
1595 3958 1753 4013 quam
1798 3942 1967 3998 facilis

381 4043 593 4094 sermo,
642 4040 748 4085 tam
795 4041 986 4088 cautus
1014 4041 1069 4087 et
1094 4034 1356 4089 sollicitus
1397 4033 1636 4091 affectus.
1685 4035 1792 4092 Sed
1825 4036 1965 4106 quod

382 4120 534 4190 pejus
559 4130 661 4187 est,
689 4122 995 4193 frequenter
1020 4124 1207 4196 irrepit
1232 4135 1560 4183 terrenarum
1598 4126 1848 4184 illecebra
1874 4144 1969 4186 cu-

384 4211 663 4280 piditatum
685 4254 697 4275 ,
722 4223 777 4268 et
803 4215 1092 4271 vanitatum
1134 4216 1327 4273 effusio
1367 4227 1604 4275 mentem
1633 4230 1880 4290 occupat,
1911 4231 1968 4276 ut

383 4300 524 4368 quod
549 4304 764 4359 studeas
789 4306 961 4363 vitare
983 4348 999 4371 ,
1028 4306 1131 4362 hoc
1168 4308 1372 4378 cogites
1392 4350 1411 4377 ,
1436 4310 1722 4381 animoque
1761 4313 1964 4368 volvas.

384 4391 535 4459 Quod
558 4409 748 4451 cavere
763 4395 979 4453 difficile
1004 4408 1085 4454 est
1111 4398 1332 4467 homini,
1356 4416 1554 4457 exuere
1568 4411 1744 4457 autem
1764 4403 1967 4472 impos-

385 4485 557 4539 sibile.
590 4485 826 4556 Denique
856 4489 961 4542 voti
1000 4490 1169 4559 magis
1200 4505 1320 4545 eam
1350 4506 1470 4546 esse
1508 4507 1619 4547 rem
1646 4508 1806 4563 quam
1837 4493 1967 4549 etIe-

388 4584 524 4642 ctus,
555 4586 778 4631 testatur
807 4579 1061 4647 prepheta
1088 4580 1337 4646 dicendo,
1366 4580 1579 4637 Declina
1608 4600 1697 4638 cor
1723 4601 1887 4640 meum
1915 4587 1968 4640 in

384 4668 667 4722 tt'stimonia
699 4679 807 4734 tua,
829 4678 990 4723 etnon
1011 4672 1063 4724 in
1079 4672 1343 4726 avaritiam
1366 4691 1384 4724 ι
1419 4672 1593 4743 (Psal.
1626 4688 1809 4739 CXVIII,
1838 4676 1963 4746 56).

392 4776 410 4810 t
440 4756 555 4812 Non
585 4759 726 4813 enim
752 4760 801 4812 in
832 4770 1095 4829 potestate
1124 4773 1304 4817 nostra
1345 4774 1449 4825 est,
1470 4779 1564 4819 cor
1592 4775 1832 4821 nostrum
1860 4809 1876 4832 ,
1908 4777 1964 4824 et

385 4860 581 4904 uestra:
610 4852 962 4921 cogitationes
979 4893 995 4918 ,
1026 4869 1146 4923 qua.
1172 4855 1460 4925 improviso
1482 4855 1668 4912 offusae
1692 4899 1708 4922 ,
1735 4867 1969 4915 mentem

383 4940 727 5012 animumque
757 4942 1127 5012 confundunt,
1164 4956 1324 5016 atque
1357 4947 1463 5002 alio
1489 4948 1706 5003 trahunt
1728 4965 1886 5019 quam
1915 4959 1970 5004 tu

386 5034 755 5104 proposueris;
791 5035 857 5091 ad
893 5037 1170 5093 smcularia
1206 5046 1495 5104 revocant,
1526 5039 1796 5096 mundana
1824 5041 1972 5098 inse-

385 5135 529 5193 runt,
547 5126 881 5198 voluptuaria
902 5128 1172 5199 ingerunt,
1199 5127 1511 5186 illecebrosa
1531 5130 1796 5196 intexunt,
1825 5132 1971 5203 ipso-

384 5232 487 5287 que
512 5218 564 5272 in
596 5229 834 5290 tempore
851 5235 959 5291 quo
978 5220 1191 5277 elevare
1210 5229 1444 5277 mentem
1466 5237 1736 5292 paramus,
1754 5223 1970 5280 insertis

386 5311 633 5368 inanibus
657 5313 1088 5384 cogitationibus,
1115 5314 1184 5371 ad
1214 5324 1426 5373 terrena
1448 5317 1761 5386 plerumque
1780 5316 1968 5387 dejici-

387 5420 507 5459 mur
533 5424 552 5457 ι
585 5404 737 5476 (Cap.
765 5407 791 5461 l
809 5405 853 5478 ).
884 5406 1010 5463 Haec
1036 5408 1081 5462 si
1112 5422 1207 5464 vos
1233 5423 1339 5463 non
1382 5407 1658 5478 patimini;
1690 5408 1967 5480 ignoscite,

387 5508 494 5548 non
516 5495 667 5550 vobis
692 5496 984 5564 credimus,
1010 5496 1107 5553 sed
1134 5497 1186 5552 in
1210 5498 1293 5552 IIis
1313 5499 1490 5568 potius
1509 5499 1678 5554 sancti
1701 5498 1968 5555 Ambrosii

387 5585 566 5642 verbis
583 5585 847 5658 quoddam
872 5588 1168 5659 speculum,
1188 5596 1245 5645 et
1265 5589 1366 5645 hoc
1393 5590 1439 5646 si
1466 5589 1794 5661 proficimus,
1823 5604 1967 5646 com-

388 5676 565 5731 munis
589 5676 836 5732 humana:
862 5677 1183 5734 infirmitatis
1203 5680 1563 5750 agnoscimus.
1598 5679 1762 5736 Vobis
1791 5692 1966 5736 autem

388 5766 595 5823 etiamsi
614 5766 913 5834 credamus,
939 5778 995 5824 et
1012 5770 1270 5836 dicamus,
1294 5770 1454 5826 Orate
1478 5786 1572 5840 pro
1593 5772 1765 5837 nobis,
1792 5781 1968 5828 utnec

393 5870 491 5912 nos
527 5858 628 5915 ista
658 5855 950 5929 patiamur;
993 5859 1065 5916 ita
1092 5877 1186 5918 vos
1227 5861 1523 5917 invenimus
1562 5863 1729 5917 elatos
1764 5874 1816 5917 et
1854 5865 1955 5918 alta

1705 410 1905 469 LIBER
1942 404 2321 468 SECUNDUS.

3539 411 3642 467 612-0

2056 528 2325 598 sapientes
2348 537 2403 583 ut
2431 525 2796 596 respondeatis
2817 527 2972 583 nobis
2995 569 3010 594 ,
3042 541 3147 582 non
3185 526 3360 583 solum
3400 529 3497 584 ista
3543 546 3636 584 κως

2054 634 2161 674 non
2191 619 2334 689 pati,
2361 634 2547 673 verum
2574 619 2735 674 etiam
2768 619 2819 674 in
2856 616 3088 679 hominis
3107 632 3231 674 esse
3256 628 3539 689 potestate,
3574 634 3642 674 ne

2054 711 2152 765 ista
2184 712 2434 781 patiatur,
2469 727 2566 765 nec
2595 726 2715 768 esse
2743 725 2960 767 causam
2988 725 3084 767 cur
3108 710 3175 765 ad
3204 710 3305 767 hoc
3329 710 3422 767 Dei
3452 725 3642 784 posca-

2057 812 2143 857 tur
2162 802 2437 857 auxilium.

2124 896 2215 950 24.
2248 895 2458 963 Quanto
2500 910 2627 966 ergo
2667 895 2857 951 melius
2902 895 3191 953 identidem
3239 896 3484 952 audimus
3514 896 3644 952 Am-

2054 988 2292 1045 brosium
2323 989 2414 1044 Dei
2439 990 2664 1059 gratiam
2694 990 3035 1047 confitentem
3048 1032 3079 1062 ,,
3110 1007 3209 1047 nec
3229 992 3296 1048 de
3316 1008 3410 1046 sua
3445 994 3639 1048 virtute

2055 1081 2434 1145 confidentem,
2465 1082 2555 1151 qui
2598 1096 2719 1135 cum
2768 1082 2884 1137 haec
2926 1082 3149 1138 dixisset
3176 1082 3371 1152 adjecit
3403 1100 3417 1137 :
3456 1100 3474 1134 s
3512 1082 3643 1151 Quis

2056 1182 2237 1229 autem
2263 1181 2371 1228 tam
2393 1174 2601 1238 beatus,
2620 1160 2712 1243 qui
2741 1174 2794 1229 in
2811 1175 2972 1231 corde
2996 1190 3094 1231 suo
3118 1190 3331 1247 semper
3351 1177 3642 1233 ascendat?

2058 1263 2166 1321 Sed
2194 1264 2295 1320 hoc
2335 1265 2452 1319 sine
2498 1265 2697 1321 auxilio
2738 1265 2918 1320 divino
2965 1266 3055 1337 qui
3085 1266 3200 1323 fieri
3245 1268 3461 1338 potest?
3488 1267 3647 1322 Nullo

2058 1356 2302 1427 profecto
2348 1357 2528 1412 modo.
2566 1358 2841 1429 Denique,
2876 1378 2895 1411 ι
2942 1358 3149 1430 inquit,
3212 1378 3232 1413 ι
3268 1376 3426 1430 supra
3456 1358 3643 1415 eadem

2056 1449 2329 1521 Scriptura
2360 1449 2489 1505 dicit
2519 1464 2533 1503 :
2566 1449 2755 1505 Beatus
2781 1450 2857 1505 vir
2876 1451 3025 1524 cujus
3046 1460 3118 1506 est
3151 1452 3400 1507 auxilium
3421 1452 3530 1523 ejus
3558 1451 3647 1506 abs

2060 1551 2128 1607 te,
2153 1540 2399 1606 Domine;
2415 1557 2652 1596 ascensus
2670 1542 2724 1595 in
2744 1541 2897 1596 corde
2915 1542 3023 1613 ejus
3053 1561 3073 1594 ι
3104 1540 3273 1613 (Psal.
3297 1557 3518 1607 Lxxxtu,
3540 1541 3643 1613 6):

2065 1652 2085 1686 s
2117 1634 2353 1703 Itemque
2384 1632 2524 1688 idem
2552 1633 2665 1702 ipse
2692 1633 2743 1688 in
2763 1632 2899 1688 libro
2913 1633 2981 1688 de
2995 1631 3341 1689 Sacramenta
3367 1647 3651 1704 regenera-

2063 1726 2224 1782 tionis
2254 1741 2267 1778 :
2302 1744 2321 1777 ι
2357 1724 2488 1793 Quis
2518 1724 2679 1795 igitur
2702 1732 2805 1794 est,
2841 1742 2863 1779 ›
2897 1724 3089 1795 inquit,
3123 1744 3141 1779 ι
3179 1726 3270 1795 qui
3298 1740 3459 1780 carne
3487 1724 3651 1780 utitur

2061 1820 2128 1876 ad
2152 1819 2506 1892 operandam,
2534 1819 2635 1875 nisi
2661 1818 2876 1874 anima?
2914 1821 3054 1890 Ergo
3082 1819 3328 1890 princeps
3354 1826 3411 1875 et
3436 1817 3649 1873 domina

2061 1912 2239 1965 carnis
2266 1911 2581 1966 naturaliter
2622 1910 2800 1965 anima
2848 1919 2968 1975 est,
3011 1925 3129 1981 quae
3171 1909 3392 1964 domare
3432 1924 3650 1966 carnem

2061 2005 2290 2060 debetet
2310 2019 2517 2075 regere.
2540 2003 2770 2073 Ideoque
2786 2002 3015 2074 Spiritus
3036 2003 3204 2059 sancti
3226 2001 3357 2058 fulta
3379 2002 3648 2073 praesidio,

2062 2097 2193 2152 dicit
2237 2097 2289 2150 in
2324 2096 2568 2163 Psalmo,
2620 2093 2742 2150 Non
2787 2093 2967 2150 timebo
2994 2093 3117 2165 quid
3142 2094 3297 2163 faciat
3327 2093 3453 2147 mihi
3472 2109 3592 2148 caro
3626 2113 3644 2145 ο

2065 2188 2235 2258 (Ρδαι.
2255 2187 2434 2259 Lv,5).
2466 2206 2483 2238 ι
2515 2186 2632 2257 Ipsa
2663 2185 2849 2242 eadem
2865 2184 2995 2241 dicit
3022 2185 3074 2240 in
3101 2184 3289 2250 Paulo,
3322 2183 3428 2239 Sed
3453 2183 3654 2255 castigo

2064 2300 2249 2353 corpus
2266 2300 2449 2351 meum,
2464 2292 2509 2338 ct
2524 2282 2749 2339 servituti
2761 2281 3021 2353 redigoI(I
3041 2280 3158 2337 Cor.
3174 2296 3249 2346 Ix,
3260 2279 3377 2352 27).
3389 2297 3407 2331 ι
3418 2277 3654 2349 Castigat

2064 2392 2192 2445 ergo
2213 2376 2409 2432 Paulus
2439 2377 2575 2448 quod
2603 2375 2768 2447 ipsius
2794 2384 2896 2443 est,
2929 2391 3034 2430 non
3060 2374 3347 2446 quodipse
3367 2380 3469 2428 est.
3491 2372 3649 2428 Aliud

2065 2468 2208 2524 enim
2246 2469 2385 2539 quod
2426 2468 2623 2540 ipsius,
2652 2468 2798 2523 aliud
2830 2467 2973 2539 quod
3011 2467 3125 2538 ipse
3146 2465 3647 2537 est.Caingatquod

2066 2561 2235 2631 ipsius
2260 2569 2361 2628 est,
2396 2572 2455 2616 ut
2481 2570 2707 2616 mortem
2734 2560 2785 2615 in
2810 2575 2870 2616 se
2900 2559 3131 2616 lasciva
3153 2558 3451 2630 corporalis
3477 2558 3651 2627 justus

2064 2663 2339 2722 operetur.
2376 2672 2396 2706 ι
2427 2650 2693 2722 Numquid
2732 2661 2950 2708 sanctus
2972 2651 3288 2709 Ambrosius
3314 2648 3529 2722 quando
3553 2649 3653 2705 ista

2068 2743 2312 2809 dicebat,
2342 2758 2447 2799 non
2472 2759 2594 2799 cum
2618 2742 2761 2799 vitiis
2795 2741 3152 2813 conﬂigebat?
3178 2756 3289 2797 non
3318 2741 3446 2796 vitia
3469 2740 3654 2797 vince-

2066 2836 2197 2893 bat?
2219 2834 2337 2892 'non
2361 2837 2652 2892 exercitum
2681 2835 2968 2907 quemdam
3005 2833 3272 2890 variarum
3302 2820 3650 2905 cupiditatum

2069 2926 2207 2981 intra
2238 2935 2411 2983 semet
2438 2928 2647 2996 ipsum,
2682 2936 2931 2997 tanquam
2972 2924 3169 2982 Christi
3209 2924 3364 2981 miles
3408 2923 3655 2995 egregius

2068 3017 2402 3074 debellabat?
2422 3033 2529 3074 non
2549 3032 2744 3087 corpus
2757 3020 3028 3088 proprium
3043 3017 3366 3088 castigabat?
3379 3016 3644 3087 Numquid

2069 3114 2189 3167 non‘
2204 3111 2468 3181 superatis
2494 3121 2549 3167 et
2586 3108 3140 3180 oppugnatisdiaboli
3181 3108 3435 3178 operibus
3458 3150 3472 3173 ,
3520 3122 3653 3177 opus

2071 3203 2161 3257 Dei
2191 3216 2311 3257 cum
2337 3216 2502 3272 opere
2529 3202 2643 3267 Dei,
2668 3201 2770 3257 hoc
2793 3209 2898 3267 est,
2924 3200 3102 3255 anima
3132 3215 3253 3255 cum
3274 3214 3436 3255 carne
3466 3213 3650 3269 pacem
3694 3253 3708 3266 ,

2065 3293 2289 3364 justitiaz
2315 3292 2658 3363 requirebat,
2689 3300 2749 3348 ut
2776 3307 2882 3347 non
2913 3291 2968 3346 in
2996 3307 3092 3348 sua
3118 3291 3311 3346 virtute
3340 3289 3617 3345 confidens
3637 3331 3650 3353 ,

2070 3388 2165 3443 sed
2195 3389 2332 3443 sicut
2357 3389 2451 3454 ait,
2487 3405 2507 3439 ι
2544 3387 2777 3458 Spiritus
2799 3386 2971 3443 sancti
2997 3386 3124 3456 fulta
3156 3384 3404 3455 praesidio
3429 3384 3653 3449 diceret,

2073 3479 2194 3534 Non
2224 3478 2405 3535 timebo
2439 3478 2562 3549 quid
2602 3478 2757 3551 faciat
2799 3478 2925 3531 mihi
2951 3492 3072 3532 caro
3092 3476 3119 3529 1'
3152 3495 3171 3529 ο
3213 3474 3355 3530 Ecce
3386 3472 3656 3545 quomodo

2073 3583 2259 3627 natura
2291 3570 2523 3625 humana
2543 3583 2711 3639 capax
2731 3566 3128 3639 justilicationis
3153 3565 3454 3621 ostenditur
3482 3582 3497 3619 :
3523 3577 3653 3619 ecce

2071 3660 2341 3733 quomodo
2380 3660 2554 3715 virtus
2609 3659 2663 3714 in
2713 3657 3021 3715 infirmitate
3069 3655 3347 3729 perficitur
3395 3654 3475 3726 (II
3526 3652 3646 3711 Cor.

2071 3772 2174 3819 xu,
2209 3753 2301 3821 9).

2141 3849 2229 3903 25.
2272 3847 2376 3904 Sed
2414 3846 2694 3902 audiamus
2730 3847 2800 3903 de
2843 3846 2946 3903 hac
2988 3862 3048 3902 re
3090 3846 3251 3902 etiam
3279 3843 3658 3901 victoriosissi-

2073 3955 2216 3995 mum
2240 3949 2527 4011 martyrem
2546 3938 2869 4011 Cyprianum
2894 3939 2950 3993 in
2974 3937 3197 4008 epistola
3216 3935 3287 3993 de
3305 3935 3621 3991 Mortalitate
3640 3952 3654 3989 :

2078 4050 2100 4085 ι
2143 4032 2274 4089 Cum
2300 4032 2522 4086 avaritia
2565 4032 2747 4099 nobis,
2788 4051 2807 4085 ι
2842 4032 3049 4103 inquit,
3085 4049 3105 4083 ι
3141 4045 3263 4086 cum
3292 4028 3653 4101 impudicitia,

2072 4139 2194 4179 cum
2224 4125 2333 4189 ita,
2362 4139 2483 4178 cum
2515 4123 2807 4179 ambitione
2834 4123 3143 4195 congressio
3172 4133 3285 4188 est;
3309 4136 3430 4177 cum
3457 4135 3653 4177 carna-

2074 4217 2213 4271 libus
2241 4217 2404 4281 vitiis,
2434 4230 2555 4270 cum
2580 4216 2843 4271 illecebris
2863 4215 3205 4271 meularibus
3224 4213 3435 4270 assidua
3460 4221 3517 4269 et
3541 4228 3659 4268 mo-

2074 4308 2206 4363 lesta
2239 4308 2457 4363 luctatio
2486 4317 2588 4362 est.
2619 4305 2851 4363 Obsessa
2878 4321 3031 4361 mens
3061 4305 3313 4373 hominis,
3341 4312 3398 4360 et
3424 4303 3656 4373 undique

2073 4399 2270 4455 diaboli
2298 4397 2639 4453 infestatione
2664 4398 2857 4453 vallata
2882 4439 2896 4461 .
2922 4397 3012 4452 vix
3039 4396 3275 4453 occurrit
3299 4394 3543 4464 singulis,
3568 4392 3652 4447 vix

2074 4491 2293 4546 resistit.
2330 4489 2386 4543 Si
2412 4489 2633 4543 avaritia
2659 4496 2922 4558 prostrata
2951 4496 3065 4554 est,
3098 4486 3334 4557 exsurgit
3368 4484 3532 4540 libido
3565 4500 3581 4535 :
3613 4485 3657 4537 si

2074 4583 2240 4639 libido
2267 4597 2576 4652 compressa
2602 4590 2720 4649 est,
2752 4579 2990 4636 succedit
3032 4579 3257 4634 ambitio
3296 4594 3312 4632 :
3353 4578 3396 4631 si
3438 4575 3659 4631 ambitio

2073 4684 2377 4745 contempta
2407 4684 2508 4740 est,
2539 4675 2615 4729 ira
2641 4682 2942 4745 exasperat,
2974 4672 3122 4727 inflat
3148 4673 3165 4704 ί
3201 4670 3469 4743 superbia,
3500 4670 3653 4723 vino.

2076 4767 2236 4822 lentia
2265 4767 2482 4832 invitat,
2516 4765 2711 4820 invidia
2734 4764 3077 4820 concordiam
3103 4764 3339 4833 rumpit,
3370 4761 3657 4817 amicitiam

2076 4858 2225 4912 zelus
2250 4856 2530 4911 abscindit.
2563 4855 2782 4925 Cogeris
2812 4854 3134 4908 maledicere
3153 4895 3167 4917 ,
3197 4852 3337 4923 quod
3367 4851 3543 4906 divina
3570 4853 3659 4908 lex

2077 4948 2357 5018 prohibet;
2401 4946 2739 5016 compelleris
2778 4944 2999 5015 jurare.
3042 4943 3182 5015 quod
3226 4959 3332 4998 non
3376 4943 3519 4998 licet.
3559 4942 3659 5000 Tot

2076 5040 2479 5112 persecutiones
2520 5039 2732 5093 animus
2760 5037 2995 5109 quotidie
3024 5037 3224 5108 patitur
3245 5078 3261 5104 ,
3298 5045 3373 5091 tot
3403 5036 3657 5105 periculis

2075 5140 2261 5204 pectus
2304 5140 2550 5201 urgetur,
2577 5138 2631 5185 et
2670 5129 2903 5184 delectat
2942 5129 3031 5183 hic
3079 5129 3216 5183 inter
3241 5128 3432 5201 diaboli
3458 5127 3659 5197 gladios

2075 5225 2165 5280 diu
2187 5235 2349 5288 stare,
2369 5238 2492 5278 cum
2511 5222 2677 5292 magis
2693 5221 3333 5301 concupiscendum-sitos
3343 5221 3655 5291 optandum,

2076 5317 2140 5373 ad
2168 5314 2436 5373 Christum
2462 5314 2811 5371 subveniente
2835 5314 3070 5369 velocius
3098 5325 3269 5369 morte
3291 5328 3597 5384 properare.
3635 5332 3652 5365 ο

2075 5409 2230 5463 Absit
2257 5416 2434 5462 autem
2465 5415 2524 5461 ut
2550 5416 2792 5460 sanctum
2831 5404 3151 5477 Cyprianum
3179 5414 3270 5459 aut
3298 5419 3515 5458 avarum
3545 5404 3657 5457 exi-

2075 5498 2356 5553 stimemus
2384 5497 2573 5560 fuisse,
2604 5497 2726 5566 quia
2758 5511 2877 5550 cum
2908 5496 3163 5554 avaritia;
3193 5503 3284 5549 aut
3307 5494 3655 5565 impudicum.

2075 5589 2195 5658 quia
2224 5602 2345 5642 cum
2374 5585 2735 5656 impudicitia;
2767 5594 2859 5639 aut
2904 5586 2995 5640 ira:
3040 5584 3307 5643 subditum
3330 5624 3346 5650 ,
3386 5582 3509 5652 quia
3536 5596 3659 5633 cum

2138 5811 2153 5841 ³
2190 5815 2333 5866 Ima,
2369 5807 2528 5859 instat.
2580 5815 2799 5869 Attamen
2846 5809 3233 5869 ειῳωηςοῃιω.
3270 5798 3393 5869 duas
3425 5797 3659 5869 aristam

2080 5857 2582 5933 Pelagianorttuilibro
2614 5857 2653 5932 ἐς
2696 5885 2745 5919 II.
2781 5868 2858 5929 ‘27,
2877 5857 2984 5916 cum
3000 5857 3107 5915 aliis
3128 5862 3283 5943 libris,
3302 5857 3463 5909 inflat.
