4088 6528
545 449 635 503 σοι
1070 439 1080 450 ·
1279 425 1289 453 ’
1318 437 1588 494 comas
1628 431 1965 491 summa:
2007 429 2126 485 ρει

2237 428 2466 499 IANUM,
2509 430 2567 486 s.
2614 428 2980 487 .tucusruu
3715 436 3813 492 ne

541 561 650 624 ira;
677 566 768 613 aut
794 556 1134 611 ambitiosum
1162 596 1175 617 ,
1218 567 1339 624 qtua
1370 567 1489 607 cum
1536 549 1862 611 ambitione;
1892 553 1983 598 aut
2007 558 2126 598 car-

540 651 714 706 ualent
740 690 753 711 ,
780 647 900 716 quia
929 661 1050 701 cum
1083 642 1386 699 carnalibus
1414 641 1590 703 vitiis;
1618 648 1709 693 aut
1748 636 1927 692 saeculi
1967 633 2125 702 hujus

542 750 834 796 amatorem
858 779 874 805 ,
904 736 1027 807 quia
1049 750 1170 791 cum
1194 732 1457 789 illecebris
1484 729 1863 793 smcuiaribus;
1893 738 1985 780 aut
2009 725 2127 779 libi-

540 834 809 897 diuosum,
840 831 961 902 quia
985 844 1106 885 cum
1130 827 1383 887 libidine:
1414 833 1505 878 aut
1526 822 1834 893 superbum,
1861 820 1981 891 quia
2004 832 2124 873 cum

541 928 825 999 superbia;
855 936 945 979 aut
969 923 1294 978 vinolentum
1318 960 1335 987 ,
1362 918 1482 990 quia
1524 932 1644 971 cum
1685 913 2007 974 vinolentia;
2034 918 2127 963 aut

543 1018 800 1079 invidum.
823 1017 944 1087 quia
970 1029 1106 1069 cum.
1121 1010 1316 1067 invidia
1341 1007 1678 1078 conﬂigebat.
1709 1004 1820 1058 lmo
1843 1016 1972 1057 vero
2000 1000 2126 1055 ideo

546 1111 677 1167 nihil
705 1125 888 1165 eorum
925 1116 1074 1169 erat,
1104 1105 1225 1176 quia
1255 1102 1339 1158 his
1379 1100 1534 1161 malis
1578 1098 1807 1153 motibus
1837 1094 2028 1164 partim
2059 1091 2126 1146 de

544 1202 772 1273 origine,
803 1199 996 1271 partim
1024 1197 1091 1251 de
1120 1191 1507 1250 consuetudine
1534 1187 1886 1249 venientibus,
1917 1184 2127 1238 fortiter

546 1290 850 1355 resistebat,
876 1304 980 1344 non
1007 1286 1352 1356 arquicsceus
1380 1297 1500 1337 esse
1524 1322 1538 1345 ,
1569 1278 1709 1349 quod
1740 1293 1860 1331 eum
1889 1291 2005 1327 esse
2030 1288 2125 1327 co-

543 1382 759 1454 gebant.
786 1380 896 1435 Nec
921 1379 1038 1433 ideo
1070 1387 1245 1431 tamen
1276 1376 1327 1428 in
1374 1383 1479 1428 tam
1511 1368 1807 1441 periculoso
1836 1366 2127 1420 laborioso-

545 1489 649 1546 que
673 1472 960 1527 certamine
979 1470 1126 1523 nullo
1148 1468 1255 1522 telo
1274 1465 1563 1520 ferichatnr
1583 1460 1760 1515 hostili
1782 1474 1797 1523 ;
1841 1473 1962 1511 cum
1983 1456 2125 1509 dicat

542 1566 597 1621 in
629 1546 853 1634 epistola
882 1562 949 1617 de
976 1557 1349 1630 Elcrmosynis
1380 1573 1395 1611 :
1431 1573 1448 1605 σ
1488 1552 1562 1608 Ne
1604 1552 1880 1621 quisquam
1912 1551 1987 1600 sic
2026 1547 2123 1599 sibi

543 1656 611 1711 de
631 1670 767 1725 puro
794 1662 953 1720 atque
982 1649 1319 1704 immaculato
1346 1655 1563 1715 pectore
1605 1641 1928 1701 blandiatur,
1962 1647 2018 1689 ut
2049 1638 2127 1690 in-

543 1748 785 1804 nocentia
828 1761 920 1799 sua
963 1744 1165 1807 frctus,
1197 1739 1513 1795 medicinam
1542 1751 1646 1790 non
1693 1742 1839 1804 putet
1866 1730 2125 1783 adhiben-

543 1840 662 1894 dam
689 1854 806 1893 csse
832 1836 1141 1891 vulneribus
1165 1876 1180 1900 ,
1212 1848 1333 1888 cum
1358 1831 1614 1899 scriptum
1644 1829 1711 1881 sit
1734 1870 1745 1885 .
1772 1826 1901 1890 Quis
1931 1824 2123 1895 gloria-

542 1932 677 1985 bitur
704 1940 897 1983 castum
924 1944 978 1981 se
1021 1925 1202 1980 habere
1242 1924 1365 1979 cor?
1392 1933 1481 1976 aut
1510 1923 1623 1992 quis
1659 1919 1957 1991 glon‘abitur
1983 1933 2101 1970 num

543 2025 661 2078 dum
689 2038 743 2076 se
766 2038 875 2076 esse
902 2037 933 2073 α
955 2020 1169 2091 peccatis
1203 2036 1222 2070 ι
1245 2014 1427 2087 (Prov.
1456 2030 1545 2079 sx,
1568 2012 1660 2080 9)?
1693 2031 1711 2063 ‹
1732 2010 1799 2065 Et
1830 2010 2045 2073 itrl‘ttttt,
2071 2006 2125 2060 in

541 2112 762 2182 cpistola
790 2126 882 2166 sua
902 2152 917 2176 ,
964 2128 984 2163 ι
1017 2109 1219 2179 inquit,
1259 2124 1281 2158 ι
1311 2105 1547 2161 Joannes
1588 2111 1749 2172 ponat
1773 2113 1823 2156 et
1856 2101 2033 2164 dicat,
2065 2096 2126 2153 Si

542 2206 818 2262 dixerimus
845 2204 962 2272 quin
988 2211 1245 2273 peccaturo
1277 2215 1375 2252 non
1405 2195 1644 2249 habemus
1662 2235 1674 2256 ,
1705 2210 1796 2247 nos
1820 2194 1956 2263 ipsos
1984 2190 2125 2243 deci-

542 2297 732 2367 pimus,
748 2305 790 2349 et
812 2294 993 2347 ueritas
1004 2293 1060 2345 in
1081 2290 1222 2345 nobis
1242 2306 1341 2343 non
1361 2298 1430 2341 est
1450 2289 1473 2357 (
1490 2287 1507 2341 l
1530 2286 1686 2339 Iona.
1710 2301 1745 2349 ι,
1768 2284 1837 2353 8)
1878 2282 2125 2338 Siautem

544 2401 701 2441 nemo
720 2399 845 2441 esse
864 2384 979 2437 sine
1000 2391 1224 2453 peccato
1244 2393 1274 2449 τ’
1293 2386 1440 2441 stest,
1468 2387 1521 2432 et
1546 2376 1787 2446 quisquis
1806 2389 1866 2430 se
1891 2373 2128 2442 inculpao

544 2488 653 2534 tum
682 2491 805 2533 esse
826 2474 1048 2537 dixerit,
1071 2481 1162 2527 aut
1187 2471 1470 2541 superbus,
1497 2478 1587 2523 aut
1614 2468 1806 2522 stultus
1830 2474 1941 2530 est;
1964 2479 2123 2535 quam

542 2567 866 2631 necessaria,
896 2580 1054 2636 quam
1086 2563 1315 2634 benigna
1339 2570 1422 2615 est
1452 2560 1628 2615 divina
1656 2557 1938 2614 clementia
1960 2597 1975 2621 ,
2008 2570 2126 2625 qua:

540 2676 665 2715 rum
695 2659 830 2714 sciat
871 2672 975 2711 non
1022 2655 1214 2711 deesse
1261 2652 1461 2707 sanatis
1497 2642 1741 2719 quamam
1787 2647 2123 2719 postmodum

542 2747 952 2815 vnlncra,dedit
968 2745 1217 2801 curandis
1235 2744 1413 2798 denuo
1436 2740 1795 2809 sanandisque
1818 2738 2127 2794 vulneribus

546 2838 783 2895 remedia
812 2835 1093 2893 salutaria!
1131 2853 1150 2887 ι
1189 2832 1235 2890 Ο
1257 2833 1447 2888 doctor
1471 2831 1875 2902 patientissime
1898 2837 1953 2883 et
1974 2826 2125 2884 testis

542 2929 944 2998 gloriosissime,
965 2925 1043 2982 sic
1061 2925 1309 2987 docuisti,
1323 2925 1402 2979 sie
1426 2922 1723 2987 monuisti‘,
1745 2920 1825 2976 sic
1840 2930 1893 2976 te
1907 2918 2127 2974 audien-

540 3020 668 3074 dum
692 3018 1111 3087 imitandumque
1137 3014 1433 3086 praebuisti.
1461 3012 1647 3069 Merito
1671 3011 1835 3066 ﬁnitis
1864 3010 1983 3064 aliis
2010 3022 2127 3063 om-

542 3111 688 3165 nium
707 3108 1053 3177 cupiditatum
1075 3105 1452 3162 certaminibus
1474 3103 1779 3172 sanatisque
1795 3100 2121 3165 vulneribus,

540 3216 665 3256 cum
709 3208 944 3254 extrema
969 3206 1028 3253 et
1068 3197 1310 3251 omnium
1360 3195 1591 3249 inaxima
1621 3195 1746 3247 vita
1792 3190 1949 3261 hujus
1977 3189 2127 3259 cupi-

542 3294 708 3349 ditate
729 3334 744 3359 ,
775 3307 875 3364 pro
923 3290 1122 3349 Christi
1170 3289 1394 3344 ueritate
1443 3284 1730 3357 pugnasti,
1757 3292 1812 3338 et
1849 3281 1964 3353 ejus
1992 3282 2046 3336 in
2073 3288 2126 3335 te

541 3386 726 3456 gratia:
754 3383 1000 3454 largitate
1027 3381 1223 3437 vicisti.
1254 3380 1454 3435 δορα-ει
1483 3386 1789 3434 estcorona
1817 3383 1928 3441 tua,
1954 3373 2125 3428 victo-

541 3478 684 3534 riosa
714 3485 797 3532 est
824 3475 1067 3531 doctrina
1091 3484 1176 3530 tua
1202 3514 1216 3539 ,
1245 3474 1299 3528 in
1321 3486 1429 3543 qua
1452 3480 1510 3526 et
1533 3471 1665 3525 istos
1689 3469 1858 3524 vincis
1882 3467 1973 3538 qui
1997 3482 2125 3521 con-

543 3565 716 3620 Nunt
759 3569 812 3621 in
843 3566 1043 3622 virtute
1080 3580 1196 3621 sua.
1232 3563 1334 3634 ipsi
1374 3563 1518 3618 enim
1564 3561 1833 3625 classant,
1863 3555 2125 3629 Perfectio

539 3653 694 3710 nobis
715 3655 921 3710 virtutis
948 3670 978 3709 a
1009 3654 1163 3711 nobis
1202 3662 1289 3710 est
1317 3670 1330 3705 :
1362 3660 1416 3707 tu
1441 3660 1619 3706 alitem
1649 3649 1927 3712 reclamas,
1960 3666 1979 3700 σ
2015 3645 2124 3702 Ne-

540 3760 629 3801 mo
658 3746 768 3801 suis
792 3746 994 3800 viribus
1020 3744 1176 3800 fortis
1201 3752 1320 3808 est,
1347 3742 1441 3798 sed
1475 3742 1569 3797 Dei
1597 3739 1922 3812 indulgentia
1946 3747 1999 3793 et
2026 3737 2127 3792 mi-

539 3835 833 3893 sericordia
863 3846 1010 3892 tutus
1030 3845 1139 3892 est.
1179 3853 1199 3889 ι

610 3927 702 3982 $6.
741 3926 882 3982 Audi
909 3936 964 3982 et
991 3926 1354 3982 beatissimum
1386 3924 1677 3988 Hilarium,
1711 3921 1800 3978 ubi
1826 3930 2006 3991 speret
2030 3918 2129 3974 ho-

541 4017 704 4075 minis
746 4016 1147 4086 perfectionem.
1194 4016 1327 4071 Cum
1364 4014 1509 4071 enim
1549 4014 1853 4083 loqueretur
1889 4009 1957 4065 de
1996 4022 2127 4080 pace

541 4107 847 4179 evangeliea
875 4105 979 4179 (In
1019 4105 1165 4162 Psal.
1195 4122 1375 4172 oxvut,
1402 4106 1470 4159 ad
1502 4122 1635 4160 vers.
1671 4104 1741 4160 18
1770 4111 1816 4156 ct
1844 4101 1947 4157 115
1963 4101 2004 4172 ),
2034 4100 2126 4157 ubi

542 4200 823 4266 Dominus,
852 4199 947 4267 ait,
978 4197 1165 4254 Pacem
1192 4215 1353 4253 meum
1382 4197 1448 4253 do
1472 4195 1608 4251 vobis
1634 4193 1816 4267 (Joan.
1845 4208 1958 4259 xw,
1984 4191 2076 4262 27)
2109 4208 2124 4245 :

549 4308 569 4342 ι
600 4288 734 4358 Quia
762 4289 865 4354 lex,
900 4307 920 4342 ι
950 4289 1141 4360 inquit,
1163 4288 1353 4343 umbra
1382 4284 1814 4342 eratfuturoru
1837 4283 2119 4349 bonorum,

542 4383 743 4439 idcirco
768 4399 865 4454 per
889 4383 1025 4438 hanc
1050 4382 1436 4454 praeﬁguratam
1465 4376 1868 4449 signiﬁcandam
1894 4377 1916 4408 ’
1945 4375 2125 4431 docuit

546 4488 644 4530 nos
674 4474 726 4529 in
756 4474 857 4530 hoc
896 4474 1095 4530 terreni
1142 4482 1197 4530 et
1237 4469 1504 4528 morticini
1543 4468 1788 4537 corporis
1828 4464 2127 4521 habitando

547 4564 775 4621 mundos
798 4580 920 4621 esse
946 4580 1052 4621 non
1078 4579 1266 4634 posse,
1294 4563 1394 4618 nisi
1423 4577 1518 4631 per
1540 4559 1866 4615 ablutionem
1891 4558 2130 4613 caelestis

545 4656 923 4712 misericordia:
949 4640 1384 4712 emundatiouem
1424 4665 1836 4720 consequamur,
1868 4659 1985 4718 post
2027 4648 2125 4703 de-

546 4749 890 4803 mutationem
942 4744 1355 4803 resurrectionis
1409 4741 1609 4801 terreni
1661 4740 1905 4810 corporis
1956 4739 2125 4794 nostri

545 4836 730 4894 effecta
772 4837 1087 4910 gioriosiore
1132 4844 1345 4890 natura.
1384 4853 1402 4888 ι
1439 4832 1645 4888 Rursus
1689 4831 1741 4884 in
1781 4829 1970 4907 epdem
2014 4845 2130 4885 ser—

549 4946 752 4987 mone:
811 4950 830 4983 ‹
868 4931 1027 5000 Ipsis,
1090 4949 1110 4982 ι
1164 4928 1366 4998 inquit,
1416 4945 1435 4979 ι
1473 4922 1741 4994 Apostolis
1782 4922 1945 4978 verbo
2007 4922 2132 4977 licet

545 5020 649 5093 jam
696 5022 817 5078 ﬁdei
863 5020 1163 5079 emendatis
1207 5031 1365 5090 atque
1410 5015 1751 5072 sanctiﬁcatis
1791 5030 1896 5070 non
1940 5013 2131 5068 deesse

554 5126 729 5171 tamen
775 5116 1028 5171 malitiam
1055 5155 1070 5177 ,
1102 5129 1197 5183 per
1237 5112 1597 5167 conditionem
1639 5108 1936 5165 eonununis
1978 5106 2131 5162 nobis

549 5206 772 5278 originis
793 5247 806 5270 ,
835 5205 1015 5261 docuit
1038 5203 1223 5257 dicens
1242 5243 1256 5266 ,
1291 5202 1351 5257 Si
1380 5219 1466 5257 vos
1510 5217 1623 5255 cum
1659 5201 1770 5257 sitis
1793 5200 1915 5254 mali
1934 5240 1948 5263 ,
1976 5198 2131 5252 nostis

548 5300 676 5351 bona
701 5298 821 5351 data
849 5300 972 5351 dare
998 5296 1121 5366 filiis
1159 5295 1333 5348 uestris
1365 5312 1386 5346 δ
1425 5293 1444 5367 (
1464 5294 1649 5348 Matth.
1676 5308 1749 5347 VII
1768 5334 1783 5358 ,
1817 5293 1877 5347 Η
1972 5290 2133 5346 Vides

547 5385 997 5457 quemadmodum
1025 5383 1343 5439 venerabilis
1367 5383 1661 5439 catholicus
1682 5382 2005 5452 disputator,
2029 5396 2130 5435 nec

548 5479 605 5537 in
644 5479 747 5537 hac
773 5476 877 5535 vita
924 5474 1323 5534 mundationem
1355 5485 1590 5532 nostram
1630 5482 1820 5546 neget;
1858 5484 1913 5530 et
1952 5483 2129 5529 tamen

613 5635 635 5664 ι
664 5640 844 5681 Omnes
865 5640 1017 5689 prOpe
1039 5628 1346 5689 manuscripti
1372 5628 1494 5687 loco,
1517 5625 1767 5688 monuisti,
1793 5627 1978 5677 habent
2012 5625 2132 5689 emi-

546 5691 709 5758 nuisti.
732 5688 1003 5758 utrumque
1015 5688 1395 5758 edideruntAm.
1433 5698 1486 5740 et
1507 5697 1580 5739 Er.
1616 5691 1708 5741 hoc
1728 5690 1886 5751 modo,
1909 5688 1978 5740 sic
2014 5688 2135 5739 emi-

548 5752 692 5802 θυρὶςιὶ
711 5750 783 5800 rel
806 5750 1042 5799 "immisti.

572 5871 583 5884 .
615 5817 633 5843 ε
669 5820 739 5861 Fr.
788 5819 839 5860 ct
884 5818 1010 5870 t.o\-.,
1039 5806 1455 5872 sigiuﬁmtimmu,
1485 5822 1581 5863 Am.
1611 5820 1661 5863 et
1685 5821 1808 5874 uss,
1856 5810 2135 5877 significan-

551 5888 663 5928 ωιι
670 5910 681 5923 ι

2236 565 2522 617 humanam
2555 564 2927 634 perfectiorem
2971 564 2988 597 ⁸
3020 573 3233 636 speret,
3276 564 3326 618 id
3375 574 3453 619 est
3482 562 3799 635 perfectioris

2232 655 2589 710 nmudationis
2609 696 2624 722 ,
2658 655 2710 710 in
2740 656 2922 709 ultima
2951 657 3339 710 resurrectione
3368 667 3634 711 naturam.

2300 745 2390 799 27.
2436 745 2490 799 in
2512 745 2738 814 quadam
2762 761 2891 799 vero
2914 745 3126 799 homilia
3152 745 3219 799 de
3246 746 3381 799 libro
3411 747 3581 803 Sancti
3607 746 3705 801 Job
3732 746 3801 813 (α)

2232 837 2450 891 attende
2476 836 2601 907 quid
2631 837 2791 902 dicat,
2821 835 3266 907 quemadmodum
3296 838 3460 907 ipsius
3488 837 3687 893 diaboli
3715 846 3801 893 ad-

2233 942 2419 981 versus
2448 942 2544 982 uos
2587 926 2891 982 indesinens
2939 928 3133 981 bellum
3182 943 3247 982 ex
3290 928 3395 983 hoc
3438 928 3554 982 ﬁeri
3593 939 3802 993 asserat,

2232 1033 2351 1072 cum
2383 1033 2444 1072 ea
2474 1016 2610 1072 mala
2641 1034 2759 1088 qua:
2785 1018 2836 1072 in
2869 1019 3023 1072 nobis
3060 1026 3203 1081 sunt,
3232 1018 3427 1074 excitat
3458 1029 3649 1074 contra
3682 1035 3804 1084 nos;

2232 1109 2372 1179 quod
2402 1109 2453 1163 in
2483 1120 2718 1167 nostram
2753 1108 2865 1164 fieri
2898 1109 3176 1164 utilitatem
3205 1109 3316 1163 vult
3342 1109 3541 1165 docere
3561 1154 3574 1173 ,
3600 1126 3809 1166 conver~

2235 1208 2378 1254 tcnte
2408 1200 2613 1261 scilicet
2633 1200 2809 1255 divina
2843 1189 3217 1256 misericordia
3238 1201 3493 1255 malitiam
3524 1201 3722 1256 diaboli
3748 1202 3808 1256 ad

2232 1290 2594 1358 purgationem
2610 1299 2863 1344 nostram.
2877 1310 2894 1341 ι
2916 1289 3083 1344 Tanta
3099 1291 3237 1344 enim
3252 1301 3304 1343 ct
3324 1302 3425 1343 tam
3438 1291 3775 1354 admirabilis,
3788 1312 3804 1344 ο

2233 1382 2419 1452 inquit,
2456 1401 2474 1435 ι
2510 1381 2559 1435 in
2590 1398 2686 1437 nos
2714 1382 3096 1437 misericordiae
3128 1383 3220 1436 Dei
3270 1383 3480 1437 bonitas
3506 1392 3615 1450 est,
3649 1392 3702 1436 ut
3726 1397 3811 1452 per

2233 1491 2388 1543 quem
2423 1479 2472 1528 in
2514 1475 2640 1529 Adm
2672 1474 2870 1528 oil'ensa
2911 1475 3323 1544 generositatem
3352 1477 3543 1546 primas
3574 1485 3627 1530 et
3655 1475 3811 1529 beata:

2234 1568 2378 1622 illius
2416 1568 2701 1622 creationis
2744 1567 3021 1623 amisimus
3042 1610 3056 1631 ,
3083 1582 3185 1638 per
3211 1582 3334 1622 eum
3361 1582 3574 1623 rursum
3606 1565 3656 1620 id
3681 1566 3808 1635 quod

2234 1658 2512 1714 amisimus
2533 1699 2547 1721 ,
2577 1658 2818 1713 obtinere
2848 1672 3169 1712 mercamur.
3214 1656 3364 1712 Tunc
3392 1656 3537 1711 enim
3580 1655 3809 1710 diabolus

2232 1749 2470 1805 invidens
2511 1752 2775 1813 nocuit‘;
2816 1766 2959 1806 nunc
2997 1758 3174 1804 autem
3219 1765 3339 1804 cum
3379 1764 3575 1803 nocere
3603 1747 3806 1811 nititur,

2231 1842 2475 1895 vincitur.
2504 1841 2681 1895 Movet
2719 1841 2862 1897 enim
2897 1856 2990 1910 per
3019 1840 3379 1895 inﬁrmitatem
3417 1840 3597 1894 carnis
3627 1849 3807 1894 nostra:

2228 1933 2404 1987 omnia
2429 1933 2703 2002 potestatis
2723 1947 2833 1986 snze
2858 1932 2985 1997 tela,
3007 1947 3126 1986 cum
3150 1930 3218 1985 ad
3247 1931 3521 1986 lasciviam
3547 1929 3803 1991 accendit,

2226 2039 2350 2079 eum
2376 2025 2442 2079 ad
2470 2024 2784 2079 ebrietatem
2813 2024 2983 2087 iliicit,
3008 2039 3133 2078 cum
3163 2023 3230 2077 ad
3256 2022 3378 2077 odia
3406 2022 3665 2082 stimulat,
3693 2037 3803 2076 cum

2230 2116 2295 2171 ad
2322 2116 2600 2171 avaritiam
2642 2124 2894 2186 prosecat
2920 2155 2936 2180 ,
2977 2128 3098 2168 cum
3124 2112 3191 2168 ad
3214 2112 3394 2168 tardes
3418 2112 3653 2177 instruit,
3683 2126 3794 2166 cum

2230 2207 2298 2262 ad
2319 2207 2599 2263 maledicta
2621 2206 2925 2262 exacerbat.
2951 2205 3054 2261 Sed
3072 2219 3194 2261 cum
3217 2220 3313 2276 per
3328 2204 3634 2259 ﬁrmitatem
3654 2203 3804 2258 animi

2231 2296 2421 2353 horum
2452 2296 2690 2352 omnium
2732 2297 3072 2366 subrepentia
3120 2296 3385 2351 incentiva
3415 2295 3802 2365 reprimuntur,

2229 2390 2585 2446 emundamur
2620 2405 2653 2446 a
2696 2399 2917 2460 peccato
2959 2405 3057 2462 per
3092 2388 3250 2458 hujus
3283 2388 3524 2442 victoriae
3570 2385 3802 2459 gloriam.

2231 2482 2437 2538 Dictum
2455 2482 2597 2537 enim
2617 2482 2689 2537 ita
2706 2490 2789 2537 est
2807 2472 2938 2535 :‘Aut
2952 2482 3201 2546 quomodo
3215 2496 3272 2534 se
3288 2477 3578 2534 emundabit
3596 2486 3738 2531 natus
3752 2490 3808 2530 ea:

2229 2574 2440 2629 muliere
2477 2590 2498 2626 ι
2533 2572 2668 2643 (Job
2694 2588 2821 2639 xxv,
2848 2571 2913 2644 ι)
2954 2589 2972 2623 ε
2996 2572 3021 2626 ἲ
3044 2572 3178 2641 Quia
3206 2584 3314 2625 non
3360 2578 3608 2626 exstante
3632 2568 3803 2627 hoste,

2230 2681 2336 2720 non
2357 2666 2460 2721 erit
2479 2664 2672 2719 bellum
2692 2672 2963 2730 ;cessante
2977 2661 3171 2718 deinde
3182 2661 3346 2727 bello,
3376 2659 3598 2715 victoria
3627 2656 3802 2712 deerit.

2228 2756 2609 2812 Collideutium
2651 2764 2829 2811 autem
2871 2754 3127 2810 adversus
3166 2767 3267 2808 nos
3303 2751 3557 2806 vitiorum
3597 2747 3802 2803 victoria

2230 2863 2337 2903 nou
2364 2847 2574 2917 adepta,
2608 2862 2718 2901 non
2753 2846 2857 2901 erit
2892 2843 3205 2901 emundatio
3233 2843 3338 2899 ulla
3365 2842 3620 2896 vitiorum
3648 2858 3663 2894 :
3689 2838 3800 2910 quia

2232 2940 2316 2993 his
2342 2939 2551 2993 insidiis
2574 2937 2817 3008 corporis
2836 2936 3005 2991 nostri
3034 2936 3202 3006 pirata
3228 2932 3389 2999 victo,
3414 2930 3801 2987 colluctantium

2237 3031 2500 3086 adversus
2538 3045 2637 3085 nos
2680 3028 2984 3099 passionum
3027 3025 3422 3081 concertatione
3461 3036 3743 3094 purgamur
3762 3019 3798 3071 ³.

2230 3123 2494 3178 Memores
2535 3121 2715 3190 igitur,
2751 3138 2771 3173 ι
2806 3118 3015 3188 inquit,
3046 3135 3067 3170 ι
3099 3126 3153 3172 et
3178 3115 3411 3181 conscii,
3436 3114 3529 3169 illa
3558 3115 3669 3183 ipsa
3691 3126 3800 3165 cor-

2230 3227 2359 3283 pora
2406 3221 2586 3266 nostra
2630 3211 2871 3266 omnium
2907 3209 3161 3263 vitiorum
3205 3221 3328 3263 esse
3368 3206 3685 3268 materiem,
3716 3216 3800 3271 per

2229 3320 2390 3378 quam
2419 3304 2441 3337 ⁸
2467 3305 2656 3375 polluti
2683 3313 2738 3358 et
2761 3302 2962 3358 sordidi
2984 3301 3112 3356 nihil
3134 3301 3185 3355 in
3207 3300 3361 3355 nobis
3380 3297 3658 3363 mundum,
3680 3294 3797 3350 nihil

2231 3398 2487 3452 innocens
2514 3396 2820 3451 obtinemus
2842 3435 2856 3460 ,
2889 3393 3213 3464 gaudeamus
3240 3390 3395 3446 nobis
3423 3405 3548 3446 esse
3572 3390 3765 3443 hostem
3783 3427 3798 3451 ,

2230 3506 2283 3546 tn
2310 3491 2465 3561 cujus
2488 3489 2888 3544 concertatione
2915 3486 3145 3558 quodam
3174 3485 3596 3541 concertationis
3621 3490 3800 3538 nostra:

2229 3581 2372 3637 bello
2395 3581 2732 3636 dimicemus.
2770 3598 2791 3632 ν

2298 3671 2391 3728 28.
2418 3670 2475 3726 in
2498 3671 2838 3741 Eapositione
2861 3677 3036 3724 autem
3064 3666 3221 3737 primi
3241 3666 3435 3723 Psalmi
3457 3665 3599 3722 idem
3624 3664 3800 3719 doctor

2232 3779 2338 3818 non
2369 3763 2579 3818 dubitat
2605 3760 2787 3816 dicere
2812 3803 2826 3826 ,
2866 3770 3111 3815 naturam
3158 3768 3416 3823 nostram,
3447 3758 3633 3829 utique
3658 3757 3796 3811 istam

2230 3868 2351 3923 qure
2374 3852 2446 3907 de
2475 3852 2667 3907 morbo
2689 3851 2935 3906 morbum
2961 3850 3160 3915 trahit,
3191 3848 3256 3904 ad
3285 3850 3615 3919 peccandum
3645 3845 3792 3905 ferri.

2231 3958 2296 3999 ac
2315 3944 2396 3999 sic
2424 3958 2491 3998 ne
2517 3956 2822 4013 peccemus,
2849 3941 3107 3997 adversus
3125 3955 3247 3996 eam
3274 3954 3371 3995 nos
3395 3940 3627 4009 quodam
3655 3933 3797 3993 modo

2232 4034 2355 4090 ﬁdei
2380 4035 2637 4106 religione
2664 4049 2921 4104 pugnare.
2972 4033 3157 4088 Plures
3180 4033 3312 4087 enim
3336 4042 3472 4099 sunt,
3512 4033 3698 4103 inquit,
3723 4028 3795 4099 qui

2231 4142 2347 4181 cum
2397 4142 2486 4195 per
2534 4125 2898 4196 confessionem
2943 4124 3041 4179 Dei
3075 4126 3138 4178 ab
3164 4125 3419 4194 impietate
3444 4123 3647 4179 discreti
3666 4122 3757 4176 sint
3780 4159 3794 4183 ,

2230 4235 2333 4272 non
2361 4228 2525 4272 tamen
2553 4233 2586 4271 α
2612 4227 2817 4287 peccato
2857 4233 2947 4288 per
2968 4216 3024 4270 id
3052 4216 3197 4271 liberi
3223 4226 3368 4281 sunt,
3400 4215 3641 4271 Ecclesia
3665 4210 3798 4266 disci-

2232 4309 2427 4378 plinam
2453 4325 2555 4363 non
2585 4319 2822 4375 tenentes,
2846 4318 2905 4362 ut
2929 4308 3088 4375 avari,
3117 4308 3314 4372 ebriosi,
3345 4308 3659 4371 tumultuosi,
3690 4321 3796 4376 pro-

2232 4417 2393 4465 caces,
2425 4399 2646 4471 superbi,
2677 4400 3058 4465 simulatores',
3088 4398 3371 4465 mendaces,
3402 4416 3631 4469 rapaces.
3651 4396 3715 4452 Et
3739 4392 3798 4447 ad

2233 4493 2342 4545 hac
2366 4490 2570 4558 quidem
2611 4507 2703 4545 nos
2730 4492 2850 4544 vitia
2886 4500 3101 4553 notum,
3136 4490 3302 4559 iuqui'
3352 4500 3541 4545 nostra:
3583 4487 3798 4560 prapellit

2228 4584 2503 4638 instinctus
2535 4583 2671 4637 :-setl
2710 4583 2833 4636 utile
2872 4592 2944 4636 est
2991 4594 3082 4636 nos
3125 4598 3157 4635 a
3181 4582 3264 4635 via
3307 4582 3377 4635 ad
3416 4598 3571 4651 quam
3605 4579 3795 4649 ferimur

2232 4673 2517 4737 abscedere,
2549 4690 2708 4744 neque
2732 4675 3005 4728 consistere
3036 4674 3144 4728 illic
3186 4673 3411 4728 adhibito
3451 4670 3713 4728 decedendi
3742 4681 3796 4719 es

2234 4782 2295 4820 ea
2322 4783 2423 4820 non
2448 4781 2647 4820 moroso
2675 4782 2904 4820 recursu.
2936 4765 3000 4819 Et
3024 4765 3245 4831 idcirco,
3280 4783 3299 4817 α
3331 4765 3520 4821 Beatus
3543 4772 3615 4819 est
3634 4763 3704 4815 vir
3722 4758 3795 4828 qui

2232 4858 2287 4912 in
2315 4858 2395 4911 nia
2421 4866 2737 4927 peccatorum
2770 4873 2872 4910 non
2899 4857 3029 4910 stetit
3058 4871 3078 4910 :
3114 4874 3133 4907 ι
3162 4864 3347 4910 natura
3373 4856 3574 4925 quidem
3599 4854 3649 4907 in
3680 4852 3796 4904 riam

2236 4951 2367 5005 hanc
2402 4952 2608 5021 ferente,
2650 4950 2738 5003 sed
2774 4966 2838 5004 ea:
2875 4956 2957 5005 via
3001 4951 3095 5005 hac
3134 4951 3255 5020 ﬁdei
3294 4951 3534 5021 religione
3579 4947 3797 5017 referente

2237 5041 2327 5115 (in
2368 5059 2495 5097 vers.
2528 5043 2603 5113 1).
2632 5041 3025 5112 Numquidnam
3066 5042 3227 5096 istum
3268 5041 3569 5110 putabimus
3596 5047 3793 5091 accusa-

2237 5147 2406 5191 torem
2436 5136 2599 5190 l’uisse
2624 5144 2827 5190 natura:
2849 5177 2863 5200 ,
2891 5150 3051 5206 quam
3094 5135 3331 5190 condidit
3359 5135 3536 5189 Dens?
3575 5130 3682 5187 Non
3710 5124 3799 5180 uti-

2237 5243 2341 5297 que
2368 5245 2383 5282 :
2408 5243 2515 5282 non
2546 5228 2687 5282 enim
2718 5226 2993 5281 dubitabat
3015 5226 3177 5282 homo
3197 5226 3511 5292 catholicus,
3534 5225 3792 5280 humanam

2240 5319 2335 5377 Dei
2371 5333 2504 5389 opus
2542 5333 2663 5373 esse
2697 5328 2973 5382 naturam;
3005 5318 3100 5375 sed
3122 5317 3367 5389 profecto
3396 5319 3519 5372 vitia
3547 5329 3661 5370 cum
3683 5309 3785 5381 qui-

2304 5435 2319 5466 ι
2354 5435 2428 5484 Sic
2449 5442 2547 5482 am.
2574 5440 2627 5483 et
2649 5441 2765 5495 Mss.
2781 5440 2836 5482 At
2855 5438 2930 5495 Er.
2954 5429 3540 5495 et,Lov.,_perfectionem.

2302 5497 2324 5528 ⁸
2355 5495 2665 5546 Floriacensis
2683 5494 2860 5554 codex,
2893 5493 3111 5544 irridens
3131 5493 3260 5544 eicit.

2266 5618 2277 5629 ο
2305 5556 2328 5591 ³
2359 5565 2479 5608 Tres
2502 5570 2566 5606 ex
2588 5559 2807 5621 quinque
2845 5546 3079 5607 Vaticanis
3114 5564 3240 5617 Mss,
3278 5552 3550 5619 passionum
3581 5546 3795 5601 εωσκα·

2240 5625 2366 5669 tione
2387 5631 2668 5669 nuraamur.
3782 5660 3791 5669 .

2259 5629 2366 5670 ιοηε
2387 5631 2668 5670 nuraamur.

2302 5631 2668 5731 Ψεξέαξιξιῖῖἓιαιζῖ
2696 5687 2901 5742 quatuor
2936 5680 3245 5743 manuscripti
3268 5691 3375 5728 cum
3408 5670 3697 5728 ﬂor-incensi.
3718 5660 3793 5715 $94

2242 5742 2455 5793 sectmda
2478 5754 2621 5792 inanu
2640 5750 2880 5792 correcto.
2906 5750 2961 5792 At
2982 5743 3116 5804 editi,
3139 5754 3228 5803 pro
3245 5753 3355 5804 qua.

2303 5804 2324 5834 ⁵
2360 5803 2491 5865 Apud
2512 5812 2612 5852 Am.
2639 5814 2697 5867 et
2712 5809 2803 5861 En,
2824 5815 2926 5867 pro,
2951 5794 3268 5865 simulaturos,
3282 5800 3476 5865 legitur,
3508 5794 3792 5850 tumultum!-

2310 5868 2380 5928 (τι)
2416 5874 2523 5925 tunc
2542 5866 2737 5921 humilia
2750 5866 2844 5915 non
2864 5874 3039 5923 exstat.
