4088 6520
317 407 423 462 693i

321 518 421 573 bus
465 517 738 572 nascimur
769 514 1068 580 accusavit,
1110 513 1460 584 apostolicum
1506 513 1630 566 illud
1679 524 1903 577 tenens,

320 606 537 661 Fuimus
579 606 711 659 enini
741 617 786 661 et
830 623 919 659 nos
954 615 1132 658 natura
1174 604 1268 674 ﬁlii
1306 606 1415 669 ira‘,
1459 603 1586 657 sicut
1641 614 1687 656 et
1738 601 1907 657 ca'teri

320 698 535 770 (Ephes.
568 714 624 763 tt,
656 695 732 768 3).
763 696 1139 751 Verumtamen
1188 697 1300 749 ha'c
1334 695 1514 759 verba,
1543 710 1662 765 qua:
1691 693 1759 749 de
1788 709 1902 749 ser-

318 807 480 847 mone
508 790 675 846 sancti
704 789 888 845 Hilarii
935 793 1106 860 posui,
1157 790 1199 842 si
1249 805 1363 844 111οι
1395 800 1596 852 essent,
1628 799 1824 859 quanta
1854 788 1905 842 in

316 900 405 939 me
419 883 644 949 diceres,
661 883 1176 954 Manichworumque
1202 898 1351 937 uomr
1362 900 1392 936 ιι
1416 891 1467 938 ct
1481 883 1681 938 Crimen
1709 893 1907 953 quanto

318 974 603 1030 buccarum
646 975 866 1044 strepitu
894 973 1216 1029 ventilares?
1244 972 1397 1030 Nunc
1422 988 1548 1043 ergo
1577 990 1643 1028 tte
1673 974 1744 1026 tui
1791 986 1905 1028 sto-

318 1066 491 1123 machi
525 1067 663 1121 follis
690 1065 949 1137 indigesta
977 1066 1375 1121 maledictorum
1397 1065 1658 1121 cruditate
1686 1081 1903 1135 rumpa-

268 1208 280 1225 ,
320 1168 425 1222 tur,
457 1158 507 1211 in
539 1156 678 1211 hunc
702 1172 919 1222 evome,
945 1156 989 1211 si
1015 1158 1199 1224 audes,
1227 1157 1586 1213 calumniosas
1612 1167 1729 1213 tuas
1753 1157 1904 1212 vani—

230 1236 280 1307 ζ³
324 1259 479 1313 tates,
509 1259 563 1303 et
594 1247 827 1303 insanias
858 1248 1161 1303 mendaces.
1194 1249 1274 1303 Ad
1299 1250 1425 1316 haec,
1457 1248 1645 1316 inquit,
1668 1265 1759 1303 nos
1784 1249 1919 1319 vitia.

215 1340 271 1401 ,⁸⁵
319 1352 515 1395 natura:
552 1353 736 1393 nostra:
783 1340 1016 1410 prOpellit
1056 1340 1342 1394 instinctus.
1390 1342 1521 1408 Quae
1571 1342 1667 1394 ista
1719 1348 1903 1394 natura

316 1431 433 1485 est?
456 1430 717 1501 Numquid
748 1445 880 1500 gens
910 1430 1278 1495 tenebrarum,
1306 1445 1467 1500 quam
1492 1428 1902 1483 Mauicha-orum

216 1526 231 1533 “
316 1523 491 1578 fabula
538 1523 774 1579 inducit?
823 1524 995 1578 Absit.
1045 1522 1351 1578 Catholicus
1394 1521 1906 1593 loquitur,-insignis

317 1616 679 1672 Ecclesiarutu
704 1616 893 1671 doctor
917 1616 1171 1684 loquitur,
1193 1615 1421 1670 Hilarius
1445 1615 1696 1684 loquitur.
1716 1613 1902 1668 Nostra

314 1723 444 1778 ergo
481 1717 663 1761 natura
700 1717 781 1762 est
809 1707 961 1777 primi
991 1706 1221 1761 hominis
1243 1706 1679 1777 prtcvaricatione
1701 1706 1904 1769 vitiata,

314 1813 423 1853 non
451 1798 518 1852 ab
544 1798 646 1851 alia
684 1808 874 1852 natura
904 1798 1006 1852 ulla
1033 1797 1295 1853 divisione
1325 1796 1639 1868 separanda,
1669 1796 1763 1852 sed
1792 1797 1905 1867 ipsa

315 1889 551 1943 sananda
579 1907 593 1943 :
623 1891 705 1943 cui
737 1888 1005 1944 diabolum
1032 1906 1062 1943 a
1102 1890 1254 1944 nobis
1280 1890 1529 1945 constitui
1562 1889 1906 1944 caluntniaris

311 1989 585 2033 auctorem
609 2021 624 2045 ,
669 1979 793 2033 dum
828 1991 880 2033 tu
912 1981 959 2034 ei
988 1979 1260 2034 Christum
1306 1979 1510 2035 invides
1538 1980 1856 2035 salvatorem
1887 2019 1902 2043 ,

314 2079 372 2123 et
398 2068 515 2139 ejus
545 2068 630 2123 hic
652 2070 835 2135 vitam,
868 2070 939 2125 ila
969 2080 1028 2125 ut
1056 2073 1171 2126 sine
1196 2070 1302 2125 ullo
1327 2070 1398 2127 sit
1419 2070 1637 2126 omnino
1660 2080 1903 2140 peccato,

314 2161 601 2232 perfectam
628 2162 749 2217 duci
780 2176 939 2232 posse
961 2161 1262 2217 contendis.

382 2251 478 2309 29.
502 2252 608 2309 Sed
646 2253 770 2308 audi
804 2254 931 2324 quid
963 2255 1123 2309 etiam
1152 2252 1276 2309 hinc
1306 2262 1358 2310 te
1387 2253 1674 2309 admoneat
1712 2252 1904 2323 beatus

314 2342 569 2399 Hilarius.
599 2342 732 2399 Cum
761 2346 904 2399 enim
937 2352 1238 2417 exponeret
1277 2343 1548 2400 Psalmum
1569 2345 1902 2417 quinquage-

313 2437 508 2489 simum
542 2436 769 2504 primum
800 2433 1015 2510 (Versus
1043 2436 1197 2506 linem
1219 2435 1281 2509 ):
1312 2435 1463 2506 Spes,
1493 2437 1694 2507 inquit,
1721 2438 1774 2491 in
1794 2437 1893 2491 mi-

312 2526 589 2581 sericordia
627 2526 722 2582 Dei
755 2528 811 2582 in
848 2527 1091 2583 swculum
1132 2539 1179 2584 et
1221 2532 1276 2585 in
1316 2530 1560 2585 amulum
1601 2529 1777 2585 sa'culi
1808 2536 1901 2584 est.

318 2617 443 2674 Non
470 2621 601 2674 enim
626 2620 738 2692 ipsa
762 2620 853 2675 illa
879 2623 1088 2690 iustitia:
1121 2640 1275 2696 opera
1311 2624 1554 2696 suﬂicient
1578 2625 1645 2677 ad
1670 2625 1906 2696 perfecta:

317 2713 638 2767 beatitudinis
664 2712 916 2781 meritum,
946 2714 1045 2769 nisi
1065 2715 1408 2769 misericordia
1437 2715 1534 2769 Dei
1557 2714 1710 2769 etiam
1734 2720 1785 2769 in
1810 2714 1906 2768 hac

310 2804 524 2874 iustitia:
547 2802 802 2858 uoluntate
821 2804 1159 2860 humanarum
1188 2807 1585 2861 demutationum
1609 2817 1656 2861 et
1680 2816 1905 2861 motuum

315 2911 419 2948 non
440 2903 635 2965 reputet
657 2894 941 2950 vitiaﬂinc
961 2895 1091 2950 illud
1116 2896 1375 2967 prop/tela:
1397 2897 1589 2951 dictum
1609 2909 1680 2951 est
1704 2913 1723 2952 :
1752 2915 1772 2950 ι
1786 2896 1899 2952 Me-

315 2987 418 3040 lior
465 2987 827 3065 misericordia
866 2997 952 3041 tua
998 3004 1149 3059 super
1191 2988 1358 3043 vitas‘
1394 3007 1412 3041 ι
1451 2988 1623 3059 (Psal.
1657 3005 1786 3056 Lxu,
1820 2990 1901 3063 4).

315 3079 552 3136 Videsne
581 3081 852 3135 hominem
885 3081 977 3136 Dei
1004 3097 1072 3136 ex
1093 3081 1185 3136 illo
1211 3098 1434 3138 numero
1458 3097 1578 3137 esse
1606 3082 1900 3149 beatorum,

316 3173 386 3229 de
411 3175 603 3244 quibus
635 3176 942 3244 prtedictum
975 3184 1079 3242 est,
1108 3173 1294 3231 Beatus
1320 3180 1395 3229 vir
1418 3178 1501 3230 cui
1525 3193 1623 3231 non
1645 3178 1906 3248 imputavit

320 3265 569 3320 Dominus
611 3277 892 3337 peccatum,
926 3285 1082 3337 neque
1109 3278 1183 3323 est
1217 3268 1271 3323 in
1299 3286 1386 3323 ore
1413 3271 1522 3339 ejus
1548 3271 1695 3323 dolus
1726 3264 1902 3343 (Psal.

318 3374 466 3424 xxxr,
506 3358 607 3429 ειη
636 3358 938 3415 Confitetur
963 3361 1105 3415 enim
1134 3361 1292 3415 etiam
1339 3373 1552 3431 peccata
1596 3361 1861 3432 justorum
1888 3404 1904 3429 ,

318 3450 489 3520 magis
518 3465 612 3505 eos
639 3465 886 3505 asserens
914 3452 965 3505 in
994 3451 1087 3505 Dei
1118 3452 1485 3507 misericordia
1511 3468 1661 3523 spem
1682 3469 1902 3523 ponere,

317 3558 479 3612 quam
509 3542 577 3597 de
610 3542 814 3611 juStitia
857 3558 948 3597 sua
983 3544 1145 3598 fidere
1175 3563 1189 3598 :
1219 3553 1271 3599 et
1310 3544 1431 3600 ideo
1473 3561 1582 3600 non
1623 3555 1705 3601 est
1733 3545 1784 3601 in
1811 3562 1906 3602 ore

320 3634 440 3699 ejus
467 3632 651 3697 dolus,
686 3633 793 3687 imo
822 3633 873 3688 in
902 3650 995 3689 ore
1023 3635 1235 3690 illorum
1265 3636 1528 3701 omnium,
1570 3638 1762 3707 quibus
1801 3636 1907 3693 hu-

314 3724 408 3794 jus
433 3724 637 3778 veracis
676 3724 993 3780 humilitatis
1028 3727 1110 3781 vel
1158 3726 1374 3781 humilis
1402 3729 1643 3783 veritatis
1662 3727 1907 3801 perhibet

321 3817 707 3872 testimonium.
753 3817 851 3885 Qui
894 3819 1048 3872 dolus
1076 3819 1309 3873 abundat
1351 3820 1404 3875 itt
1448 3836 1544 3877 ore
1574 3832 1769 3878 vestro.
1806 3821 1903 3879 Ubi

319 3907 465 3961 enim
492 3908 659 3962 virtus
688 3923 793 3963 non
823 3919 925 3974 est,
951 3920 1005 3964 et
1032 3919 1172 3964 tanta
1198 3910 1451 3980 jactantia
1482 3922 1583 3977 est,
1609 3910 1906 3985 hypocrisis

317 4009 399 4055 est
418 4019 432 4054 :
454 4009 508 4055 et
532 4001 617 4054 tibi
642 4002 957 4073 hypocrisis,
990 4003 1171 4074 utique
1192 4003 1367 4060 dolus.
1391 4004 1619 4061 Prorsus
1645 4016 1902 4078 quantum

318 4091 490 4145 sancti
534 4092 603 4147 de
652 4092 1017 4147 misericordia
1050 4093 1141 4147 Dei
1173 4110 1291 4163 quae
1321 4111 1508 4167 magna
1554 4108 1656 4163 εει,
1700 4106 1902 4151 tantum

317 4194 416 4234 vos
452 4180 520 4235 de
558 4192 730 4235 vestra
766 4198 884 4251 quin
916 4183 1053 4237 nulla
1082 4192 1165 4238 est
1191 4185 1385 4240 virtute
1430 4187 1756 4255 prmsu‘mitis
1795 4206 1809 4240 :
1851 4196 1905 4242 et

317 4281 574 4342 quantum
603 4273 699 4341 ipsi
730 4273 985 4328 adversus
1011 4275 1315 4344 ingenerata
1340 4276 1464 4331 vitia
1486 4276 1681 4332 bellum
1711 4289 1905 4349 gerunt

318 4361 483 4431 adjoti
536 4378 632 4433 per
676 4362 769 4417 Dei
808 4366 1052 4434 gratiam,
1102 4372 1304 4420 tantum
1355 4382 1449 4420 vos
1490 4366 1683 4423 bellum
1712 4370 1904 4439 ’geritis

317 4453 575 4508 adversus
606 4456 772 4525 ipsam
817 4457 909 4512 Dei
951 4458 1197 4528 gratiam.
1228 4457 1333 4514 Sed
1378 4460 1575 4514 utinam
1619 4460 1755 4516 sicut
1809 4478 1903 4517 vos

316 4546 484 4601 vincit
524 4547 580 4601 in
629 4548 768 4612 suis;
810 4548 879 4604 ita
928 4566 1055 4605 suos
1097 4551 1330 4625 iaciens,
1364 4568 1458 4609 VOS
1501 4569 1712 4626 quoque
1760 4555 1904 4627 ipsos

316 4635 496 4693 vincat
525 4637 576 4692 in
606 4639 776 4694 vobis.

393 4728 481 4782 50.
514 4728 655 4783 Itane
683 4730 735 4784 in
766 4729 927 4785 corde
953 4741 1131 4786 vestro
1157 4731 1334 4789 dicere
1358 4735 1587 4800 audetis,
1615 4738 1753 4807 quod
1776 4746 1900 4795 cum

317 4833 417 4872 vos
446 4819 699 4886 audiunt,
719 4820 1081 4875 accenduntur
1107 4821 1351 4880 homines
1375 4825 1442 4881 ad
1472 4826 1742 4893 virtutem,
1769 4844 1897 4885 cum

318 4916 499 4963 autem
528 4910 658 4966 istos
687 4910 909 4965 audiunt
932 4920 1108 4968 tantos
1124 4930 1187 4968 ac
1209 4916 1341 4973 tales
1368 4916 1530 4985 viros,
1552 4916 1901 4991 Cyprianum,

315 4999 599 5066 Hilarium,
623 5001 961 5072 Gregorium.
990 5004 1352 5073 Ambrosium,
1375 5018 1705 5081 czeterosque
1725 5027 1906 5068 sacer-

319 5090 473 5146 dotes
492 5090 722 5157 Domini,
743 5093 1122 5164 desperatione
1150 5094 1482 5169 franguntur,
1512 5117 1576 5158 ac
1596 5106 1905 5162 renuntiant

318 5184 511 5239 studiis
540 5184 913 5253 perfectionis?
955 5187 1201 5246 llazccine
1239 5204 1474 5248 monstra
1517 5197 1902 5267 cogitationum

319 5275 615 5330 ascendunt
661 5278 713 5331 iu
758 5295 852 5334 cor
894 5290 1151 5346 vestrum,
1183 5291 1238 5338 et
1276 5299 1379 5340 non
1420 5274 1626 5344 elidunt
1671 5289 1901 5350 frontem

316 5368 589 5423 vestram?
625 5368 837 5441 Ergone
864 5389 958 5427 vos
987 5374 1264 5431 honoratis
1292 5389 1506 5436 sanctos
1531 5384 1645 5449 Dei,
1671 5384 1905 5442 Patriar-

316 5461 465 5521 chas.
493 5458 810 5531 Prophetas,
840 5467 1125 5533 Apostolos
1152 5467 1308 5525 laude
1338 5483 1571 5541 naturae,
1602 5484 1655 5530 et
1681 5475 1901 5533 decolo-

318 5558 444 5605 raut
474 5567 571 5606 eos
610 5553 707 5607 ista
739 5554 936 5609 Iumina
969 5557 1220 5615 Ecclesia:
1247 5561 1635 5632 vituperatione
1660 5575 1900 5632 naturai;

318 5639 445 5710 quia
472 5656 566 5697 eos
594 5642 781 5698 dicunt
818 5644 871 5698 in
902 5661 1127 5718 corpore
1154 5652 1341 5708 mortis
1371 5654 1547 5725 limus,
1578 5665 1635 5711 ut
1661 5667 1904 5716 tenerent

383 5818 413 5849 ι
436 5818 511 5869 .ilc
531 5827 635 5870 Mss.
671 5826 726 5873 At
749 5822 885 5883 editi,
912 5824 1069 5876 ritum.

1666 399 1866 456 LlBER
1903 398 2283 457 SECUNDUS.

3499 414 3599 471 695

2012 511 2274 568 castitatis
2302 512 2523 581 bunum,
2549 512 2834 572 dimicasse
2858 525 3041 573 contra
3069 518 3362 591 ingenitum
3398 536 3597 579 concu-

2012 601 2286 670 piscentia:
2312 602 2534 671 malum,
2564 619 2658 675 per
2680 606 2770 661 Dei
2792 607 3016 675 gratiam
3041 610 3185 679 prius
3207 608 3601 670 conflictatione

2010 693 2356 764 vincendum,
2389 705 2570 767 postea
2619 697 2905 754 novissima
2950 702 3355 772 regeneratione
3397 717 3596 759 sanan~

2011 784 2178 841 dum?
2202 784 2283 842 Tu
2314 787 2563 859 intelligis
2587 786 2827 843 Iudicum
2851 806 2958 844 esse
2976 792 3065 859 qui
3080 791 3203 846 dicit
3219 834 3234 856 ,
3265 811 3286 846 ι
3314 790 3438 848 Νοη
3464 795 3598 849 enim

2011 876 2148 946 quod
2187 877 2302 933 volo
2331 876 2539 946 bonum,
2579 880 2676 933 hoc
2704 896 2801 951 ago
2822 895 2842 934 :
2871 899 2891 933 ι
2927 890 2979 936 et
3015 880 3118 939 hoc
3162 882 3418 952 praeclaro
3447 884 3600 941 intel-

2012 966 2171 1034 lectu,
2207 985 2298 1024 nec
2325 970 2714 1026 conversationis
2751 972 2924 1027 sordes
2959 972 3011 1027 in
3041 983 3234 1028 natura:
3262 974 3493 1047 refundis
3514 976 3599 1030 in-

2011 1058 2221 1126 vidiam;
2250 1077 2340 1116 nec
2376 1078 2548 1116 earum
2576 1063 2901 1118 obscenitates
2927 1064 3287 1136 Apostolorum
3316 1077 3363 1122 et
3393 1079 3595 1124 sancto-

2011 1167 2127 1205 rum
2166 1153 2391 1206 omnium
2432 1152 2714 1209 consolaris
2748 1155 2950 1227 injuriis
2972 1170 2992 1210 :
3014 1164 3069 1212 et
3094 1157 3206 1212 haec
3229 1158 3365 1212 mala
3395 1174 3515 1231 quae
3546 1168 3599 1215 tu

2012 1257 2117 1296 nou
2151 1240 2295 1306 facis,
2319 1240 2546 1299 faciebat
2566 1245 2881 1301 Ambrosius
2897 1262 3014 1300 cmn
3042 1248 3257 1317 collegis
3284 1248 3393 1304 suis
3413 1249 3598 1306 eadem

2011 1334 2385 1399 sentientibus,
2408 1336 2498 1408 qui
2525 1336 2738 1392 beatum
2766 1340 3076 1408 Apostolum
3099 1338 3167 1394 de
3187 1356 3244 1395 se
3269 1342 3383 1411 ipso
3403 1343 3602 1399 dixisse

2012 1426 2288 1498 intelligit,
2320 1425 2441 1482 Non
2466 1430 2601 1499 quod
2630 1430 2743 1484 volo
2774 1431 2907 1503 facio
2947 1432 3170 1497 bonum;
3195 1432 3285 1487 sed
3317 1433 3454 1504 quod
3483 1436 3601 1489 nolo

2013 1518 2241 1586 malum,
2288 1520 2383 1574 hoc
2410 1537 2543 1593 ago;
2568 1531 2643 1588 et,
2696 1520 2850 1576 Video
2891 1522 3046 1577 aliam
3086 1523 3244 1595 legent
3284 1525 3337 1579 in
3366 1526 3601 1580 membris

2011 1611 2133 1665 meis
2149 1651 2165 1676 ,
2189 1622 2553 1681 repugnantem
2574 1613 2674 1684 legi
2696 1614 2873 1668 mentis
2899 1629 3021 1668 mea:
3048 1615 3225 1685 (llam.
3250 1630 3343 1677 vu,
3369 1614 3458 1683 i9,
3473 1614 3594 1687 ‘23);

2009 1713 2064 1759 ct
2093 1712 2284 1758 cauera
2316 1702 2658 1774 hujusntodi?
2686 1704 2775 1759 Isti
2804 1719 2934 1776 ergo
2962 1706 3132 1760 sancti
3161 1706 3286 1761 talia
3315 1707 3557 1763 docendo
3578 1748 3595 1775 ,

2009 1793 2314 1862 stt/fodiunt,
2350 1795 2488 1850 sicut
2516 1797 2645 1850 mihi
2683 1796 2892 1866 objicis,
2931 1811 3130 1851 murum
3169 1799 3402 1869 pudoris,
3440 1808 3601 1855 eteae

2009 1887 2072 1941 ob
2115 1888 2436 1959 perfectionis
2462 1888 2869 1959 prwdicationem
2898 1889 3129 1960 patimini
3167 1890 3411 1945 inuidiam
3432 1890 3461 1946 ἵ
3494 1890 3601 1948 Sed

2009 1986 2094 2046 te,
2138 1986 2198 2032 ut
2224 1979 2436 2043 scribis,
2469 1979 2747 2049 plurimum
2786 1981 3099 2046 consolaris,
3140 1982 3385 2053 quoniam
3431 1983 3600 2038 laudis

2009 2085 2167 2139 genus
2206 2080 2299 2132 est,
2338 2070 2383 2124 ei
2422 2070 2742 2142 displicuisse
2764 2071 2848 2140 qui
2868 2072 3127 2141 Apostolis
3154 2088 3257 2129 non
3278 2075 3515 2145 pepercit.
3541 2074 3596 2131 Si

2010 2146 2111 2231 ego
2148 2160 2426 2231 Apostolis
2453 2161 2685 2217 dicendo
2714 2162 2838 2216 talia
2880 2179 2982 2216 non
3030 2148 3279 2234 peperci;
3319 2179 3447 2236 ergo
3498 2182 3600 2222 nec

2011 2251 2324 2329 Ambrosius
2364 2253 2602 2324 pepercit
2648 2254 2941 2322 Apostolis,
2994 2269 3095 2311 nec
3145 2256 3447 2328 coepiscOpi
3478 2259 3597 2329 ejus

2011 2344 2199 2399 eadem
2242 2349 2555 2400 sentientes.
2584 2344 2640 2401 Si
2671 2354 2849 2401 autem
2876 2347 2955 2401 illi
2997 2357 3053 2403 et
3090 2363 3157 2403 ex
3195 2351 3467 2419 Apostolis
3496 2352 3595 2406 ista

2009 2436 2331 2502 didicerunt,
2361 2446 2417 2493 et
2446 2437 2746 2493 secundum
2791 2440 3078 2509 Apostolos
3122 2441 3221 2496 ista
3247 2442 3545 2499 docuerunt
3578 2486 3592 2507 .

2009 2528 2137 2599 quid
2180 2543 2267 2584 me
2311 2544 2473 2583 unum
2517 2530 2768 2599 appetis?
2810 2530 2966 2601 ipsos
3006 2533 3211 2602 aspice,
3248 2534 3400 2607 ipsos
3434 2536 3598 2591 etiam

2009 2628 2170 2689 atque
2213 2622 2373 2675 etiam
2416 2621 2664 2692 deposito
2699 2622 2968 2694 paulisper
3018 2634 3229 2681 tumore
3266 2628 3490 2683 cervicis
3514 2630 3600 2684 in-

2010 2719 2181 2768 tuere.
2211 2711 2360 2767 itane
2395 2713 2634 2781 tandem,
2662 2714 2876 2784 juvenis
2901 2715 3376 2786 conﬁdentissime,
3402 2733 3598 2775 conso-

2009 2803 2109 2858 lari
2136 2810 2191 2858 te
2210 2802 2410 2868 debes.
2437 2805 2563 2875 quia
2586 2805 2784 2860 talibus
2803 2805 3080 2876 diSplices,
3104 2821 3172 2861 an
3202 2808 3422 2879 lugere?

2081 2891 2309 2949 CAPUT
2344 2892 2439 2948 υἱ.
2465 2922 2540 2935 —-
2567 2895 2656 2951 51.
2685 2893 2793 2951 Sed
2813 2896 2923 2965 jam
2949 2896 3076 2965 quid
3100 2898 3367 2975 egerimus
3392 2914 3488 2970 per
3520 2910 3601 2955 to-

2011 2992 2124 3039 tum
2151 2985 2309 3038 istum
2333 2984 2548 3051 librum,
2573 2985 2625 3039 in
2652 3000 2918 3042 summam
2943 2986 3082 3042 sicut
3100 3002 3390 3058 possumus
3423 2991 3600 3045 brevi-

2011 3081 2096 3131 ter
2127 3075 2460 3145 coﬂigainus.
2512 3076 2893 3145 Proposuimtts
2936 3077 3027 3131 hic
3076 3079 3409 3135 auctoritatis
3452 3080 3595 3138 mole

2012 3174 2342 3228 eanctonun,
2373 3166 2462 3234 qui
2492 3166 2728 3236 θρικορὶ
2765 3177 2891 3222 ante
2922 3181 3059 3236 nos,
3100 3184 3210 3223 non
3252 3170 3434 3225 solum
3482 3185 3598 3228 ser-

1990 3270 2202 3318 ‘ntoue,
2232 3272 2354 3312 cum
2384 3259 2470 3312 hic
2496 3260 2757 3322 viverent,
2802 3271 2989 3314 verum
3018 3260 3179 3315 etiam
3210 3262 3449 3331 θοι-ἰωὴ,
3474 3278 3594 3333 qua:

2012 3348 2310 3419 posteritati
2359 3349 2762 3421 relinquerent,
2808 3350 2969 3406 ﬁdem
3025 3352 3341 3410 catholicam
3378 3366 3596 3411 strenue

2004 3439 2393 3504 defenderunt;
2436 3449 2611 3496 vestra
2653 3450 2964 3511 argumenta
3013 3442 3370 3514 confringere,
3400 3444 3596 3515 quibus

2010 3528 2188 3584 dicitis
2219 3545 2233 3583 :
2266 3529 2329 3584 Si
2357 3524 2497 3584 Deus
2521 3530 2748 3585 [ceruina
2776 3540 2936 3596 creat,
2967 3544 3069 3586 non
3106 3544 3315 3604 possunt
3341 3550 3456 3589 cum
3491 3535 3594 3590 ali-

2009 3636 2109 3692 quo
2130 3623 2269 3676 malo
2290 3623 2448 3676 nasci.
2482 3622 2545 3678 Si
2565 3623 2757 3695 nuptiis
2774 3623 2965 3678 bonum
2982 3636 3127 3691 sunt,
3157 3626 3288 3682 nihil
3315 3644 3378 3683 ea:
3396 3629 3472 3684 eis
3491 3629 3596 3684 ari-

2004 3722 2096 3768 tur
2118 3714 2259 3768 ntali.
2283 3712 2346 3770 Si
2368 3714 2421 3769 in
2449 3713 2764 3785 Baptismate
2798 3725 3009 3786 peccata
3029 3719 3203 3772 omnia
3227 3720 3551 3776 remittuntur
3576 3763 3591 3788 ,

2006 3820 2113 3860 non
2137 3815 2347 3877 possunt
2373 3806 2481 3860 nati
2507 3806 2572 3862 de
2608 3807 2797 3862 renatis
2822 3808 3020 3863 trahere
3042 3810 3290 3881 originale
3312 3821 3590 3884 parum

2011 3896 2264 3968 Sijustus
2298 3906 2371 3951 est
2405 3896 2578 3965 Deus,
2606 3912 2704 3952 non
2733 3908 2893 3970 potest
2938 3900 2993 3953 in
3032 3900 3155 3970 ﬁliis
3197 3911 3460 3972 parastum
3493 3904 3595 3958 da-

2010 4005 2188 4044 mnare
2210 3999 2437 4061 peccata,
2459 4006 2575 4045 cum
2593 3992 2720 4063 ipsis
2732 3992 3021 4062 parentibus
3040 3993 3261 4048 dimittat
3289 4003 3336 4049 et
3360 3996 3591 4067 propria.

1973 4074 1979 4079 ’
2011 4079 2071 4138 Si
2099 4085 2335 4155 perfecta
2357 4084 2578 4157 justitite
2604 4099 2775 4155 capas:
2809 4094 2884 4139 est
2916 4086 3141 4141 humana
3166 4097 3383 4154 natura,
3412 4088 3596 4145 habere

2002 4184 2113 4229 «ait
2150 4183 2315 4245 potest
2360 4176 2484 4230 vitia
2519 4177 2796 4231 naturalia.
2836 4178 2919 4233 Ad
2968 4179 3084 4234 haec
3122 4194 3224 4235 nos
3263 4180 3513 4248 dicimus,
3540 4192 3597 4238 et

2004 4260 2177 4322 Deum
2202 4281 2323 4323 esse
2350 4267 2626 4323 hominum
2658 4276 2983 4339 creatorem,
3012 4269 3117 4325 hoc
3143 4280 3256 4339 est,
3302 4282 3359 4328 et
3401 4273 3595 4328 atumat

2006 4366 2062 4414 'et
2090 4360 2364 4429 corporis;
2390 4368 2446 4415 et
2476 4360 2677 4415 bonum
2704 4375 2824 4416 esse
2848 4362 3089 4431 nuptias;
3112 4371 3172 4418 et
3199 4378 3296 4434 per
3321 4363 3593 4434 Baptism

2002 4449 2208 4506 Christi
2226 4451 2411 4506 «uitia
2440 4462 2658 4522 peccata
2686 4452 2915 4520 dimitti;
2943 4462 3000 4509 et
3019 4454 3220 4525 justtun
3236 4470 3365 4513 esse
3386 4458 3589 4525 Deum;

2006 4552 2063 4598 et
2090 4543 2338 4613 perfecta:
2359 4542 2580 4613 justitiai
2596 4559 2847 4614 capacem
2872 4545 3157 4601 humanam
3175 4562 3296 4603 esse
3307 4557 3590 4607 naturam:

2004 4643 2061 4689 et
2088 4645 2269 4691 tamen
2312 4650 2433 4691 eum
2474 4635 2589 4691 hate
2614 4637 2796 4691 omnia
2825 4653 2949 4691 vera
2978 4638 3108 4704 sint,
3137 4639 3399 4694 obnoxios
3442 4642 3590 4697 nesci

2002 4725 2256 4780 homines
2286 4727 2483 4796 origini
2531 4727 2767 4792 vitiatae,
2814 4742 2934 4799 qua:
2983 4728 3211 4783 trahitur
3260 4745 3324 4784 ex
3375 4730 3593 4787 homine

2006 4819 2180 4887 primo
2203 4837 2217 4884 ;
2244 4826 2299 4872 et
2324 4818 2445 4874 ideo
2474 4819 2551 4873 ire
2580 4822 2633 4874 in
2652 4819 3075 4885 damnationem,
3120 4822 3220 4877 nisi
3242 4832 3595 4881 renascantur

2006 4922 2064 4964 tu
2092 4908 2328 4964 Christo.
2360 4909 2474 4965 lloc
2496 4918 2673 4966 autem
2700 4911 3043 4980 probavimus
3070 4912 3455 4971 catholicorum
3495 4931 3595 4974 au-

2006 5002 2255 5057 ctoritate
2291 5012 2620 5069 sanctorum,
2652 5003 2743 5073 qui
2775 5012 2831 5059 et
2880 5004 2982 5061 hoc
3021 5016 3297 5074 asserunt,
3340 5009 3487 5079 quod
3525 5011 3596 5068 de

2003 5093 2249 5165 originali
2296 5103 2518 5164 peccato
2546 5095 2793 5162 dicimus,
2823 5105 2881 5153 et
2913 5096 3003 5151 illa
3032 5100 3265 5170 quinque
3310 5114 3431 5157 esse
3465 5114 3593 5159 vera

2007 5185 2185 5242 ontnia
2215 5186 2555 5241 conﬁtentur.
2602 5189 2680 5241 Ac
2713 5202 2809 5258 per
2846 5187 2948 5243 hoc
2980 5203 3085 5244 non
3126 5198 3210 5246 est
3252 5206 3593 5265 consequens

2006 5287 2067 5333 ut
2107 5275 2210 5333 hoc
2252 5275 2444 5331 falsum
2475 5277 2563 5342 sit,
2594 5276 2719 5349 quia
2748 5290 2877 5335 veta
2905 5289 3030 5336 sunt
3063 5282 3171 5336 illa.
3214 5283 3371 5341 Tales
3393 5287 3591 5357 quippe

2007 5383 2071 5424 ac
2096 5369 2227 5424 tanti
2255 5368 2354 5423 viri
2378 5366 2673 5425 secundum
2703 5370 3021 5427 catholicam
3048 5372 3207 5430 (idem
3228 5416 3242 5441 ,
3285 5390 3406 5447 quin
3450 5377 3593 5432 anti-

2008 5464 2189 5533 quitus
2216 5470 2329 5516 toto
2354 5461 2486 5517 orbe
2507 5460 2823 5518 dill‘unditur
2839 5505 2855 5531 ,
2883 5474 2939 5520 et
2966 5464 3091 5531 hoc,
3126 5475 3183 5521 et
3217 5468 3304 5522 illa
3329 5482 3452 5522 vera
3473 5483 3595 5524 esse

2008 5553 2364 5620 confirmant;
2394 5561 2455 5608 ιιι
2478 5563 2655 5609 vestra
2676 5553 2900 5627 fragilis,
2930 5566 2985 5612 et
3007 5559 3158 5628 quasi
3178 5561 3419 5630 argutula
3442 5563 3594 5615 novi-

2009 5657 2093 5703 tas
2118 5646 2232 5703 sola
2260 5646 2577 5702 auctoritate
2596 5658 2908 5703 conteratur
2930 5650 3142 5704 illorum
3189 5667 3205 5706 :
3236 5660 3590 5719 ρηηθινιηυθιιι

2011 5738 2151 5809 quod
2173 5752 2237 5794 ea
2257 5736 2461 5805 dicunt,
2495 5747 2553 5793 ut
2578 5754 2637 5795 se
2659 5755 2758 5811 per
2782 5755 2874 5795 eos
2896 5741 3040 5811 loqui
3068 5743 3261 5795 veritas
3288 5741 3397 5807 ipsa
3429 5749 3588 5793 teste.—

2018 5842 2120 5890 tnr.
2164 5828 2274 5889 Sed
2313 5847 2451 5886 nunc
2487 5834 2804 5890 auctoritate
2833 5834 3072 5903 primitus
3094 5848 3274 5887 eorum
3305 5840 3476 5884 vestra
3507 5841 3589 5885 est
