  <div class='ocr_page' id='page_1' title='image "/cluster/home/n/w/nwhite01/storage/ocr_20150623/44-45/uc1.31175026792435/355.png"; bbox 0 0 4088 6536; ppageno 0'>
   <div class='ocr_carea' id='block_1_1' title="bbox 579 440 680 495">
    <p class='ocr_par' dir='ltr' id='par_1_1' title="bbox 579 440 680 495">
     <span class='ocr_line' id='line_1_1' title="bbox 579 440 680 495; baseline 0.01 -1"><span class='ocrx_word' id='word_1_1' title='bbox 579 440 680 495; x_wconf 75' lang='grc'><strong>695</strong></span> 
     </span>
    </p>
   </div>
   <div class='ocr_carea' id='block_1_2' title="bbox 578 552 2161 629">
    <p class='ocr_par' dir='ltr' id='par_1_2' title="bbox 578 552 2161 629">
     <span class='ocr_line' id='line_1_2' title="bbox 578 552 2161 629; baseline -0.004 -17"><span class='ocrx_word' id='word_1_2' title='bbox 578 557 911 613; x_wconf 77' lang='lat' dir='ltr'><strong>contumacia</strong></span> <span class='ocrx_word' id='word_1_3' title='bbox 941 554 1433 627; x_wconf 81' lang='lat' dir='ltr'><strong>comprimenda,ut</strong></span> <span class='ocrx_word' id='word_1_4' title='bbox 1457 569 1485 608; x_wconf 89' lang='lat' dir='ltr'><strong>a</strong></span> <span class='ocrx_word' id='word_1_5' title='bbox 1511 553 1939 629; x_wconf 65' lang='lat' dir='ltr'><strong>prtesumptionis</strong></span> <span class='ocrx_word' id='word_1_6' title='bbox 1962 552 2161 622; x_wconf 89' lang='lat' dir='ltr'><strong>impetu</strong></span> 
     </span>
    </p>
   </div>
   <div class='ocr_carea' id='block_1_3' title="bbox 581 640 2160 717">
    <p class='ocr_par' dir='ltr' id='par_1_3' title="bbox 581 640 2160 717">
     <span class='ocr_line' id='line_1_3' title="bbox 581 640 2160 717; baseline -0.004 -15"><span class='ocrx_word' id='word_1_7' title='bbox 581 648 918 717; x_wconf 86' lang='lat' dir='ltr'><strong>repercussi,</strong></span> <span class='ocrx_word' id='word_1_8' title='bbox 946 656 999 700; x_wconf 88' lang='lat' dir='ltr'><strong>et</strong></span> <span class='ocrx_word' id='word_1_9' title='bbox 1028 645 1254 716; x_wconf 79' lang='lat' dir='ltr'><strong>qundam</strong></span> <span class='ocrx_word' id='word_1_10' title='bbox 1291 644 1449 701; x_wconf 88' lang='lat' dir='ltr'><strong>modo</strong></span> <span class='ocrx_word' id='word_1_11' title='bbox 1485 644 1726 708; x_wconf 85' lang='lat' dir='ltr'><strong>sauciati,</strong></span> <span class='ocrx_word' id='word_1_12' title='bbox 1756 643 1877 696; x_wconf 88' lang='lat' dir='ltr'><strong>dum</strong></span> <span class='ocrx_word' id='word_1_13' title='bbox 1910 640 2043 695; x_wconf 90' lang='lat' dir='ltr'><strong>tales</strong></span> <span class='ocrx_word' id='word_1_14' title='bbox 2068 641 2160 695; x_wconf 87' lang='lat' dir='ltr'><strong>ho-</strong></span> 
     </span>
    </p>
   </div>
   <div class='ocr_carea' id='block_1_4' title="bbox 584 730 2160 801">
    <p class='ocr_par' dir='ltr' id='par_1_4' title="bbox 584 730 2160 801">
     <span class='ocr_line' id='line_1_4' title="bbox 584 730 2160 801; baseline -0.005 -9"><span class='ocrx_word' id='word_1_15' title='bbox 584 740 754 794; x_wconf 87' lang='lat' dir='ltr'><strong>mines</strong></span> <span class='ocrx_word' id='word_1_16' title='bbox 784 739 874 793; x_wconf 86' lang='lat' dir='ltr'><strong>Dei</strong></span> <span class='ocrx_word' id='word_1_17' title='bbox 918 738 995 792; x_wconf 91' lang='lat' dir='ltr'><strong>sic</strong></span> <span class='ocrx_word' id='word_1_18' title='bbox 1034 737 1087 791; x_wconf 92' lang='lat' dir='ltr'><strong>in</strong></span> <span class='ocrx_word' id='word_1_19' title='bbox 1126 735 1228 791; x_wconf 88' lang='lat' dir='ltr'><strong>ﬂdc</strong></span> <span class='ocrx_word' id='word_1_20' title='bbox 1267 730 1526 791; x_wconf 87' lang='lat' dir='ltr'><strong>catholica</strong></span> <span class='ocrx_word' id='word_1_21' title='bbox 1566 748 1749 789; x_wconf 88' lang='lat' dir='ltr'><strong>errare</strong></span> <span class='ocrx_word' id='word_1_22' title='bbox 1785 732 2019 801; x_wconf 87' lang='lat' dir='ltr'><strong>potuisse</strong></span> <span class='ocrx_word' id='word_1_23' title='bbox 2056 747 2160 785; x_wconf 86' lang='lat' dir='ltr'><strong>non</strong></span> 
     </span>
    </p>
   </div>
   <div class='ocr_carea' id='block_1_5' title="bbox 528 816 2160 899">
    <p class='ocr_par' dir='ltr' id='par_1_5' title="bbox 528 816 2160 899">
     <span class='ocr_line' id='line_1_5' title="bbox 528 816 2160 899; baseline -0.003 -18"><span class='ocrx_word' id='word_1_24' title='bbox 528 816 533 819; x_wconf 59' lang='grc'><strong>’</strong></span> <span class='ocrx_word' id='word_1_25' title='bbox 581 828 818 895; x_wconf 77' lang='lat' dir='ltr'><strong>creditis,</strong></span> <span class='ocrx_word' id='word_1_26' title='bbox 845 838 900 882; x_wconf 91' lang='lat' dir='ltr'><strong>ut</strong></span> <span class='ocrx_word' id='word_1_27' title='bbox 928 827 1123 899; x_wconf 90' lang='lat' dir='ltr'><strong>aliquid</strong></span> <span class='ocrx_word' id='word_1_28' title='bbox 1163 827 1423 890; x_wconf 76' lang='lat' dir='ltr'><strong>dicerent,</strong></span> <span class='ocrx_word' id='word_1_29' title='bbox 1462 825 1602 880; x_wconf 91' lang='lat' dir='ltr'><strong>unde</strong></span> <span class='ocrx_word' id='word_1_30' title='bbox 1628 836 1771 879; x_wconf 82' lang='lat' dir='ltr'><strong>esset</strong></span> <span class='ocrx_word' id='word_1_31' title='bbox 1790 837 2122 895; x_wconf 87' lang='lat' dir='ltr'><strong>consequens</strong></span> <span class='ocrx_word' id='word_1_32' title='bbox 2145 864 2160 888; x_wconf 95' lang='lat'><strong>,</strong></span> 
     </span>
    </p>
   </div>
   <div class='ocr_carea' id='block_1_6' title="bbox 587 916 2163 985">
    <p class='ocr_par' dir='ltr' id='par_1_6' title="bbox 587 916 2163 985">
     <span class='ocr_line' id='line_1_6' title="bbox 587 916 2163 985; baseline -0.002 -12"><span class='ocrx_word' id='word_1_33' title='bbox 587 922 750 975; x_wconf 88' lang='lat' dir='ltr'><strong>Deum</strong></span> <span class='ocrx_word' id='word_1_34' title='bbox 796 935 900 975; x_wconf 92' lang='lat' dir='ltr'><strong>non</strong></span> <span class='ocrx_word' id='word_1_35' title='bbox 939 934 1060 976; x_wconf 87' lang='lat' dir='ltr'><strong>esse</strong></span> <span class='ocrx_word' id='word_1_36' title='bbox 1104 918 1379 974; x_wconf 85' lang='lat' dir='ltr'><strong>hominum</strong></span> <span class='ocrx_word' id='word_1_37' title='bbox 1418 927 1738 983; x_wconf 82' lang='lat' dir='ltr'><strong>creatorem,</strong></span> <span class='ocrx_word' id='word_1_38' title='bbox 1788 916 1999 985; x_wconf 77' lang='lat' dir='ltr'><strong>nuptias</strong></span> <span class='ocrx_word' id='word_1_39' title='bbox 2043 929 2163 970; x_wconf 91' lang='lat' dir='ltr'><strong>esse</strong></span> 
     </span>
    </p>
   </div>
   <div class='ocr_carea' id='block_1_7' title="bbox 582 1006 2165 1081">
    <p class='ocr_par' dir='ltr' id='par_1_7' title="bbox 582 1006 2165 1081">
     <span class='ocr_line' id='line_1_7' title="bbox 582 1006 2165 1081; baseline -0.004 -15"><span class='ocrx_word' id='word_1_40' title='bbox 582 1012 932 1078; x_wconf 87' lang='lat' dir='ltr'><strong>damnandas,</strong></span> <span class='ocrx_word' id='word_1_41' title='bbox 980 1013 1034 1069; x_wconf 90' lang='lat' dir='ltr'><strong>in</strong></span> <span class='ocrx_word' id='word_1_42' title='bbox 1075 1011 1345 1081; x_wconf 86' lang='lat' dir='ltr'><strong>Baptismo</strong></span> <span class='ocrx_word' id='word_1_43' title='bbox 1380 1024 1485 1065; x_wconf 90' lang='lat' dir='ltr'><strong>non</strong></span> <span class='ocrx_word' id='word_1_44' title='bbox 1527 1008 1764 1063; x_wconf 90' lang='lat' dir='ltr'><strong>omnium</strong></span> <span class='ocrx_word' id='word_1_45' title='bbox 1796 1006 2165 1061; x_wconf 89' lang='lat' dir='ltr'><strong>remissionem</strong></span> 
     </span>
    </p>
   </div>
   <div class='ocr_carea' id='block_1_8' title="bbox 584 1098 2164 1176">
    <p class='ocr_par' dir='ltr' id='par_1_8' title="bbox 584 1098 2164 1176">
     <span class='ocr_line' id='line_1_8' title="bbox 584 1098 2164 1176; baseline -0.006 -16"><span class='ocrx_word' id='word_1_46' title='bbox 584 1105 698 1160; x_wconf 86' lang='lat' dir='ltr'><strong>fieri</strong></span> <span class='ocrx_word' id='word_1_47' title='bbox 727 1114 1103 1176; x_wconf 88' lang='lat' dir='ltr'><strong>peccatorum,</strong></span> <span class='ocrx_word' id='word_1_48' title='bbox 1135 1104 1299 1159; x_wconf 88' lang='lat' dir='ltr'><strong>Deum</strong></span> <span class='ocrx_word' id='word_1_49' title='bbox 1334 1116 1454 1157; x_wconf 88' lang='lat' dir='ltr'><strong>esse</strong></span> <span class='ocrx_word' id='word_1_50' title='bbox 1484 1099 1759 1171; x_wconf 83' lang='lat' dir='ltr'><strong>injustam,</strong></span> <span class='ocrx_word' id='word_1_51' title='bbox 1790 1098 1986 1152; x_wconf 88' lang='lat' dir='ltr'><strong>nullam</strong></span> <span class='ocrx_word' id='word_1_52' title='bbox 2014 1111 2164 1166; x_wconf 84' lang='lat' dir='ltr'><strong>spem</strong></span> 
     </span>
    </p>
   </div>
   <div class='ocr_carea' id='block_1_9' title="bbox 585 1186 2169 1264">
    <p class='ocr_par' dir='ltr' id='par_1_9' title="bbox 585 1186 2169 1264">
     <span class='ocr_line' id='line_1_9' title="bbox 585 1186 2169 1264; baseline -0.007 -12"><span class='ocrx_word' id='word_1_53' title='bbox 585 1198 737 1253; x_wconf 90' lang='lat' dir='ltr'><strong>nobis</strong></span> <span class='ocrx_word' id='word_1_54' title='bbox 761 1196 1083 1253; x_wconf 82' lang='lat' dir='ltr'><strong>remansisse</strong></span> <span class='ocrx_word' id='word_1_55' title='bbox 1110 1195 1321 1249; x_wconf 91' lang='lat' dir='ltr'><strong>virtutis</strong></span> <span class='ocrx_word' id='word_1_56' title='bbox 1347 1191 1702 1264; x_wconf 63' lang='lat' dir='ltr'><strong>perliciendm,</strong></span> <span class='ocrx_word' id='word_1_57' title='bbox 1727 1206 1847 1260; x_wconf 63' lang='lat' dir='ltr'><strong>quin</strong></span> <span class='ocrx_word' id='word_1_58' title='bbox 1876 1190 2052 1243; x_wconf 82' lang='lat' dir='ltr'><strong>omnia</strong></span> <span class='ocrx_word' id='word_1_59' title='bbox 2082 1186 2169 1242; x_wconf 85' lang='lat' dir='ltr'><strong>vel</strong></span> 
     </span>
    </p>
   </div>
   <div class='ocr_carea' id='block_1_10' title="bbox 583 1278 2172 1361">
    <p class='ocr_par' dir='ltr' id='par_1_10' title="bbox 583 1278 2172 1361">
     <span class='ocr_line' id='line_1_10' title="bbox 583 1278 2172 1361; baseline -0.009 -16"><span class='ocrx_word' id='word_1_60' title='bbox 583 1289 784 1361; x_wconf 88' lang='lat' dir='ltr'><strong>aliquid</strong></span> <span class='ocrx_word' id='word_1_61' title='bbox 807 1303 991 1344; x_wconf 86' lang='lat' dir='ltr'><strong>eorum</strong></span> <span class='ocrx_word' id='word_1_62' title='bbox 1019 1286 1168 1341; x_wconf 88' lang='lat' dir='ltr'><strong>nefas</strong></span> <span class='ocrx_word' id='word_1_63' title='bbox 1193 1294 1275 1340; x_wconf 88' lang='lat' dir='ltr'><strong>est</strong></span> <span class='ocrx_word' id='word_1_64' title='bbox 1298 1285 1501 1355; x_wconf 87' lang='lat' dir='ltr'><strong>opinari</strong></span> <span class='ocrx_word' id='word_1_65' title='bbox 1536 1300 1548 1336; x_wconf 90' lang='lat'><strong>:</strong></span> <span class='ocrx_word' id='word_1_66' title='bbox 1578 1296 1737 1337; x_wconf 90' lang='lat' dir='ltr'><strong>ausus</strong></span> <span class='ocrx_word' id='word_1_67' title='bbox 1766 1278 2061 1349; x_wconf 67' lang='lat' dir='ltr'><strong>praccipites</strong></span> <span class='ocrx_word' id='word_1_68' title='bbox 2086 1292 2172 1332; x_wconf 83' lang='lat' dir='ltr'><strong>re-</strong></span> 
     </span>
    </p>
   </div>
   <div class='ocr_carea' id='block_1_11' title="bbox 585 1370 2223 1450">
    <p class='ocr_par' dir='ltr' id='par_1_11' title="bbox 585 1370 2223 1450">
     <span class='ocr_line' id='line_1_11' title="bbox 585 1370 2223 1450; baseline -0.007 -13"><span class='ocrx_word' id='word_1_69' title='bbox 585 1384 841 1449; x_wconf 87' lang='lat' dir='ltr'><strong>frenetis,</strong></span> <span class='ocrx_word' id='word_1_70' title='bbox 885 1392 940 1436; x_wconf 91' lang='lat' dir='ltr'><strong>ct</strong></span> <span class='ocrx_word' id='word_1_71' title='bbox 987 1389 1238 1450; x_wconf 88' lang='lat' dir='ltr'><strong>tanquam</strong></span> <span class='ocrx_word' id='word_1_72' title='bbox 1273 1395 1343 1433; x_wconf 73' lang='lat' dir='ltr'><strong>ex</strong></span> <span class='ocrx_word' id='word_1_73' title='bbox 1384 1376 1561 1431; x_wconf 86' lang='lat' dir='ltr'><strong>furore</strong></span> <span class='ocrx_word' id='word_1_74' title='bbox 1604 1373 2012 1443; x_wconf 85' lang='lat' dir='ltr'><strong>resipiscentes,</strong></span> <span class='ocrx_word' id='word_1_75' title='bbox 2040 1370 2172 1426; x_wconf 84' lang='lat' dir='ltr'><strong>inci-</strong></span> <span class='ocrx_word' id='word_1_76' title='bbox 2214 1400 2223 1409; x_wconf 73' lang='grc' dir='ltr'><strong><em>ο</em></strong></span> 
     </span>
    </p>
   </div>
   <div class='ocr_carea' id='block_1_12' title="bbox 583 1463 2174 1548">
    <p class='ocr_par' dir='ltr' id='par_1_12' title="bbox 583 1463 2174 1548">
     <span class='ocr_line' id='line_1_12' title="bbox 583 1463 2174 1548; baseline -0.011 -17"><span class='ocrx_word' id='word_1_77' title='bbox 583 1476 743 1548; x_wconf 89' lang='lat' dir='ltr'><strong>piatis</strong></span> <span class='ocrx_word' id='word_1_78' title='bbox 781 1475 833 1529; x_wconf 92' lang='lat' dir='ltr'><strong>in</strong></span> <span class='ocrx_word' id='word_1_79' title='bbox 872 1488 975 1544; x_wconf 91' lang='lat' dir='ltr'><strong>qua</strong></span> <span class='ocrx_word' id='word_1_80' title='bbox 1008 1471 1190 1525; x_wconf 88' lang='lat' dir='ltr'><strong>nutriti</strong></span> <span class='ocrx_word' id='word_1_81' title='bbox 1223 1471 1351 1525; x_wconf 86' lang='lat' dir='ltr'><strong>estis</strong></span> <span class='ocrx_word' id='word_1_82' title='bbox 1376 1508 1390 1533; x_wconf 92' lang='lat'><strong>,</strong></span> <span class='ocrx_word' id='word_1_83' title='bbox 1421 1467 1662 1524; x_wconf 87' lang='lat' dir='ltr'><strong>recolere</strong></span> <span class='ocrx_word' id='word_1_84' title='bbox 1705 1472 1759 1520; x_wconf 81' lang='lat' dir='ltr'><strong>et</strong></span> <span class='ocrx_word' id='word_1_85' title='bbox 1794 1463 2073 1518; x_wconf 81' lang='lat' dir='ltr'><strong>advertere</strong></span> <span class='ocrx_word' id='word_1_86' title='bbox 2119 1468 2174 1515; x_wconf 91' lang='lat' dir='ltr'><strong>et</strong></span> 
     </span>
    </p>
   </div>
   <div class='ocr_carea' id='block_1_13' title="bbox 584 1565 1187 1622">
    <p class='ocr_par' dir='ltr' id='par_1_13' title="bbox 584 1565 1187 1622">
     <span class='ocr_line' id='line_1_13' title="bbox 584 1565 1187 1622; baseline -0.013 0"><span class='ocrx_word' id='word_1_87' title='bbox 584 1581 859 1622; x_wconf 87' lang='lat' dir='ltr'><strong>resumere</strong></span> <span class='ocrx_word' id='word_1_88' title='bbox 889 1565 1187 1618; x_wconf 88' lang='lat' dir='ltr'><strong>vcritatcm.</strong></span> 
     </span>
    </p>
   </div>
   <div class='ocr_carea' id='block_1_14' title="bbox 653 1666 2173 1741">
    <p class='ocr_par' dir='ltr' id='par_1_14' title="bbox 653 1666 2173 1741">
     <span class='ocr_line' id='line_1_14' title="bbox 653 1666 2173 1741; baseline -0.011 -6"><span class='ocrx_word' id='word_1_89' title='bbox 653 1679 748 1736; x_wconf 75' lang='lat'><strong>32.</strong></span> <span class='ocrx_word' id='word_1_90' title='bbox 787 1679 916 1735; x_wconf 88' lang='lat' dir='ltr'><strong>Dicit</strong></span> <span class='ocrx_word' id='word_1_91' title='bbox 946 1677 1130 1733; x_wconf 89' lang='lat' dir='ltr'><strong>beatus</strong></span> <span class='ocrx_word' id='word_1_92' title='bbox 1155 1674 1490 1741; x_wconf 88' lang='lat' dir='ltr'><strong>Ambrosius,</strong></span> <span class='ocrx_word' id='word_1_93' title='bbox 1511 1687 1673 1726; x_wconf 90' lang='lat' dir='ltr'><strong>unum</strong></span> <span class='ocrx_word' id='word_1_94' title='bbox 1701 1669 1875 1725; x_wconf 92' lang='lat' dir='ltr'><strong>solum</strong></span> <span class='ocrx_word' id='word_1_95' title='bbox 1903 1666 2173 1722; x_wconf 84' lang='lat' dir='ltr'><strong>hominem</strong></span> 
     </span>
    </p>
   </div>
   <div class='ocr_carea' id='block_1_15' title="bbox 588 1760 2170 1832">
    <p class='ocr_par' dir='ltr' id='par_1_15' title="bbox 588 1760 2170 1832">
     <span class='ocr_line' id='line_1_15' title="bbox 588 1760 2170 1832; baseline -0.009 -8"><span class='ocrx_word' id='word_1_96' title='bbox 588 1771 933 1826; x_wconf 86' lang='lat' dir='ltr'><strong>mediatorem</strong></span> <span class='ocrx_word' id='word_1_97' title='bbox 982 1767 1073 1824; x_wconf 90' lang='lat' dir='ltr'><strong>Dei</strong></span> <span class='ocrx_word' id='word_1_98' title='bbox 1102 1776 1157 1821; x_wconf 88' lang='lat' dir='ltr'><strong>et</strong></span> <span class='ocrx_word' id='word_1_99' title='bbox 1185 1765 1488 1825; x_wconf 88' lang='lat' dir='ltr'><strong>hominum.</strong></span> <span class='ocrx_word' id='word_1_100' title='bbox 1520 1778 1585 1817; x_wconf 83' lang='lat' dir='ltr'><strong>eo</strong></span> <span class='ocrx_word' id='word_1_101' title='bbox 1613 1760 1757 1832; x_wconf 90' lang='lat' dir='ltr'><strong>quod</strong></span> <span class='ocrx_word' id='word_1_102' title='bbox 1795 1760 1864 1814; x_wconf 85' lang='lat' dir='ltr'><strong>sit</strong></span> <span class='ocrx_word' id='word_1_103' title='bbox 1907 1767 2060 1816; x_wconf 89' lang='lat' dir='ltr'><strong>natus</strong></span> <span class='ocrx_word' id='word_1_104' title='bbox 2102 1771 2170 1810; x_wconf 80' lang='lat' dir='ltr'><strong>ex</strong></span> 
     </span>
    </p>
   </div>
   <div class='ocr_carea' id='block_1_16' title="bbox 499 1852 2173 1933">
    <p class='ocr_par' dir='ltr' id='par_1_16' title="bbox 499 1852 2173 1933">
     <span class='ocr_line' id='line_1_16' title="bbox 499 1852 2173 1933; baseline -0.008 -16"><span class='ocrx_word' id='word_1_105' title='bbox 499 1893 501 1896; x_wconf 58' lang='grc'>‹</span> <span class='ocrx_word' id='word_1_106' title='bbox 583 1864 816 1933; x_wconf 87' lang='lat' dir='ltr'><strong>virgine.</strong></span> <span class='ocrx_word' id='word_1_107' title='bbox 854 1877 951 1916; x_wconf 89' lang='lat' dir='ltr'><strong>nec</strong></span> <span class='ocrx_word' id='word_1_108' title='bbox 980 1861 1209 1914; x_wconf 80' lang='lat' dir='ltr'><strong>senserit</strong></span> <span class='ocrx_word' id='word_1_109' title='bbox 1235 1857 1504 1915; x_wconf 87' lang='lat' dir='ltr'><strong>nascendo</strong></span> <span class='ocrx_word' id='word_1_110' title='bbox 1533 1864 1807 1927; x_wconf 80' lang='lat' dir='ltr'><strong>peccatum</strong></span> <span class='ocrx_word' id='word_1_111' title='bbox 1828 1896 1842 1919; x_wconf 95' lang='lat'><strong>,</strong></span> <span class='ocrx_word' id='word_1_112' title='bbox 1868 1852 2173 1924; x_wconf 76' lang='lat' dir='ltr'><strong>generaliu-</strong></span> 
     </span>
    </p>
   </div>
   <div class='ocr_carea' id='block_1_17' title="bbox 584 1943 2175 2011">
    <p class='ocr_par' dir='ltr' id='par_1_17' title="bbox 584 1943 2175 2011">
     <span class='ocr_line' id='line_1_17' title="bbox 584 1943 2175 2011; baseline -0.008 -1"><span class='ocrx_word' id='word_1_113' title='bbox 584 1956 668 2011; x_wconf 88' lang='lat' dir='ltr'><strong>nis</strong></span> <span class='ocrx_word' id='word_1_114' title='bbox 697 1954 940 2010; x_wconf 74' lang='lat' dir='ltr'><strong>ohnoxize</strong></span> <span class='ocrx_word' id='word_1_115' title='bbox 968 1954 1192 2007; x_wconf 73' lang='lat' dir='ltr'><strong>vinculis</strong></span> <span class='ocrx_word' id='word_1_116' title='bbox 1216 1968 1321 2006; x_wconf 88' lang='lat' dir='ltr'><strong>non</strong></span> <span class='ocrx_word' id='word_1_117' title='bbox 1357 1949 1545 2005; x_wconf 91' lang='lat' dir='ltr'><strong>teneri.</strong></span> <span class='ocrx_word' id='word_1_118' title='bbox 1574 1949 1774 2003; x_wconf 83' lang='lat' dir='ltr'><strong>Omnes</strong></span> <span class='ocrx_word' id='word_1_119' title='bbox 1798 1955 1973 2001; x_wconf 89' lang='lat' dir='ltr'><strong>autem</strong></span> <span class='ocrx_word' id='word_1_120' title='bbox 1999 1943 2175 2001; x_wconf 87' lang='lat' dir='ltr'><strong>homi-</strong></span> 
     </span>
    </p>
   </div>
   <div class='ocr_carea' id='block_1_18' title="bbox 584 2036 2172 2113">
    <p class='ocr_par' dir='ltr' id='par_1_18' title="bbox 584 2036 2172 2113">
     <span class='ocr_line' id='line_1_18' title="bbox 584 2036 2172 2113; baseline -0.009 -12"><span class='ocrx_word' id='word_1_121' title='bbox 584 2063 679 2101; x_wconf 88' lang='lat' dir='ltr'><strong>nes</strong></span> <span class='ocrx_word' id='word_1_122' title='bbox 702 2047 802 2100; x_wconf 86' lang='lat' dir='ltr'><strong>sub</strong></span> <span class='ocrx_word' id='word_1_123' title='bbox 827 2055 1047 2113; x_wconf 84' lang='lat' dir='ltr'><strong>peccato</strong></span> <span class='ocrx_word' id='word_1_124' title='bbox 1070 2043 1246 2106; x_wconf 87' lang='lat' dir='ltr'><strong>nasci,</strong></span> <span class='ocrx_word' id='word_1_125' title='bbox 1272 2056 1499 2112; x_wconf 89' lang='lat' dir='ltr'><strong>quorum</strong></span> <span class='ocrx_word' id='word_1_126' title='bbox 1522 2039 1636 2111; x_wconf 88' lang='lat' dir='ltr'><strong>ipse</strong></span> <span class='ocrx_word' id='word_1_127' title='bbox 1662 2047 1813 2093; x_wconf 85' lang='lat' dir='ltr'><strong>ortus</strong></span> <span class='ocrx_word' id='word_1_128' title='bbox 1834 2037 1885 2090; x_wconf 92' lang='lat' dir='ltr'><strong>in</strong></span> <span class='ocrx_word' id='word_1_129' title='bbox 1908 2036 2036 2091; x_wconf 91' lang='lat' dir='ltr'><strong>vitio</strong></span> <span class='ocrx_word' id='word_1_130' title='bbox 2056 2043 2138 2089; x_wconf 91' lang='lat' dir='ltr'><strong>est</strong></span> <span class='ocrx_word' id='word_1_131' title='bbox 2160 2050 2172 2085; x_wconf 92' lang='lat'><strong>:</strong></span> 
     </span>
    </p>
   </div>
   <div class='ocr_carea' id='block_1_19' title="bbox 586 2126 2177 2208">
    <p class='ocr_par' dir='ltr' id='par_1_19' title="bbox 586 2126 2177 2208">
     <span class='ocr_line' id='line_1_19' title="bbox 586 2126 2177 2208; baseline -0.008 -17"><span class='ocrx_word' id='word_1_132' title='bbox 586 2138 710 2208; x_wconf 85' lang='lat' dir='ltr'><strong>quia</strong></span> <span class='ocrx_word' id='word_1_133' title='bbox 732 2134 1177 2205; x_wconf 74' lang='lat' dir='ltr'><strong>concupiscentia:</strong></span> <span class='ocrx_word' id='word_1_134' title='bbox 1205 2133 1473 2201; x_wconf 87' lang='lat' dir='ltr'><strong>voluptate</strong></span> <span class='ocrx_word' id='word_1_135' title='bbox 1494 2129 1750 2192; x_wconf 89' lang='lat' dir='ltr'><strong>concreti,</strong></span> <span class='ocrx_word' id='word_1_136' title='bbox 1776 2130 1921 2197; x_wconf 90' lang='lat' dir='ltr'><strong>prius</strong></span> <span class='ocrx_word' id='word_1_137' title='bbox 1937 2126 2177 2182; x_wconf 87' lang='lat' dir='ltr'><strong>subirent</strong></span> 
     </span>
    </p>
   </div>
   <div class='ocr_carea' id='block_1_20' title="bbox 582 2217 2175 2300">
    <p class='ocr_par' dir='ltr' id='par_1_20' title="bbox 582 2217 2175 2300">
     <span class='ocr_line' id='line_1_20' title="bbox 582 2217 2175 2300; baseline -0.009 -14"><span class='ocrx_word' id='word_1_138' title='bbox 582 2231 827 2300; x_wconf 83' lang='lat' dir='ltr'><strong>contagia</strong></span> <span class='ocrx_word' id='word_1_139' title='bbox 864 2229 1176 2284; x_wconf 78' lang='lat' dir='ltr'><strong>delictorum</strong></span> <span class='ocrx_word' id='word_1_140' title='bbox 1197 2266 1213 2293; x_wconf 93' lang='lat'><strong>,</strong></span> <span class='ocrx_word' id='word_1_141' title='bbox 1243 2241 1399 2295; x_wconf 84' lang='lat' dir='ltr'><strong>quam</strong></span> <span class='ocrx_word' id='word_1_142' title='bbox 1434 2224 1643 2278; x_wconf 81' lang='lat' dir='ltr'><strong>vitalem</strong></span> <span class='ocrx_word' id='word_1_143' title='bbox 1674 2221 1743 2276; x_wconf 93' lang='lat' dir='ltr'><strong>de</strong></span> <span class='ocrx_word' id='word_1_144' title='bbox 1770 2221 1873 2276; x_wconf 91' lang='lat' dir='ltr'><strong>hoc</strong></span> <span class='ocrx_word' id='word_1_145' title='bbox 1911 2235 2035 2276; x_wconf 88' lang='lat' dir='ltr'><strong>aere</strong></span> <span class='ocrx_word' id='word_1_146' title='bbox 2061 2217 2175 2287; x_wconf 89' lang='lat' dir='ltr'><strong>spi-</strong></span> 
     </span>
    </p>
   </div>
   <div class='ocr_carea' id='block_1_21' title="bbox 585 2314 2177 2387">
    <p class='ocr_par' dir='ltr' id='par_1_21' title="bbox 585 2314 2177 2387">
     <span class='ocr_line' id='line_1_21' title="bbox 585 2314 2177 2387; baseline -0.008 -11"><span class='ocrx_word' id='word_1_147' title='bbox 585 2323 749 2378; x_wconf 81' lang='lat' dir='ltr'><strong>ritum</strong></span> <span class='ocrx_word' id='word_1_148' title='bbox 777 2320 1055 2375; x_wconf 87' lang='lat' dir='ltr'><strong>ducerent.</strong></span> <span class='ocrx_word' id='word_1_149' title='bbox 1089 2318 1368 2387; x_wconf 89' lang='lat' dir='ltr'><strong>lpsamque</strong></span> <span class='ocrx_word' id='word_1_150' title='bbox 1411 2314 1896 2384; x_wconf 84' lang='lat' dir='ltr'><strong>concupiscentiam</strong></span> <span class='ocrx_word' id='word_1_151' title='bbox 1929 2321 2177 2381; x_wconf 88' lang='lat' dir='ltr'><strong>tanquam</strong></span> 
     </span>
    </p>
   </div>
   <div class='ocr_carea' id='block_1_22' title="bbox 586 2402 2180 2485">
    <p class='ocr_par' dir='ltr' id='par_1_22' title="bbox 586 2402 2180 2485">
     <span class='ocr_line' id='line_1_22' title="bbox 586 2402 2180 2485; baseline -0.009 -16"><span class='ocrx_word' id='word_1_152' title='bbox 586 2416 759 2485; x_wconf 90' lang='lat' dir='ltr'><strong>legem</strong></span> <span class='ocrx_word' id='word_1_153' title='bbox 803 2411 1004 2482; x_wconf 83' lang='lat' dir='ltr'><strong>peccati</strong></span> <span class='ocrx_word' id='word_1_154' title='bbox 1029 2410 1082 2465; x_wconf 92' lang='lat' dir='ltr'><strong>in</strong></span> <span class='ocrx_word' id='word_1_155' title='bbox 1108 2424 1333 2478; x_wconf 91' lang='lat' dir='ltr'><strong>corpore</strong></span> <span class='ocrx_word' id='word_1_156' title='bbox 1371 2408 1561 2462; x_wconf 88' lang='lat' dir='ltr'><strong>mortis</strong></span> <span class='ocrx_word' id='word_1_157' title='bbox 1603 2405 1793 2474; x_wconf 81' lang='lat' dir='ltr'><strong>hujus,</strong></span> <span class='ocrx_word' id='word_1_158' title='bbox 1839 2404 1939 2473; x_wconf 87' lang='lat' dir='ltr'><strong>legi</strong></span> <span class='ocrx_word' id='word_1_159' title='bbox 1988 2402 2180 2456; x_wconf 91' lang='lat' dir='ltr'><strong>mentis</strong></span> 
     </span>
    </p>
   </div>
   <div class='ocr_carea' id='block_1_23' title="bbox 590 2493 2177 2576">
    <p class='ocr_par' dir='ltr' id='par_1_23' title="bbox 590 2493 2177 2576">
     <span class='ocr_line' id='line_1_23' title="bbox 590 2493 2177 2576; baseline -0.009 -15"><span class='ocrx_word' id='word_1_160' title='bbox 590 2519 763 2576; x_wconf 89' lang='lat' dir='ltr'><strong>usque</strong></span> <span class='ocrx_word' id='word_1_161' title='bbox 790 2503 927 2559; x_wconf 87' lang='lat' dir='ltr'><strong>adeo</strong></span> <span class='ocrx_word' id='word_1_162' title='bbox 952 2516 1251 2572; x_wconf 85' lang='lat' dir='ltr'><strong>repugnare</strong></span> <span class='ocrx_word' id='word_1_163' title='bbox 1270 2541 1286 2564; x_wconf 96' lang='lat'><strong>,</strong></span> <span class='ocrx_word' id='word_1_164' title='bbox 1318 2507 1376 2554; x_wconf 94' lang='lat' dir='ltr'><strong>ut</strong></span> <span class='ocrx_word' id='word_1_165' title='bbox 1400 2498 1658 2553; x_wconf 87' lang='lat' dir='ltr'><strong>adversus</strong></span> <span class='ocrx_word' id='word_1_166' title='bbox 1686 2509 1801 2551; x_wconf 88' lang='lat' dir='ltr'><strong>eam</strong></span> <span class='ocrx_word' id='word_1_167' title='bbox 1822 2535 1837 2560; x_wconf 92' lang='lat'><strong>,</strong></span> <span class='ocrx_word' id='word_1_168' title='bbox 1868 2510 1974 2549; x_wconf 90' lang='lat' dir='ltr'><strong>non</strong></span> <span class='ocrx_word' id='word_1_169' title='bbox 2007 2493 2177 2548; x_wconf 88' lang='lat' dir='ltr'><strong>solum</strong></span> 
     </span>
    </p>
   </div>
   <div class='ocr_carea' id='block_1_24' title="bbox 593 2589 2180 2670">
    <p class='ocr_par' dir='ltr' id='par_1_24' title="bbox 593 2589 2180 2670">
     <span class='ocr_line' id='line_1_24' title="bbox 593 2589 2180 2670; baseline -0.005 -17"><span class='ocrx_word' id='word_1_170' title='bbox 593 2599 916 2670; x_wconf 89' lang='lat' dir='ltr'><strong>quicumque</strong></span> <span class='ocrx_word' id='word_1_171' title='bbox 941 2596 1066 2651; x_wconf 90' lang='lat' dir='ltr'><strong>boni</strong></span> <span class='ocrx_word' id='word_1_172' title='bbox 1090 2594 1274 2651; x_wconf 80' lang='lat' dir='ltr'><strong>ﬁdeles</strong></span> <span class='ocrx_word' id='word_1_173' title='bbox 1292 2635 1308 2659; x_wconf 92' lang='lat'><strong>,</strong></span> <span class='ocrx_word' id='word_1_174' title='bbox 1336 2592 1429 2648; x_wconf 87' lang='lat' dir='ltr'><strong>sed</strong></span> <span class='ocrx_word' id='word_1_175' title='bbox 1455 2591 1760 2663; x_wconf 66' lang='lat' dir='ltr'><strong>apostolica:</strong></span> <span class='ocrx_word' id='word_1_176' title='bbox 1785 2590 1944 2645; x_wconf 88' lang='lat' dir='ltr'><strong>etiam</strong></span> <span class='ocrx_word' id='word_1_177' title='bbox 1972 2589 2180 2645; x_wconf 91' lang='lat' dir='ltr'><strong>virtutis</strong></span> 
     </span>
    </p>
   </div>
   <div class='ocr_carea' id='block_1_25' title="bbox 589 2680 2179 2760">
    <p class='ocr_par' dir='ltr' id='par_1_25' title="bbox 589 2680 2179 2760">
     <span class='ocr_line' id='line_1_25' title="bbox 589 2680 2179 2760; baseline -0.005 -16"><span class='ocrx_word' id='word_1_178' title='bbox 589 2689 899 2760; x_wconf 86' lang='lat' dir='ltr'><strong>magnitudo</strong></span> <span class='ocrx_word' id='word_1_179' title='bbox 924 2686 1267 2758; x_wconf 84' lang='lat' dir='ltr'><strong>pugnaverit,</strong></span> <span class='ocrx_word' id='word_1_180' title='bbox 1315 2684 1382 2741; x_wconf 87' lang='lat' dir='ltr'><strong>ad</strong></span> <span class='ocrx_word' id='word_1_181' title='bbox 1413 2683 1516 2753; x_wconf 79' lang='lat' dir='ltr'><strong>hoc</strong></span> <span class='ocrx_word' id='word_1_182' title='bbox 1539 2691 1594 2738; x_wconf 85' lang='grc' dir='ltr'><strong>ιιι</strong></span> <span class='ocrx_word' id='word_1_183' title='bbox 1622 2699 1715 2753; x_wconf 90' lang='lat' dir='ltr'><strong>per</strong></span> <span class='ocrx_word' id='word_1_184' title='bbox 1735 2680 1931 2738; x_wconf 83' lang='lat' dir='ltr'><strong>Christi</strong></span> <span class='ocrx_word' id='word_1_185' title='bbox 1959 2682 2179 2752; x_wconf 82' lang='lat' dir='ltr'><strong>gratiam</strong></span> 
     </span>
    </p>
   </div>
   <div class='ocr_carea' id='block_1_26' title="bbox 588 2775 2176 2849">
    <p class='ocr_par' dir='ltr' id='par_1_26' title="bbox 588 2775 2176 2849">
     <span class='ocr_line' id='line_1_26' title="bbox 588 2775 2176 2849; baseline -0.007 -11"><span class='ocrx_word' id='word_1_186' title='bbox 588 2797 720 2838; x_wconf 87' lang='lat' dir='ltr'><strong>caro</strong></span> <span class='ocrx_word' id='word_1_187' title='bbox 760 2780 952 2835; x_wconf 75' lang='lat' dir='ltr'><strong>animm</strong></span> <span class='ocrx_word' id='word_1_188' title='bbox 990 2777 1296 2849; x_wconf 83' lang='lat' dir='ltr'><strong>subjugata,</strong></span> <span class='ocrx_word' id='word_1_189' title='bbox 1348 2776 1401 2831; x_wconf 93' lang='lat' dir='ltr'><strong>in</strong></span> <span class='ocrx_word' id='word_1_190' title='bbox 1454 2775 1791 2831; x_wconf 85' lang='lat' dir='ltr'><strong>concordiam</strong></span> <span class='ocrx_word' id='word_1_191' title='bbox 1852 2783 2176 2830; x_wconf 88' lang='lat' dir='ltr'><strong>revocetur:</strong></span> 
     </span>
    </p>
   </div>
   <div class='ocr_carea' id='block_1_27' title="bbox 588 2864 2179 2943">
    <p class='ocr_par' dir='ltr' id='par_1_27' title="bbox 588 2864 2179 2943">
     <span class='ocr_line' id='line_1_27' title="bbox 588 2864 2179 2943; baseline -0.007 -16"><span class='ocrx_word' id='word_1_192' title='bbox 588 2886 816 2943; x_wconf 90' lang='lat' dir='ltr'><strong>quorum</strong></span> <span class='ocrx_word' id='word_1_193' title='bbox 856 2869 1117 2943; x_wconf 80' lang='lat' dir='ltr'><strong>duorum,</strong></span> <span class='ocrx_word' id='word_1_194' title='bbox 1161 2883 1281 2937; x_wconf 82' lang='lat' dir='ltr'><strong>quae</strong></span> <span class='ocrx_word' id='word_1_195' title='bbox 1310 2866 1554 2935; x_wconf 88' lang='lat' dir='ltr'><strong>primitus</strong></span> <span class='ocrx_word' id='word_1_196' title='bbox 1582 2864 1699 2920; x_wconf 88' lang='lat' dir='ltr'><strong>sine</strong></span> <span class='ocrx_word' id='word_1_197' title='bbox 1747 2874 1963 2934; x_wconf 85' lang='lat' dir='ltr'><strong>peccato</strong></span> <span class='ocrx_word' id='word_1_198' title='bbox 2002 2871 2179 2919; x_wconf 85' lang='lat' dir='ltr'><strong>creata</strong></span> 
     </span>
    </p>
   </div>
   <div class='ocr_carea' id='block_1_28' title="bbox 591 2940 2180 3029">
    <p class='ocr_par' dir='ltr' id='par_1_28' title="bbox 591 2940 2180 3029">
     <span class='ocr_line' id='line_1_28' title="bbox 591 2940 2180 3029; baseline -0.006 -11"><span class='ocrx_word' id='word_1_199' title='bbox 591 2940 748 3025; x_wconf 64' lang='lat' dir='ltr'><strong>sunt,</strong></span> <span class='ocrx_word' id='word_1_200' title='bbox 774 2974 839 3015; x_wconf 79' lang='lat' dir='ltr'><strong>ex</strong></span> <span class='ocrx_word' id='word_1_201' title='bbox 873 2940 1027 3029; x_wconf 80' lang='lat' dir='ltr'><strong>primi</strong></span> <span class='ocrx_word' id='word_1_202' title='bbox 1057 2956 1288 3015; x_wconf 84' lang='lat' dir='ltr'><strong>hominis</strong></span> <span class='ocrx_word' id='word_1_203' title='bbox 1312 2955 1730 3025; x_wconf 76' lang='lat' dir='ltr'><strong>transgressione</strong></span> <span class='ocrx_word' id='word_1_204' title='bbox 1757 2953 1893 3009; x_wconf 88' lang='lat' dir='ltr'><strong>facta</strong></span> <span class='ocrx_word' id='word_1_205' title='bbox 1917 2953 2180 3009; x_wconf 87' lang='lat' dir='ltr'><strong>discordia</strong></span> 
     </span>
    </p>
   </div>
   <div class='ocr_carea' id='block_1_29' title="bbox 593 3044 2181 3121">
    <p class='ocr_par' dir='ltr' id='par_1_29' title="bbox 593 3044 2181 3121">
     <span class='ocr_line' id='line_1_29' title="bbox 593 3044 2181 3121; baseline -0.006 -11"><span class='ocrx_word' id='word_1_206' title='bbox 593 3061 694 3110; x_wconf 88' lang='lat' dir='ltr'><strong>est.</strong></span> <span class='ocrx_word' id='word_1_207' title='bbox 729 3051 797 3109; x_wconf 87' lang='lat' dir='ltr'><strong>Et</strong></span> <span class='ocrx_word' id='word_1_208' title='bbox 821 3049 941 3121; x_wconf 90' lang='lat' dir='ltr'><strong>quis</strong></span> <span class='ocrx_word' id='word_1_209' title='bbox 970 3049 1085 3105; x_wconf 58' lang='lat' dir='ltr'><strong>haec</strong></span> <span class='ocrx_word' id='word_1_210' title='bbox 1112 3046 1283 3104; x_wconf 83' lang='lat' dir='ltr'><strong>dicit?</strong></span> <span class='ocrx_word' id='word_1_211' title='bbox 1312 3047 1485 3105; x_wconf 89' lang='lat' dir='ltr'><strong>llomo</strong></span> <span class='ocrx_word' id='word_1_212' title='bbox 1515 3046 1607 3100; x_wconf 85' lang='lat' dir='ltr'><strong>Dei</strong></span> <span class='ocrx_word' id='word_1_213' title='bbox 1627 3087 1643 3112; x_wconf 94' lang='lat'><strong>,</strong></span> <span class='ocrx_word' id='word_1_214' title='bbox 1670 3044 1995 3112; x_wconf 89' lang='lat' dir='ltr'><strong>catholicus,</strong></span> <span class='ocrx_word' id='word_1_215' title='bbox 2016 3052 2073 3100; x_wconf 89' lang='lat' dir='ltr'><strong>et</strong></span> <span class='ocrx_word' id='word_1_216' title='bbox 2091 3060 2181 3100; x_wconf 79' lang='lat' dir='ltr'><strong>ca-</strong></span> 
     </span>
    </p>
   </div>
   <div class='ocr_carea' id='block_1_30' title="bbox 594 3135 2181 3207">
    <p class='ocr_par' dir='ltr' id='par_1_30' title="bbox 594 3135 2181 3207">
     <span class='ocr_line' id='line_1_30' title="bbox 594 3135 2181 3207; baseline -0.006 -7"><span class='ocrx_word' id='word_1_217' title='bbox 594 3142 810 3200; x_wconf 75' lang='lat' dir='ltr'><strong>tholica:</strong></span> <span class='ocrx_word' id='word_1_218' title='bbox 839 3140 1077 3197; x_wconf 86' lang='lat' dir='ltr'><strong>veritatis</strong></span> <span class='ocrx_word' id='word_1_219' title='bbox 1098 3139 1355 3195; x_wconf 87' lang='lat' dir='ltr'><strong>adversus</strong></span> <span class='ocrx_word' id='word_1_220' title='bbox 1382 3137 1661 3192; x_wconf 70' lang='lat' dir='ltr'><strong>haereticos</strong></span> <span class='ocrx_word' id='word_1_221' title='bbox 1683 3151 1847 3207; x_wconf 88' lang='lat' dir='ltr'><strong>usque</strong></span> <span class='ocrx_word' id='word_1_222' title='bbox 1870 3135 1938 3190; x_wconf 91' lang='lat' dir='ltr'><strong>ad</strong></span> <span class='ocrx_word' id='word_1_223' title='bbox 1968 3136 2181 3205; x_wconf 86' lang='lat' dir='ltr'><strong>pericu-</strong></span> 
     </span>
    </p>
   </div>
   <div class='ocr_carea' id='block_1_31' title="bbox 594 3224 2185 3302">
    <p class='ocr_par' dir='ltr' id='par_1_31' title="bbox 594 3224 2185 3302">
     <span class='ocr_line' id='line_1_31' title="bbox 594 3224 2185 3302; baseline -0.006 -11"><span class='ocrx_word' id='word_1_224' title='bbox 594 3235 705 3291; x_wconf 91' lang='lat' dir='ltr'><strong>lum</strong></span> <span class='ocrx_word' id='word_1_225' title='bbox 753 3232 1028 3302; x_wconf 78' lang='lat' dir='ltr'><strong>sanguinis</strong></span> <span class='ocrx_word' id='word_1_226' title='bbox 1065 3229 1313 3286; x_wconf 90' lang='lat' dir='ltr'><strong>defensor</strong></span> <span class='ocrx_word' id='word_1_227' title='bbox 1348 3228 1675 3293; x_wconf 88' lang='lat' dir='ltr'><strong>acerrimus,</strong></span> <span class='ocrx_word' id='word_1_228' title='bbox 1716 3226 1794 3282; x_wconf 90' lang='lat' dir='ltr'><strong>sic</strong></span> <span class='ocrx_word' id='word_1_229' title='bbox 1835 3226 1910 3281; x_wconf 91' lang='lat' dir='ltr'><strong>tui</strong></span> <span class='ocrx_word' id='word_1_230' title='bbox 1950 3224 2185 3282; x_wconf 71' lang='lat' dir='ltr'><strong>doctoris</strong></span> 
     </span>
    </p>
   </div>
   <div class='ocr_carea' id='block_1_32' title="bbox 592 3314 2182 3393">
    <p class='ocr_par' dir='ltr' id='par_1_32' title="bbox 592 3314 2182 3393">
     <span class='ocr_line' id='line_1_32' title="bbox 592 3314 2182 3393; baseline -0.006 -13"><span class='ocrx_word' id='word_1_231' title='bbox 592 3324 902 3382; x_wconf 89' lang='lat' dir='ltr'><strong>testimonio</strong></span> <span class='ocrx_word' id='word_1_232' title='bbox 945 3322 1288 3393; x_wconf 67' lang='lat' dir='ltr'><strong>prmdicatus,</strong></span> <span class='ocrx_word' id='word_1_233' title='bbox 1317 3328 1377 3374; x_wconf 91' lang='lat' dir='ltr'><strong>ut</strong></span> <span class='ocrx_word' id='word_1_234' title='bbox 1410 3318 1700 3384; x_wconf 87' lang='lat' dir='ltr'><strong>diceretur,</strong></span> <span class='ocrx_word' id='word_1_235' title='bbox 1727 3315 1869 3387; x_wconf 90' lang='lat' dir='ltr'><strong>quod</strong></span> <span class='ocrx_word' id='word_1_236' title='bbox 1896 3316 2006 3387; x_wconf 69' lang='lat' dir='ltr'><strong>ejus</strong></span> <span class='ocrx_word' id='word_1_237' title='bbox 2029 3314 2182 3386; x_wconf 77' lang='lat' dir='ltr'><strong>[idem</strong></span> 
     </span>
    </p>
   </div>
   <div class='ocr_carea' id='block_1_33' title="bbox 522 3405 2184 3484">
    <p class='ocr_par' dir='ltr' id='par_1_33' title="bbox 522 3405 2184 3484">
     <span class='ocr_line' id='line_1_33' title="bbox 522 3405 2184 3484; baseline -0.008 -10"><span class='ocrx_word' id='word_1_238' title='bbox 522 3443 531 3453; x_wconf 93' lang='lat'><strong><em>-</em></strong></span> <span class='ocrx_word' id='word_1_239' title='bbox 588 3425 638 3473; x_wconf 80' lang='lat' dir='ltr'><strong>el</strong></span> <span class='ocrx_word' id='word_1_240' title='bbox 663 3417 718 3479; x_wconf 82' lang='lat' dir='ltr'><strong>in</strong></span> <span class='ocrx_word' id='word_1_241' title='bbox 745 3414 1027 3484; x_wconf 74' lang='lat' dir='ltr'><strong>Scripturic</strong></span> <span class='ocrx_word' id='word_1_242' title='bbox 1056 3412 1379 3483; x_wconf 74' lang='lat' dir='ltr'><strong>purissimum</strong></span> <span class='ocrx_word' id='word_1_243' title='bbox 1417 3425 1621 3464; x_wconf 71' lang='lat' dir='ltr'><strong>sensum</strong></span> <span class='ocrx_word' id='word_1_244' title='bbox 1640 3424 1703 3462; x_wconf 86' lang='lat' dir='ltr'><strong>ne</strong></span> <span class='ocrx_word' id='word_1_245' title='bbox 1723 3407 1956 3462; x_wconf 73' lang='lat' dir='ltr'><strong>inimicus</strong></span> <span class='ocrx_word' id='word_1_246' title='bbox 1981 3405 2184 3478; x_wconf 63' lang='lat' dir='ltr'><strong>quidem</strong></span> 
     </span>
    </p>
   </div>
   <div class='ocr_carea' id='block_1_34' title="bbox 589 3500 2182 3578">
    <p class='ocr_par' dir='ltr' id='par_1_34' title="bbox 589 3500 2182 3578">
     <span class='ocr_line' id='line_1_34' title="bbox 589 3500 2182 3578; baseline -0.007 -14"><span class='ocrx_word' id='word_1_247' title='bbox 589 3526 747 3564; x_wconf 73' lang='lat' dir='ltr'><strong>ausus</strong></span> <span class='ocrx_word' id='word_1_248' title='bbox 774 3515 846 3564; x_wconf 72' lang='lat' dir='ltr'><strong>est</strong></span> <span class='ocrx_word' id='word_1_249' title='bbox 876 3505 1258 3578; x_wconf 76' lang='lat' dir='ltr'><strong>reprehendere.</strong></span> <span class='ocrx_word' id='word_1_250' title='bbox 1290 3503 1391 3571; x_wconf 88' lang='lat' dir='ltr'><strong>Qui</strong></span> <span class='ocrx_word' id='word_1_251' title='bbox 1432 3511 1729 3558; x_wconf 78' lang='lat' dir='ltr'><strong>creatorem</strong></span> <span class='ocrx_word' id='word_1_252' title='bbox 1762 3500 1928 3555; x_wconf 88' lang='lat' dir='ltr'><strong>Deum</strong></span> <span class='ocrx_word' id='word_1_253' title='bbox 1959 3515 2063 3554; x_wconf 90' lang='lat' dir='ltr'><strong>non</strong></span> <span class='ocrx_word' id='word_1_254' title='bbox 2088 3514 2182 3554; x_wconf 85' lang='lat' dir='ltr'><strong>so-</strong></span> 
     </span>
    </p>
   </div>
   <div class='ocr_carea' id='block_1_35' title="bbox 591 3591 2185 3670">
    <p class='ocr_par' dir='ltr' id='par_1_35' title="bbox 591 3591 2185 3670">
     <span class='ocr_line' id='line_1_35' title="bbox 591 3591 2185 3670; baseline -0.007 -12"><span class='ocrx_word' id='word_1_255' title='bbox 591 3603 702 3658; x_wconf 84' lang='lat' dir='ltr'><strong>lum</strong></span> <span class='ocrx_word' id='word_1_256' title='bbox 724 3601 1043 3665; x_wconf 86' lang='lat' dir='ltr'><strong>animarum,</strong></span> <span class='ocrx_word' id='word_1_257' title='bbox 1062 3613 1245 3653; x_wconf 90' lang='lat' dir='ltr'><strong>verum</strong></span> <span class='ocrx_word' id='word_1_258' title='bbox 1271 3596 1433 3651; x_wconf 90' lang='lat' dir='ltr'><strong>etiam</strong></span> <span class='ocrx_word' id='word_1_259' title='bbox 1458 3608 1763 3670; x_wconf 74' lang='lat' dir='ltr'><strong>corporum,</strong></span> <span class='ocrx_word' id='word_1_260' title='bbox 1787 3591 2042 3649; x_wconf 85' lang='lat' dir='ltr'><strong>adversus</strong></span> <span class='ocrx_word' id='word_1_261' title='bbox 2064 3592 2185 3648; x_wconf 86' lang='lat' dir='ltr'><strong>Pla-</strong></span> 
     </span>
    </p>
   </div>
   <div class='ocr_carea' id='block_1_36' title="bbox 592 3684 2185 3761">
    <p class='ocr_par' dir='ltr' id='par_1_36' title="bbox 592 3684 2185 3761">
     <span class='ocr_line' id='line_1_36' title="bbox 592 3684 2185 3761; baseline -0.006 -11"><span class='ocrx_word' id='word_1_262' title='bbox 592 3696 893 3750; x_wconf 84' lang='lat' dir='ltr'><strong>tonicorum</strong></span> <span class='ocrx_word' id='word_1_263' title='bbox 932 3691 1370 3761; x_wconf 84' lang='lat' dir='ltr'><strong>philosophorum</strong></span> <span class='ocrx_word' id='word_1_264' title='bbox 1412 3686 1739 3744; x_wconf 62' lang='lat' dir='ltr'><strong>asseveravit</strong></span> <span class='ocrx_word' id='word_1_265' title='bbox 1776 3700 2039 3742; x_wconf 91' lang='lat' dir='ltr'><strong>errorem.</strong></span> <span class='ocrx_word' id='word_1_266' title='bbox 2080 3684 2185 3753; x_wconf 86' lang='lat' dir='ltr'><strong>Qui</strong></span> 
     </span>
    </p>
   </div>
   <div class='ocr_carea' id='block_1_37' title="bbox 593 3776 2183 3857">
    <p class='ocr_par' dir='ltr' id='par_1_37' title="bbox 593 3776 2183 3857">
     <span class='ocr_line' id='line_1_37' title="bbox 593 3776 2183 3857; baseline -0.006 -15"><span class='ocrx_word' id='word_1_267' title='bbox 593 3786 900 3857; x_wconf 86' lang='lat' dir='ltr'><strong>nuptiarum</strong></span> <span class='ocrx_word' id='word_1_268' title='bbox 920 3785 1120 3839; x_wconf 89' lang='lat' dir='ltr'><strong>bonum</strong></span> <span class='ocrx_word' id='word_1_269' title='bbox 1139 3791 1192 3837; x_wconf 89' lang='lat' dir='ltr'><strong>et</strong></span> <span class='ocrx_word' id='word_1_270' title='bbox 1209 3795 1365 3837; x_wconf 82' lang='lat' dir='ltr'><strong>causa</strong></span> <span class='ocrx_word' id='word_1_271' title='bbox 1386 3777 1709 3850; x_wconf 86' lang='lat' dir='ltr'><strong>prepagandi</strong></span> <span class='ocrx_word' id='word_1_272' title='bbox 1734 3778 1947 3848; x_wconf 77' lang='lat' dir='ltr'><strong>generis</strong></span> <span class='ocrx_word' id='word_1_273' title='bbox 1966 3776 2183 3833; x_wconf 80' lang='lat' dir='ltr'><strong>humani</strong></span> 
     </span>
    </p>
   </div>
   <div class='ocr_carea' id='block_1_38' title="bbox 592 3867 2183 3942">
    <p class='ocr_par' dir='ltr' id='par_1_38' title="bbox 592 3867 2183 3942">
     <span class='ocr_line' id='line_1_38' title="bbox 592 3867 2183 3942; baseline -0.008 -8"><span class='ocrx_word' id='word_1_274' title='bbox 592 3878 848 3934; x_wconf 85' lang='lat' dir='ltr'><strong>divinitus</strong></span> <span class='ocrx_word' id='word_1_275' title='bbox 893 3875 1220 3939; x_wconf 84' lang='lat' dir='ltr'><strong>institutum,</strong></span> <span class='ocrx_word' id='word_1_276' title='bbox 1265 3881 1320 3929; x_wconf 87' lang='lat' dir='ltr'><strong>et</strong></span> <span class='ocrx_word' id='word_1_277' title='bbox 1353 3870 1600 3942; x_wconf 87' lang='lat' dir='ltr'><strong>pudicitia</strong></span> <span class='ocrx_word' id='word_1_278' title='bbox 1639 3867 1903 3939; x_wconf 84' lang='lat' dir='ltr'><strong>conjugali</strong></span> <span class='ocrx_word' id='word_1_279' title='bbox 1946 3876 2183 3923; x_wconf 84' lang='lat' dir='ltr'><strong>sanctam</strong></span> 
     </span>
    </p>
   </div>
   <div class='ocr_carea' id='block_1_39' title="bbox 591 3957 2183 4039">
    <p class='ocr_par' dir='ltr' id='par_1_39' title="bbox 591 3957 2183 4039">
     <span class='ocr_line' id='line_1_39' title="bbox 591 3957 2183 4039; baseline -0.009 -13"><span class='ocrx_word' id='word_1_280' title='bbox 591 3969 715 4039; x_wconf 76' lang='lat' dir='ltr'><strong>ejus</strong></span> <span class='ocrx_word' id='word_1_281' title='bbox 740 3966 986 4037; x_wconf 84' lang='lat' dir='ltr'><strong>copulam</strong></span> <span class='ocrx_word' id='word_1_282' title='bbox 1029 3963 1355 4036; x_wconf 66' lang='lat' dir='ltr'><strong>praidicavit.</strong></span> <span class='ocrx_word' id='word_1_283' title='bbox 1389 3962 1490 4031; x_wconf 86' lang='lat' dir='ltr'><strong>Qui</strong></span> <span class='ocrx_word' id='word_1_284' title='bbox 1518 3960 1784 4016; x_wconf 84' lang='lat' dir='ltr'><strong>neminem</strong></span> <span class='ocrx_word' id='word_1_285' title='bbox 1821 3959 1954 4014; x_wconf 79' lang='lat' dir='ltr'><strong>dixit</strong></span> <span class='ocrx_word' id='word_1_286' title='bbox 1982 3957 2183 4028; x_wconf 82' lang='lat' dir='ltr'><strong>justiﬁ-</strong></span> 
     </span>
    </p>
   </div>
   <div class='ocr_carea' id='block_1_40' title="bbox 596 4048 2186 4129">
    <p class='ocr_par' dir='ltr' id='par_1_40' title="bbox 596 4048 2186 4129">
     <span class='ocr_line' id='line_1_40' title="bbox 596 4048 2186 4129; baseline -0.008 -13"><span class='ocrx_word' id='word_1_287' title='bbox 596 4060 711 4117; x_wconf 91' lang='lat' dir='ltr'><strong>cari</strong></span> <span class='ocrx_word' id='word_1_288' title='bbox 739 4074 770 4113; x_wconf 91' lang='lat' dir='ltr'><strong>a</strong></span> <span class='ocrx_word' id='word_1_289' title='bbox 814 4067 1067 4129; x_wconf 87' lang='lat' dir='ltr'><strong>peccato,</strong></span> <span class='ocrx_word' id='word_1_290' title='bbox 1109 4056 1209 4111; x_wconf 88' lang='lat' dir='ltr'><strong>nisi</strong></span> <span class='ocrx_word' id='word_1_291' title='bbox 1252 4055 1335 4111; x_wconf 92' lang='lat' dir='ltr'><strong>cui</strong></span> <span class='ocrx_word' id='word_1_292' title='bbox 1368 4052 1564 4109; x_wconf 81' lang='lat' dir='ltr'><strong>fuerint</strong></span> <span class='ocrx_word' id='word_1_293' title='bbox 1601 4067 1697 4122; x_wconf 90' lang='lat' dir='ltr'><strong>per</strong></span> <span class='ocrx_word' id='word_1_294' title='bbox 1735 4051 2061 4120; x_wconf 87' lang='lat' dir='ltr'><strong>Baptismum</strong></span> <span class='ocrx_word' id='word_1_295' title='bbox 2100 4048 2186 4104; x_wconf 87' lang='lat' dir='ltr'><strong>di-</strong></span> 
     </span>
    </p>
   </div>
   <div class='ocr_carea' id='block_1_41' title="bbox 595 4142 2181 4220">
    <p class='ocr_par' dir='ltr' id='par_1_41' title="bbox 595 4142 2181 4220">
     <span class='ocr_line' id='line_1_41' title="bbox 595 4142 2181 4220; baseline -0.009 -11"><span class='ocrx_word' id='word_1_296' title='bbox 595 4153 760 4209; x_wconf 87' lang='lat' dir='ltr'><strong>missa</strong></span> <span class='ocrx_word' id='word_1_297' title='bbox 785 4150 963 4206; x_wconf 85' lang='lat' dir='ltr'><strong>omnia</strong></span> <span class='ocrx_word' id='word_1_298' title='bbox 992 4157 1229 4220; x_wconf 86' lang='lat' dir='ltr'><strong>peccata.</strong></span> <span class='ocrx_word' id='word_1_299' title='bbox 1261 4147 1361 4217; x_wconf 91' lang='lat' dir='ltr'><strong>Qui</strong></span> <span class='ocrx_word' id='word_1_300' title='bbox 1387 4145 1552 4201; x_wconf 91' lang='lat' dir='ltr'><strong>coluit</strong></span> <span class='ocrx_word' id='word_1_301' title='bbox 1586 4144 1729 4214; x_wconf 86' lang='lat' dir='ltr'><strong>juste</strong></span> <span class='ocrx_word' id='word_1_302' title='bbox 1766 4142 1966 4213; x_wconf 90' lang='lat' dir='ltr'><strong>justum</strong></span> <span class='ocrx_word' id='word_1_303' title='bbox 1993 4142 2181 4197; x_wconf 89' lang='lat' dir='ltr'><strong>Deum.</strong></span> 
     </span>
    </p>
   </div>
   <div class='ocr_carea' id='block_1_42' title="bbox 596 4233 2187 4314">
    <p class='ocr_par' dir='ltr' id='par_1_42' title="bbox 596 4233 2187 4314">
     <span class='ocr_line' id='line_1_42' title="bbox 596 4233 2187 4314; baseline -0.006 -15"><span class='ocrx_word' id='word_1_304' title='bbox 596 4244 701 4312; x_wconf 89' lang='lat' dir='ltr'><strong>Qui</strong></span> <span class='ocrx_word' id='word_1_305' title='bbox 729 4242 1109 4314; x_wconf 79' lang='lat' dir='ltr'><strong>perfectionem</strong></span> <span class='ocrx_word' id='word_1_306' title='bbox 1142 4238 1370 4297; x_wconf 88' lang='lat' dir='ltr'><strong>hominis</strong></span> <span class='ocrx_word' id='word_1_307' title='bbox 1397 4238 1450 4292; x_wconf 92' lang='lat' dir='ltr'><strong>in</strong></span> <span class='ocrx_word' id='word_1_308' title='bbox 1476 4237 1670 4291; x_wconf 86' lang='lat' dir='ltr'><strong>virtute</strong></span> <span class='ocrx_word' id='word_1_309' title='bbox 1688 4245 1846 4304; x_wconf 86' lang='lat' dir='ltr'><strong>atque</strong></span> <span class='ocrx_word' id='word_1_310' title='bbox 1867 4233 2070 4304; x_wconf 89' lang='lat' dir='ltr'><strong>jostitia</strong></span> <span class='ocrx_word' id='word_1_311' title='bbox 2091 4234 2187 4291; x_wconf 89' lang='lat' dir='ltr'><strong>ab-</strong></span> 
     </span>
    </p>
   </div>
   <div class='ocr_carea' id='block_1_43' title="bbox 597 4325 2183 4405">
    <p class='ocr_par' dir='ltr' id='par_1_43' title="bbox 597 4325 2183 4405">
     <span class='ocr_line' id='line_1_43' title="bbox 597 4325 2183 4405; baseline -0.006 -12"><span class='ocrx_word' id='word_1_312' title='bbox 597 4339 668 4394; x_wconf 86' lang='lat' dir='ltr'><strong>sit</strong></span> <span class='ocrx_word' id='word_1_313' title='bbox 720 4345 782 4401; x_wconf 87' lang='lat' dir='ltr'><strong>ut</strong></span> <span class='ocrx_word' id='word_1_314' title='bbox 809 4335 1062 4405; x_wconf 82' lang='lat' dir='ltr'><strong>impediat</strong></span> <span class='ocrx_word' id='word_1_315' title='bbox 1102 4332 1439 4403; x_wconf 89' lang='lat' dir='ltr'><strong>desperando</strong></span> <span class='ocrx_word' id='word_1_316' title='bbox 1470 4348 1483 4385; x_wconf 95' lang='lat'><strong>:</strong></span> <span class='ocrx_word' id='word_1_317' title='bbox 1513 4330 1606 4386; x_wconf 89' lang='lat' dir='ltr'><strong>sed</strong></span> <span class='ocrx_word' id='word_1_318' title='bbox 1643 4345 1759 4384; x_wconf 89' lang='lat' dir='ltr'><strong>eam</strong></span> <span class='ocrx_word' id='word_1_319' title='bbox 1794 4338 1966 4383; x_wconf 90' lang='lat' dir='ltr'><strong>tamen</strong></span> <span class='ocrx_word' id='word_1_320' title='bbox 2005 4325 2183 4397; x_wconf 82' lang='lat' dir='ltr'><strong>perfe-</strong></span> 
     </span>
    </p>
   </div>
   <div class='ocr_carea' id='block_1_44' title="bbox 597 4421 2183 4497">
    <p class='ocr_par' dir='ltr' id='par_1_44' title="bbox 597 4421 2183 4497">
     <span class='ocr_line' id='line_1_44' title="bbox 597 4421 2183 4497; baseline -0.009 -9"><span class='ocrx_word' id='word_1_321' title='bbox 597 4433 834 4488; x_wconf 89' lang='lat' dir='ltr'><strong>ctionem</strong></span> <span class='ocrx_word' id='word_1_322' title='bbox 863 4430 948 4486; x_wconf 91' lang='lat' dir='ltr'><strong>cui</strong></span> <span class='ocrx_word' id='word_1_323' title='bbox 977 4429 1111 4483; x_wconf 83' lang='lat' dir='ltr'><strong>nihil</strong></span> <span class='ocrx_word' id='word_1_324' title='bbox 1139 4425 1494 4497; x_wconf 89' lang='lat' dir='ltr'><strong>adjiciendum</strong></span> <span class='ocrx_word' id='word_1_325' title='bbox 1519 4424 1610 4483; x_wconf 85' lang='lat' dir='ltr'><strong>sit.</strong></span> <span class='ocrx_word' id='word_1_326' title='bbox 1639 4423 1688 4476; x_wconf 86' lang='lat' dir='ltr'><strong>in</strong></span> <span class='ocrx_word' id='word_1_327' title='bbox 1720 4422 1823 4475; x_wconf 88' lang='lat' dir='ltr'><strong>alia</strong></span> <span class='ocrx_word' id='word_1_328' title='bbox 1847 4421 1956 4474; x_wconf 90' lang='lat' dir='ltr'><strong>vita</strong></span> <span class='ocrx_word' id='word_1_329' title='bbox 1982 4428 2183 4488; x_wconf 86' lang='lat' dir='ltr'><strong>sperat,</strong></span> 
     </span>
    </p>
   </div>
   <div class='ocr_carea' id='block_1_45' title="bbox 598 4508 2188 4595">
    <p class='ocr_par' dir='ltr' id='par_1_45' title="bbox 598 4508 2188 4595">
     <span class='ocr_line' id='line_1_45' title="bbox 598 4508 2188 4595; baseline -0.009 -16"><span class='ocrx_word' id='word_1_330' title='bbox 598 4538 720 4595; x_wconf 71' lang='lat' dir='ltr'><strong>qua:</strong></span> <span class='ocrx_word' id='word_1_331' title='bbox 767 4521 1074 4592; x_wconf 86' lang='lat' dir='ltr'><strong>implebitur</strong></span> <span class='ocrx_word' id='word_1_332' title='bbox 1117 4515 1507 4573; x_wconf 88' lang='lat' dir='ltr'><strong>resurrectione</strong></span> <span class='ocrx_word' id='word_1_333' title='bbox 1562 4520 1927 4574; x_wconf 89' lang='lat' dir='ltr'><strong>mortuorum;</strong></span> <span class='ocrx_word' id='word_1_334' title='bbox 1988 4508 2040 4563; x_wconf 92' lang='lat' dir='ltr'><strong>in</strong></span> <span class='ocrx_word' id='word_1_335' title='bbox 2088 4508 2188 4564; x_wconf 89' lang='lat' dir='ltr'><strong>hac</strong></span> 
     </span>
    </p>
   </div>
   <div class='ocr_carea' id='block_1_46' title="bbox 597 4599 2188 4675">
    <p class='ocr_par' dir='ltr' id='par_1_46' title="bbox 597 4599 2188 4675">
     <span class='ocr_line' id='line_1_46' title="bbox 597 4599 2188 4675; baseline -0.009 -8"><span class='ocrx_word' id='word_1_336' title='bbox 597 4621 777 4668; x_wconf 83' lang='lat' dir='ltr'><strong>autem</strong></span> <span class='ocrx_word' id='word_1_337' title='bbox 803 4612 910 4667; x_wconf 89' lang='lat' dir='ltr'><strong>vita</strong></span> <span class='ocrx_word' id='word_1_338' title='bbox 942 4610 1226 4665; x_wconf 82' lang='lat' dir='ltr'><strong>humanam</strong></span> <span class='ocrx_word' id='word_1_339' title='bbox 1245 4606 1501 4675; x_wconf 82' lang='lat' dir='ltr'><strong>justitiam</strong></span> <span class='ocrx_word' id='word_1_340' title='bbox 1531 4603 1582 4657; x_wconf 92' lang='lat' dir='ltr'><strong>in</strong></span> <span class='ocrx_word' id='word_1_341' title='bbox 1605 4601 1832 4672; x_wconf 88' lang='lat' dir='ltr'><strong>quadam</strong></span> <span class='ocrx_word' id='word_1_342' title='bbox 1857 4600 2043 4671; x_wconf 71' lang='lat' dir='ltr'><strong>militia</strong></span> <span class='ocrx_word' id='word_1_343' title='bbox 2071 4599 2188 4654; x_wconf 89' lang='lat' dir='ltr'><strong>hel-</strong></span> 
     </span>
    </p>
   </div>
   <div class='ocr_carea' id='block_1_47' title="bbox 597 4690 2190 4773">
    <p class='ocr_par' dir='ltr' id='par_1_47' title="bbox 597 4690 2190 4773">
     <span class='ocr_line' id='line_1_47' title="bbox 597 4690 2190 4773; baseline -0.009 -16"><span class='ocrx_word' id='word_1_344' title='bbox 597 4704 759 4773; x_wconf 90' lang='lat' dir='ltr'><strong>loque</strong></span> <span class='ocrx_word' id='word_1_345' title='bbox 794 4700 1096 4767; x_wconf 86' lang='lat' dir='ltr'><strong>constituit,</strong></span> <span class='ocrx_word' id='word_1_346' title='bbox 1129 4713 1232 4752; x_wconf 83' lang='lat' dir='ltr'><strong>non</strong></span> <span class='ocrx_word' id='word_1_347' title='bbox 1265 4697 1437 4751; x_wconf 87' lang='lat' dir='ltr'><strong>solum</strong></span> <span class='ocrx_word' id='word_1_348' title='bbox 1476 4693 1730 4748; x_wconf 84' lang='lat' dir='ltr'><strong>adversus</strong></span> <span class='ocrx_word' id='word_1_349' title='bbox 1755 4690 1974 4745; x_wconf 83' lang='lat' dir='ltr'><strong>aemulas</strong></span> <span class='ocrx_word' id='word_1_350' title='bbox 2013 4690 2190 4744; x_wconf 89' lang='lat' dir='ltr'><strong>aerias</strong></span> 
     </span>
    </p>
   </div>
   <div class='ocr_carea' id='block_1_48' title="bbox 602 4781 2185 4864">
    <p class='ocr_par' dir='ltr' id='par_1_48' title="bbox 602 4781 2185 4864">
     <span class='ocr_line' id='line_1_48' title="bbox 602 4781 2185 4864; baseline -0.009 -16"><span class='ocrx_word' id='word_1_351' title='bbox 602 4800 918 4864; x_wconf 87' lang='lat' dir='ltr'><strong>potestates,</strong></span> <span class='ocrx_word' id='word_1_352' title='bbox 961 4789 1056 4847; x_wconf 86' lang='lat' dir='ltr'><strong>sed</strong></span> <span class='ocrx_word' id='word_1_353' title='bbox 1101 4788 1356 4849; x_wconf 86' lang='lat' dir='ltr'><strong>adversus</strong></span> <span class='ocrx_word' id='word_1_354' title='bbox 1395 4786 1537 4855; x_wconf 80' lang='lat' dir='ltr'><strong>ipsas</strong></span> <span class='ocrx_word' id='word_1_355' title='bbox 1588 4791 1798 4841; x_wconf 85' lang='lat' dir='ltr'><strong>nostras</strong></span> <span class='ocrx_word' id='word_1_356' title='bbox 1837 4781 2185 4852; x_wconf 84' lang='lat' dir='ltr'><strong>cupiditates,</strong></span> 
     </span>
    </p>
   </div>
   <div class='ocr_carea' id='block_1_49' title="bbox 599 4870 2189 4956">
    <p class='ocr_par' dir='ltr' id='par_1_49' title="bbox 599 4870 2189 4956">
     <span class='ocr_line' id='line_1_49' title="bbox 599 4870 2189 4956; baseline -0.009 -17"><span class='ocrx_word' id='word_1_357' title='bbox 599 4899 701 4956; x_wconf 84' lang='lat' dir='ltr'><strong>per</strong></span> <span class='ocrx_word' id='word_1_358' title='bbox 728 4897 860 4954; x_wconf 87' lang='lat' dir='ltr'><strong>quas</strong></span> <span class='ocrx_word' id='word_1_359' title='bbox 887 4892 942 4937; x_wconf 89' lang='lat' dir='ltr'><strong>et</strong></span> <span class='ocrx_word' id='word_1_360' title='bbox 980 4882 1052 4935; x_wconf 81' lang='lat' dir='ltr'><strong>illi</strong></span> <span class='ocrx_word' id='word_1_361' title='bbox 1093 4877 1387 4936; x_wconf 79' lang='lat' dir='ltr'><strong>exteriores</strong></span> <span class='ocrx_word' id='word_1_362' title='bbox 1426 4874 1624 4930; x_wconf 88' lang='lat' dir='ltr'><strong>inimici</strong></span> <span class='ocrx_word' id='word_1_363' title='bbox 1669 4888 1767 4928; x_wconf 90' lang='lat' dir='ltr'><strong>nos</strong></span> <span class='ocrx_word' id='word_1_364' title='bbox 1802 4872 2060 4942; x_wconf 86' lang='lat' dir='ltr'><strong>dejicere,</strong></span> <span class='ocrx_word' id='word_1_365' title='bbox 2106 4870 2189 4925; x_wconf 84' lang='lat' dir='ltr'><strong>vel</strong></span> 
     </span>
    </p>
   </div>
   <div class='ocr_carea' id='block_1_50' title="bbox 601 4963 2188 5044">
    <p class='ocr_par' dir='ltr' id='par_1_50' title="bbox 601 4963 2188 5044">
     <span class='ocr_line' id='line_1_50' title="bbox 601 4963 2188 5044; baseline -0.01 -14"><span class='ocrx_word' id='word_1_366' title='bbox 601 4982 885 5044; x_wconf 85' lang='lat' dir='ltr'><strong>penetrare</strong></span> <span class='ocrx_word' id='word_1_367' title='bbox 926 4970 1257 5027; x_wconf 87' lang='lat' dir='ltr'><strong>moliuntur..</strong></span> <span class='ocrx_word' id='word_1_368' title='bbox 1284 4966 1343 5029; x_wconf 85' lang='lat' dir='ltr'><strong>In</strong></span> <span class='ocrx_word' id='word_1_369' title='bbox 1368 4964 1472 5020; x_wconf 90' lang='lat' dir='ltr'><strong>hoc</strong></span> <span class='ocrx_word' id='word_1_370' title='bbox 1498 4963 1639 5019; x_wconf 90' lang='lat' dir='ltr'><strong>bello</strong></span> <span class='ocrx_word' id='word_1_371' title='bbox 1669 4972 1723 5017; x_wconf 86' lang='lat' dir='ltr'><strong>et</strong></span> <span class='ocrx_word' id='word_1_372' title='bbox 1760 4963 1927 5032; x_wconf 83' lang='lat' dir='ltr'><strong>ipsam</strong></span> <span class='ocrx_word' id='word_1_373' title='bbox 1972 4975 2188 5016; x_wconf 86' lang='lat' dir='ltr'><strong>carnem</strong></span> 
     </span>
    </p>
   </div>
   <div class='ocr_carea' id='block_1_51' title="bbox 601 5056 2191 5132">
    <p class='ocr_par' dir='ltr' id='par_1_51' title="bbox 601 5056 2191 5132">
     <span class='ocr_line' id='line_1_51' title="bbox 601 5056 2191 5132; baseline -0.011 -8"><span class='ocrx_word' id='word_1_374' title='bbox 601 5066 964 5124; x_wconf 80' lang='lat' dir='ltr'><strong>adversariam</strong></span> <span class='ocrx_word' id='word_1_375' title='bbox 1003 5076 1218 5132; x_wconf 87' lang='lat' dir='ltr'><strong>gravem</strong></span> <span class='ocrx_word' id='word_1_376' title='bbox 1247 5059 1408 5123; x_wconf 90' lang='lat' dir='ltr'><strong>dicit,</strong></span> <span class='ocrx_word' id='word_1_377' title='bbox 1444 5058 1597 5127; x_wconf 87' lang='lat' dir='ltr'><strong>cujus</strong></span> <span class='ocrx_word' id='word_1_378' title='bbox 1626 5056 1804 5126; x_wconf 89' lang='lat' dir='ltr'><strong>utique</strong></span> <span class='ocrx_word' id='word_1_379' title='bbox 1833 5062 2022 5108; x_wconf 88' lang='lat' dir='ltr'><strong>natura</strong></span> <span class='ocrx_word' id='word_1_380' title='bbox 2054 5056 2191 5107; x_wconf 91' lang='lat' dir='ltr'><strong>sicut</strong></span> 
     </span>
    </p>
   </div>
   <div class='ocr_carea' id='block_1_52' title="bbox 605 5144 2191 5231">
    <p class='ocr_par' dir='ltr' id='par_1_52' title="bbox 605 5144 2191 5231">
     <span class='ocr_line' id='line_1_52' title="bbox 605 5144 2191 5231; baseline -0.012 -17"><span class='ocrx_word' id='word_1_381' title='bbox 605 5159 850 5231; x_wconf 86' lang='lat' dir='ltr'><strong>primitus</strong></span> <span class='ocrx_word' id='word_1_382' title='bbox 891 5155 1102 5211; x_wconf 89' lang='lat' dir='ltr'><strong>condita</strong></span> <span class='ocrx_word' id='word_1_383' title='bbox 1132 5160 1245 5214; x_wconf 85' lang='lat' dir='ltr'><strong>est,</strong></span> <span class='ocrx_word' id='word_1_384' title='bbox 1286 5150 1562 5213; x_wconf 84' lang='lat' dir='ltr'><strong>nobiscum</strong></span> <span class='ocrx_word' id='word_1_385' title='bbox 1609 5144 2020 5202; x_wconf 89' lang='lat' dir='ltr'><strong>concordissima</strong></span> <span class='ocrx_word' id='word_1_386' title='bbox 2066 5158 2191 5212; x_wconf 83' lang='lat' dir='ltr'><strong>per-</strong></span> 
     </span>
    </p>
   </div>
   <div class='ocr_carea' id='block_1_53' title="bbox 604 5235 2187 5316">
    <p class='ocr_par' dir='ltr' id='par_1_53' title="bbox 604 5235 2187 5316">
     <span class='ocr_line' id='line_1_53' title="bbox 604 5235 2187 5316; baseline -0.013 -8"><span class='ocrx_word' id='word_1_387' title='bbox 604 5259 876 5315; x_wconf 86' lang='lat' dir='ltr'><strong>maneret,</strong></span> <span class='ocrx_word' id='word_1_388' title='bbox 913 5248 1015 5304; x_wconf 87' lang='lat' dir='ltr'><strong>nisi</strong></span> <span class='ocrx_word' id='word_1_389' title='bbox 1041 5244 1198 5316; x_wconf 80' lang='lat' dir='ltr'><strong>primi</strong></span> <span class='ocrx_word' id='word_1_390' title='bbox 1232 5241 1462 5297; x_wconf 85' lang='lat' dir='ltr'><strong>hominis</strong></span> <span class='ocrx_word' id='word_1_391' title='bbox 1508 5237 1940 5310; x_wconf 68' lang='lat' dir='ltr'><strong>prazvaricatione</strong></span> <span class='ocrx_word' id='word_1_392' title='bbox 1976 5235 2187 5302; x_wconf 88' lang='lat' dir='ltr'><strong>vitiata,</strong></span> 
     </span>
    </p>
   </div>
   <div class='ocr_carea' id='block_1_54' title="bbox 606 5314 2207 5405">
    <p class='ocr_par' dir='ltr' id='par_1_54' title="bbox 606 5314 2207 5405">
     <span class='ocr_line' id='line_1_54' title="bbox 606 5314 2207 5405; baseline -0.015 -4"><span class='ocrx_word' id='word_1_393' title='bbox 606 5358 706 5401; x_wconf 84' lang='lat' dir='ltr'><strong>suo</strong></span> <span class='ocrx_word' id='word_1_394' title='bbox 724 5314 999 5397; x_wconf 87' lang='lat' dir='ltr'><strong>nobiscum</strong></span> <span class='ocrx_word' id='word_1_395' title='bbox 1022 5314 1275 5405; x_wconf 80' lang='lat' dir='ltr'><strong>languore</strong></span> <span class='ocrx_word' id='word_1_396' title='bbox 1295 5331 1625 5402; x_wconf 87' lang='lat' dir='ltr'><strong>conﬂigeret.</strong></span> <span class='ocrx_word' id='word_1_397' title='bbox 1648 5329 1706 5383; x_wconf 91' lang='lat' dir='ltr'><strong>ln</strong></span> <span class='ocrx_word' id='word_1_398' title='bbox 1731 5325 1834 5387; x_wconf 86' lang='lat' dir='ltr'><strong>hoc</strong></span> <span class='ocrx_word' id='word_1_399' title='bbox 1844 5326 1989 5397; x_wconf 82' lang='lat' dir='ltr'><strong>bello</strong></span> <span class='ocrx_word' id='word_1_400' title='bbox 2008 5326 2095 5379; x_wconf 91' lang='lat' dir='ltr'><strong>ille</strong></span> <span class='ocrx_word' id='word_1_401' title='bbox 2112 5314 2207 5378; x_wconf 33' lang='lat' dir='ltr'><strong>vir.</strong></span> 
     </span>
    </p>
   </div>
   <div class='ocr_carea' id='block_1_55' title="bbox 612 5415 2189 5491">
    <p class='ocr_par' dir='ltr' id='par_1_55' title="bbox 612 5415 2189 5491">
     <span class='ocr_line' id='line_1_55' title="bbox 612 5415 2189 5491; baseline -0.014 -1"><span class='ocrx_word' id='word_1_402' title='bbox 612 5440 832 5491; x_wconf 83' lang='lat' dir='ltr'><strong>sanctus</strong></span> <span class='ocrx_word' id='word_1_403' title='bbox 858 5436 1039 5483; x_wconf 85' lang='lat' dir='ltr'><strong>monet</strong></span> <span class='ocrx_word' id='word_1_404' title='bbox 1081 5442 1178 5481; x_wconf 84' lang='lat' dir='ltr'><strong>nos</strong></span> <span class='ocrx_word' id='word_1_405' title='bbox 1201 5424 1455 5485; x_wconf 74' lang='lat' dir='ltr'><strong>saeculum</strong></span> <span class='ocrx_word' id='word_1_406' title='bbox 1503 5420 1766 5491; x_wconf 84' lang='lat' dir='ltr'><strong>eﬂugere,</strong></span> <span class='ocrx_word' id='word_1_407' title='bbox 1797 5427 1852 5474; x_wconf 88' lang='lat' dir='ltr'><strong>et</strong></span> <span class='ocrx_word' id='word_1_408' title='bbox 1888 5418 1940 5483; x_wconf 87' lang='lat' dir='ltr'><strong>in</strong></span> <span class='ocrx_word' id='word_1_409' title='bbox 1978 5432 2040 5472; x_wconf 84' lang='lat' dir='ltr'><strong>ea</strong></span> <span class='ocrx_word' id='word_1_410' title='bbox 2069 5415 2189 5485; x_wconf 84' lang='lat' dir='ltr'><strong>fuga</strong></span> 
     </span>
    </p>
   </div>
   <div class='ocr_carea' id='block_1_56' title="bbox 608 5504 2191 5597">
    <p class='ocr_par' dir='ltr' id='par_1_56' title="bbox 608 5504 2191 5597">
     <span class='ocr_line' id='line_1_56' title="bbox 608 5504 2191 5597; baseline -0.014 -16"><span class='ocrx_word' id='word_1_411' title='bbox 608 5532 804 5597; x_wconf 88' lang='lat' dir='ltr'><strong>quanta</strong></span> <span class='ocrx_word' id='word_1_412' title='bbox 846 5520 917 5575; x_wconf 91' lang='lat' dir='ltr'><strong>sit</strong></span> <span class='ocrx_word' id='word_1_413' title='bbox 951 5518 1267 5584; x_wconf 78' lang='lat' dir='ltr'><strong>difﬁcultas,</strong></span> <span class='ocrx_word' id='word_1_414' title='bbox 1313 5514 1421 5570; x_wconf 91' lang='lat' dir='ltr'><strong>imo</strong></span> <span class='ocrx_word' id='word_1_415' title='bbox 1474 5510 1907 5581; x_wconf 87' lang='lat' dir='ltr'><strong>impossibilitas,</strong></span> <span class='ocrx_word' id='word_1_416' title='bbox 1957 5506 2055 5561; x_wconf 87' lang='lat' dir='ltr'><strong>nisi</strong></span> <span class='ocrx_word' id='word_1_417' title='bbox 2099 5504 2191 5560; x_wconf 90' lang='lat' dir='ltr'><strong>Dei</strong></span> 
     </span>
    </p>
   </div>
   <div class='ocr_carea' id='block_1_57' title="bbox 608 5596 2192 5688">
    <p class='ocr_par' dir='ltr' id='par_1_57' title="bbox 608 5596 2192 5688">
     <span class='ocr_line' id='line_1_57' title="bbox 608 5596 2192 5688; baseline -0.016 -15"><span class='ocrx_word' id='word_1_418' title='bbox 608 5596 776 5688; x_wconf 81' lang='lat' dir='ltr'><strong>gratia</strong></span> <span class='ocrx_word' id='word_1_419' title='bbox 803 5610 1111 5680; x_wconf 14' lang='lat' dir='ltr'><strong>oipituletur,</strong></span> <span class='ocrx_word' id='word_1_420' title='bbox 1151 5604 1405 5667; x_wconf 85' lang='lat' dir='ltr'><strong>ostendit.</strong></span> <span class='ocrx_word' id='word_1_421' title='bbox 1436 5604 1575 5661; x_wconf 88' lang='lat' dir='ltr'><strong>Dicit</strong></span> <span class='ocrx_word' id='word_1_422' title='bbox 1599 5612 1805 5667; x_wconf 84' lang='lat' dir='ltr'><strong>mortua</strong></span> <span class='ocrx_word' id='word_1_423' title='bbox 1824 5597 2039 5670; x_wconf 89' lang='lat' dir='ltr'><strong>quidem</strong></span> <span class='ocrx_word' id='word_1_424' title='bbox 2066 5596 2192 5650; x_wconf 90' lang='lat' dir='ltr'><strong>vitia</strong></span> 
     </span>
    </p>
   </div>
   <div class='ocr_carea' id='block_1_58' title="bbox 613 5694 2189 5779">
    <p class='ocr_par' dir='ltr' id='par_1_58' title="bbox 613 5694 2189 5779">
     <span class='ocr_line' id='line_1_58' title="bbox 613 5694 2189 5779; baseline -0.014 -17"><span class='ocrx_word' id='word_1_425' title='bbox 613 5722 709 5779; x_wconf 87' lang='lat' dir='ltr'><strong>per</strong></span> <span class='ocrx_word' id='word_1_426' title='bbox 735 5701 1100 5763; x_wconf 78' lang='lat' dir='ltr'><strong>remissionem</strong></span> <span class='ocrx_word' id='word_1_427' title='bbox 1130 5699 1182 5755; x_wconf 91' lang='lat' dir='ltr'><strong>in</strong></span> <span class='ocrx_word' id='word_1_428' title='bbox 1211 5696 1535 5766; x_wconf 88' lang='lat' dir='ltr'><strong>Baptismate</strong></span> <span class='ocrx_word' id='word_1_429' title='bbox 1563 5694 1799 5757; x_wconf 87' lang='lat' dir='ltr'><strong>omnium</strong></span> <span class='ocrx_word' id='word_1_430' title='bbox 1831 5697 2189 5773; x_wconf 80' lang='lat' dir='ltr'><strong>peccatorum,</strong></span> 
     </span>
    </p>
   </div>
   <div class='ocr_carea' id='block_1_59' title="bbox 610 5778 2195 5867">
    <p class='ocr_par' dir='ltr' id='par_1_59' title="bbox 610 5778 2195 5867">
     <span class='ocr_line' id='line_1_59' title="bbox 610 5778 2195 5867; baseline -0.015 -15"><span class='ocrx_word' id='word_1_431' title='bbox 610 5778 708 5867; x_wconf 61' lang='lat' dir='ltr'><strong>sed</strong></span> <span class='ocrx_word' id='word_1_432' title='bbox 738 5809 931 5857; x_wconf 84' lang='lat' dir='ltr'><strong>eorum</strong></span> <span class='ocrx_word' id='word_1_433' title='bbox 956 5807 1052 5849; x_wconf 90' lang='lat' dir='ltr'><strong>nos</strong></span> <span class='ocrx_word' id='word_1_434' title='bbox 1077 5804 1265 5851; x_wconf 87' lang='lat' dir='ltr'><strong>curare</strong></span> <span class='ocrx_word' id='word_1_435' title='bbox 1288 5787 1485 5844; x_wconf 87' lang='lat' dir='ltr'><strong>debere</strong></span> <span class='ocrx_word' id='word_1_436' title='bbox 1514 5785 1742 5857; x_wconf 88' lang='lat' dir='ltr'><strong>quodam</strong></span> <span class='ocrx_word' id='word_1_437' title='bbox 1769 5780 1928 5837; x_wconf 92' lang='lat' dir='ltr'><strong>modo</strong></span> <span class='ocrx_word' id='word_1_438' title='bbox 1957 5778 2195 5848; x_wconf 88' lang='lat' dir='ltr'><strong>sepultu-</strong></span> 
     </span>
    </p>
   </div>
   <div class='ocr_carea' id='block_1_60' title="bbox 612 5868 2191 5966">
    <p class='ocr_par' dir='ltr' id='par_1_60' title="bbox 612 5868 2191 5966">
     <span class='ocr_line' id='line_1_60' title="bbox 612 5868 2191 5966; baseline -0.02 -13"><span class='ocrx_word' id='word_1_439' title='bbox 612 5904 744 5953; x_wconf 67' lang='lat' dir='ltr'><strong>t‘aut.</strong></span> <span class='ocrx_word' id='word_1_440' title='bbox 769 5887 837 5955; x_wconf 62' lang='lat' dir='ltr'><strong>Et</strong></span> <span class='ocrx_word' id='word_1_441' title='bbox 860 5886 917 5953; x_wconf 39' lang='lat' dir='ltr'><strong>in.</strong></span> <span class='ocrx_word' id='word_1_442' title='bbox 945 5883 1046 5941; x_wconf 89' lang='lat' dir='ltr'><strong>hoc</strong></span> <span class='ocrx_word' id='word_1_443' title='bbox 1075 5884 1191 5966; x_wconf 86' lang='lat' dir='ltr'><strong>ipso</strong></span> <span class='ocrx_word' id='word_1_444' title='bbox 1229 5894 1391 5963; x_wconf 83' lang='lat' dir='ltr'><strong>opere</strong></span> <span class='ocrx_word' id='word_1_445' title='bbox 1416 5878 1577 5935; x_wconf 85' lang='lat' dir='ltr'><strong>talem</strong></span> <span class='ocrx_word' id='word_1_446' title='bbox 1601 5874 1855 5933; x_wconf 84' lang='lat' dir='ltr'><strong>describit</strong></span> <span class='ocrx_word' id='word_1_447' title='bbox 1893 5885 2012 5935; x_wconf 87' lang='lat' dir='ltr'><strong>cum</strong></span> <span class='ocrx_word' id='word_1_448' title='bbox 2054 5868 2191 5933; x_wconf 84' lang='lat' dir='ltr'><strong>vitiis</strong></span> 
     </span>
    </p>
   </div>
   <div class='ocr_carea' id='block_1_61' title="bbox 1393 434 3801 509">
    <p class='ocr_par' dir='ltr' id='par_1_61' title="bbox 1393 434 3801 509">
     <span class='ocr_line' id='line_1_61' title="bbox 1393 434 3801 509; baseline 0.004 -17"><span class='ocrx_word' id='word_1_449' title='bbox 1393 438 1659 495; x_wconf 75' lang='lat' dir='ltr'><strong>CONTRA</strong></span> <span class='ocrx_word' id='word_1_450' title='bbox 1701 436 2037 494; x_wconf 66' lang='lat' dir='ltr'><strong>JULlANUM</strong></span> <span class='ocrx_word' id='word_1_451' title='bbox 2077 434 2626 504; x_wconf 33' lang='lat' dir='ltr'><strong>PEl,.\ClANUM,,S.</strong></span> <span class='ocrx_word' id='word_1_452' title='bbox 2668 438 3033 498; x_wconf 82' lang='lat' dir='ltr'><strong>AUGUSTINI</strong></span> <span class='ocrx_word' id='word_1_453' title='bbox 3716 450 3801 509; x_wconf 79' lang='lat'><strong>696</strong></span> 
     </span>
    </p>
   </div>
   <div class='ocr_carea' id='block_1_62' title="bbox 2273 552 3807 631">
    <p class='ocr_par' dir='ltr' id='par_1_62' title="bbox 2273 552 3807 631">
     <span class='ocr_line' id='line_1_62' title="bbox 2273 552 3807 631; baseline 0.01 -25"><span class='ocrx_word' id='word_1_454' title='bbox 2273 552 2497 607; x_wconf 89' lang='lat' dir='ltr'><strong>mortuis</strong></span> <span class='ocrx_word' id='word_1_455' title='bbox 2518 568 2612 607; x_wconf 91' lang='lat' dir='ltr'><strong>nos</strong></span> <span class='ocrx_word' id='word_1_456' title='bbox 2636 552 2831 610; x_wconf 81' lang='lat' dir='ltr'><strong>habere</strong></span> <span class='ocrx_word' id='word_1_457' title='bbox 2854 556 3157 612; x_wconf 88' lang='lat' dir='ltr'><strong>conﬂictum</strong></span> <span class='ocrx_word' id='word_1_458' title='bbox 3175 599 3190 623; x_wconf 92' lang='lat'><strong>,</strong></span> <span class='ocrx_word' id='word_1_459' title='bbox 3222 567 3278 613; x_wconf 92' lang='lat' dir='ltr'><strong>ut</strong></span> <span class='ocrx_word' id='word_1_460' title='bbox 3307 574 3410 614; x_wconf 89' lang='lat' dir='ltr'><strong>non</strong></span> <span class='ocrx_word' id='word_1_461' title='bbox 3439 559 3573 631; x_wconf 84' lang='lat' dir='ltr'><strong>quod</strong></span> <span class='ocrx_word' id='word_1_462' title='bbox 3601 564 3807 626; x_wconf 78' lang='lat' dir='ltr'><strong>volumus</strong></span> 
     </span>
    </p>
   </div>
   <div class='ocr_carea' id='block_1_63' title="bbox 2272 646 3805 719">
    <p class='ocr_par' dir='ltr' id='par_1_63' title="bbox 2272 646 3805 719">
     <span class='ocr_line' id='line_1_63' title="bbox 2272 646 3805 719; baseline 0.01 -21"><span class='ocrx_word' id='word_1_463' title='bbox 2272 658 2519 715; x_wconf 84' lang='lat' dir='ltr'><strong>agamus;</strong></span> <span class='ocrx_word' id='word_1_464' title='bbox 2565 646 2659 702; x_wconf 88' lang='lat' dir='ltr'><strong>sed</strong></span> <span class='ocrx_word' id='word_1_465' title='bbox 2700 650 2843 719; x_wconf 91' lang='lat' dir='ltr'><strong>quod</strong></span> <span class='ocrx_word' id='word_1_466' title='bbox 2888 650 3013 705; x_wconf 89' lang='lat' dir='ltr'><strong>odio</strong></span> <span class='ocrx_word' id='word_1_467' title='bbox 3068 651 3363 719; x_wconf 90' lang='lat' dir='ltr'><strong>habemus,</strong></span> <span class='ocrx_word' id='word_1_468' title='bbox 3408 652 3511 709; x_wconf 91' lang='lat' dir='ltr'><strong>hoc</strong></span> <span class='ocrx_word' id='word_1_469' title='bbox 3548 654 3805 717; x_wconf 75' lang='lat' dir='ltr'><strong>faciamus:</strong></span> 
     </span>
    </p>
   </div>
   <div class='ocr_carea' id='block_1_64' title="bbox 2273 735 3808 817">
    <p class='ocr_par' dir='ltr' id='par_1_64' title="bbox 2273 735 3808 817">
     <span class='ocr_line' id='line_1_64' title="bbox 2273 735 3808 817; baseline 0.011 -30"><span class='ocrx_word' id='word_1_470' title='bbox 2273 735 2438 790; x_wconf 93' lang='lat' dir='ltr'><strong>multa</strong></span> <span class='ocrx_word' id='word_1_471' title='bbox 2462 736 2512 790; x_wconf 91' lang='lat' dir='ltr'><strong>in</strong></span> <span class='ocrx_word' id='word_1_472' title='bbox 2546 737 2698 793; x_wconf 88' lang='lat' dir='ltr'><strong>nobis</strong></span> <span class='ocrx_word' id='word_1_473' title='bbox 2725 751 2994 809; x_wconf 84' lang='lat' dir='ltr'><strong>peccatum</strong></span> <span class='ocrx_word' id='word_1_474' title='bbox 3021 743 3175 799; x_wconf 89' lang='lat' dir='ltr'><strong>nobis</strong></span> <span class='ocrx_word' id='word_1_475' title='bbox 3202 744 3577 801; x_wconf 87' lang='lat' dir='ltr'><strong>reluctantibus</strong></span> <span class='ocrx_word' id='word_1_476' title='bbox 3604 752 3808 817; x_wconf 85' lang='lat' dir='ltr'><strong>operari,</strong></span> 
     </span>
    </p>
   </div>
   <div class='ocr_carea' id='block_1_65' title="bbox 2275 827 3810 907">
    <p class='ocr_par' dir='ltr' id='par_1_65' title="bbox 2275 827 3810 907">
     <span class='ocr_line' id='line_1_65' title="bbox 2275 827 3810 907; baseline 0.012 -28"><span class='ocrx_word' id='word_1_477' title='bbox 2275 827 2539 882; x_wconf 87' lang='lat' dir='ltr'><strong>redivivas</strong></span> <span class='ocrx_word' id='word_1_478' title='bbox 2560 829 2869 901; x_wconf 89' lang='lat' dir='ltr'><strong>plerumque</strong></span> <span class='ocrx_word' id='word_1_479' title='bbox 2894 847 3173 905; x_wconf 84' lang='lat' dir='ltr'><strong>resurgere</strong></span> <span class='ocrx_word' id='word_1_480' title='bbox 3192 836 3486 907; x_wconf 84' lang='lat' dir='ltr'><strong>voluptates</strong></span> <span class='ocrx_word' id='word_1_481' title='bbox 3511 856 3525 891; x_wconf 90' lang='lat'><strong>:</strong></span> <span class='ocrx_word' id='word_1_482' title='bbox 3546 839 3810 897; x_wconf 86' lang='lat' dir='ltr'><strong>luctandum</strong></span> 
     </span>
    </p>
   </div>
   <div class='ocr_carea' id='block_1_66' title="bbox 2275 916 3813 998">
    <p class='ocr_par' dir='ltr' id='par_1_66' title="bbox 2275 916 3813 998">
     <span class='ocr_line' id='line_1_66' title="bbox 2275 916 3813 998; baseline 0.014 -30"><span class='ocrx_word' id='word_1_483' title='bbox 2275 916 2429 970; x_wconf 90' lang='lat' dir='ltr'><strong>nobis</strong></span> <span class='ocrx_word' id='word_1_484' title='bbox 2454 933 2574 974; x_wconf 89' lang='lat' dir='ltr'><strong>esse</strong></span> <span class='ocrx_word' id='word_1_485' title='bbox 2601 920 2855 976; x_wconf 85' lang='lat' dir='ltr'><strong>adversus</strong></span> <span class='ocrx_word' id='word_1_486' title='bbox 2880 939 3132 990; x_wconf 90' lang='lat' dir='ltr'><strong>carnem,</strong></span> <span class='ocrx_word' id='word_1_487' title='bbox 3163 925 3419 982; x_wconf 86' lang='lat' dir='ltr'><strong>adversus</strong></span> <span class='ocrx_word' id='word_1_488' title='bbox 3443 944 3596 998; x_wconf 78' lang='lat' dir='ltr'><strong>quam</strong></span> <span class='ocrx_word' id='word_1_489' title='bbox 3622 931 3813 989; x_wconf 76' lang='lat' dir='ltr'><strong>luctatus</strong></span> 
     </span>
    </p>
   </div>
   <div class='ocr_carea' id='block_1_67' title="bbox 2274 1008 3813 1092">
    <p class='ocr_par' dir='ltr' id='par_1_67' title="bbox 2274 1008 3813 1092">
     <span class='ocr_line' id='line_1_67' title="bbox 2274 1008 3813 1092; baseline 0.011 -32"><span class='ocrx_word' id='word_1_490' title='bbox 2274 1016 2357 1061; x_wconf 88' lang='lat' dir='ltr'><strong>est</strong></span> <span class='ocrx_word' id='word_1_491' title='bbox 2383 1008 2575 1064; x_wconf 87' lang='lat' dir='ltr'><strong>Paulus</strong></span> <span class='ocrx_word' id='word_1_492' title='bbox 2617 1015 2829 1080; x_wconf 86' lang='lat' dir='ltr'><strong>quando</strong></span> <span class='ocrx_word' id='word_1_493' title='bbox 2875 1014 3117 1083; x_wconf 88' lang='lat' dir='ltr'><strong>dicebat,</strong></span> <span class='ocrx_word' id='word_1_494' title='bbox 3180 1014 3337 1072; x_wconf 84' lang='lat' dir='ltr'><strong>Video</strong></span> <span class='ocrx_word' id='word_1_495' title='bbox 3390 1020 3544 1073; x_wconf 73' lang='lat' dir='ltr'><strong>aliam</strong></span> <span class='ocrx_word' id='word_1_496' title='bbox 3587 1020 3729 1092; x_wconf 83' lang='lat' dir='ltr'><strong>legem</strong></span> <span class='ocrx_word' id='word_1_497' title='bbox 3772 1025 3813 1078; x_wconf 72' lang='lat' dir='ltr'><strong>in</strong></span> 
     </span>
    </p>
   </div>
   <div class='ocr_carea' id='block_1_68' title="bbox 2275 1101 3815 1184">
    <p class='ocr_par' dir='ltr' id='par_1_68' title="bbox 2275 1101 3815 1184">
     <span class='ocr_line' id='line_1_68' title="bbox 2275 1101 3815 1184; baseline 0.01 -31"><span class='ocrx_word' id='word_1_498' title='bbox 2275 1101 2510 1156; x_wconf 76' lang='lat' dir='ltr'><strong>membris</strong></span> <span class='ocrx_word' id='word_1_499' title='bbox 2538 1104 2660 1157; x_wconf 74' lang='lat' dir='ltr'><strong>meis</strong></span> <span class='ocrx_word' id='word_1_500' title='bbox 2687 1117 3046 1176; x_wconf 79' lang='lat' dir='ltr'><strong>repugnantem</strong></span> <span class='ocrx_word' id='word_1_501' title='bbox 3093 1108 3189 1178; x_wconf 81' lang='lat' dir='ltr'><strong>legi</strong></span> <span class='ocrx_word' id='word_1_502' title='bbox 3226 1111 3405 1164; x_wconf 73' lang='lat' dir='ltr'><strong>mentis</strong></span> <span class='ocrx_word' id='word_1_503' title='bbox 3441 1127 3579 1165; x_wconf 67' lang='lat' dir='ltr'><strong>ntere.</strong></span> <span class='ocrx_word' id='word_1_504' title='bbox 3604 1111 3815 1184; x_wconf 61' lang='lat' dir='ltr'><strong>Pracipit</strong></span> 
     </span>
    </p>
   </div>
   <div class='ocr_carea' id='block_1_69' title="bbox 2277 1186 3815 1269">
    <p class='ocr_par' dir='ltr' id='par_1_69' title="bbox 2277 1186 3815 1269">
     <span class='ocr_line' id='line_1_69' title="bbox 2277 1186 3815 1269; baseline 0.009 -24"><span class='ocrx_word' id='word_1_505' title='bbox 2277 1207 2344 1246; x_wconf 88' lang='lat' dir='ltr'><strong>ne</strong></span> <span class='ocrx_word' id='word_1_506' title='bbox 2369 1194 2513 1246; x_wconf 91' lang='lat' dir='ltr'><strong>carni</strong></span> <span class='ocrx_word' id='word_1_507' title='bbox 2557 1204 2755 1250; x_wconf 77' lang='lat' dir='ltr'><strong>nostra:</strong></span> <span class='ocrx_word' id='word_1_508' title='bbox 2795 1186 3153 1265; x_wconf 83' lang='lat' dir='ltr'><strong>conﬁdamus,</strong></span> <span class='ocrx_word' id='word_1_509' title='bbox 3197 1216 3265 1255; x_wconf 91' lang='lat' dir='ltr'><strong>ne</strong></span> <span class='ocrx_word' id='word_1_510' title='bbox 3308 1217 3409 1256; x_wconf 90' lang='lat' dir='ltr'><strong>nos</strong></span> <span class='ocrx_word' id='word_1_511' title='bbox 3447 1202 3495 1257; x_wconf 90' lang='lat' dir='ltr'><strong>ei</strong></span> <span class='ocrx_word' id='word_1_512' title='bbox 3541 1204 3815 1269; x_wconf 83' lang='lat' dir='ltr'><strong>credamus,</strong></span> 
     </span>
    </p>
   </div>
   <div class='ocr_carea' id='block_1_70' title="bbox 2276 1284 3816 1365">
    <p class='ocr_par' dir='ltr' id='par_1_70' title="bbox 2276 1284 3816 1365">
     <span class='ocr_line' id='line_1_70' title="bbox 2276 1284 3816 1365; baseline 0.01 -28"><span class='ocrx_word' id='word_1_513' title='bbox 2276 1299 2399 1338; x_wconf 93' lang='lat' dir='ltr'><strong>cum</strong></span> <span class='ocrx_word' id='word_1_514' title='bbox 2429 1284 2711 1354; x_wconf 82' lang='lat' dir='ltr'><strong>Apostolus</strong></span> <span class='ocrx_word' id='word_1_515' title='bbox 2736 1288 2960 1356; x_wconf 88' lang='lat' dir='ltr'><strong>clamet,</strong></span> <span class='ocrx_word' id='word_1_516' title='bbox 2993 1288 3114 1346; x_wconf 86' lang='lat' dir='ltr'><strong>Scio</strong></span> <span class='ocrx_word' id='word_1_517' title='bbox 3149 1293 3265 1363; x_wconf 86' lang='lat' dir='ltr'><strong>quia</strong></span> <span class='ocrx_word' id='word_1_518' title='bbox 3291 1310 3391 1347; x_wconf 86' lang='lat' dir='ltr'><strong>non</strong></span> <span class='ocrx_word' id='word_1_519' title='bbox 3427 1295 3614 1350; x_wconf 75' lang='lat' dir='ltr'><strong>habitat</strong></span> <span class='ocrx_word' id='word_1_520' title='bbox 3652 1299 3700 1352; x_wconf 80' lang='lat' dir='ltr'><strong>in</strong></span> <span class='ocrx_word' id='word_1_521' title='bbox 3723 1316 3816 1365; x_wconf 86' lang='lat' dir='ltr'><strong>me,</strong></span> 
     </span>
    </p>
   </div>
   <div class='ocr_carea' id='block_1_71' title="bbox 2277 1376 3817 1458">
    <p class='ocr_par' dir='ltr' id='par_1_71' title="bbox 2277 1376 3817 1458">
     <span class='ocr_line' id='line_1_71' title="bbox 2277 1376 3817 1458; baseline 0.009 -28"><span class='ocrx_word' id='word_1_522' title='bbox 2277 1376 2333 1431; x_wconf 87' lang='lat' dir='ltr'><strong>id</strong></span> <span class='ocrx_word' id='word_1_523' title='bbox 2352 1387 2425 1431; x_wconf 79' lang='lat' dir='ltr'><strong>est</strong></span> <span class='ocrx_word' id='word_1_524' title='bbox 2441 1419 2455 1444; x_wconf 95' lang='lat'><strong>,</strong></span> <span class='ocrx_word' id='word_1_525' title='bbox 2500 1379 2553 1433; x_wconf 85' lang='lat' dir='ltr'><strong>in</strong></span> <span class='ocrx_word' id='word_1_526' title='bbox 2578 1396 2728 1435; x_wconf 87' lang='lat' dir='ltr'><strong>carne</strong></span> <span class='ocrx_word' id='word_1_527' title='bbox 2756 1398 2886 1446; x_wconf 86' lang='lat' dir='ltr'><strong>mea,</strong></span> <span class='ocrx_word' id='word_1_528' title='bbox 2910 1383 3093 1438; x_wconf 85' lang='lat' dir='ltr'><strong>bonum</strong></span> <span class='ocrx_word' id='word_1_529' title='bbox 3125 1400 3145 1439; x_wconf 91' lang='lat'><strong><em>:</em></strong></span> <span class='ocrx_word' id='word_1_530' title='bbox 3180 1386 3306 1441; x_wconf 75' lang='lat' dir='ltr'><strong>velle</strong></span> <span class='ocrx_word' id='word_1_531' title='bbox 3324 1388 3454 1441; x_wconf 81' lang='lat' dir='ltr'><strong>enim</strong></span> <span class='ocrx_word' id='word_1_532' title='bbox 3474 1389 3664 1455; x_wconf 80' lang='lat' dir='ltr'><strong>adiacet</strong></span> <span class='ocrx_word' id='word_1_533' title='bbox 3686 1392 3817 1458; x_wconf 82' lang='lat' dir='ltr'><strong>mihi,</strong></span> 
     </span>
    </p>
   </div>
   <div class='ocr_carea' id='block_1_72' title="bbox 2280 1469 3816 1551">
    <p class='ocr_par' dir='ltr' id='par_1_72' title="bbox 2280 1469 3816 1551">
     <span class='ocr_line' id='line_1_72' title="bbox 2280 1469 3816 1551; baseline 0.009 -31"><span class='ocrx_word' id='word_1_534' title='bbox 2280 1469 2519 1537; x_wconf 81' lang='lat' dir='ltr'><strong>perﬁcere</strong></span> <span class='ocrx_word' id='word_1_535' title='bbox 2536 1478 2700 1523; x_wconf 83' lang='lat' dir='ltr'><strong>autem</strong></span> <span class='ocrx_word' id='word_1_536' title='bbox 2723 1472 2906 1526; x_wconf 82' lang='lat' dir='ltr'><strong>bonum</strong></span> <span class='ocrx_word' id='word_1_537' title='bbox 2928 1490 3029 1528; x_wconf 86' lang='lat' dir='ltr'><strong>non</strong></span> <span class='ocrx_word' id='word_1_538' title='bbox 3053 1475 3250 1530; x_wconf 83' lang='lat' dir='ltr'><strong>invenio</strong></span> <span class='ocrx_word' id='word_1_539' title='bbox 3273 1475 3455 1548; x_wconf 83' lang='lat' dir='ltr'><strong>(Rom.</strong></span> <span class='ocrx_word' id='word_1_540' title='bbox 3484 1494 3554 1533; x_wconf 75' lang='grc' dir='ltr'><strong>νη</strong></span> <span class='ocrx_word' id='word_1_541' title='bbox 3573 1521 3588 1548; x_wconf 83' lang='grc'><em>,</em></span> <span class='ocrx_word' id='word_1_542' title='bbox 3612 1479 3677 1535; x_wconf 74' lang='grc'><strong>25</strong></span> <span class='ocrx_word' id='word_1_543' title='bbox 3694 1480 3816 1551; x_wconf 72' lang='lat'><strong>.18).</strong></span> 
     </span>
    </p>
   </div>
   <div class='ocr_carea' id='block_1_73' title="bbox 2280 1560 3823 1642">
    <p class='ocr_par' dir='ltr' id='par_1_73' title="bbox 2280 1560 3823 1642">
     <span class='ocr_line' id='line_1_73' title="bbox 2280 1560 3823 1642; baseline 0.01 -28"><span class='ocrx_word' id='word_1_544' title='bbox 2280 1560 2418 1616; x_wconf 87' lang='lat' dir='ltr'><strong>Ecce</strong></span> <span class='ocrx_word' id='word_1_545' title='bbox 2447 1572 2695 1632; x_wconf 88' lang='lat' dir='ltr'><strong>quantam</strong></span> <span class='ocrx_word' id='word_1_546' title='bbox 2730 1579 2828 1619; x_wconf 91' lang='lat' dir='ltr'><strong>nos</strong></span> <span class='ocrx_word' id='word_1_547' title='bbox 2856 1581 3083 1637; x_wconf 84' lang='lat' dir='ltr'><strong>pugnam</strong></span> <span class='ocrx_word' id='word_1_548' title='bbox 3115 1583 3233 1624; x_wconf 91' lang='lat' dir='ltr'><strong>cum</strong></span> <span class='ocrx_word' id='word_1_549' title='bbox 3264 1572 3487 1625; x_wconf 89' lang='lat' dir='ltr'><strong>mortuis</strong></span> <span class='ocrx_word' id='word_1_550' title='bbox 3513 1572 3699 1628; x_wconf 87' lang='lat' dir='ltr'><strong>habere</strong></span> <span class='ocrx_word' id='word_1_551' title='bbox 3720 1588 3823 1642; x_wconf 84' lang='lat' dir='ltr'><strong>pec-</strong></span> 
     </span>
    </p>
   </div>
   <div class='ocr_carea' id='block_1_74' title="bbox 2280 1651 3824 1728">
    <p class='ocr_par' dir='ltr' id='par_1_74' title="bbox 2280 1651 3824 1728">
     <span class='ocr_line' id='line_1_74' title="bbox 2280 1651 3824 1728; baseline 0.008 -22"><span class='ocrx_word' id='word_1_552' title='bbox 2280 1651 2446 1720; x_wconf 88' lang='lat' dir='ltr'><strong>catis,</strong></span> <span class='ocrx_word' id='word_1_553' title='bbox 2476 1654 2567 1709; x_wconf 93' lang='lat' dir='ltr'><strong>ille</strong></span> <span class='ocrx_word' id='word_1_554' title='bbox 2605 1666 2852 1711; x_wconf 90' lang='lat' dir='ltr'><strong>strenuus</strong></span> <span class='ocrx_word' id='word_1_555' title='bbox 2878 1656 3073 1713; x_wconf 90' lang='lat' dir='ltr'><strong>Christi</strong></span> <span class='ocrx_word' id='word_1_556' title='bbox 3104 1660 3286 1728; x_wconf 90' lang='lat' dir='ltr'><strong>miles,</strong></span> <span class='ocrx_word' id='word_1_557' title='bbox 3314 1672 3367 1716; x_wconf 90' lang='lat' dir='ltr'><strong>et</strong></span> <span class='ocrx_word' id='word_1_558' title='bbox 3398 1662 3648 1719; x_wconf 66' lang='lat' dir='ltr'><strong>Ecclesia:</strong></span> <span class='ocrx_word' id='word_1_559' title='bbox 3680 1664 3824 1719; x_wconf 84' lang='lat' dir='ltr'><strong>ﬁdelis</strong></span> 
     </span>
    </p>
   </div>
   <div class='ocr_carea' id='block_1_75' title="bbox 2282 1744 3822 1823">
    <p class='ocr_par' dir='ltr' id='par_1_75' title="bbox 2282 1744 3822 1823">
     <span class='ocr_line' id='line_1_75' title="bbox 2282 1744 3822 1823; baseline 0.008 -24"><span class='ocrx_word' id='word_1_560' title='bbox 2282 1744 2469 1801; x_wconf 89' lang='lat' dir='ltr'><strong>doctor</strong></span> <span class='ocrx_word' id='word_1_561' title='bbox 2496 1748 2746 1802; x_wconf 88' lang='lat' dir='ltr'><strong>ostendit.</strong></span> <span class='ocrx_word' id='word_1_562' title='bbox 2774 1749 3053 1817; x_wconf 89' lang='lat' dir='ltr'><strong>Quomodo</strong></span> <span class='ocrx_word' id='word_1_563' title='bbox 3091 1752 3232 1806; x_wconf 92' lang='lat' dir='ltr'><strong>enim</strong></span> <span class='ocrx_word' id='word_1_564' title='bbox 3273 1764 3547 1823; x_wconf 88' lang='lat' dir='ltr'><strong>peccatum</strong></span> <span class='ocrx_word' id='word_1_565' title='bbox 3590 1766 3822 1811; x_wconf 90' lang='lat' dir='ltr'><strong>mortuum</strong></span> 
     </span>
    </p>
   </div>
   <div class='ocr_carea' id='block_1_76' title="bbox 2283 1840 3826 1911">
    <p class='ocr_par' dir='ltr' id='par_1_76' title="bbox 2283 1840 3826 1911">
     <span class='ocr_line' id='line_1_76' title="bbox 2283 1840 3826 1911; baseline 0.008 -18"><span class='ocrx_word' id='word_1_566' title='bbox 2283 1847 2398 1902; x_wconf 90' lang='lat' dir='ltr'><strong>est,</strong></span> <span class='ocrx_word' id='word_1_567' title='bbox 2448 1853 2567 1892; x_wconf 93' lang='lat' dir='ltr'><strong>cum</strong></span> <span class='ocrx_word' id='word_1_568' title='bbox 2629 1840 2792 1894; x_wconf 90' lang='lat' dir='ltr'><strong>multa</strong></span> <span class='ocrx_word' id='word_1_569' title='bbox 2852 1849 3102 1911; x_wconf 87' lang='lat' dir='ltr'><strong>operetur</strong></span> <span class='ocrx_word' id='word_1_570' title='bbox 3160 1843 3211 1898; x_wconf 90' lang='lat' dir='ltr'><strong>in</strong></span> <span class='ocrx_word' id='word_1_571' title='bbox 3262 1845 3415 1901; x_wconf 88' lang='lat' dir='ltr'><strong>nobis</strong></span> <span class='ocrx_word' id='word_1_572' title='bbox 3480 1848 3826 1905; x_wconf 74' lang='lat' dir='ltr'><strong>reluctantibus</strong></span> 
     </span>
    </p>
   </div>
   <div class='ocr_carea' id='block_1_77' title="bbox 2282 1928 3823 2003">
    <p class='ocr_par' dir='ltr' id='par_1_77' title="bbox 2282 1928 3823 2003">
     <span class='ocr_line' id='line_1_77' title="bbox 2282 1928 3823 2003; baseline 0.006 -20"><span class='ocrx_word' id='word_1_573' title='bbox 2282 1928 2479 1983; x_wconf 87' lang='lat' dir='ltr'><strong>nobis?</strong></span> <span class='ocrx_word' id='word_1_574' title='bbox 2506 1928 2633 1998; x_wconf 75' lang='lat' dir='ltr'><strong>Qua:</strong></span> <span class='ocrx_word' id='word_1_575' title='bbox 2676 1931 2840 1986; x_wconf 90' lang='lat' dir='ltr'><strong>multa</strong></span> <span class='ocrx_word' id='word_1_576' title='bbox 2865 1973 2879 1995; x_wconf 92' lang='lat'><strong>,</strong></span> <span class='ocrx_word' id='word_1_577' title='bbox 2930 1933 3031 1987; x_wconf 91' lang='lat' dir='ltr'><strong>nisi</strong></span> <span class='ocrx_word' id='word_1_578' title='bbox 3069 1933 3331 1989; x_wconf 90' lang='lat' dir='ltr'><strong>desideria</strong></span> <span class='ocrx_word' id='word_1_579' title='bbox 3375 1937 3536 1991; x_wconf 89' lang='lat' dir='ltr'><strong>stulta</strong></span> <span class='ocrx_word' id='word_1_580' title='bbox 3573 1947 3625 1994; x_wconf 89' lang='lat' dir='ltr'><strong>et</strong></span> <span class='ocrx_word' id='word_1_581' title='bbox 3664 1940 3823 2003; x_wconf 82' lang='lat' dir='ltr'><strong>noxia,</strong></span> 
     </span>
    </p>
   </div>
   <div class='ocr_carea' id='block_1_78' title="bbox 2282 2021 3825 2098">
    <p class='ocr_par' dir='ltr' id='par_1_78' title="bbox 2282 2021 3825 2098">
     <span class='ocr_line' id='line_1_78' title="bbox 2282 2021 3825 2098; baseline 0.008 -27"><span class='ocrx_word' id='word_1_582' title='bbox 2282 2034 2401 2089; x_wconf 80' lang='lat' dir='ltr'><strong>quae</strong></span> <span class='ocrx_word' id='word_1_583' title='bbox 2430 2021 2823 2076; x_wconf 84' lang='lat' dir='ltr'><strong>consentientes</strong></span> <span class='ocrx_word' id='word_1_584' title='bbox 2862 2032 3107 2093; x_wconf 83' lang='lat' dir='ltr'><strong>mergunt</strong></span> <span class='ocrx_word' id='word_1_585' title='bbox 3135 2024 3189 2077; x_wconf 91' lang='lat' dir='ltr'><strong>in</strong></span> <span class='ocrx_word' id='word_1_586' title='bbox 3219 2024 3488 2079; x_wconf 90' lang='lat' dir='ltr'><strong>interitum</strong></span> <span class='ocrx_word' id='word_1_587' title='bbox 3527 2036 3580 2081; x_wconf 87' lang='lat' dir='ltr'><strong>et</strong></span> <span class='ocrx_word' id='word_1_588' title='bbox 3604 2028 3825 2098; x_wconf 88' lang='lat' dir='ltr'><strong>perditio-</strong></span> 
     </span>
    </p>
   </div>
   <div class='ocr_carea' id='block_1_79' title="bbox 2284 2108 3826 2188">
    <p class='ocr_par' dir='ltr' id='par_1_79' title="bbox 2284 2108 3826 2188">
     <span class='ocr_line' id='line_1_79' title="bbox 2284 2108 3826 2188; baseline 0.007 -25"><span class='ocrx_word' id='word_1_589' title='bbox 2284 2124 2405 2165; x_wconf 86' lang='lat' dir='ltr'><strong>nem</strong></span> <span class='ocrx_word' id='word_1_590' title='bbox 2434 2108 2451 2180; x_wconf 86' lang='lat'><strong>(</strong></span> <span class='ocrx_word' id='word_1_591' title='bbox 2476 2109 2490 2162; x_wconf 97' lang='lat' dir='ltr'><strong>l</strong></span> <span class='ocrx_word' id='word_1_592' title='bbox 2522 2108 2655 2165; x_wconf 82' lang='lat' dir='ltr'><strong>Tim.</strong></span> <span class='ocrx_word' id='word_1_593' title='bbox 2682 2126 2769 2176; x_wconf 92' lang='lat' dir='ltr'><strong>vt,</strong></span> <span class='ocrx_word' id='word_1_594' title='bbox 2795 2110 2900 2183; x_wconf 87' lang='lat'><strong>9)?</strong></span> <span class='ocrx_word' id='word_1_595' title='bbox 2918 2128 3035 2183; x_wconf 68' lang='lat' dir='ltr'><strong>qua:</strong></span> <span class='ocrx_word' id='word_1_596' title='bbox 3062 2114 3242 2184; x_wconf 92' lang='lat' dir='ltr'><strong>utique</strong></span> <span class='ocrx_word' id='word_1_597' title='bbox 3269 2116 3504 2185; x_wconf 90' lang='lat' dir='ltr'><strong>perpeti,</strong></span> <span class='ocrx_word' id='word_1_598' title='bbox 3537 2118 3708 2188; x_wconf 89' lang='lat' dir='ltr'><strong>eisque</strong></span> <span class='ocrx_word' id='word_1_599' title='bbox 3740 2134 3826 2173; x_wconf 89' lang='lat' dir='ltr'><strong>non</strong></span> 
     </span>
    </p>
   </div>
   <div class='ocr_carea' id='block_1_80' title="bbox 2283 2202 3827 2283">
    <p class='ocr_par' dir='ltr' id='par_1_80' title="bbox 2283 2202 3827 2283">
     <span class='ocr_line' id='line_1_80' title="bbox 2283 2202 3827 2283; baseline 0.007 -28"><span class='ocrx_word' id='word_1_600' title='bbox 2283 2202 2611 2267; x_wconf 90' lang='lat' dir='ltr'><strong>consentire,</strong></span> <span class='ocrx_word' id='word_1_601' title='bbox 2640 2213 2909 2259; x_wconf 83' lang='lat' dir='ltr'><strong>certamen</strong></span> <span class='ocrx_word' id='word_1_602' title='bbox 2941 2213 3052 2269; x_wconf 90' lang='lat' dir='ltr'><strong>est,</strong></span> <span class='ocrx_word' id='word_1_603' title='bbox 3092 2206 3367 2263; x_wconf 78' lang='lat' dir='ltr'><strong>conflictus</strong></span> <span class='ocrx_word' id='word_1_604' title='bbox 3406 2219 3519 2276; x_wconf 89' lang='lat' dir='ltr'><strong>est,</strong></span> <span class='ocrx_word' id='word_1_605' title='bbox 3548 2226 3711 2283; x_wconf 87' lang='lat' dir='ltr'><strong>pugna</strong></span> <span class='ocrx_word' id='word_1_606' title='bbox 3744 2221 3827 2267; x_wconf 90' lang='lat' dir='ltr'><strong>est.</strong></span> 
     </span>
    </p>
   </div>
   <div class='ocr_carea' id='block_1_81' title="bbox 2285 2291 3830 2366">
    <p class='ocr_par' dir='ltr' id='par_1_81' title="bbox 2285 2291 3830 2366">
     <span class='ocr_line' id='line_1_81' title="bbox 2285 2291 3830 2366; baseline 0.008 -20"><span class='ocrx_word' id='word_1_607' title='bbox 2285 2291 2522 2360; x_wconf 89' lang='lat' dir='ltr'><strong>Quorum</strong></span> <span class='ocrx_word' id='word_1_608' title='bbox 2552 2309 2721 2365; x_wconf 82' lang='lat' dir='ltr'><strong>pugna</strong></span> <span class='ocrx_word' id='word_1_609' title='bbox 2743 2336 2759 2361; x_wconf 95' lang='lat'><strong>,</strong></span> <span class='ocrx_word' id='word_1_610' title='bbox 2791 2295 2892 2352; x_wconf 87' lang='lat' dir='ltr'><strong>nisi</strong></span> <span class='ocrx_word' id='word_1_611' title='bbox 2919 2296 3042 2351; x_wconf 90' lang='lat' dir='ltr'><strong>boni</strong></span> <span class='ocrx_word' id='word_1_612' title='bbox 3069 2306 3122 2352; x_wconf 89' lang='lat' dir='ltr'><strong>et</strong></span> <span class='ocrx_word' id='word_1_613' title='bbox 3147 2299 3301 2366; x_wconf 90' lang='lat' dir='ltr'><strong>mali,</strong></span> <span class='ocrx_word' id='word_1_614' title='bbox 3331 2315 3435 2354; x_wconf 91' lang='lat' dir='ltr'><strong>non</strong></span> <span class='ocrx_word' id='word_1_615' title='bbox 3460 2311 3658 2357; x_wconf 71' lang='lat' dir='ltr'><strong>natura:</strong></span> <span class='ocrx_word' id='word_1_616' title='bbox 3679 2302 3830 2357; x_wconf 85' lang='lat' dir='ltr'><strong>adver-</strong></span> 
     </span>
    </p>
   </div>
   <div class='ocr_carea' id='block_1_82' title="bbox 2285 2384 3830 2464">
    <p class='ocr_par' dir='ltr' id='par_1_82' title="bbox 2285 2384 3830 2464">
     <span class='ocr_line' id='line_1_82' title="bbox 2285 2384 3830 2464; baseline 0.009 -28"><span class='ocrx_word' id='word_1_617' title='bbox 2285 2397 2375 2437; x_wconf 88' lang='lat' dir='ltr'><strong>sus</strong></span> <span class='ocrx_word' id='word_1_618' title='bbox 2396 2392 2667 2452; x_wconf 88' lang='lat' dir='ltr'><strong>naturam,</strong></span> <span class='ocrx_word' id='word_1_619' title='bbox 2692 2384 2786 2440; x_wconf 90' lang='lat' dir='ltr'><strong>sed</strong></span> <span class='ocrx_word' id='word_1_620' title='bbox 2813 2397 3013 2442; x_wconf 83' lang='lat' dir='ltr'><strong>naturae</strong></span> <span class='ocrx_word' id='word_1_621' title='bbox 3041 2388 3508 2447; x_wconf 82' lang='lat' dir='ltr'><strong>adversus’vitium</strong></span> <span class='ocrx_word' id='word_1_622' title='bbox 3532 2436 3546 2459; x_wconf 94' lang='lat'><strong>,</strong></span> <span class='ocrx_word' id='word_1_623' title='bbox 3572 2393 3677 2464; x_wconf 86' lang='lat' dir='ltr'><strong>jam</strong></span> <span class='ocrx_word' id='word_1_624' title='bbox 3708 2409 3830 2449; x_wconf 83' lang='lat' dir='ltr'><strong>mor-</strong></span> 
     </span>
    </p>
   </div>
   <div class='ocr_carea' id='block_1_83' title="bbox 2287 2475 3830 2551">
    <p class='ocr_par' dir='ltr' id='par_1_83' title="bbox 2287 2475 3830 2551">
     <span class='ocr_line' id='line_1_83' title="bbox 2287 2475 3830 2551; baseline 0.006 -23"><span class='ocrx_word' id='word_1_625' title='bbox 2287 2482 2433 2528; x_wconf 90' lang='lat' dir='ltr'><strong>tuum</strong></span> <span class='ocrx_word' id='word_1_626' title='bbox 2453 2515 2470 2542; x_wconf 95' lang='lat'><strong>,</strong></span> <span class='ocrx_word' id='word_1_627' title='bbox 2501 2475 2593 2530; x_wconf 91' lang='lat' dir='ltr'><strong>sed</strong></span> <span class='ocrx_word' id='word_1_628' title='bbox 2635 2475 2807 2533; x_wconf 90' lang='lat' dir='ltr'><strong>adhuc</strong></span> <span class='ocrx_word' id='word_1_629' title='bbox 2831 2479 3221 2548; x_wconf 88' lang='lat' dir='ltr'><strong>sepeliendum,</strong></span> <span class='ocrx_word' id='word_1_630' title='bbox 3242 2481 3292 2535; x_wconf 90' lang='lat' dir='ltr'><strong>id</strong></span> <span class='ocrx_word' id='word_1_631' title='bbox 3312 2491 3414 2551; x_wconf 90' lang='lat' dir='ltr'><strong>est,</strong></span> <span class='ocrx_word' id='word_1_632' title='bbox 3433 2484 3649 2539; x_wconf 89' lang='lat' dir='ltr'><strong>omnino</strong></span> <span class='ocrx_word' id='word_1_633' title='bbox 3663 2499 3830 2540; x_wconf 80' lang='lat' dir='ltr'><strong>sanan-</strong></span> 
     </span>
    </p>
   </div>
   <div class='ocr_carea' id='block_1_84' title="bbox 2285 2567 3831 2647">
    <p class='ocr_par' dir='ltr' id='par_1_84' title="bbox 2285 2567 3831 2647">
     <span class='ocr_line' id='line_1_84' title="bbox 2285 2567 3831 2647; baseline 0.008 -27"><span class='ocrx_word' id='word_1_634' title='bbox 2285 2567 2410 2621; x_wconf 88' lang='lat' dir='ltr'><strong>dum</strong></span> <span class='ocrx_word' id='word_1_635' title='bbox 2431 2569 2455 2620; x_wconf 63' lang='grc' dir='ltr'><strong>ἲ</strong></span> <span class='ocrx_word' id='word_1_636' title='bbox 2476 2567 2755 2635; x_wconf 89' lang='lat' dir='ltr'><strong>Quomodo</strong></span> <span class='ocrx_word' id='word_1_637' title='bbox 2769 2584 2896 2640; x_wconf 84' lang='lat' dir='ltr'><strong>ergo</strong></span> <span class='ocrx_word' id='word_1_638' title='bbox 2924 2581 3189 2627; x_wconf 91' lang='lat' dir='ltr'><strong>mortuum</strong></span> <span class='ocrx_word' id='word_1_639' title='bbox 3214 2573 3437 2630; x_wconf 90' lang='lat' dir='ltr'><strong>dicimus</strong></span> <span class='ocrx_word' id='word_1_640' title='bbox 3459 2575 3563 2631; x_wconf 91' lang='lat' dir='ltr'><strong>hoc</strong></span> <span class='ocrx_word' id='word_1_641' title='bbox 3591 2586 3831 2647; x_wconf 88' lang='lat' dir='ltr'><strong>peccatum</strong></span> 
     </span>
    </p>
   </div>
   <div class='ocr_carea' id='block_1_85' title="bbox 2287 2660 3832 2741">
    <p class='ocr_par' dir='ltr' id='par_1_85' title="bbox 2287 2660 3832 2741">
     <span class='ocr_line' id='line_1_85' title="bbox 2287 2660 3832 2741; baseline 0.007 -27"><span class='ocrx_word' id='word_1_642' title='bbox 2287 2661 2339 2715; x_wconf 92' lang='lat' dir='ltr'><strong>in</strong></span> <span class='ocrx_word' id='word_1_643' title='bbox 2367 2660 2692 2730; x_wconf 86' lang='lat' dir='ltr'><strong>Baptismate</strong></span> <span class='ocrx_word' id='word_1_644' title='bbox 2710 2704 2725 2730; x_wconf 92' lang='lat'><strong>,</strong></span> <span class='ocrx_word' id='word_1_645' title='bbox 2761 2663 2896 2720; x_wconf 87' lang='lat' dir='ltr'><strong>sicut</strong></span> <span class='ocrx_word' id='word_1_646' title='bbox 2925 2663 3084 2719; x_wconf 88' lang='lat' dir='ltr'><strong>etiam</strong></span> <span class='ocrx_word' id='word_1_647' title='bbox 3116 2665 3213 2720; x_wconf 89' lang='lat' dir='ltr'><strong>iste</strong></span> <span class='ocrx_word' id='word_1_648' title='bbox 3234 2667 3313 2721; x_wconf 92' lang='lat' dir='ltr'><strong>vir</strong></span> <span class='ocrx_word' id='word_1_649' title='bbox 3332 2666 3492 2735; x_wconf 88' lang='lat' dir='ltr'><strong>dicit,</strong></span> <span class='ocrx_word' id='word_1_650' title='bbox 3518 2679 3574 2724; x_wconf 91' lang='lat' dir='ltr'><strong>et</strong></span> <span class='ocrx_word' id='word_1_651' title='bbox 3596 2670 3832 2741; x_wconf 86' lang='lat' dir='ltr'><strong>quomodo</strong></span> 
     </span>
    </p>
   </div>
   <div class='ocr_carea' id='block_1_86' title="bbox 2290 2752 3833 2831">
    <p class='ocr_par' dir='ltr' id='par_1_86' title="bbox 2290 2752 3833 2831">
     <span class='ocr_line' id='line_1_86' title="bbox 2290 2752 3833 2831; baseline 0.005 -25"><span class='ocrx_word' id='word_1_652' title='bbox 2290 2752 2530 2809; x_wconf 84' lang='lat' dir='ltr'><strong>habitare</strong></span> <span class='ocrx_word' id='word_1_653' title='bbox 2570 2753 2623 2808; x_wconf 91' lang='lat' dir='ltr'><strong>in</strong></span> <span class='ocrx_word' id='word_1_654' title='bbox 2662 2754 2916 2811; x_wconf 85' lang='lat' dir='ltr'><strong>membris</strong></span> <span class='ocrx_word' id='word_1_655' title='bbox 2942 2755 3191 2824; x_wconf 87' lang='lat' dir='ltr'><strong>fatemur,</strong></span> <span class='ocrx_word' id='word_1_656' title='bbox 3213 2765 3269 2815; x_wconf 88' lang='lat' dir='ltr'><strong>et</strong></span> <span class='ocrx_word' id='word_1_657' title='bbox 3295 2759 3460 2815; x_wconf 87' lang='lat' dir='ltr'><strong>multa</strong></span> <span class='ocrx_word' id='word_1_658' title='bbox 3483 2761 3689 2831; x_wconf 89' lang='lat' dir='ltr'><strong>operari</strong></span> <span class='ocrx_word' id='word_1_659' title='bbox 3714 2760 3833 2816; x_wconf 88' lang='lat' dir='ltr'><strong>desi-</strong></span> 
     </span>
    </p>
   </div>
   <div class='ocr_carea' id='block_1_87' title="bbox 2285 2845 3835 2921">
    <p class='ocr_par' dir='ltr' id='par_1_87' title="bbox 2285 2845 3835 2921">
     <span class='ocr_line' id='line_1_87' title="bbox 2285 2845 3835 2921; baseline 0.003 -20"><span class='ocrx_word' id='word_1_660' title='bbox 2285 2845 2433 2902; x_wconf 90' lang='lat' dir='ltr'><strong>deria</strong></span> <span class='ocrx_word' id='word_1_661' title='bbox 2461 2848 2843 2905; x_wconf 88' lang='lat' dir='ltr'><strong>reluctantibus</strong></span> <span class='ocrx_word' id='word_1_662' title='bbox 2871 2850 3054 2916; x_wconf 88' lang='lat' dir='ltr'><strong>nobis,</strong></span> <span class='ocrx_word' id='word_1_663' title='bbox 3105 2851 3297 2921; x_wconf 87' lang='lat' dir='ltr'><strong>quibus</strong></span> <span class='ocrx_word' id='word_1_664' title='bbox 3340 2868 3447 2909; x_wconf 90' lang='lat' dir='ltr'><strong>non</strong></span> <span class='ocrx_word' id='word_1_665' title='bbox 3486 2854 3835 2911; x_wconf 83' lang='lat' dir='ltr'><strong>consentiendo</strong></span> 
     </span>
    </p>
   </div>
   <div class='ocr_carea' id='block_1_88' title="bbox 2288 2940 3834 3017">
    <p class='ocr_par' dir='ltr' id='par_1_88' title="bbox 2288 2940 3834 3017">
     <span class='ocr_line' id='line_1_88' title="bbox 2288 2940 3834 3017; baseline 0.003 -23"><span class='ocrx_word' id='word_1_666' title='bbox 2288 2940 2614 3007; x_wconf 88' lang='lat' dir='ltr'><strong>resistimus,</strong></span> <span class='ocrx_word' id='word_1_667' title='bbox 2638 2941 2775 2996; x_wconf 90' lang='lat' dir='ltr'><strong>sicut</strong></span> <span class='ocrx_word' id='word_1_668' title='bbox 2798 2942 2957 2998; x_wconf 87' lang='lat' dir='ltr'><strong>etiam</strong></span> <span class='ocrx_word' id='word_1_669' title='bbox 2987 2943 3070 2998; x_wconf 90' lang='lat' dir='ltr'><strong>hic</strong></span> <span class='ocrx_word' id='word_1_670' title='bbox 3089 2944 3173 2998; x_wconf 82' lang='lat' dir='ltr'><strong>vir</strong></span> <span class='ocrx_word' id='word_1_671' title='bbox 3193 2943 3420 3011; x_wconf 85' lang='lat' dir='ltr'><strong>fatetur;</strong></span> <span class='ocrx_word' id='word_1_672' title='bbox 3448 2946 3552 3001; x_wconf 91' lang='lat' dir='ltr'><strong>nisi</strong></span> <span class='ocrx_word' id='word_1_673' title='bbox 3574 2947 3690 3017; x_wconf 85' lang='lat' dir='ltr'><strong>quia</strong></span> <span class='ocrx_word' id='word_1_674' title='bbox 3714 2960 3834 2999; x_wconf 88' lang='lat' dir='ltr'><strong>mor-</strong></span> 
     </span>
    </p>
   </div>
   <div class='ocr_carea' id='block_1_89' title="bbox 2289 3035 3838 3105">
    <p class='ocr_par' dir='ltr' id='par_1_89' title="bbox 2289 3035 3838 3105">
     <span class='ocr_line' id='line_1_89' title="bbox 2289 3035 3838 3105; baseline 0.003 -19"><span class='ocrx_word' id='word_1_675' title='bbox 2289 3042 2436 3086; x_wconf 89' lang='lat' dir='ltr'><strong>tuum</strong></span> <span class='ocrx_word' id='word_1_676' title='bbox 2475 3041 2559 3088; x_wconf 87' lang='lat' dir='ltr'><strong>est</strong></span> <span class='ocrx_word' id='word_1_677' title='bbox 2603 3035 2655 3087; x_wconf 91' lang='lat' dir='ltr'><strong>in</strong></span> <span class='ocrx_word' id='word_1_678' title='bbox 2680 3047 2745 3088; x_wconf 93' lang='lat' dir='ltr'><strong>eo</strong></span> <span class='ocrx_word' id='word_1_679' title='bbox 2783 3042 2932 3089; x_wconf 89' lang='lat' dir='ltr'><strong>reatu</strong></span> <span class='ocrx_word' id='word_1_680' title='bbox 2957 3048 3064 3105; x_wconf 88' lang='lat' dir='ltr'><strong>quo</strong></span> <span class='ocrx_word' id='word_1_681' title='bbox 3088 3049 3186 3089; x_wconf 89' lang='lat' dir='ltr'><strong>nos</strong></span> <span class='ocrx_word' id='word_1_682' title='bbox 3222 3035 3463 3101; x_wconf 81' lang='lat' dir='ltr'><strong>tenebat,</strong></span> <span class='ocrx_word' id='word_1_683' title='bbox 3496 3047 3553 3092; x_wconf 86' lang='lat' dir='ltr'><strong>et</strong></span> <span class='ocrx_word' id='word_1_684' title='bbox 3586 3037 3744 3091; x_wconf 88' lang='lat' dir='ltr'><strong>donec</strong></span> <span class='ocrx_word' id='word_1_685' title='bbox 3768 3051 3838 3090; x_wconf 82' lang='lat' dir='ltr'><strong>se-</strong></span> 
     </span>
    </p>
   </div>
   <div class='ocr_carea' id='block_1_90' title="bbox 2289 3120 3839 3193">
    <p class='ocr_par' dir='ltr' id='par_1_90' title="bbox 2289 3120 3839 3193">
     <span class='ocr_line' id='line_1_90' title="bbox 2289 3120 3839 3193; baseline 0.001 -14"><span class='ocrx_word' id='word_1_686' title='bbox 2289 3122 2512 3193; x_wconf 66' lang='lat' dir='ltr'><strong>pulturae</strong></span> <span class='ocrx_word' id='word_1_687' title='bbox 2552 3120 2878 3193; x_wconf 88' lang='lat' dir='ltr'><strong>perfectione</strong></span> <span class='ocrx_word' id='word_1_688' title='bbox 2924 3134 3170 3192; x_wconf 86' lang='lat' dir='ltr'><strong>sanetur,</strong></span> <span class='ocrx_word' id='word_1_689' title='bbox 3217 3125 3440 3181; x_wconf 87' lang='lat' dir='ltr'><strong>rebellat</strong></span> <span class='ocrx_word' id='word_1_690' title='bbox 3462 3134 3521 3182; x_wconf 90' lang='lat' dir='ltr'><strong>et</strong></span> <span class='ocrx_word' id='word_1_691' title='bbox 3560 3124 3839 3181; x_wconf 75' lang='lat' dir='ltr'><strong>mortuum?</strong></span> 
     </span>
    </p>
   </div>
   <div class='ocr_carea' id='block_1_91' title="bbox 2287 3212 3842 3287">
    <p class='ocr_par' dir='ltr' id='par_1_91' title="bbox 2287 3212 3842 3287">
     <span class='ocr_line' id='line_1_91' title="bbox 2287 3212 3842 3287; baseline 0.003 -19"><span class='ocrx_word' id='word_1_692' title='bbox 2287 3212 2542 3285; x_wconf 85' lang='lat' dir='ltr'><strong>Quamvis</strong></span> <span class='ocrx_word' id='word_1_693' title='bbox 2558 3229 2668 3284; x_wconf 80' lang='lat' dir='ltr'><strong>jam</strong></span> <span class='ocrx_word' id='word_1_694' title='bbox 2693 3228 2801 3270; x_wconf 90' lang='lat' dir='ltr'><strong>non</strong></span> <span class='ocrx_word' id='word_1_695' title='bbox 2831 3229 2897 3269; x_wconf 86' lang='lat' dir='ltr'><strong>eo</strong></span> <span class='ocrx_word' id='word_1_696' title='bbox 2926 3214 3087 3270; x_wconf 91' lang='lat' dir='ltr'><strong>modo</strong></span> <span class='ocrx_word' id='word_1_697' title='bbox 3105 3216 3400 3286; x_wconf 88' lang='lat' dir='ltr'><strong>appelletur</strong></span> <span class='ocrx_word' id='word_1_698' title='bbox 3426 3226 3701 3287; x_wconf 88' lang='lat' dir='ltr'><strong>peccatum</strong></span> <span class='ocrx_word' id='word_1_699' title='bbox 3718 3258 3732 3282; x_wconf 90' lang='lat'><strong>,</strong></span> <span class='ocrx_word' id='word_1_700' title='bbox 3756 3229 3842 3286; x_wconf 75' lang='lat' dir='ltr'><strong>quo</strong></span> 
     </span>
    </p>
   </div>
   <div class='ocr_carea' id='block_1_92' title="bbox 2289 3302 3840 3378">
    <p class='ocr_par' dir='ltr' id='par_1_92' title="bbox 2289 3302 3840 3378">
     <span class='ocr_line' id='line_1_92' title="bbox 2289 3302 3840 3378; baseline 0.002 -19"><span class='ocrx_word' id='word_1_701' title='bbox 2289 3302 2418 3360; x_wconf 79' lang='lat' dir='ltr'><strong>facit</strong></span> <span class='ocrx_word' id='word_1_702' title='bbox 2437 3319 2619 3371; x_wconf 88' lang='lat' dir='ltr'><strong>reum;</strong></span> <span class='ocrx_word' id='word_1_703' title='bbox 2655 3305 2748 3360; x_wconf 86' lang='lat' dir='ltr'><strong>sed</strong></span> <span class='ocrx_word' id='word_1_704' title='bbox 2775 3305 2915 3376; x_wconf 86' lang='lat' dir='ltr'><strong>quod</strong></span> <span class='ocrx_word' id='word_1_705' title='bbox 2941 3307 3010 3362; x_wconf 90' lang='lat' dir='ltr'><strong>sit</strong></span> <span class='ocrx_word' id='word_1_706' title='bbox 3033 3317 3183 3362; x_wconf 90' lang='lat' dir='ltr'><strong>reatu</strong></span> <span class='ocrx_word' id='word_1_707' title='bbox 3210 3309 3363 3378; x_wconf 87' lang='lat' dir='ltr'><strong>primi</strong></span> <span class='ocrx_word' id='word_1_708' title='bbox 3395 3308 3633 3365; x_wconf 89' lang='lat' dir='ltr'><strong>hominis</strong></span> <span class='ocrx_word' id='word_1_709' title='bbox 3648 3308 3840 3374; x_wconf 73' lang='lat' dir='ltr'><strong>factum,</strong></span> 
     </span>
    </p>
   </div>
   <div class='ocr_carea' id='block_1_93' title="bbox 2288 3396 3839 3469">
    <p class='ocr_par' dir='ltr' id='par_1_93' title="bbox 2288 3396 3839 3469">
     <span class='ocr_line' id='line_1_93' title="bbox 2288 3396 3839 3469; baseline 0.001 -16"><span class='ocrx_word' id='word_1_710' title='bbox 2288 3406 2344 3453; x_wconf 87' lang='lat' dir='ltr'><strong>et</strong></span> <span class='ocrx_word' id='word_1_711' title='bbox 2370 3396 2513 3469; x_wconf 84' lang='lat' dir='ltr'><strong>quod</strong></span> <span class='ocrx_word' id='word_1_712' title='bbox 2554 3396 2864 3453; x_wconf 89' lang='lat' dir='ltr'><strong>rebellando</strong></span> <span class='ocrx_word' id='word_1_713' title='bbox 2905 3413 3004 3453; x_wconf 90' lang='lat' dir='ltr'><strong>nos</strong></span> <span class='ocrx_word' id='word_1_714' title='bbox 3045 3399 3253 3454; x_wconf 84' lang='lat' dir='ltr'><strong>trahere</strong></span> <span class='ocrx_word' id='word_1_715' title='bbox 3292 3400 3476 3459; x_wconf 73' lang='lat' dir='ltr'><strong>nititur</strong></span> <span class='ocrx_word' id='word_1_716' title='bbox 3520 3400 3590 3457; x_wconf 89' lang='lat' dir='ltr'><strong>ad</strong></span> <span class='ocrx_word' id='word_1_717' title='bbox 3633 3409 3839 3461; x_wconf 83' lang='lat' dir='ltr'><strong>reatum.</strong></span> 
     </span>
    </p>
   </div>
   <div class='ocr_carea' id='block_1_94' title="bbox 2289 3485 3841 3559">
    <p class='ocr_par' dir='ltr' id='par_1_94' title="bbox 2289 3485 3841 3559">
     <span class='ocr_line' id='line_1_94' title="bbox 2289 3485 3841 3559; baseline -0.001 -16"><span class='ocrx_word' id='word_1_718' title='bbox 2289 3487 2391 3544; x_wconf 88' lang='lat' dir='ltr'><strong>nisi</strong></span> <span class='ocrx_word' id='word_1_719' title='bbox 2419 3485 2632 3558; x_wconf 85' lang='lat' dir='ltr'><strong>adjuvet</strong></span> <span class='ocrx_word' id='word_1_720' title='bbox 2660 3502 2759 3543; x_wconf 88' lang='lat' dir='ltr'><strong>nos</strong></span> <span class='ocrx_word' id='word_1_721' title='bbox 2797 3490 2962 3559; x_wconf 89' lang='lat' dir='ltr'><strong>gratia</strong></span> <span class='ocrx_word' id='word_1_722' title='bbox 3001 3486 3092 3544; x_wconf 90' lang='lat' dir='ltr'><strong>Dei</strong></span> <span class='ocrx_word' id='word_1_723' title='bbox 3120 3504 3214 3559; x_wconf 88' lang='lat' dir='ltr'><strong>per</strong></span> <span class='ocrx_word' id='word_1_724' title='bbox 3240 3488 3419 3545; x_wconf 79' lang='lat' dir='ltr'><strong>Jcsum</strong></span> <span class='ocrx_word' id='word_1_725' title='bbox 3448 3488 3714 3546; x_wconf 88' lang='lat' dir='ltr'><strong>Christum</strong></span> <span class='ocrx_word' id='word_1_726' title='bbox 3753 3488 3841 3542; x_wconf 90' lang='lat' dir='ltr'><strong>Do-</strong></span> 
     </span>
    </p>
   </div>
   <div class='ocr_carea' id='block_1_95' title="bbox 2289 3581 3841 3659">
    <p class='ocr_par' dir='ltr' id='par_1_95' title="bbox 2289 3581 3841 3659">
     <span class='ocr_line' id='line_1_95' title="bbox 2289 3581 3841 3659; baseline -0.003 -22"><span class='ocrx_word' id='word_1_727' title='bbox 2289 3581 2491 3637; x_wconf 90' lang='lat' dir='ltr'><strong>minum</strong></span> <span class='ocrx_word' id='word_1_728' title='bbox 2535 3590 2808 3659; x_wconf 87' lang='lat' dir='ltr'><strong>nostrum,</strong></span> <span class='ocrx_word' id='word_1_729' title='bbox 2860 3596 2926 3637; x_wconf 91' lang='lat' dir='ltr'><strong>ne</strong></span> <span class='ocrx_word' id='word_1_730' title='bbox 2972 3583 3049 3637; x_wconf 91' lang='lat' dir='ltr'><strong>sic</strong></span> <span class='ocrx_word' id='word_1_731' title='bbox 3088 3582 3244 3637; x_wconf 91' lang='lat' dir='ltr'><strong>etiam</strong></span> <span class='ocrx_word' id='word_1_732' title='bbox 3286 3592 3557 3637; x_wconf 87' lang='lat' dir='ltr'><strong>mortuum</strong></span> <span class='ocrx_word' id='word_1_733' title='bbox 3600 3590 3841 3654; x_wconf 87' lang='lat' dir='ltr'><strong>peccatum</strong></span> 
     </span>
    </p>
   </div>
   <div class='ocr_carea' id='block_1_96' title="bbox 2289 3669 3515 3742">
    <p class='ocr_par' dir='ltr' id='par_1_96' title="bbox 2289 3669 3515 3742">
     <span class='ocr_line' id='line_1_96' title="bbox 2289 3669 3515 3742; baseline -0.002 -14"><span class='ocrx_word' id='word_1_734' title='bbox 2289 3672 2540 3738; x_wconf 89' lang='lat' dir='ltr'><strong>rebellet,</strong></span> <span class='ocrx_word' id='word_1_735' title='bbox 2564 3681 2619 3726; x_wconf 91' lang='lat' dir='ltr'><strong>ut</strong></span> <span class='ocrx_word' id='word_1_736' title='bbox 2649 3669 2908 3726; x_wconf 89' lang='lat' dir='ltr'><strong>vincendo</strong></span> <span class='ocrx_word' id='word_1_737' title='bbox 2931 3673 3210 3726; x_wconf 82' lang='lat' dir='ltr'><strong>reviviscat</strong></span> <span class='ocrx_word' id='word_1_738' title='bbox 3228 3680 3280 3726; x_wconf 88' lang='lat' dir='ltr'><strong>et</strong></span> <span class='ocrx_word' id='word_1_739' title='bbox 3313 3681 3515 3742; x_wconf 80' lang='lat' dir='ltr'><strong>regnet.</strong></span> 
     </span>
    </p>
   </div>
   <div class='ocr_carea' id='block_1_97' title="bbox 2358 3759 3842 3833">
    <p class='ocr_par' dir='ltr' id='par_1_97' title="bbox 2358 3759 3842 3833">
     <span class='ocr_line' id='line_1_97' title="bbox 2358 3759 3842 3833; baseline -0.006 -14"><span class='ocrx_word' id='word_1_740' title='bbox 2358 3762 2586 3819; x_wconf 83' lang='lat' dir='ltr'><strong>CAPUT</strong></span> <span class='ocrx_word' id='word_1_741' title='bbox 2617 3761 2868 3817; x_wconf 77' lang='lat' dir='ltr'><strong>X.-——53.</strong></span> <span class='ocrx_word' id='word_1_742' title='bbox 2902 3763 2960 3818; x_wconf 91' lang='lat' dir='ltr'><strong>ln</strong></span> <span class='ocrx_word' id='word_1_743' title='bbox 2988 3762 3088 3817; x_wconf 92' lang='lat' dir='ltr'><strong>hoc</strong></span> <span class='ocrx_word' id='word_1_744' title='bbox 3116 3762 3255 3818; x_wconf 92' lang='lat' dir='ltr'><strong>bello</strong></span> <span class='ocrx_word' id='word_1_745' title='bbox 3284 3759 3842 3833; x_wconf 83' lang='lat' dir='ltr'><strong>laborantes,quamdiu</strong></span> 
     </span>
    </p>
   </div>
   <div class='ocr_carea' id='block_1_98' title="bbox 2291 3851 3843 3927">
    <p class='ocr_par' dir='ltr' id='par_1_98' title="bbox 2291 3851 3843 3927">
     <span class='ocr_line' id='line_1_98' title="bbox 2291 3851 3843 3927; baseline -0.001 -15"><span class='ocrx_word' id='word_1_746' title='bbox 2291 3856 2515 3912; x_wconf 86' lang='lat' dir='ltr'><strong>tentatio</strong></span> <span class='ocrx_word' id='word_1_747' title='bbox 2540 3863 2625 3910; x_wconf 83' lang='lat' dir='ltr'><strong>est</strong></span> <span class='ocrx_word' id='word_1_748' title='bbox 2674 3857 2776 3909; x_wconf 87' lang='lat' dir='ltr'><strong>vita</strong></span> <span class='ocrx_word' id='word_1_749' title='bbox 2804 3854 3033 3909; x_wconf 89' lang='lat' dir='ltr'><strong>humana</strong></span> <span class='ocrx_word' id='word_1_750' title='bbox 3061 3870 3221 3923; x_wconf 89' lang='lat' dir='ltr'><strong>super</strong></span> <span class='ocrx_word' id='word_1_751' title='bbox 3263 3864 3455 3909; x_wconf 90' lang='lat' dir='ltr'><strong>terram</strong></span> <span class='ocrx_word' id='word_1_752' title='bbox 3490 3853 3629 3927; x_wconf 85' lang='lat' dir='ltr'><strong>(Job</strong></span> <span class='ocrx_word' id='word_1_753' title='bbox 3654 3870 3749 3914; x_wconf 88' lang='lat' dir='ltr'><strong>vn.</strong></span> <span class='ocrx_word' id='word_1_754' title='bbox 3773 3851 3843 3923; x_wconf 76' lang='grc' dir='ltr'><strong>η.</strong></span> 
     </span>
    </p>
   </div>
   <div class='ocr_carea' id='block_1_99' title="bbox 2290 3943 3846 4016">
    <p class='ocr_par' dir='ltr' id='par_1_99' title="bbox 2290 3943 3846 4016">
     <span class='ocr_line' id='line_1_99' title="bbox 2290 3943 3846 4016; baseline -0.004 -13"><span class='ocrx_word' id='word_1_755' title='bbox 2290 3963 2396 4003; x_wconf 91' lang='lat' dir='ltr'><strong>non</strong></span> <span class='ocrx_word' id='word_1_756' title='bbox 2434 3946 2554 4003; x_wconf 90' lang='lat' dir='ltr'><strong>ideo</strong></span> <span class='ocrx_word' id='word_1_757' title='bbox 2589 3946 2706 4001; x_wconf 91' lang='lat' dir='ltr'><strong>sine</strong></span> <span class='ocrx_word' id='word_1_758' title='bbox 2739 3955 2954 4016; x_wconf 89' lang='lat' dir='ltr'><strong>peccato</strong></span> <span class='ocrx_word' id='word_1_759' title='bbox 2984 3961 3087 4000; x_wconf 92' lang='lat' dir='ltr'><strong>non</strong></span> <span class='ocrx_word' id='word_1_760' title='bbox 3122 3960 3334 4013; x_wconf 89' lang='lat' dir='ltr'><strong>sumus,</strong></span> <span class='ocrx_word' id='word_1_761' title='bbox 3365 3946 3489 4016; x_wconf 87' lang='lat' dir='ltr'><strong>quia</strong></span> <span class='ocrx_word' id='word_1_762' title='bbox 3521 3947 3621 4001; x_wconf 89' lang='lat' dir='ltr'><strong>hoc</strong></span> <span class='ocrx_word' id='word_1_763' title='bbox 3641 3943 3765 4016; x_wconf 89' lang='lat' dir='ltr'><strong>quod</strong></span> <span class='ocrx_word' id='word_1_764' title='bbox 3791 3956 3846 3997; x_wconf 86' lang='lat' dir='ltr'><strong>eo</strong></span> 
     </span>
    </p>
   </div>
   <div class='ocr_carea' id='block_1_100' title="bbox 2290 4035 3843 4106">
    <p class='ocr_par' dir='ltr' id='par_1_100' title="bbox 2290 4035 3843 4106">
     <span class='ocr_line' id='line_1_100' title="bbox 2290 4035 3843 4106; baseline -0.005 -12"><span class='ocrx_word' id='word_1_765' title='bbox 2290 4038 2451 4094; x_wconf 91' lang='lat' dir='ltr'><strong>modo</strong></span> <span class='ocrx_word' id='word_1_766' title='bbox 2480 4046 2752 4106; x_wconf 90' lang='lat' dir='ltr'><strong>peccatum</strong></span> <span class='ocrx_word' id='word_1_767' title='bbox 2793 4035 3004 4100; x_wconf 85' lang='lat' dir='ltr'><strong>dicitur,</strong></span> <span class='ocrx_word' id='word_1_768' title='bbox 3038 4044 3288 4105; x_wconf 83' lang='lat' dir='ltr'><strong>operatur</strong></span> <span class='ocrx_word' id='word_1_769' title='bbox 3329 4035 3380 4088; x_wconf 94' lang='lat' dir='ltr'><strong>in</strong></span> <span class='ocrx_word' id='word_1_770' title='bbox 3416 4036 3670 4089; x_wconf 91' lang='lat' dir='ltr'><strong>membris</strong></span> <span class='ocrx_word' id='word_1_771' title='bbox 3711 4048 3843 4101; x_wconf 88' lang='lat' dir='ltr'><strong>repu-</strong></span> 
     </span>
    </p>
   </div>
   <div class='ocr_carea' id='block_1_101' title="bbox 2290 4116 3845 4201">
    <p class='ocr_par' dir='ltr' id='par_1_101' title="bbox 2290 4116 3845 4201">
     <span class='ocr_line' id='line_1_101' title="bbox 2290 4116 3845 4201; baseline -0.005 -17"><span class='ocrx_word' id='word_1_772' title='bbox 2290 4145 2461 4201; x_wconf 87' lang='lat' dir='ltr'><strong>gnans</strong></span> <span class='ocrx_word' id='word_1_773' title='bbox 2491 4129 2591 4200; x_wconf 89' lang='lat' dir='ltr'><strong>legi</strong></span> <span class='ocrx_word' id='word_1_774' title='bbox 2619 4129 2840 4192; x_wconf 89' lang='lat' dir='ltr'><strong>mentis,</strong></span> <span class='ocrx_word' id='word_1_775' title='bbox 2877 4126 3034 4182; x_wconf 88' lang='lat' dir='ltr'><strong>etiam</strong></span> <span class='ocrx_word' id='word_1_776' title='bbox 3076 4141 3180 4181; x_wconf 89' lang='lat' dir='ltr'><strong>non</strong></span> <span class='ocrx_word' id='word_1_777' title='bbox 3206 4126 3304 4181; x_wconf 93' lang='lat' dir='ltr'><strong>sibi</strong></span> <span class='ocrx_word' id='word_1_778' title='bbox 3349 4125 3414 4179; x_wconf 86' lang='lat' dir='ltr'><strong>ad</strong></span> <span class='ocrx_word' id='word_1_779' title='bbox 3444 4125 3626 4180; x_wconf 89' lang='lat' dir='ltr'><strong>illicita</strong></span> <span class='ocrx_word' id='word_1_780' title='bbox 3649 4116 3845 4181; x_wconf 81' lang='lat' dir='ltr'><strong>consen-</strong></span> 
     </span>
    </p>
   </div>
   <div class='ocr_carea' id='block_1_102' title="bbox 2295 4212 3846 4290">
    <p class='ocr_par' dir='ltr' id='par_1_102' title="bbox 2295 4212 3846 4290">
     <span class='ocr_line' id='line_1_102' title="bbox 2295 4212 3846 4290; baseline -0.008 -13"><span class='ocrx_word' id='word_1_781' title='bbox 2295 4221 2547 4277; x_wconf 88' lang='lat' dir='ltr'><strong>tientibus</strong></span> <span class='ocrx_word' id='word_1_782' title='bbox 2572 4219 2724 4275; x_wconf 90' lang='lat' dir='ltr'><strong>nobis</strong></span> <span class='ocrx_word' id='word_1_783' title='bbox 2755 4221 3041 4290; x_wconf 90' lang='lat' dir='ltr'><strong>(quantum</strong></span> <span class='ocrx_word' id='word_1_784' title='bbox 3086 4216 3226 4272; x_wconf 89' lang='lat' dir='ltr'><strong>enim</strong></span> <span class='ocrx_word' id='word_1_785' title='bbox 3268 4215 3335 4270; x_wconf 88' lang='lat' dir='ltr'><strong>ad</strong></span> <span class='ocrx_word' id='word_1_786' title='bbox 3380 4230 3478 4269; x_wconf 89' lang='lat' dir='ltr'><strong>nos</strong></span> <span class='ocrx_word' id='word_1_787' title='bbox 3516 4212 3846 4279; x_wconf 87' lang='lat' dir='ltr'><strong>attinet,sine</strong></span> 
     </span>
    </p>
   </div>
   <div class='ocr_carea' id='block_1_103' title="bbox 2295 4307 3844 4383">
    <p class='ocr_par' dir='ltr' id='par_1_103' title="bbox 2295 4307 3844 4383">
     <span class='ocr_line' id='line_1_103' title="bbox 2295 4307 3844 4383; baseline -0.008 -15"><span class='ocrx_word' id='word_1_788' title='bbox 2295 4320 2511 4383; x_wconf 87' lang='lat' dir='ltr'><strong>peccato</strong></span> <span class='ocrx_word' id='word_1_789' title='bbox 2540 4324 2752 4381; x_wconf 90' lang='lat' dir='ltr'><strong>semper</strong></span> <span class='ocrx_word' id='word_1_790' title='bbox 2789 4322 3058 4373; x_wconf 88' lang='lat' dir='ltr'><strong>essemus,</strong></span> <span class='ocrx_word' id='word_1_791' title='bbox 3086 4308 3257 4362; x_wconf 90' lang='lat' dir='ltr'><strong>donec</strong></span> <span class='ocrx_word' id='word_1_792' title='bbox 3296 4316 3576 4362; x_wconf 89' lang='lat' dir='ltr'><strong>sanaretur</strong></span> <span class='ocrx_word' id='word_1_793' title='bbox 3619 4307 3716 4360; x_wconf 92' lang='lat' dir='ltr'><strong>hoc</strong></span> <span class='ocrx_word' id='word_1_794' title='bbox 3750 4317 3844 4356; x_wconf 81' lang='lat' dir='ltr'><strong>ma-</strong></span> 
     </span>
    </p>
   </div>
   <div class='ocr_carea' id='block_1_104' title="bbox 2294 4393 3845 4472">
    <p class='ocr_par' dir='ltr' id='par_1_104' title="bbox 2294 4393 3845 4472">
     <span class='ocr_line' id='line_1_104' title="bbox 2294 4393 3845 4472; baseline -0.009 -13"><span class='ocrx_word' id='word_1_795' title='bbox 2294 4405 2402 4460; x_wconf 92' lang='lat' dir='ltr'><strong>lum</strong></span> <span class='ocrx_word' id='word_1_796' title='bbox 2425 4445 2439 4472; x_wconf 94' lang='lat'><strong>,</strong></span> <span class='ocrx_word' id='word_1_797' title='bbox 2469 4402 2514 4458; x_wconf 91' lang='lat' dir='ltr'><strong>si</strong></span> <span class='ocrx_word' id='word_1_798' title='bbox 2534 4400 2584 4457; x_wconf 86' lang='lat' dir='ltr'><strong>ei</strong></span> <span class='ocrx_word' id='word_1_799' title='bbox 2610 4416 2875 4471; x_wconf 87' lang='lat' dir='ltr'><strong>nunquam</strong></span> <span class='ocrx_word' id='word_1_800' title='bbox 2891 4399 3315 4455; x_wconf 90' lang='lat' dir='ltr'><strong>consentiremus</strong></span> <span class='ocrx_word' id='word_1_801' title='bbox 3339 4398 3406 4453; x_wconf 92' lang='lat' dir='ltr'><strong>ad</strong></span> <span class='ocrx_word' id='word_1_802' title='bbox 3434 4397 3658 4471; x_wconf 89' lang='lat' dir='ltr'><strong>malum)</strong></span> <span class='ocrx_word' id='word_1_803' title='bbox 3675 4414 3688 4459; x_wconf 85' lang='lat'><strong>;</strong></span> <span class='ocrx_word' id='word_1_804' title='bbox 3706 4393 3787 4449; x_wconf 87' lang='lat' dir='ltr'><strong>sed</strong></span> <span class='ocrx_word' id='word_1_805' title='bbox 3804 4394 3845 4445; x_wconf 90' lang='lat' dir='ltr'><strong>in</strong></span> 
     </span>
    </p>
   </div>
   <div class='ocr_carea' id='block_1_105' title="bbox 2294 4485 3846 4567">
    <p class='ocr_par' dir='ltr' id='par_1_105' title="bbox 2294 4485 3846 4567">
     <span class='ocr_line' id='line_1_105' title="bbox 2294 4485 3846 4567; baseline -0.006 -16"><span class='ocrx_word' id='word_1_806' title='bbox 2294 4496 2486 4567; x_wconf 91' lang='lat' dir='ltr'><strong>quibus</strong></span> <span class='ocrx_word' id='word_1_807' title='bbox 2510 4496 2579 4551; x_wconf 90' lang='lat' dir='ltr'><strong>ab</strong></span> <span class='ocrx_word' id='word_1_808' title='bbox 2613 4495 2705 4549; x_wconf 90' lang='lat' dir='ltr'><strong>illo</strong></span> <span class='ocrx_word' id='word_1_809' title='bbox 2732 4494 3022 4549; x_wconf 89' lang='lat' dir='ltr'><strong>rebellante</strong></span> <span class='ocrx_word' id='word_1_810' title='bbox 3040 4533 3055 4557; x_wconf 95' lang='lat'><strong>,</strong></span> <span class='ocrx_word' id='word_1_811' title='bbox 3086 4491 3185 4546; x_wconf 90' lang='lat' dir='ltr'><strong>etsi</strong></span> <span class='ocrx_word' id='word_1_812' title='bbox 3219 4507 3322 4544; x_wconf 91' lang='lat' dir='ltr'><strong>non</strong></span> <span class='ocrx_word' id='word_1_813' title='bbox 3351 4490 3638 4553; x_wconf 87' lang='lat' dir='ltr'><strong>lethalitcr,</strong></span> <span class='ocrx_word' id='word_1_814' title='bbox 3670 4485 3755 4543; x_wconf 89' lang='lat' dir='ltr'><strong>sed</strong></span> <span class='ocrx_word' id='word_1_815' title='bbox 3780 4497 3846 4536; x_wconf 66' lang='lat' dir='ltr'><strong>ve</strong></span> 
     </span>
    </p>
   </div>
   <div class='ocr_carea' id='block_1_106' title="bbox 2296 4574 3850 4654">
    <p class='ocr_par' dir='ltr' id='par_1_106' title="bbox 2296 4574 3850 4654">
     <span class='ocr_line' id='line_1_106' title="bbox 2296 4574 3850 4654; baseline -0.011 -11"><span class='ocrx_word' id='word_1_816' title='bbox 2296 4590 2525 4654; x_wconf 88' lang='lat' dir='ltr'><strong>nialiter,</strong></span> <span class='ocrx_word' id='word_1_817' title='bbox 2568 4596 2744 4641; x_wconf 91' lang='lat' dir='ltr'><strong>tamen</strong></span> <span class='ocrx_word' id='word_1_818' title='bbox 2788 4586 3077 4649; x_wconf 91' lang='lat' dir='ltr'><strong>vincimur,</strong></span> <span class='ocrx_word' id='word_1_819' title='bbox 3123 4583 3174 4637; x_wconf 93' lang='lat' dir='ltr'><strong>in</strong></span> <span class='ocrx_word' id='word_1_820' title='bbox 3211 4581 3295 4636; x_wconf 92' lang='lat' dir='ltr'><strong>his</strong></span> <span class='ocrx_word' id='word_1_821' title='bbox 3332 4582 3694 4635; x_wconf 89' lang='lat' dir='ltr'><strong>contrahimus</strong></span> <span class='ocrx_word' id='word_1_822' title='bbox 3734 4574 3850 4629; x_wconf 87' lang='lat' dir='ltr'><strong>unde</strong></span> 
     </span>
    </p>
   </div>
   <div class='ocr_carea' id='block_1_107' title="bbox 2296 4673 3849 4751">
    <p class='ocr_par' dir='ltr' id='par_1_107' title="bbox 2296 4673 3849 4751">
     <span class='ocr_line' id='line_1_107' title="bbox 2296 4673 3849 4751; baseline -0.012 -15"><span class='ocrx_word' id='word_1_823' title='bbox 2296 4680 2531 4751; x_wconf 88' lang='lat' dir='ltr'><strong>quotidie</strong></span> <span class='ocrx_word' id='word_1_824' title='bbox 2618 4678 2882 4742; x_wconf 77' lang='lat' dir='ltr'><strong>dicamus,</strong></span> <span class='ocrx_word' id='word_1_825' title='bbox 2968 4675 3173 4728; x_wconf 84' lang='lat' dir='ltr'><strong>Dimitte</strong></span> <span class='ocrx_word' id='word_1_826' title='bbox 3243 4675 3383 4728; x_wconf 70' lang='lat' dir='ltr'><strong>nobis</strong></span> <span class='ocrx_word' id='word_1_827' title='bbox 3471 4673 3639 4726; x_wconf 84' lang='lat' dir='ltr'><strong>debita</strong></span> <span class='ocrx_word' id='word_1_828' title='bbox 3705 4677 3849 4723; x_wconf 76' lang='lat' dir='ltr'><strong>nostra</strong></span> 
     </span>
    </p>
   </div>
   <div class='ocr_carea' id='block_1_108' title="bbox 2297 4763 3849 4842">
    <p class='ocr_par' dir='ltr' id='par_1_108' title="bbox 2297 4763 3849 4842">
     <span class='ocr_line' id='line_1_108' title="bbox 2297 4763 3849 4842; baseline -0.01 -18"><span class='ocrx_word' id='word_1_829' title='bbox 2297 4770 2509 4842; x_wconf 83' lang='lat' dir='ltr'><strong>(Matth.</strong></span> <span class='ocrx_word' id='word_1_830' title='bbox 2536 4785 2624 4834; x_wconf 85' lang='lat' dir='ltr'><strong>v1,</strong></span> <span class='ocrx_word' id='word_1_831' title='bbox 2659 4770 2768 4839; x_wconf 72' lang='lat' dir='ltr'><strong>l2).</strong></span> <span class='ocrx_word' id='word_1_832' title='bbox 2799 4769 2947 4824; x_wconf 90' lang='lat' dir='ltr'><strong>Sicut</strong></span> <span class='ocrx_word' id='word_1_833' title='bbox 2969 4767 3223 4836; x_wconf 84' lang='lat' dir='ltr'><strong>conjuges</strong></span> <span class='ocrx_word' id='word_1_834' title='bbox 3248 4763 3457 4835; x_wconf 91' lang='lat' dir='ltr'><strong>quando</strong></span> <span class='ocrx_word' id='word_1_835' title='bbox 3473 4763 3685 4817; x_wconf 90' lang='lat' dir='ltr'><strong>modum</strong></span> <span class='ocrx_word' id='word_1_836' title='bbox 3712 4772 3849 4827; x_wconf 60' lang='grc' dir='ltr'><strong>βεηα-</strong></span> 
     </span>
    </p>
   </div>
   <div class='ocr_carea' id='block_1_109' title="bbox 2298 4850 3848 4925">
    <p class='ocr_par' dir='ltr' id='par_1_109' title="bbox 2298 4850 3848 4925">
     <span class='ocr_line' id='line_1_109' title="bbox 2298 4850 3848 4925; baseline -0.01 -8"><span class='ocrx_word' id='word_1_837' title='bbox 2298 4862 2485 4917; x_wconf 87' lang='lat' dir='ltr'><strong>rationi</strong></span> <span class='ocrx_word' id='word_1_838' title='bbox 2517 4861 2871 4915; x_wconf 83' lang='lat' dir='ltr'><strong>necessarium</strong></span> <span class='ocrx_word' id='word_1_839' title='bbox 2895 4874 3052 4914; x_wconf 89' lang='lat' dir='ltr'><strong>causa</strong></span> <span class='ocrx_word' id='word_1_840' title='bbox 3076 4858 3242 4912; x_wconf 90' lang='lat' dir='ltr'><strong>solius</strong></span> <span class='ocrx_word' id='word_1_841' title='bbox 3263 4856 3548 4925; x_wconf 86' lang='lat' dir='ltr'><strong>voluptatis</strong></span> <span class='ocrx_word' id='word_1_842' title='bbox 3581 4850 3848 4909; x_wconf 80' lang='lat' dir='ltr'><strong>excedunt:</strong></span> 
     </span>
    </p>
   </div>
   <div class='ocr_carea' id='block_1_110' title="bbox 2298 4942 3851 5027">
    <p class='ocr_par' dir='ltr' id='par_1_110' title="bbox 2298 4942 3851 5027">
     <span class='ocr_line' id='line_1_110' title="bbox 2298 4942 3851 5027; baseline -0.012 -18"><span class='ocrx_word' id='word_1_843' title='bbox 2298 4957 2432 5009; x_wconf 86' lang='lat' dir='ltr'><strong>sicut</strong></span> <span class='ocrx_word' id='word_1_844' title='bbox 2478 4955 2841 5017; x_wconf 87' lang='lat' dir='ltr'><strong>continentes,</strong></span> <span class='ocrx_word' id='word_1_845' title='bbox 2887 4950 3098 5027; x_wconf 80' lang='lat' dir='ltr'><strong>quando</strong></span> <span class='ocrx_word' id='word_1_846' title='bbox 3144 4949 3194 5003; x_wconf 92' lang='lat' dir='ltr'><strong>in</strong></span> <span class='ocrx_word' id='word_1_847' title='bbox 3244 4948 3434 5002; x_wconf 85' lang='lat' dir='ltr'><strong>talibus</strong></span> <span class='ocrx_word' id='word_1_848' title='bbox 3474 4942 3851 5015; x_wconf 87' lang='lat' dir='ltr'><strong>cogitationibus</strong></span> 
     </span>
    </p>
   </div>
   <div class='ocr_carea' id='block_1_111' title="bbox 2296 5028 3852 5114">
    <p class='ocr_par' dir='ltr' id='par_1_111' title="bbox 2296 5028 3852 5114">
     <span class='ocr_line' id='line_1_111' title="bbox 2296 5028 3852 5114; baseline -0.012 -14"><span class='ocrx_word' id='word_1_849' title='bbox 2296 5061 2416 5100; x_wconf 91' lang='lat' dir='ltr'><strong>cum</strong></span> <span class='ocrx_word' id='word_1_850' title='bbox 2447 5046 2619 5114; x_wconf 86' lang='lat' dir='ltr'><strong>aliqua</strong></span> <span class='ocrx_word' id='word_1_851' title='bbox 2647 5042 3001 5097; x_wconf 85' lang='lat' dir='ltr'><strong>delectatione</strong></span> <span class='ocrx_word' id='word_1_852' title='bbox 3028 5050 3385 5101; x_wconf 87' lang='lat' dir='ltr'><strong>remorantur,</strong></span> <span class='ocrx_word' id='word_1_853' title='bbox 3420 5052 3522 5092; x_wconf 92' lang='lat' dir='ltr'><strong>non</strong></span> <span class='ocrx_word' id='word_1_854' title='bbox 3553 5034 3758 5104; x_wconf 90' lang='lat' dir='ltr'><strong>quidem</strong></span> <span class='ocrx_word' id='word_1_855' title='bbox 3776 5028 3852 5084; x_wconf 86' lang='lat' dir='ltr'><strong>de-</strong></span> 
     </span>
    </p>
   </div>
   <div class='ocr_carea' id='block_1_112' title="bbox 2297 5127 3852 5204">
    <p class='ocr_par' dir='ltr' id='par_1_112' title="bbox 2297 5127 3852 5204">
     <span class='ocr_line' id='line_1_112' title="bbox 2297 5127 3852 5204; baseline -0.013 -12"><span class='ocrx_word' id='word_1_856' title='bbox 2297 5148 2576 5192; x_wconf 88' lang='lat' dir='ltr'><strong>cernentes</strong></span> <span class='ocrx_word' id='word_1_857' title='bbox 2616 5133 2903 5204; x_wconf 88' lang='lat' dir='ltr'><strong>ﬂagitium,</strong></span> <span class='ocrx_word' id='word_1_858' title='bbox 2950 5131 3045 5186; x_wconf 92' lang='lat' dir='ltr'><strong>sed</strong></span> <span class='ocrx_word' id='word_1_859' title='bbox 3100 5132 3448 5185; x_wconf 82' lang='lat' dir='ltr'><strong>intentinncttt</strong></span> <span class='ocrx_word' id='word_1_860' title='bbox 3502 5127 3725 5187; x_wconf 83' lang='lat' dir='ltr'><strong>mentis,</strong></span> <span class='ocrx_word' id='word_1_861' title='bbox 3765 5135 3852 5175; x_wconf 87' lang='lat' dir='ltr'><strong>non</strong></span> 
     </span>
    </p>
   </div>
   <div class='ocr_carea' id='block_1_113' title="bbox 2298 5209 3852 5297">
    <p class='ocr_par' dir='ltr' id='par_1_113' title="bbox 2298 5209 3852 5297">
     <span class='ocr_line' id='line_1_113' title="bbox 2298 5209 3852 5297; baseline -0.013 -14"><span class='ocrx_word' id='word_1_862' title='bbox 2298 5229 2433 5283; x_wconf 90' lang='lat' dir='ltr'><strong>sicut</strong></span> <span class='ocrx_word' id='word_1_863' title='bbox 2455 5234 2698 5297; x_wconf 85' lang='lat' dir='ltr'><strong>oportet,</strong></span> <span class='ocrx_word' id='word_1_864' title='bbox 2731 5239 2799 5280; x_wconf 89' lang='lat' dir='ltr'><strong>ne</strong></span> <span class='ocrx_word' id='word_1_865' title='bbox 2825 5223 2916 5278; x_wconf 91' lang='lat' dir='ltr'><strong>illo</strong></span> <span class='ocrx_word' id='word_1_866' title='bbox 2941 5221 3169 5289; x_wconf 87' lang='lat' dir='ltr'><strong>incidat,</strong></span> <span class='ocrx_word' id='word_1_867' title='bbox 3213 5220 3336 5275; x_wconf 88' lang='lat' dir='ltr'><strong>inde</strong></span> <span class='ocrx_word' id='word_1_868' title='bbox 3360 5220 3796 5280; x_wconf 86' lang='lat' dir='ltr'><strong>avertentes,aut</strong></span> <span class='ocrx_word' id='word_1_869' title='bbox 3818 5209 3852 5263; x_wconf 88' lang='lat' dir='ltr'><strong>si</strong></span> 
     </span>
    </p>
   </div>
   <div class='ocr_carea' id='block_1_114' title="bbox 2299 5308 3850 5384">
    <p class='ocr_par' dir='ltr' id='par_1_114' title="bbox 2299 5308 3850 5384">
     <span class='ocr_line' id='line_1_114' title="bbox 2299 5308 3850 5384; baseline -0.015 -8"><span class='ocrx_word' id='word_1_870' title='bbox 2299 5320 2541 5376; x_wconf 83' lang='lat' dir='ltr'><strong>inciderit</strong></span> <span class='ocrx_word' id='word_1_871' title='bbox 2569 5316 2690 5371; x_wconf 90' lang='lat' dir='ltr'><strong>inde</strong></span> <span class='ocrx_word' id='word_1_872' title='bbox 2720 5315 3007 5384; x_wconf 86' lang='lat' dir='ltr'><strong>rapientes.</strong></span> <span class='ocrx_word' id='word_1_873' title='bbox 3055 5314 3129 5367; x_wconf 90' lang='lat' dir='ltr'><strong>De</strong></span> <span class='ocrx_word' id='word_1_874' title='bbox 3176 5312 3277 5383; x_wconf 83' lang='lat' dir='ltr'><strong>hac</strong></span> <span class='ocrx_word' id='word_1_875' title='bbox 3318 5313 3432 5380; x_wconf 84' lang='lat' dir='ltr'><strong>lege</strong></span> <span class='ocrx_word' id='word_1_876' title='bbox 3472 5308 3706 5379; x_wconf 87' lang='lat' dir='ltr'><strong>peccati,</strong></span> <span class='ocrx_word' id='word_1_877' title='bbox 3749 5317 3850 5372; x_wconf 69' lang='lat' dir='ltr'><strong>qua:</strong></span> 
     </span>
    </p>
   </div>
   <div class='ocr_carea' id='block_1_115' title="bbox 2299 5397 3854 5475">
    <p class='ocr_par' dir='ltr' id='par_1_115' title="bbox 2299 5397 3854 5475">
     <span class='ocr_line' id='line_1_115' title="bbox 2299 5397 3854 5475; baseline -0.015 -9"><span class='ocrx_word' id='word_1_878' title='bbox 2299 5412 2403 5465; x_wconf 91' lang='lat' dir='ltr'><strong>alio</strong></span> <span class='ocrx_word' id='word_1_879' title='bbox 2445 5408 2605 5466; x_wconf 90' lang='lat' dir='ltr'><strong>modo</strong></span> <span class='ocrx_word' id='word_1_880' title='bbox 2651 5408 2808 5462; x_wconf 86' lang='lat' dir='ltr'><strong>etiam</strong></span> <span class='ocrx_word' id='word_1_881' title='bbox 2853 5415 3123 5475; x_wconf 88' lang='lat' dir='ltr'><strong>peccatum</strong></span> <span class='ocrx_word' id='word_1_882' title='bbox 3171 5412 3423 5468; x_wconf 90' lang='lat' dir='ltr'><strong>vocatur,</strong></span> <span class='ocrx_word' id='word_1_883' title='bbox 3465 5414 3583 5468; x_wconf 64' lang='lat' dir='ltr'><strong>quae</strong></span> <span class='ocrx_word' id='word_1_884' title='bbox 3625 5397 3854 5465; x_wconf 86' lang='lat' dir='ltr'><strong>repugnat</strong></span> 
     </span>
    </p>
   </div>
   <div class='ocr_carea' id='block_1_116' title="bbox 2300 5487 3851 5572">
    <p class='ocr_par' dir='ltr' id='par_1_116' title="bbox 2300 5487 3851 5572">
     <span class='ocr_line' id='line_1_116' title="bbox 2300 5487 3851 5572; baseline -0.009 -15"><span class='ocrx_word' id='word_1_885' title='bbox 2300 5502 2402 5572; x_wconf 88' lang='lat' dir='ltr'><strong>legi</strong></span> <span class='ocrx_word' id='word_1_886' title='bbox 2434 5500 2661 5566; x_wconf 81' lang='lat' dir='ltr'><strong>mentis,</strong></span> <span class='ocrx_word' id='word_1_887' title='bbox 2694 5497 2761 5551; x_wconf 91' lang='lat' dir='ltr'><strong>de</strong></span> <span class='ocrx_word' id='word_1_888' title='bbox 2795 5510 2896 5566; x_wconf 85' lang='lat' dir='ltr'><strong>qua</strong></span> <span class='ocrx_word' id='word_1_889' title='bbox 2924 5495 3090 5549; x_wconf 91' lang='lat' dir='ltr'><strong>multa</strong></span> <span class='ocrx_word' id='word_1_890' title='bbox 3130 5494 3317 5548; x_wconf 90' lang='lat' dir='ltr'><strong>beatus</strong></span> <span class='ocrx_word' id='word_1_891' title='bbox 3354 5492 3484 5547; x_wconf 81' lang='lat' dir='ltr'><strong>dixit</strong></span> <span class='ocrx_word' id='word_1_892' title='bbox 3529 5487 3851 5544; x_wconf 80' lang='lat' dir='ltr'><strong>Ambrosius.</strong></span> 
     </span>
    </p>
   </div>
   <div class='ocr_carea' id='block_1_117' title="bbox 2299 5574 3852 5655">
    <p class='ocr_par' dir='ltr' id='par_1_117' title="bbox 2299 5574 3852 5655">
     <span class='ocr_line' id='line_1_117' title="bbox 2299 5574 3852 5655; baseline -0.012 -9"><span class='ocrx_word' id='word_1_893' title='bbox 2299 5600 2616 5646; x_wconf 86' lang='lat' dir='ltr'><strong>attestanlur</strong></span> <span class='ocrx_word' id='word_1_894' title='bbox 2659 5588 2819 5642; x_wconf 88' lang='lat' dir='ltr'><strong>etiam</strong></span> <span class='ocrx_word' id='word_1_895' title='bbox 2849 5585 3047 5650; x_wconf 90' lang='lat' dir='ltr'><strong>sancti,</strong></span> <span class='ocrx_word' id='word_1_896' title='bbox 3079 5584 3409 5655; x_wconf 82' lang='lat' dir='ltr'><strong>Cyprianus,</strong></span> <span class='ocrx_word' id='word_1_897' title='bbox 3436 5580 3694 5644; x_wconf 81' lang='lat' dir='ltr'><strong>Hilarius,</strong></span> <span class='ocrx_word' id='word_1_898' title='bbox 3738 5574 3852 5630; x_wconf 82' lang='lat' dir='ltr'><strong>Gre-</strong></span> 
     </span>
    </p>
   </div>
   <div class='ocr_carea' id='block_1_118' title="bbox 2299 5662 3853 5755">
    <p class='ocr_par' dir='ltr' id='par_1_118' title="bbox 2299 5662 3853 5755">
     <span class='ocr_line' id='line_1_118' title="bbox 2299 5662 3853 5755; baseline -0.012 -18"><span class='ocrx_word' id='word_1_899' title='bbox 2299 5686 2506 5755; x_wconf 87' lang='lat' dir='ltr'><strong>gorius,</strong></span> <span class='ocrx_word' id='word_1_900' title='bbox 2547 5680 2740 5750; x_wconf 87' lang='lat' dir='ltr'><strong>aliique</strong></span> <span class='ocrx_word' id='word_1_901' title='bbox 2768 5693 2924 5749; x_wconf 89' lang='lat' dir='ltr'><strong>quam</strong></span> <span class='ocrx_word' id='word_1_902' title='bbox 2953 5677 3183 5747; x_wconf 90' lang='lat' dir='ltr'><strong>plurimi.</strong></span> <span class='ocrx_word' id='word_1_903' title='bbox 3212 5675 3309 5744; x_wconf 92' lang='lat' dir='ltr'><strong>Qui</strong></span> <span class='ocrx_word' id='word_1_904' title='bbox 3351 5688 3476 5745; x_wconf 84' lang='lat' dir='ltr'><strong>ergo</strong></span> <span class='ocrx_word' id='word_1_905' title='bbox 3500 5680 3777 5742; x_wconf 83' lang='lat' dir='ltr'><strong>generatur</strong></span> <span class='ocrx_word' id='word_1_906' title='bbox 3810 5662 3853 5716; x_wconf 78' lang='lat' dir='ltr'><strong>in</strong></span> 
     </span>
    </p>
   </div>
   <div class='ocr_carea' id='block_1_119' title="bbox 2302 5756 3851 5841">
    <p class='ocr_par' dir='ltr' id='par_1_119' title="bbox 2302 5756 3851 5841">
     <span class='ocr_line' id='line_1_119' title="bbox 2302 5756 3851 5841; baseline -0.01 -14"><span class='ocrx_word' id='word_1_907' title='bbox 2302 5774 2492 5839; x_wconf 82' lang='lat' dir='ltr'><strong>Adam,</strong></span> <span class='ocrx_word' id='word_1_908' title='bbox 2523 5768 2916 5841; x_wconf 82' lang='lat' dir='ltr'><strong>regeneraudus</strong></span> <span class='ocrx_word' id='word_1_909' title='bbox 2942 5769 2994 5823; x_wconf 91' lang='lat' dir='ltr'><strong>in</strong></span> <span class='ocrx_word' id='word_1_910' title='bbox 3019 5767 3254 5831; x_wconf 83' lang='lat' dir='ltr'><strong>Christo,</strong></span> <span class='ocrx_word' id='word_1_911' title='bbox 3305 5773 3544 5821; x_wconf 87' lang='lat' dir='ltr'><strong>mortuus</strong></span> <span class='ocrx_word' id='word_1_912' title='bbox 3585 5762 3637 5816; x_wconf 90' lang='lat' dir='ltr'><strong>in</strong></span> <span class='ocrx_word' id='word_1_913' title='bbox 3688 5756 3851 5812; x_wconf 75' lang='lat' dir='ltr'><strong>Adam.</strong></span> 
     </span>
    </p>
   </div>
   <div class='ocr_carea' id='block_1_120' title="bbox 2303 5852 3845 5937">
    <p class='ocr_par' dir='ltr' id='par_1_120' title="bbox 2303 5852 3845 5937">
     <span class='ocr_line' id='line_1_120' title="bbox 2303 5852 3845 5937; baseline -0.008 -20"><span class='ocrx_word' id='word_1_914' title='bbox 2303 5865 2377 5920; x_wconf 66' lang='lat' dir='ltr'><strong>vix</strong></span> <span class='ocrx_word' id='word_1_915' title='bbox 2392 5863 2648 5921; x_wconf 89' lang='lat' dir='ltr'><strong>itieandus</strong></span> <span class='ocrx_word' id='word_1_916' title='bbox 2667 5862 2721 5917; x_wconf 90' lang='lat' dir='ltr'><strong>in</strong></span> <span class='ocrx_word' id='word_1_917' title='bbox 2744 5861 2971 5927; x_wconf 82' lang='lat' dir='ltr'><strong>Christo,</strong></span> <span class='ocrx_word' id='word_1_918' title='bbox 2999 5858 3116 5915; x_wconf 88' lang='lat' dir='ltr'><strong>ideo</strong></span> <span class='ocrx_word' id='word_1_919' title='bbox 3137 5867 3353 5937; x_wconf 87' lang='lat' dir='ltr'><strong>peccato</strong></span> <span class='ocrx_word' id='word_1_920' title='bbox 3372 5866 3451 5911; x_wconf 87' lang='lat' dir='ltr'><strong>est</strong></span> <span class='ocrx_word' id='word_1_921' title='bbox 3466 5852 3747 5911; x_wconf 69' lang='lat' dir='ltr'><strong>obstrictus</strong></span> <span class='ocrx_word' id='word_1_922' title='bbox 3760 5861 3845 5905; x_wconf 65' lang='lat' dir='ltr'><strong>utr</strong></span> 
     </span>
    </p>
   </div>
  </div>
