4088 6524
233 461 332 521 697

230 574 390 649 ginis,
413 570 535 643 quia
555 567 623 623 de
644 564 783 622 malo
802 542 1058 625 nascitur,
1079 570 1184 628 quo
1213 568 1340 610 caro
1374 548 1700 620 concupiscit
1727 546 1819 601 ad-

233 640 681 736 versusspiritum
700 676 714 727 ;
736 672 843 714 non
866 656 934 711 de
949 655 1110 717 bono,
1130 663 1235 721 quo
1255 646 1473 716 Spiritus
1493 640 1822 712 concupiscit

231 761 488 818 adversus
512 768 728 811 carnem
758 749 953 823 (Galat.
983 762 1047 811 v,
1073 741 1184 815 17).
1202 739 1337 810 Quid
1356 753 1483 810 ergo
1511 737 1701 791 mirum
1717 741 1817 798 est,

235 857 280 912 si
299 851 504 911 renasci
522 848 683 905 debet
701 845 862 901 homo
877 857 943 896 ex
962 840 1052 894 illo
1081 837 1221 891 malo
1247 842 1402 888 natus
1421 874 1435 897 ,
1462 840 1647 886 contra
1681 824 1821 897 quod

243 954 439 1018 pugnat
468 941 631 997 homo
658 943 896 1001 renatus,
919 946 1024 1004 quo
1040 943 1163 985 reus
1182 937 1238 982 et
1267 927 1380 995 ipse
1398 927 1690 984 teneretur,
1722 915 1824 1018 nisi

236 1008 566 1093 reiiascendo
585 1025 943 1086 liberaretur?
963 1022 1077 1078 Non
1108 1028 1190 1076 est
1214 1017 1317 1072 hoc
1346 1015 1542 1069 malum
1574 1008 1826 1066 materies

243 1132 334 1188 Dei
363 1127 594 1184 creantis
616 1164 633 1193 ,
659 1121 757 1178 sed
809 1118 997 1175 vulnus
1024 1112 1220 1171 diaboli
1265 1107 1508 1166 eamdem
1548 1102 1824 1159 materiem

240 1220 492 1278 vitiantis.
512 1217 627 1272 Non
648 1224 729 1270 est
749 1212 852 1267 hoc
868 1208 1063 1265 malum
1082 1203 1405 1276 nuptiarum,
1424 1195 1517 1253 sed
1536 1194 1827 1266 primorum

242 1312 509 1369 hominum
541 1314 816 1379 peccatum
836 1342 852 1369 ,
885 1301 937 1355 in
984 1307 1227 1370 posteros
1254 1287 1635 1363 prOpagatione
1664 1282 1827 1379 traje-

239 1413 405 1461 ctum.
432 1375 601 1457 Etiam
631 1396 785 1467 hujus
801 1390 925 1464 mali
943 1400 1140 1452 reatus,
1161 1381 1500 1455 Baptismatis
1529 1375 1830 1467 sanctifica-

242 1495 383 1549 tione
406 1464 713 1547 remittitur.
736 1485 878 1540 Deus
911 1490 1087 1535 autem
1106 1478 1305 1547 justus,
1345 1473 1390 1529 si
1412 1479 1557 1526 tanta
1583 1464 1829 1539 parvulis

240 1586 400 1651 mala,
442 1588 639 1652 quanta
665 1591 807 1633 nunc
834 1574 1013 1631 dicere
1056 1585 1161 1625 non
1191 1566 1428 1632 sufficio,
1455 1562 1589 1618 nihil
1622 1557 1831 1632 peccati

240 1649 572 1729 trahentibus
588 1663 1039 1739 irrogaret,magis
1051 1655 1589 1732 appareretinjustus;
1605 1649 1832 1708 Iustitia:

238 1782 369 1820 vero
388 1761 619 1836 perfecta
639 1757 907 1830 capacitas
925 1754 1157 1809 hominis
1178 1766 1283 1805 non
1309 1755 1556 1819 negatur,
1585 1744 1709 1816 quia
1734 1755 1834 1797 nec

238 1833 489 1914 vitiorum
517 1855 755 1912 omnium
779 1850 1088 1924 plenissima
1107 1846 1310 1903 sanitas
1344 1844 1444 1901 sub
1482 1833 1835 1911 omnipotenti

212 1951 452 2008 ’medico
477 1948 809 2018 desperatur.
853 1942 1076 2012 Pr0pter
1097 1953 1255 2009 quam
1295 1934 1612 1992 catholicam
1636 1930 1836 1986 verita-

244 2054 351 2098 tem
392 2038 561 2095 sancti
586 2052 649 2091 ac
687 2035 828 2091 beati
848 2042 903 2089 et
932 2032 984 2086 in
1028 2029 1330 2085 divinorum
1354 2022 1688 2097 eloquiorum
1715 2036 1839 2092 per-

244 2131 564 2188 tractatione
602 2124 888 2183 clarissimi
937 2119 1277 2185 sacerdotes,
1322 2117 1587 2180 lrenccus,
1620 2114 1839 2186 Cypria-

242 2239 382 2291 nus,
445 2220 712 2284 lleticius,
774 2214 1084 2289 Olympius,
1154 2209 1425 2275 Hilarius,
1488 2206 1838 2271 Ambrosius,

244 2312 571 2385 Gregorius,
618 2306 993 2372 Innocentius,
1040 2301 1312 2367 Joannes,
1362 2297 1619 2367 Basilius,
1648 2294 1844 2368 quibus

244 2404 387 2461 addo
432 2392 841 2474 presbyterum,
882 2395 1018 2452 velis
1079 2393 1252 2461 nolis,
1318 2391 1735 2462 Hieronymum,
1783 2395 1869 2469 ut.

246 2497 490 2554 omittam
520 2505 616 2548 eos
649 2491 741 2562 qui
780 2487 1019 2545 nondum
1057 2484 1431 2551 dormierunt,
1462 2481 1719 2566 adversus
1748 2493 1844 2534 vos

245 2593 527 2668 proferunt
549 2590 618 2646 de
643 2587 881 2644 omnium
904 2584 1179 2640 hominum
1205 2588 1430 2655 peccato
1474 2574 1718 2648 originali
1744 2572 1844 2629 ob-

245 2667 409 2743 nosia
448 2681 789 2740 successione
827 2675 1152 2733 sententiam
1212 2689 1228 2727 :
1282 2670 1425 2726 unde
1470 2682 1631 2724 nemo
1673 2667 1844 2731 eruit,

246 2775 351 2833 nisi
377 2788 536 2846 quem
578 2771 695 2827 sine
721 2769 839 2839 lege
883 2763 1087 2838 peccati
1132 2767 1462 2833 repugnante
1505 2756 1608 2829 legi
1649 2753 1849 2811 mentis

246 2868 399 2939 virgo
422 2863 686 2937 concepit.

319 2937 412 3016 Eis.
440 2956 578 3027 Quid
616 2962 700 3011 est
751 2950 893 3022 quod
935 2947 1200 3012 exsultas,
1253 2952 1309 3000 et
1358 2941 1490 2998 mihi
1543 2939 1694 3012 quasi
1736 2937 1849 2994 vic-

250 3059 337 3108 tor
372 3048 598 3104 insultas
621 3046 639 3078 ¹
661 3085 678 3113 ,
704 3054 945 3113 tanquam
971 3054 1075 3092 non
1113 3037 1392 3091 invenirem
1433 3031 1556 3101 quid
1598 3036 1847 3103 facerem,

250 3159 350 3215 quo
377 3142 731 3213 confugerem,
767 3134 813 3190 si
859 3130 1097 3205 judicum
1130 3142 1383 3200 premerer
1410 3130 1687 3197 potestate.
1720 3122 1767 3177 si
1796 3121 1853 3176 in

252 3233 424 3289 medio
462 3229 777 3288 eruditorum
822 3223 1146 3279 consisterem
1181 3230 1343 3274 tecum
1362 3256 1379 3285 ,
1419 3218 1466 3272 si
1501 3229 1665 3283 uera,
1692 3226 1852 3284 quam

254 3324 422 3391 dicis,
463 3320 676 3377 rationis
706 3317 826 3375 tuba
844 3357 859 3383 ,
905 3330 937 3371 a
968 3323 1022 3370 te
1047 3313 1253 3370 scilicet
1280 3323 1475 3381 magno
1503 3307 1739 3363 tubicine
1767 3305 1853 3360 in-

254 3413 413 3480 nata,
444 3412 488 3466 si
514 3410 808 3464 auditarum
829 3420 973 3460 arma
999 3401 1439 3458 circumstantium
1463 3407 1520 3455 et
1546 3397 1641 3454 tibi
1668 3397 1853 3452 faven-

255 3504 394 3559 tium
422 3497 824 3571 concreparent?
872 3495 948 3550 lta
973 3494 1117 3550 enim
1164 3491 1259 3548 tibi
1306 3491 1461 3564 ponis
1501 3496 1626 3546 ante
1671 3487 1856 3544 oculos

258 3588 513 3651 nostrum
548 3592 602 3646 in
636 3588 994 3660 disputatione
1034 3595 1337 3649 certamen,
1383 3591 1438 3638 et
1484 3591 1535 3638 te
1569 3586 1855 3652 argumen-

263 3694 413 3742 tante
431 3725 447 3753 ,
480 3699 566 3740 me
591 3681 719 3754 quid
745 3679 1102 3752 respondeam
1128 3692 1235 3733 non
1254 3675 1538 3731 habentem
1558 3716 1573 3742 ,
1603 3673 1760 3744 fingis
1799 3681 1858 3728 ut

259 3780 460 3850 placet.
492 3776 581 3833 Sic
611 3785 785 3831 tecum
813 3787 947 3828 vana
973 3779 1029 3827 et
1055 3770 1239 3825 insana
1260 3769 1335 3823 tui
1356 3766 1531 3823 cordis
1552 3764 1859 3847 imaginatio

260 3842 553 3935 labulatur,
581 3867 732 3938 quasi
775 3878 863 3920 me
903 3872 1028 3918 ante
1076 3860 1389 3931 Pelagianos
1433 3858 1640 3928 judiees
1683 3842 1857 3913 tecum

262 3960 590 4025 constituas,
637 3955 831 4026 quibus
872 3952 1245 4026 plaudentibus
1285 3950 1379 4006 tibi
1419 3950 1577 4005 liceat
1621 3946 1860 4004 exaltare

263 4061 518 4123 tanquam
569 4051 753 4106 tubam
786 4060 972 4104 vocem
1017 4054 1196 4112 tuam,
1242 4053 1301 4100 et
1347 4042 1636 4115 praedicare
1674 4050 1859 4097 contra

264 4146 589 4204 catholicam
636 4143 793 4199 fidem
820 4152 875 4197 et
899 4149 1086 4196 contra
1110 4139 1337 4211 gratiam
1364 4135 1596 4201 Christi,
1626 4150 1729 4205 qua
1755 4149 1859 4202 pu-

264 4239 371 4295 silli
396 4253 517 4294 cum
560 4235 767 4307 magnis
795 4234 1087 4290 liberantur
1113 4246 1145 4286 a
1185 4229 1357 4295 malo,
1385 4242 1725 4285 communem
1769 4226 1880 4305 tibi.

267 4339 318 4386 et
350 4329 461 4385 illis
490 4327 702 4383 novitiae
747 4325 904 4396 hujus
932 4321 1223 4394 impietatis
1250 4335 1509 4377 errorem.
1540 4319 1699 4375 Tales
1719 4316 1861 4389 judi.

262 4435 356 4477 ces
380 4420 437 4475 in
467 4417 706 4474 Ecclesia
738 4416 831 4472 Dei
849 4457 865 4482 ,
910 4428 1009 4470 nec
1036 4416 1152 4469 sine
1178 4411 1489 4468 adversario
1517 4425 1581 4466 ex
1613 4419 1762 4481 parte
1785 4409 1866 4464 sl-

267 4520 384 4569 tera
406 4520 584 4565 stante
626 4508 794 4579 potuit
836 4506 1077 4563 eruditor
1099 4516 1277 4561 vester
1317 4503 1563 4574 Pelagius
1605 4502 1858 4558 invenire.

266 4608 344 4662 De
368 4622 478 4678 quo
516 4606 752 4677 judicio,
800 4603 913 4674 ipse
936 4601 1150 4674 quidem
1180 4609 1437 4672 quantum
1479 4598 1547 4654 ad
1589 4597 1870 4653 hominum

268 4707 617 4768 conspectum
663 4695 883 4760 attinet,
913 4693 1063 4748 velut
1105 4691 1416 4756 absolutus,
1460 4698 1640 4745 vestro
1688 4699 1865 4743 tamen

270 4788 445 4858 palam
470 4786 722 4841 damnato
747 4784 997 4855 dogmate
1020 4823 1035 4848 ,
1059 4795 1306 4853 egressus
1328 4789 1431 4837 est.
1459 4779 1531 4835 At
1571 4793 1670 4850 ego
1689 4820 1705 4846 ,
1752 4778 1868 4833 ubi-

271 4893 503 4950 cumque
529 4877 604 4932 sis
623 4919 638 4944 ,
671 4877 995 4945 ubicumque
1020 4874 1197 4944 legere
1240 4872 1338 4928 ista
1365 4871 1601 4942 potueris
1621 4912 1634 4935 ,
1666 4880 1717 4925 te
1742 4878 1866 4924 ante

272 4968 404 5023 istos
424 4967 633 5038 judices
662 4966 807 5021 intus
835 4965 889 5020 in
934 4962 1096 5020 corde
1120 4972 1210 5018 tuo
1238 4964 1538 5025 constituo;
1582 4975 1718 5031 quos
1757 4974 1865 5013 non

270 5062 475 5117 amicos
500 5074 649 5115 meos
675 5067 730 5115 et
746 5059 988 5114 inimicos
1014 5066 1134 5112 tuos
1153 5099 1167 5123 ,
1191 5055 1364 5126 aliqua
1390 5054 1443 5109 in
1465 5069 1637 5109 meam
1665 5064 1866 5125 partem

271 5152 443 5223 gratia
471 5149 899 5221 propendentes,
945 5148 1123 5219 aliquo
1147 5147 1242 5201 abs
1270 5156 1321 5202 te
1349 5146 1541 5201 merito
1568 5155 1670 5199 tum
1697 5144 1867 5200 olfen-

273 5242 442 5296 sionis
465 5254 683 5295 aversos
702 5280 719 5303 ,
750 5251 805 5295 et
841 5240 911 5295 ob
941 5238 1043 5295 hoc
1073 5238 1164 5294 tibi
1195 5237 1450 5293 adversos
1474 5279 1489 5303 ,
1537 5226 1590 5291 in
1620 5236 1718 5291 hac
1772 5252 1870 5291 no-

176 5348 177 5351 ‘
273 5342 386 5387 stra
436 5330 825 5401 disceptatione
847 5329 1098 5386 constitui
1135 5330 1459 5401 cognitores.
1499 5328 1610 5384 Nec
1644 5342 1738 5383 eos
1778 5327 1866 5398 qui
1913 5332 1925 5343 '

276 5440 549 5495 nunquam
575 5424 793 5479 fuerunt
816 5433 908 5480 aut
952 5439 1059 5479 nou
1090 5434 1248 5489 sunt,
1278 5431 1370 5479 aut
1389 5437 1614 5493 quorum
1646 5432 1865 5477 senten-

278 5514 363 5568 tizn
390 5514 458 5570 de
490 5514 592 5569 hoc
619 5513 761 5584 quod
785 5514 921 5569 inter
960 5530 1057 5569 nos
1099 5514 1403 5584 disputatur
1449 5504 1666 5567 incertae
1709 5523 1863 5578 sunt,

279 5605 419 5661 inani
444 5608 765 5677 cogitatione
789 5606 1023 5660 conlinxi
1071 5623 1082 5658 :
1130 5606 1224 5662 sed
1252 5613 1464 5662 sanctos
1491 5616 1544 5662 et
1591 5606 1641 5659 in
1685 5614 1867 5673 Sancta

279 5695 516 5752 Ecclesia
562 5697 797 5754 illustres
840 5698 1105 5754 antistites
1163 5698 1289 5765 Dei,
1337 5714 1440 5752 non
1486 5698 1773 5754 Platonicis
1816 5707 1869 5752 et

345 5828 362 5859 ⁸
400 5837 500 5878 sm.
526 5836 599 5878 Er.
642 5836 696 5880 et
720 5828 944 5899 plerique
968 5837 1092 5901 Mss.”
1120 5829 1327 5901 etnihi,
1359 5830 1401 5883 si
1438 5830 1485 5881 in
1513 5838 1762 5898 conspectu
1786 5831 1869 5893 ju-

291 5889 454 5953 «ξίφη
474 5905 701 5955 essemus,
720 5889 874 5955 quasi
886 5890 1031 5943 uictor
1050 5892 1265 5944 insultas.
1317 5889 1324 5891 “
1624 5889 1631 5915 ⁵

1543 433 1746 492 LIBER
1783 428 2158 491 SECUNDUS.

1929 541 2279 599 Aristotelicis
2327 550 2380 595 et
2436 537 2721 595 Zenonicis
2761 537 2986 608 aliisque
3006 534 3402 607 hujuscemodi,
3426 531 3512 590 vel

1927 636 2114 708 graecis
2141 635 2224 690 vel
2249 633 2454 698 latinis,
2497 646 2796 703 quanquam
2825 639 2880 686 et
2926 631 3041 687 istis
3078 630 3281 702 aliquos
3304 644 3512 694 eorum,

1933 741 2119 781 verum
2151 740 2337 781 omnes
2365 724 2532 779 sacris
2559 721 2776 801 Litteris
2795 720 3051 786 eruditos,
3072 720 3383 775 nominatim
3403 734 3514 773 sic-

1936 827 1995 873 ut
2023 817 2301 888 oportebat
2350 814 2622 886 expressi;
2654 828 2948 884 eorumque
2993 812 3319 875 sententias,
3347 824 3521 881 quan-

1932 917 2044 963 tum
2072 906 2318 962 sufficere
2347 905 2642 970 videbatur,
2674 904 2789 959 sine
2832 903 2940 958 ulla
2968 902 3138 957 editas
3180 901 3522 972 ambiguitate

1930 997 2157 1069 digessi,
2184 1004 2243 1050 ut
2281 996 2334 1051 in
2365 995 2444 1052 eis
2487 995 2707 1061 timeas,
2738 1009 2846 1049 non
2886 992 3062 1064 ipsos,
3106 991 3200 1048 sed
3243 992 3390 1046 illum
3432 990 3523 1060 qui

1931 1092 2032 1148 sibi
2059 1105 2152 1146 eos
2181 1089 2327 1145 utilia
2374 1103 2499 1144 vasa
2526 1087 2801 1153 formavit,
2833 1094 2889 1142 et
2928 1095 3109 1141 sancta
3152 1084 3350 1155 templa
3390 1097 3523 1137 con-

1933 1181 2162 1247 struxit;
2202 1181 2292 1252 qui
2321 1188 2449 1235 tunc
2476 1178 2545 1235 de
2591 1180 2690 1235 ista
2716 1193 2877 1235 causa
2902 1177 3274 1249 judicaverunt
3296 1217 3312 1243 ,
3354 1189 3525 1245 quan-

1933 1271 2006 1328 do
2031 1287 2126 1329 eos
2153 1256 2313 1327 nemo
2337 1279 2517 1343 potest
2540 1269 2719 1326 dicere
2745 1284 3024 1339 perperam
3055 1269 3299 1338 cuiquam
3323 1265 3409 1320 vel
3434 1263 3531 1317 ad-

1935 1364 2138 1420 versari
2158 1363 2244 1421 vel
2262 1362 2442 1418 favere
2464 1361 2719 1432 potuisse.
2743 1358 2989 1415 Nondum
3012 1360 3154 1415 enim
3175 1357 3524 1421 exstiteratis,

1935 1465 2122 1511 contra
2159 1469 2296 1526 quos
2335 1453 2728 1525 susciperemus
2750 1451 2819 1508 de
2842 1451 2947 1507 hac
2987 1450 3282 1522 quaestione
3334 1446 3528 1503 confli-

1935 1556 2085 1604 ctum
2106 1564 2119 1602 :
2144 1546 2381 1601 nondum
2403 1546 2589 1612 eratis,
2612 1544 2703 1615 qui
2729 1544 2979 1600 diceretis
3005 1543 3146 1614 quod
3172 1545 3224 1597 in
3250 1530 3400 1596 libris
3423 1540 3528 1594 tuis

1937 1639 2126 1710 ponis,
2159 1637 2293 1706 Quia
2335 1638 2398 1692 de
2424 1637 2562 1692 vobis
2589 1636 2903 1691 multitudini
2948 1635 3141 1690 mentiti
3179 1635 3451 1706 fuerimus,
3485 1640 3531 1685 et

1938 1729 2074 1800 quod
2092 1729 2506 1784 Calestianorum
2526 1729 2606 1784 uel
2643 1727 3041 1799 Pelagianomm
3065 1727 3267 1781 nomine
3308 1726 3533 1779 homines

1941 1830 2239 1886 teneamus,
2266 1828 2312 1874 et
2336 1819 2472 1890 quod
2493 1827 2684 1873 terrore
2706 1816 2770 1872 ab
2794 1816 3082 1871 hminibus
3106 1817 3124 1848 ¹
3149 1825 3530 1886 extorqueamus

1941 1927 2221 1967 assensum.
2266 1911 2425 1966 Certe
2452 1909 2567 1980 ipse
2590 1908 2803 1976 dixisti,
2849 1908 2987 1979 quod
3029 1922 3200 1962 omnes
3229 1906 3430 1977 judices
3468 1907 3532 1960 ab

1942 2003 2061 2058 odio
2079 2045 2094 2071 ,
2124 2001 2348 2056 amicitia
2368 2042 2383 2067 ,
2400 2001 2668 2055 inimicitia
2686 2041 2701 2066 ,
2727 2000 2809 2054 ira
2828 2015 3014 2054 vacuos
3034 2015 3141 2053 esse
3164 1997 3353 2053 deceat.
3375 1998 3533 2053 Pauci
3570 1994 3577 2001 ’

1946 2095 2079 2150 tales
2112 2102 2404 2165 potuerunt
2443 2092 2669 2148 inveniri
2714 2110 2729 2148 :
2775 2092 2871 2147 sed
2914 2091 3258 2147 Ambrosium
3300 2091 3537 2161 aliosque

1945 2185 2177 2256 collegas
2221 2185 2376 2255 ejus,
2416 2197 2553 2254 quos
2595 2197 2718 2238 cum
2761 2183 2858 2238 illo
2906 2181 3353 2247 commemoravi,
3404 2181 3539 2236 tales

1947 2276 2112 2332 fuisse
2134 2275 2460 2332 credendum
2505 2284 2609 2330 est.
2642 2272 2839 2330 Verum
2864 2283 2919 2329 et
2955 2274 3002 2328 si
3030 2274 3162 2328 tales
3189 2288 3296 2328 non
3326 2271 3542 2328 fuerunt

1946 2368 2003 2423 in
2041 2367 2126 2422 his
2153 2368 2331 2423 causis
2351 2408 2366 2430 ,
2396 2381 2531 2436 quas
2556 2365 2623 2421 ad
2647 2380 2707 2421 se
2733 2366 2939 2422 delatas
2967 2373 3023 2420 et
3067 2365 3205 2421 inter
3235 2374 3415 2434 partes
3441 2380 3540 2420 co-

1947 2460 2155 2530 gnitas,
2187 2473 2310 2514 cum
2338 2458 2428 2514 hic
2453 2457 2729 2525 viverent,
2758 2471 2857 2512 suo
2895 2457 3102 2528 judicio
3141 2456 3421 2520 ﬁnierunt;
3472 2455 3541 2512 ad

1951 2554 2089 2608 hanc
2113 2561 2289 2607 tamen
2322 2565 2536 2606 causam
2569 2551 2704 2605 tales
2746 2559 2932 2617 erant,
2959 2549 3174 2621 quando
3197 2549 3266 2605 de
3295 2549 3383 2604 illa
3413 2564 3543 2603 sen-

1952 2644 2145 2700 tentias
2172 2641 2510 2714 protulerunt
2542 2658 2556 2695 :
2606 2640 2779 2696 nullas
2824 2640 3102 2695 nobiscum
3148 2639 3233 2695 vel
3266 2639 3540 2694 vobiscum

1951 2734 2216 2790 amicitias
2259 2732 2637 2801 attenderunt,
2686 2732 2768 2787 vel
2813 2731 3119 2787 inimicitias
3156 2741 3544 2795 exercuerunt;

1952 2841 2128 2899 neque
2151 2826 2306 2883 nobis
2347 2841 2522 2897 neque
2541 2826 2694 2881 vobis
2714 2827 2831 2880 irati
2872 2834 3013 2892 sunt,
3043 2840 3218 2895 neque
3244 2841 3344 2881 nos
3373 2841 3548 2896 neque

1952 2934 2050 2974 vos
2073 2919 2311 2975 miserati
2349 2926 2493 2973 sunt.
2524 2917 2678 2985 Quod
2721 2918 3042 2973 invenerunt
3069 2920 3120 2973 in
3154 2919 3420 2984 Ecclesia,
3466 2928 3548 2973 tc~

1954 3018 2221 3076 nuerunt;
2249 3009 2389 3081 quod
2417 3008 2750 3076 didicerunt,
2796 3009 3121 3076 docuerunt;
3161 3010 3302 3080 quod
3328 3025 3357 3064 a
3387 3010 3551 3079 patri-

1957 3102 2057 3157 bus
2103 3109 2461 3171 acceperunt,
2493 3100 2598 3155 hoc
2641 3099 2763 3154 filiis
2802 3099 3154 3155 tradiderunt.
3184 3100 3426 3155 Nondum
3458 3117 3551 3155 vo-

1956 3193 2162 3249 biscum
2192 3190 2331 3263 apud
2369 3192 2503 3247 istos
2521 3190 2736 3262 judices
2761 3191 2958 3262 aliquid
2986 3191 3304 3263 agebamus,
3332 3204 3384 3248 et
3409 3193 3549 3263 apud

1957 3300 2052 3342 eos
2078 3295 2197 3342 acta
2239 3294 2324 3342 est
2349 3299 2509 3341 causa
2536 3293 2738 3340 nostra.
2768 3284 2879 3340 Nec
2917 3300 3019 3339 nos
3048 3300 3149 3342 nec
3181 3299 3274 3341 vos
3317 3286 3395 3341 cis
3436 3286 3552 3341 noti

1958 3379 2230 3434 fueramus
2247 3421 2263 3446 ,
2296 3387 2351 3435 et
2377 3392 2566 3436 eorum
2612 3393 2710 3449 pro
2739 3378 2893 3433 nobis
2921 3379 3059 3434 latas
3082 3388 3268 3434 contra
3307 3394 3403 3433 vos
3427 3394 3553 3435 sen-

1960 3471 2156 3527 tentias
2178 3470 2491 3527 recitamus.
2522 3468 2769 3524 Nondum
2801 3463 3078 3525 vobiscum
3093 3469 3464 3539 certabamus,
3497 3482 3554 3526 et

1960 3562 2038 3619 eis
2064 3562 2528 3633 pronuntiantibus
2555 3560 2826 3617 vicimus.’

2032 3654 2122 3709 35.
2156 3653 2326 3718 Dicis,
2364 3670 2384 3705 ι
2426 3666 2547 3717 me,
2569 3651 2616 3707 si
2653 3652 2752 3707 sub
2777 3659 3039 3722 potestate
3059 3651 3300 3723 judicum
3332 3668 3551 3723 preme-

1962 3763 2052 3805 rer
2073 3789 2088 3813 ,
2124 3766 2144 3800 ι
2174 3746 2360 3817 quales
2391 3745 2481 3801 tibi
2520 3745 2639 3814 ipse
2685 3743 2965 3814 componis
2988 3785 3002 3809 ,
3037 3762 3057 3797 ι
3096 3759 3203 3799 non
3249 3744 3551 3802 habiturum

1963 3841 2128 3899 fuisse
2155 3839 2283 3911 quid
2309 3837 2560 3904 facerem,
2587 3852 2694 3908 quo
2719 3836 3097 3907 confugerem;
3125 3851 3246 3892 cum
3273 3838 3378 3893 tuis
3401 3852 3561 3908 argu.

1965 3930 2379 3988 me‘ntationibus‘
2430 3927 2571 3984 unde
2615 3942 2953 3983 occurrerem
3003 3930 3240 3995 reperire
3292 3942 3396 3982 non
3437 3942 3562 3998 pos-

1965 4037 2099 4079 sem.
2140 4040 2160 4074 »
2192 4020 2306 4091 Ego
2336 4019 2491 4091 plane
2537 4018 2789 4074 haberem
2840 4018 2965 4089 quid
3002 4018 3235 4076 facerem
3255 4062 3271 4087 ,
3303 4020 3560 4077 haberem

1966 4131 2073 4187 quo
2102 4114 2447 4184 confugerem
2489 4129 2502 4165 :
2536 4128 2566 4167 a
2597 4111 2894 4182 Pelagianis
2920 4112 3062 4167 enim
3091 4112 3324 4169 tenebris
3350 4112 3419 4168 ad
3448 4113 3564 4171 haec

1969 4217 2078 4262 tam
2109 4207 2364 4277 praeclara
2389 4203 2653 4259 catholica
2691 4203 2891 4258 lumina
2927 4218 3312 4275 provocarem;
3343 4204 3486 4276 quod
3511 4216 3568 4261 et

1968 4314 2111 4355 nunc
2133 4298 2243 4368 jam
2284 4295 2442 4351 facio.
2472 4294 2552 4351 'l‘u
2605 4310 2733 4366 ergo
2774 4295 3040 4365 responde
3080 4296 3204 4366 quid
3250 4295 3448 4362 facias,
3479 4295 3567 4352 dic

1970 4405 2078 4461 quo
2104 4387 2401 4459 confugias.
2431 4386 2545 4457 Ego
2569 4402 2598 4440 a
2642 4386 2941 4458 Pelagianis
2984 4386 3050 4441 ad
3079 4389 3208 4441 istos
3237 4395 3329 4443 :tu
3358 4387 3426 4442 ab
3450 4388 3568 4443 istis

1970 4485 2036 4540 ad
2060 4498 2197 4555 quos
2218 4482 2246 4539 τ
2262 4485 2344 4538 Αη
2371 4483 2494 4554 quia
2528 4502 2546 4534 ι
2581 4497 2690 4537 non
2720 4483 3075 4539 nuuierandas
3098 4525 3115 4550 ,
3138 4483 3233 4539 sed
3259 4483 3567 4554 ponderan~

1970 4580 2067 4634 das
2105 4597 2124 4631 ι
2159 4592 2350 4633 censes
2378 4594 2398 4628 ι
2436 4590 2557 4631 esse
2583 4576 2905 4641 sententias,
2943 4593 2967 4629 ι
2994 4585 3049 4631 et
3075 4575 3228 4631 addis
3257 4577 3421 4646 (quod
3451 4578 3569 4647 qui-

1970 4671 2094 4727 dem
2123 4676 2179 4726 et
2200 4685 2300 4741 ego
2329 4685 2515 4725 verum
2543 4684 2663 4725 esse
2683 4667 3018 4743 coruscatio),
3057 4688 3076 4721 ι
3107 4670 3172 4724 ad
3198 4670 3394 4740 aliquid
3420 4671 3569 4727 inve-

1971 4764 2230 4820 niendum
2270 4763 2667 4818 multitudinem
2722 4762 2848 4816 nihil
2897 4762 3152 4832 prodesse
3202 4778 3504 4830 caecorum,
3542 4782 3563 4817 ι

1971 4856 2135 4913 etiam
2165 4856 2295 4911 istos
2317 4869 2489 4911 caecos
2518 4854 2696 4909 dicere
2731 4854 2989 4908 audebis?
3012 4854 3076 4908 Et
3103 4870 3270 4925 usque
3293 4854 3429 4911 adeo
3449 4871 3568 4925 per-

1973 4947 2186 5003 miscuit
2207 4945 2327 5000 imis
2355 4946 2543 5014 lougus
2569 4959 2776 5000 summa
2803 4942 2919 4999 dies
2940 4944 3019 5015 (a)
3048 4960 3214 5016 nsque
3240 4945 3375 5001 adeo
3416 4958 3569 5003 tene-

1971 5040 2084 5095 brae
2130 5038 2217 5092 lux
2237 5078 2252 5104 ,
2284 5044 2339 5092 et
2385 5035 2475 5090 lux
2522 5035 2757 5090 teuebra:
2785 5050 2905 5091 esse
2949 5035 3199 5091 dicuntur
3219 5078 3235 5103 ,
3268 5049 3325 5091 ut
3357 5038 3572 5096 videant

1974 5129 2215 5200 Pelagius
2240 5169 2256 5197 ,
2282 5127 2568 5183 Caelestius
2592 5168 2607 5194 ,
2636 5126 2896 5194 Julianus,
2924 5136 2981 5182 et
3016 5129 3141 5182 eieci
3172 5128 3280 5183 sint
3304 5129 3533 5187 llilarius
3552 5173 3570 5199 ,

1974 5224 2285 5294 Gregorius,
2308 5221 2663 5277 Ambrosius?
2689 5219 2796 5277 Sed
2836 5222 3241 5292 qualiscumque
3270 5217 3430 5279 hom'o
3457 5226 3530 5281 sis
3553 5268 3569 5293 ,

1976 5328 2152 5372 tamen
2205 5315 2325 5386 quia
2376 5315 2534 5369 homo
2560 5328 2659 5379 es,
2690 5314 2870 5369 videre
2918 5316 3047 5369 mihi
3096 5316 3283 5372 videor
3310 5334 3572 5375 verecun-

1973 5408 2116 5464 diam
2149 5418 2293 5462 tuam
2318 5406 2398 5477 (si
2429 5415 2604 5461 tamen
2638 5422 2743 5460 non
2777 5406 2829 5459 in
2863 5416 2913 5460 tc
2935 5420 3061 5475 spes
3083 5415 3166 5461 est
3191 5410 3366 5463 omnis
3392 5426 3573 5465 cmor-

1976 5512 2066 5555 tua
2113 5497 2411 5567 sanitatis),
2440 5506 2495 5551 ct
2522 5497 2752 5567 quodam
2794 5497 2953 5552 modo
2991 5498 3150 5553 audio
3181 5514 3362 5555 vocem
3405 5510 3572 5554 tuam.

1975 5591 2320 5664 Respondes,
2357 5589 2510 5646 Absit
2554 5599 2613 5645 ut
2654 5588 2879 5647 audeam
2928 5605 3100 5646 caecos
3148 5592 3277 5646 istos
3303 5592 3461 5647 .riros
3491 5591 3576 5647 vel

2040 5748 2054 5778 ί
2090 5746 2164 5795 sic
2184 5750 2292 5793 Mss.
2320 5739 2437 5790 editi
2461 5751 2598 5799 vero,
2621 5738 2854 5791 omnibus.

2038 5810 2057 5839 ²
2093 5805 2223 5870 Apud
2247 5812 2377 5863 L0v.,
2402 5801 2652 5852 cincinnis.

2039 5894 2110 5954 (a)
2144 5891 2299 5941 \‘ct‘ba
2324 5890 2515 5943 Lucani.
2547 5885 2751 5936 t‘hursal.
2782 5885 2863 5933 lib.
2892 5885 2936 5943 5,
2966 5894 3092 5933 vers.
3136 5880 3239 5940 158.
3269 5877 3377 5935 139.
