4088 6582
569 392 674 449 699

569 509 823 583 cogitare,
853 505 938 562 vel
962 505 1159 561 diem.
1189 501 1388 560 Eorum
1407 517 1536 573 ergo
1581 497 1819 572 appende
1839 497 2149 552 sententias.

570 601 703 657 Nolo
727 614 848 654 esse
877 597 1077 669 plures,
1099 605 1158 651 ut
1181 608 1273 650 eas
1300 603 1351 650 te
1378 593 1552 665 pigeat
1581 604 1862 646 munerare
1887 608 1900 640 :
1928 587 2020 642 sed
2051 602 2152 640 non

569 703 690 748 sunt
719 690 865 746 ieves
887 731 904 755 ,
951 697 1012 744 ut
1041 704 1133 744 eas
1169 686 1472 758 dedigueris
1511 682 1852 756 appendere;
1899 681 2006 734 imo
2050 689 2154 732 tam

570 793 692 840 sunt
712 797 931 854 graves,
963 789 1020 834 ut
1047 789 1099 835 te
1125 778 1334 833 videam
1370 777 1469 832 sub
1495 791 1676 830 earum
1705 788 1867 828 onere
1893 771 2151 825 laborare.

572 873 834 943 Numquid
862 881 916 927 et
953 871 1020 926 de
1065 869 1178 924 istis
1205 867 1446 924 dicturus
1469 882 1566 932 es,
1598 884 1618 918 ι
1648 879 1732 919 me
1764 863 2028 920 imbellem
2060 860 2154 915 tibi

571 965 874 1032 opinionem
901 960 1165 1016 consortis
1187 973 1476 1028 opponere,
1504 966 1559 1011 et
1585 955 1728 1010 velut
1755 959 2156 1008 consternatum

570 1068 713 1113 metu
737 1097 754 1122 ,
779 1055 1022 1112 conscios
1052 1054 1068 1086 ί
1095 1051 1442 1109 nominare?»

641 1149 731 1204 56.
765 1147 925 1212 Dicis,
953 1164 974 1198 ι
1001 1145 1058 1200 in
1084 1159 1244 1200 causa
1262 1141 1532 1214 judicandi
1553 1181 1570 1208 ,
1591 1149 1770 1194 amoto
1796 1140 2019 1206 strepitu
2049 1147 2158 1192 tur-

570 1242 778 1306 barum,
805 1240 873 1295 de
899 1238 1043 1293 omni
1072 1236 1258 1292 ordine
1285 1232 1702 1290 conversationis
1731 1229 2157 1294 hominum,sive

569 1333 904 1389 saecniotum
930 1372 946 1397 ,
1000 1331 1113 1384 sive
1159 1326 1673 1388 admittistrautium,
1717 1325 1830 1378 sive
1875 1323 2157 1393 praefecto-

571 1441 688 1480 nam
712 1427 756 1492 ³,
787 1424 854 1478 ad
883 1422 1270 1478 discessionem
1317 1419 1496 1476 talium
1527 1431 1704 1472 rerum
1739 1431 1846 1470 non
1889 1413 2002 1468 sola
2056 1427 2157 1471 no-

571 1519 716 1574 mina
735 1557 757 1586 ,
805 1516 899 1570 sed
928 1513 1228 1585 eligendam
1255 1527 1374 1568 esse
1399 1509 1732 1581 prudentiam
1754 1548 1771 1573 ,
1815 1516 1870 1561 et
1891 1507 2159 1562 hanoran-

571 1610 694 1666 dam
723 1625 842 1664 esse
869 1609 1182 1677 paucitatem
1203 1647 1224 1674 ,
1252 1621 1410 1676 quam
1435 1605 1606 1665 ratio,
1639 1599 1890 1663 eruditio,
1919 1598 2158 1654 libertas-

571 1715 677 1771 que
715 1700 984 1754 sublimat.
1018 1717 1040 1750 ο
1065 1697 1146 1753 ita
1167 1712 1295 1753 vero
1322 1704 1437 1760 est,
1478 1703 1536 1758 ut
1582 1691 1716 1748 dicis
1747 1709 1762 1749 :
1795 1689 1892 1746 sed
1922 1703 2021 1744 nec
2057 1703 2158 1760 ego

574 1801 626 1848 te
653 1792 810 1846 ullius
839 1789 1189 1846 multitudinis
1221 1787 1608 1845 numerositate
1651 1783 1936 1855 perturbo;
1963 1796 2156 1852 quam—

481 1898 485 1906 '
571 1884 652 1938 vis
697 1883 925 1954 propitio
953 1883 1064 1940 Deo
1087 1925 1103 1949 ,
1121 1883 1198 1938 de
1223 1883 1326 1936 hac
1368 1880 1475 1938 fide
1497 1918 1512 1943 .
1537 1878 1622 1934 cui
1637 1874 2004 1932 contradicitis
2027 1913 2044 1936 .
2070 1888 2160 1930 αν

573 1975 771 2030 tholica
801 1989 989 2030 sanum
1018 1974 1190 2044 sapiat
1231 1973 1392 2028 etiam
1417 1968 1733 2034 multitudo;
1759 1967 1814 2022 in
1843 1982 1942 2037 qua
1969 1980 2162 2036 usque-

567 2082 781 2138 quaque
833 2065 1078 2136 plurimi,
1135 2065 1224 2120 ubi
1265 2071 1528 2135 possunt,
1581 2059 1849 2132 quomodo
1903 2063 2156 2128 possunt,

569 2161 711 2214 sicut
761 2157 1017 2212 divinitus
1059 2155 1412 2226 adjuvantur,
1460 2167 1594 2208 vana
1649 2159 1824 2206 vestra
1850 2155 2161 2218 argumenta

571 2251 853 2306 con-futuat
878 2251 922 2305 ⁸.
951 2251 1106 2308 Unde
1121 2249 1264 2304 absit
1283 2263 1314 2302 tt
1335 2262 1428 2302 me
1455 2245 1576 2308 ista,
1605 2259 1765 2314 quam
1793 2241 1920 2298 mihi
1947 2239 2156 2311 objicis,

569 2343 874 2420 arrogantia
901 2385 915 2408 ,
932 2361 963 2396 -ι
997 2351 1058 2398 ut
1081 2357 1168 2398 me
1200 2339 1360 2398 istam
1387 2352 1600 2394 mulsam
1643 2344 1832 2392 contra
1854 2348 1970 2400 vos,
1997 2348 2159 2388 mum

569 2448 674 2504 pro
705 2433 952 2488 omnibus
999 2447 1156 2503 agere
1201 2430 1502 2502 pollicerer.
1543 2447 1562 2480 ι
1594 2426 1744 2494 Quod
1771 2440 1891 2481 cum
1924 2435 1980 2480 tu
2025 2423 2166 2479 inter

576 2527 888 2596 Pelagianos
913 2526 1040 2582 facis
1062 2557 1084 2590 φ
1111 2539 1218 2580 non
1245 2523 1568 2578 erubescens
1591 2519 1772 2576 dicere
1797 2527 1853 2574 et
1891 2517 2160 2584 scribere,

581 2634 604 2668 ι
641 2615 857 2686 majoris
879 2616 968 2671 tibi
1009 2629 1138 2670 esse
1160 2613 1296 2684 apud
1329 2612 1494 2666 Deum
1517 2610 1718 2682 gloriae,
1741 2608 2052 2666 destitutam
2081 2621 2166 2662 ve-

577 2707 790 2761 ritatem
819 2707 992 2769 tueri;
1019 2703 1279 2760 imulttuu
1310 2701 1498 2772 abjecti
1529 2710 1585 2756 et
1603 2715 1730 2756 vere
1753 2697 1992 2754 destituti
2015 2705 2162 2765 sunt,

577 2797 915 2867 multumque
939 2797 1039 2852 abs
1083 2804 1136 2850 te
1177 2793 1416 2864 pendent
1438 2791 1498 2860 ‘,
1519 2793 1570 2848 si
1598 2780 1736 2846 hanc
1777 2789 2162 2846 intolerabilem

578 2888 936 2958 arrogantiam
991 2901 1113 2942 esse
1160 2901 1268 2940 non
1311 2883 1587 2954 iudicant,
1619 2897 1721 2954 qua
1748 2889 1804 2937 te
1823 2881 1989 2936 etiam
2037 2878 2168 2950 ipsis

581 2979 793 3048 Pelagio
831 2979 1030 3033 scilicet
1062 2985 1122 3032 et
1147 2976 1427 3039 C(elestio,
1459 2984 1694 3029 vestrum
1720 2972 1958 3026 cautium
1979 2969 2167 3027 docto-

580 3069 730 3124 ribus
749 3068 1028 3140 anteponis
1050 3084 1065 3133 ;
1086 3067 1243 3136 quasi
1288 3075 1342 3121 et
1365 3065 1567 3135 illijam
1591 3063 1884 3131 cesserint,
1905 3072 1960 3119 et
1995 3070 2056 3118 tu
2082 3076 2168 3118 re-

581 3161 876 3228 manseris,
923 3161 1012 3230 qui
1061 3159 1368 3215 destitutam
1410 3157 1837 3227 tuearis,an
1885 3155 2166 3210 veritatem

584 3253 802 3322 putatis.
831 3251 1023 3307 Verum
1047 3251 1172 3322 quia
1201 3259 1252 3305 te
1285 3248 1547 3316 delectat,
1576 3263 1680 3302 non
1715 3261 2000 3302 numerare
2028 3243 2167 3299 ntul-

584 3342 887 3408 titudinem,
918 3341 1012 3396 sed
1049 3340 1350 3410 appendere
1383 3339 1698 3409 paucitatem
1727 3336 2007 3406 ;exceptis
2030 3333 2170 3406 judi-

583 3435 736 3490 cibus
777 3433 1114 3492 Palaestinis.
1143 3432 1234 3502 qui
1267 3431 1509 3486 hasresim
1559 3437 1789 3484 vestram
1824 3428 1882 3483 in
1919 3425 2172 3482 absoluto

586 3525 800 3596 Pelagio
823 3525 1212 3580 damnaverunt
1233 3565 1248 3590 ,
1273 3537 1431 3592 quem
1459 3522 1654 3576 timore
1674 3535 2041 3592 compressum
2071 3517 2173 3576 Pe-

585 3618 792 3690 lagiana
814 3618 932 3690 ipsa
957 3617 1204 3688 dogmata
1233 3613 1486 3669 damnare
1507 3620 1815 3683 coegerunt,
1843 3610 2026 3668 decem
2054 3610 2174 3682 epi-

585 3723 782 3780 scopos
817 3709 934 3778 jam
959 3706 1238 3763 defunctos
1277 3715 1331 3759 et
1355 3719 1514 3758 unum
1547 3702 1912 3776 presbyterum
1945 3702 2036 3758 tibi
2075 3701 2175 3756 hu-

583 3801 675 3871 jus
699 3814 878 3854 causa:
903 3797 1126 3868 opposui
1151 3796 1360 3867 judices
1379 3837 1395 3863 ,
1424 3795 1513 3866 qui
1541 3794 1609 3850 de
1639 3795 1726 3850 illa
1768 3809 1890 3848 cum
1918 3793 2006 3848 hic
2027 3793 2172 3848 vive-

591 3901 712 3946 rent
753 3889 1144 3961 iudicaverunt.
1177 3887 1235 3942 Si
1268 3895 1442 3942 vestra
1484 3885 1854 3942 consideretur
1892 3884 2132 3955 paucitas
2156 3925 2172 3949 ,

591 3982 746 4041 multi
772 3989 897 4036 sunt
921 3997 938 4035 :
965 3979 1014 4036 si
1045 3977 1326 4033 multitudo
1361 3977 1746 4034 catholicorum
1770 3977 2174 4046 episcoporum,

591 4072 845 4146 perpauci
871 4080 1012 4126 sunt.
1038 4069 1117 4126 Ex
1144 4069 1335 4141 quibus
1366 4084 1552 4140 papam
1578 4067 1943 4122 Innocentium
1971 4074 2025 4121 et
2055 4081 2176 4136 prc-

593 4166 866 4236 sbyterum
898 4164 1272 4234 Hieronymum
1306 4160 1580 4216 retrahere
1619 4157 1850 4213 fortasse
1899 4157 2130 4212 teutabis
2159 4174 2173 4210 :

597 4259 780 4321 istum,
801 4256 921 4328 quia
941 4255 1204 4326 Pelagium
1229 4251 1642 4322 Caelestiumque
1661 4249 1964 4314 damnavit;
1997 4249 2144 4304 illum
2159 4289 2174 4312 ,

595 4347 720 4416 quia
748 4347 801 4401 in
827 4345 1044 4402 Oriente
1067 4353 1252 4400 contra
1280 4344 1550 4414 Pelagium
1574 4341 1886 4397 catholicam
1915 4338 2072 4395 fidem
2091 4339 2177 4408 pia

600 4441 895 4496 intentione
933 4438 1184 4494 defendit.
1216 4434 1322 4493 Sed
1352 4437 1467 4507 lege
1511 4449 1630 4504 qua:
1667 4433 1808 4488 dicat
1834 4433 1886 4486 in
1920 4431 2130 4488 laudem
2158 4431 2180 4463 ⁸

598 4531 889 4588 beatissimi
941 4545 1093 4600 papa:
1153 4526 1446 4584 lnnocentii
1497 4523 1738 4594 Pelagius
1790 4523 1864 4596 (a)
1891 4563 1906 4587 ,
1959 4533 2014 4576 et
2061 4521 2183 4576 vide

602 4635 776 4680 utrum
800 4624 932 4679 tales
961 4622 1117 4676 facile
1138 4619 1314 4691 possis
1345 4616 1552 4688 judices
1583 4615 1836 4669 invenire.
1868 4615 1941 4668 De
1969 4613 2059 4667 illo
2088 4628 2184 4667 au-

603 4731 711 4774 tem
759 4727 944 4772 sancto
989 4714 1332 4786 presbytero,
1365 4709 1453 4780 qui
1496 4705 1784 4763 secundum
1814 4707 2036 4777 gratiam
2066 4721 2182 4774 qttzc

603 4813 722 4871 data
751 4819 832 4866 est
855 4810 902 4865 ei
928 4849 944 4874 ,
978 4807 1055 4862 sic
1083 4807 1134 4860 in
1163 4803 1402 4859 Ecclesia
1429 4797 1724 4864 laboravit,
1748 4806 1804 4851 ut
1831 4797 2185 4852 eruditionem

606 4905 918 4961 Catholicam
943 4900 1168 4956 multum
1196 4895 1249 4952 in
1279 4895 1438 4950 latina
1463 4892 1640 4962 lingua
1668 4889 1846 4945 multis
1863 4899 1917 4944 et
1945 4903 2188 4944 necessa-

649 5113 692 5160 οι
723 5099 1268 5166 Duottss.,comocios._
1329 5158 1342 5166 ι
1473 5161 1497 5166 Δ
1673 5154 1803 5166 ___,
1898 5151 1955 5166 ν,

676 5176 696 5206 ι
727 5151 1127 5221 maritatas
1142 5151 1202 5212 et
1222 5158 1446 5232 plerique
1465 5151 1686 5222 Gallicani
1721 5161 1846 5211 Mss,
1867 5151 2189 5263 rprivatarum.

676 5237 847 5263 ιοιηηοε
877 5239 952 5263 un
997 5234 1043 5263 ρι
1081 5231 1156 5263 ur-
1181 5233 1290 5263 cum
1325 5221 1435 5263 alus
1463 5215 1750 5263 militum
1785 5213 2034 5263 Galicants
2063 5220 2189 5263 Mss“

608 5213 979 5285 ωίιῑὸπῖἓζῂὶὶιῖ
994 5213 1050 5276 et.
1081 5231 1157 5274 ru.
1181 5213 1291 5272 σιὶω
1325 5213 1435 5268 aliis
1463 5215 1750 5282 qtﬁbusdam
1785 5213 2034 5264 Gallicanis
2063 5220 2190 5272 ass,

611 5293 1051 5362 prqmqriqatormrt.

677 5337 1040 5404 ingeniosis
1061 5353 1165 5404 Ms,
1186 5337 1496 5405 confundunt.

677 5419 700 5450 ⁵
731 5395 1208 5477 λῖὖῗίὲἷῖἷιξιξοιείοί
1245 5395 1350 5454 uss.
1373 5415 1484 5453 cum
1512 5395 1748 5449 Gallinae
1785 5397 2066 5448 Pratelleusi
2111 5396 2194 5446 ha-

614 5481 753 5535 bent,
774 5469 1072 5541 οῡδιᾳρεῃάὶε

678 5543 701 5574 ³
731 5530 861 5594 ιω,
887 5530 938 5582 iit
959 5530 1120 5580 laude.

682 5619 756 5682 (α)
787 5613 1011 5682 νθιθεῖυὲ
1042 5607 1257 5682 in
1278 5605 1578 5682 ιηυξεεείοηε
1614 5601 1871 5682 “"3913.
1881 5603 1941 5682 id
1959 5609 2196 5682 ῘΡἯΨῬΪ

619 5663 760 5741 tin‘m',
778 5663 800 5724 ci
819 5663 1066 5724 im‘éndari
1089 5670 1306 5741 cupimus
1327 5682 1353 5741 ξι
1376 5675 1454 5741 te,
1463 5667 1652 5741 ﬁnitas
1674 5667 1754 5728 qui
1796 5666 1922 5741 Petri
1953 5673 2030 5741 et.
2055 5663 2197 5741 fidem

623 5728 869 5792 ctseolem
905 5742 1064 5786 tenes.
1087 5747 1112 5778 ι
1149 5728 1410 5780 Exhibetur
1441 5728 1578 5789 infra,
1607 5728 1653 5777 in
1689 5730 1896 5777 secunda
1935 5733 2070 5789 [arte
2113 5733 2200 5788 Ap-

624 5801 854 5863 pendicts.

1381 385 1658 442 CONTIM‘
1693 379 2030 439 JULIANUM
2071 378 2532 452 PELAGIANUM,
2573 387 2630 444 S.
2672 389 3036 446 AUGUSTINl

3721 400 3808 457 τοι)

2264 496 2356 552 riis
2391 497 2580 555 litteris
2622 503 2931 573 adiuvaret,
2974 519 3078 562 non
3109 507 3244 563 solet
3278 507 3518 582 Pelagius
3557 515 3804 584 jactitare,

2265 591 2362 644 nisi
2381 608 2400 641 ι
2432 593 2570 660 (ιιιυά
2593 594 2639 648 ei
2668 603 2914 666 tanquam
2934 599 3125 653 :einulo
3146 599 3409 656 inviderit.
3445 621 3466 656 ›
3493 603 3593 659 Sed
3618 606 3728 660 uolo
3752 625 3804 666 ex

2264 681 2364 737 hoc
2404 683 2492 738 tibi
2520 685 2762 740 videatur
2786 685 2854 742 de
2896 687 3112 742 istorum
3142 707 3362 746 numero
3389 691 3620 762 iudicum
3661 707 3807 753 retra«

2264 775 2488 832 bendus.
2516 778 2632 834 Non
2661 781 2800 834 enim
2830 779 2944 851 ejus
2973 785 3288 838 sententiam
3311 787 3496 856 posui,
3527 801 3676 860 quam
3705 799 3805 843 teut

2264 884 2391 939 pore
2413 870 2803 927 inimicitiarum
2846 885 3030 929 contra
3064 885 3296 932 vestrum
3321 879 3487 933 tenuit
3507 889 3560 934 et
3601 880 3805 936 defendit

2262 974 2530 1015 errorem:
2557 961 2649 1016 sed
2692 978 2848 1034 quam
2895 965 3069 1033 posuit
3109 966 3164 1020 in
3191 967 3404 1036 scriptis
3433 969 3542 1022 suis
3565 1009 3580 1034 ,
3612 970 3734 1024 liber
3755 974 3810 1024 ab

2262 1053 2404 1106 omni
2432 1053 2608 1108 studio
2635 1053 2882 1124 partium,
2900 1066 3183 1128 antequam
3208 1068 3382 1113 vestra
3407 1060 3710 1116 damuabilia
3731 1064 3802 1119 do

2261 1154 2434 1214 gmata
2463 1144 2798 1213 pullulareut.

2333 1233 2420 1288 57.
2449 1233 2526 1288 De
2553 1235 2770 1306 reliquis
2793 1251 2920 1296 sane
2942 1253 3044 1293 non
3070 1238 3233 1294 habes
3261 1239 3480 1302 omnino
3509 1241 3644 1312 quod
3665 1241 3808 1298 dicas.

2261 1325 2525 1396 Numquid
2558 1327 2809 1396 lrenaeus,
2831 1339 2884 1385 et
2905 1331 3220 1403 Cyprianus,
3248 1342 3302 1389 et
3322 1331 3574 1401 Reticius,
3597 1345 3649 1390 et
3665 1335 3823 1407 Olym-

2262 1418 2402 1488 pius,
2431 1427 2486 1472 et
2515 1418 2759 1483 llilarius,
2779 1429 2832 1474 et
2857 1418 3164 1492 Gregorius,
3193 1430 3245 1477 e’t
3273 1423 3516 1488 Basilius,
3539 1434 3591 1480 et
3611 1426 3814 1482 Ambro-

2263 1509 2374 1566 sius
2395 1551 2412 1576 ,
2437 1517 2492 1565 et
2515 1509 2752 1567 Joannes
2777 1555 2792 1576 ,
2825 1531 2845 1564 t
2881 1513 2948 1568 de
2975 1513 3178 1584 plebeia
3208 1514 3337 1571 faece
3361 1516 3768 1585 sellulariorum,
3793 1540 3814 1572 ι

2263 1601 2398 1656 sicut
2425 1601 2667 1658 Tulliano
2689 1603 2915 1673 jocaris,
2950 1620 2970 1657 ι
3005 1605 3056 1659 in
3089 1615 3317 1662 vostram
3363 1608 3612 1664 invidiam
3653 1613 3811 1666 conci-

2265 1692 2358 1748 tati
2387 1693 2552 1748 suut?
2589 1711 2609 1746 ι
2637 1693 2901 1765 Numquid
2928 1714 2946 1747 ι
2974 1695 3212 1752 milites?
3245 1717 3264 1751 δ
3302 1701 3554 1770 numquid
3586 1719 3604 1753 ι
3631 1701 3814 1757 schola-

2264 1784 2378 1840 stici
2407 1784 2784 1842 auditoriales?
2807 1804 2828 1839 ι
2856 1787 3110 1858 numquid
3141 1807 3160 1840 ι
3197 1799 3391 1856 nautae,
3421 1791 3716 1858 tabernarii,
3741 1807 3814 1847 ce-

2265 1875 2419 1940 tarii,
2439 1877 2628 1946 coqui,
2659 1877 2827 1933 lanii?
2859 1897 2877 1930 ι
2910 1879 3161 1951 numquid
3189 1900 3209 1934 ι
3245 1881 3608 1939 adolescentes
3633 1899 3692 1938 ex
3713 1899 3812 1939 uto-

2264 1967 2448 2023 naehis
2475 1967 2748 2026 dissoluti?
2777 1988 2794 2022 ι
2838 1968 3099 2042 Numquid
3135 1983 3404 2042 postremo
3435 1992 3453 2025 ι
3488 1975 3555 2030 de
3581 1977 3814 2046 qualium-

2263 2073 2490 2127 cumque
2537 2059 2850 2115 clericorum
2892 2061 3040 2116 turba
3078 2081 3097 2115 ι
3145 2063 3226 2116 isti
3277 2073 3430 2124 sunt.
3469 2081 3603 2136 quos
3639 2067 3813 2120 urbana

2263 2149 2556 2218 exagitatos
2591 2149 2900 2214 dicacitate,
2933 2151 3014 2206 Vel
3061 2154 3238 2221 potius
3259 2154 3494 2210 vanitate
3513 2157 3811 2221 contemnis,

2271 2256 2290 2291 ι
2323 2238 2445 2308 quia
2473 2254 2577 2294 non
2623 2251 2848 2310 possunt
2891 2243 3182 2298 secundum
3225 2245 3520 2316 categorias
3547 2245 3815 2301 Aristotelis

2263 2327 2334 2383 de
2381 2328 2716 2400 dogmatibus
2745 2331 3033 2402 judicare?
3063 2353 3083 2387 ο
3129 2334 3290 2401 Quasi
3342 2342 3431 2404 tu,
3479 2337 3574 2406 qui.
3614 2335 3816 2390 maxime

2265 2421 2504 2492 quereris
2546 2438 2567 2473 ι
2601 2437 2822 2478 examen
2851 2424 3000 2478 vobis
3025 2433 3080 2480 et
3120 2425 3420 2498 episcopale
3461 2424 3707 2497 judicium
3731 2426 3810 2483 de-

2265 2513 2481 2583 negari,
2517 2531 2538 2565 ›
2573 2513 3042 2584 Peripateticorum
3071 2517 3242 2586 possis
3271 2516 3510 2573 invenire
3535 2519 3818 2584 concilium,

2266 2602 2357 2658 ubi
2383 2603 2452 2660 de
2489 2605 2729 2676 subjecto
2755 2615 2810 2662 et
2853 2605 2934 2660 his
2963 2623 3082 2677 qua:
3110 2617 3232 2663 sunt
3279 2607 3334 2663 in
3381 2607 3620 2680 subjecto
3656 2617 3814 2664 contra

2267 2697 2526 2768 originale
2568 2709 2843 2781 peccatum
2890 2700 3164 2757 dialectica
3218 2703 3482 2758 sententia
3525 2701 3816 2774 proferatur.

2270 2786 2359 2843 lsti
2403 2789 2637 2860 episcopi
2685 2799 2846 2854 sunt,
2891 2791 3068 2858 docti,
3097 2801 3321 2862 graves,
3371 2794 3582 2862 sancti,
3611 2791 3818 2849 veritatis

2269 2881 2516 2937 acerrimi
2558 2881 2870 2940 defensores
2905 2883 3172 2944 adversus
3213 2885 3456 2957 garrulas
3483 2887 3748 2953 vanitates,
3775 2883 3816 2938 in

2269 2985 2495 3042 quorum
2517 2973 2742 3044 ratione,
2765 2973 3084 3040 eruditione,
3113 2975 3376 3046 libertate,
3401 2992 3523 3048 quae
3545 2979 3638 3035 tria
3666 2977 3784 3032 bona
3801 2975 3849 3030 ⁸,

2258 3063 2432 3136 judici
2464 3066 2732 3132 tribuisti,
2760 3084 2864 3122 non
2902 3077 3057 3138 potes
3097 3067 3335 3125 invenire
3359 3065 3818 3140 quod.speruas.Si

2271 3155 2591 3226 episcopalis
2617 3157 2850 3229 synodus
2876 3173 2941 3213 ex
2965 3165 3082 3213 toto
3125 3159 3256 3214 orbe
3283 3167 3706 3232 congregaretur.
3733 3155 3818 3212 mi-

2273 3263 2392 3301 rum
2415 3245 2461 3302 si
2483 3249 2614 3304 tales
2650 3257 2870 3322 possent
2916 3249 3024 3304 illic
3063 3248 3220 3306 facile
3260 3261 3334 3304 tot
3357 3252 3566 3306 sedere.
3594 3249 3718 3321 Quia
3737 3263 3820 3302 nec

2275 3337 2361 3392 isti
2389 3353 2495 3393 uno
2525 3349 2764 3410 tempore
2783 3337 3000 3395 fuerunt
3025 3357 3038 3394 :
3062 3341 3155 3396 sed
3184 3340 3364 3396 fideles
3389 3348 3444 3396 et
3470 3340 3644 3396 multis
3667 3338 3819 3396 excel-

2277 3427 2531 3488 lentiores
2555 3447 2751 3502 paucos
2793 3432 3188 3504 dispensatores
3215 3449 3342 3490 suos
3379 3433 3528 3490 Deus
3551 3450 3648 3506 per
3668 3431 3820 3488 diver-

2275 3537 2364 3578 sas
2390 3534 2574 3580 aetates
2613 3534 2938 3596 temporum,
2967 3525 3310 3598 locorumque
3346 3525 3629 3583 distantias
3651 3567 3666 3593 ,
3710 3523 3822 3581 sicut

2277 3616 2326 3672 ei
2353 3617 2526 3688 placet
2547 3628 2705 3688 atque
2723 3617 2976 3689 expedire
3009 3619 3212 3688 iudicat
3233 3659 3249 3682 ,
3276 3620 3390 3690 ipse
3430 3618 3714 3690 dispensat.
3735 3614 3822 3670 llos

2278 3706 2456 3778 itaque
2480 3708 2548 3764 de
2593 3709 2712 3766 aliis
2737 3718 2900 3778 atque
2934 3709 3050 3766 aliis
3077 3709 3403 3780 temporibus
3442 3719 3604 3782 atque
3625 3705 3824 3778 regioni-

2279 3798 2378 3854 bus
2423 3801 2490 3856 ab
2516 3799 2732 3858 Oriente
2757 3810 2812 3858 et
2853 3801 3136 3858 Occidente
3161 3813 3512 3874 congregatos
3537 3802 3678 3858 vides
3694 3841 3712 3864 ,
3737 3813 3821 3854 non

2280 3886 2336 3945 in
2362 3891 2534 3948 locum
2577 3906 2684 3962 quo
2727 3892 2978 3963 navigare
3005 3904 3262 3962 cogantur
3291 3892 3535 3948 homines
3559 3933 3572 3956 ,
3599 3891 3685 3946 sed
3705 3889 3749 3943 in
3769 3888 3820 3940 li-

2280 3984 2436 4042 brum
2461 3983 2554 4055 qui
2603 3984 2852 4056 navigare
2901 3985 3068 4054 possit
3099 3983 3172 4060 ad
3221 3983 3485 4040 homines.
3530 3978 3820 4052 Quantotibi

2281 4088 2460 4134 essent
2485 4079 2570 4134 isti
2590 4077 2798 4150 judices
2821 4079 3163 4148 optabiliores
3181 4119 3202 4146 ,
3231 4079 3277 4134 si
3309 4089 3516 4134 teneres
3541 4075 3822 4132 catholicam

2281 4169 2475 4238 fidem;
2507 4179 2653 4226 tanto
2673 4171 2765 4226 tibi
2785 4179 2906 4226 sunt
2932 4171 3294 4238 terribiliores,
3325 4171 3446 4242 quia
3472 4184 3730 4242 oppugnas
3749 4181 3824 4221 ca-

2281 4263 2532 4320 tholicam
2579 4263 2735 4320 fidem
2761 4280 2776 4318 :
2803 4279 2958 4333 quam
2997 4264 3049 4318 in
3097 4263 3236 4320 lacte
3276 4274 3563 4332 suxerunt,
3609 4275 3749 4333 quam
3783 4257 3822 4310 in

2280 4354 2403 4411 cibo
2453 4362 2832 4424 sumpserunt,
2879 4354 3032 4423 cujus
3085 4353 3168 4408 lac
3205 4364 3259 4408 et
3297 4354 3474 4408 cibum
3521 4351 3691 4420 parvis
3734 4363 3824 4402 ma-

2285 4447 2508 4516 gnisque
2529 4445 2959 4502 ministraverunt
2979 4487 2996 4512 ,
3023 4459 3181 4516 quam
3227 4454 3411 4500 contra
3437 4445 3671 4498 inimicos
3688 4439 3822 4494 etiam

2286 4553 2383 4592 vos
2419 4546 2542 4592 tunc
2586 4537 2818 4592 nondum
2871 4548 3056 4602 natos,
3105 4535 3244 4592 unde
3287 4551 3429 4591 nunc
3465 4529 3826 4594 revelamini',

2287 4631 2618 4702 apertissime
2659 4645 2722 4685 ac
2767 4630 3055 4685 fortissime
3101 4627 3471 4686 defenderunt.
3500 4627 3702 4682 Talibus
3729 4623 3826 4689 post

2287 4721 2572 4791 Apostolos
2588 4731 2768 4776 sancta
2798 4720 3032 4777 Ecclesia
3066 4719 3448 4790 plantatoribus
3467 4761 3482 4783 ,
3508 4713 3823 4787 rigatoribus.

2289 4810 2730 4878 a:dilicatoribus,
2764 4812 3089 4881 pastoribus,
3128 4811 3477 4864 nutritoribus
3509 4807 3685 4862 crevit.
3727 4799 3826 4854 Ideo

2291 4903 2538 4974 profanas
2567 4919 2724 4960 voces
2752 4913 2940 4956 vestra:
2979 4900 3224 4958 novitatis
3251 4901 3498 4971 expavit;
3533 4909 3585 4954 et
3620 4903 3758 4952 canta
3777 4903 3828 4943 ac

2291 4995 2468 5054 sobria
2483 5009 2547 5050 ex
2561 4993 3233 5064 admenitioneapostolica,
3247 4995 3458 5049 nesicut
3468 5006 3680 5062 serpens
3690 4986 3826 5042 Evam

2294 5086 2506 5143 seduxit
2531 5086 2719 5140 astutia
2749 5100 2863 5150 sua,
2886 5084 2963 5140 sic
2989 5094 3042 5138 et
3069 5100 3218 5138 meus
3243 5084 3357 5152 ejus
3376 5088 3784 5151 corrumperetur
3803 5085 3827 5124 a

2294 5177 2536 5232 castitate
2562 5193 2680 5246 quae
2709 5185 2792 5230 est
2829 5177 2880 5232 in
2909 5171 3122 5230 Christo
3152 5174 3217 5248 (ll
3242 5172 3360 5230 Cor.
3383 5189 3436 5229 χι
3454 5216 3469 5242 ,
3494 5173 3570 5243 '5),
3591 5163 3830 5224 catholica:

2297 5273 2418 5328 fidei
2457 5273 2756 5342 virginitate
2784 5269 2805 5301 ³
2829 5269 3048 5324 insidias
3075 5271 3240 5325 vestri
3278 5268 3535 5338 dogmatis
3575 5264 3830 5328 subrepen'

2299 5367 2366 5422 tis
2395 5365 2699 5429 exhorruit;
2721 5372 2773 5418 et
2803 5371 3050 5428 tanquam
3079 5368 3236 5430 caput
3259 5360 3460 5414 colubri
3484 5353 3730 5414 calcavit,
3753 5345 3832 5400 ob.

2299 5457 2442 5514 trivit
2469 5455 2678 5525 abjecit.
2714 5453 2806 5508 llis
2852 5451 3011 5524 igitur
3056 5450 3280 5520 eloquiis
3305 5459 3360 5504 ct
3383 5457 3524 5504 tanta
3556 5439 3829 5500 auctoritate

2365 5586 2904 5652 οΑιῇῳοιΜεβηὺωο.
2959 5646 2970 5652 _
3065 5643 3078 5652 ,
3373 5641 3444 5652 ,η
3529 5638 3590 5650 ..
3638 5634 3704 5652 .m

2365 5657 2386 5725 ξ
2628 5627 3108 5712 ὧὶῖᾱιᾘεῖαιῑωηίι
3140 5652 3267 5708 "55.,
3307 5638 3601 5708 refeuantini.
3627 5634 3705 5685 ,ιιίί
3735 5627 3831 5686 ἀρα,

2305 5711 2615 5767 νεὺριιαηιὲηἱ.
2656 5711 2668 5712 ί
2770 5711 2783 5712 ί
3318 5765 3330 5772 ,
3393 5764 3407 5772 .
3442 5764 3469 5772 .,
3509 5763 3538 5772 -.

2370 5779 2392 5812 ³
2423 5777 2494 5826 sic
2515 5785 2613 5827 am.
2640 5779 2691 5823 et
2714 5779 2816 5822 uss.
2843 5777 2898 5822 At
2931 5777 3005 5821 Br.
3025 5776 3078 5820 et
3095 5775 3230 5830 ων..
3252 5801 3268 5830 ,
3285 5764 3554 5826 remains.
