4088 6512
186 421 279 476 7m

187 543 512 596 sanctorum,
531 525 770 602 profecto
789 533 879 578 aut
892 519 1170 578 sanaberis
1185 517 1277 572 Dei
1297 514 1661 570 misericordia
1684 512 1779 567 do-

192 639 370 692 naute,
394 623 536 695 quod
557 631 811 691 quantum
841 617 934 674 tibi
956 625 1156 686 optem,
1181 611 1324 667 videt
1343 611 1432 680 qui
1463 609 1623 664 faciat
1652 627 1664 662 :
1689 618 1780 662 aut

191 723 256 784 si,
274 715 414 790 quod
432 713 732 778 abominor,
753 712 804 764 in
821 708 1006 765 eadem
1024 721 1143 777 qua:
1162 703 1253 758 tibi
1267 701 1478 758 videtur
1497 700 1777 770 sapientia,

192 823 244 867 et
272 818 354 864 est
393 820 580 877 magna
629 801 848 858 stultitia
875 841 888 864 ,
923 795 1320 869 perduravcris;
1346 808 1451 848 non
1485 802 1538 847 tu
1574 791 1782 862 judices

194 901 512 974 qiuesiturns
542 912 603 952 es
627 939 641 962 ,
667 895 754 950 ubi
781 908 998 948 causam
1024 900 1168 945 tuam
1197 901 1426 958 purges;
1458 885 1551 940 sed
1580 885 1668 940 ubi
1703 893 1783 938 tot

195 1002 406 1052 sanctos
431 989 681 1046 doctores
719 984 962 1058 egregios
1003 993 1162 1052 atque
1192 979 1568 1036 memorabiles
1597 977 1783 1032 catho-

199 1087 310 1142 lica:
344 1081 581 1137 veritatis
627 1093 848 1133 accuses
872 1119 887 1142 ,
916 1075 1174 1131 lrenteum
1197 1113 1212 1138 ,
1243 1071 1565 1142 Cyprianum
1585 1111 1600 1132 ,
1629 1067 1782 1122 Reti-

199 1178 332 1233 cium
356 1215 370 1240 ,
413 1170 714 1242 Olympium
736 1210 752 1234 ,
787 1165 1076 1232 Hilarium,
1109 1164 1456 1234 Gregorium,
1487 1159 1738 1214 Basiliutn
1763 1198 1779 1222 ,

202 1263 534 1323 Ambrosium
558 1297 572 1326 ,
605 1261 864 1316 Joannem
884 1299 898 1324 ,
930 1256 1298 1312 Innocentium
1315 1295 1331 1318 ,
1361 1253 1742 1324 Hieronymum
1763 1291 1780 1315 ,

214 1374 3329 1413 ______________________________________._

1523 397 1724 456 LIBER
1763 395 2074 453 TERTIUS.

3367 389 3478 447 7M

1884 519 2214 579 caeterosquc
2239 507 2414 563 socios
2471 521 2534 562 ac
2587 506 2874 577 participes
2910 516 3098 560 eorum
3125 545 3140 568 ,
3182 503 3397 574 insuper
3421 514 3477 559 et

1887 602 2186 657 universam
2213 598 2411 654 Christi
2441 597 2731 653 Ecclesium
2753 597 2880 666 ,_cui
2911 597 3103 651 divintu
3141 597 3354 650 familiae
3379 595 3477 650 do-

1886 695 2079 751 minir-a
2108 695 2303 749 cibaria
2350 691 2582 747 fideliter
2605 690 2973 744 ministrantes
2996 732 3010 755 ,
3051 689 3252 760 ingenti
3297 689 3348 743 in
3371 688 3478 742 Do-

1886 787 2032 842 mino
2061 787 2226 858 gloria
2268 788 2592 842 claruerunt.
2625 782 2896 840 Adversus
2926 784 3063 836 hunc
3101 793 3280 836 autem
3311 783 3475 835 mise-

1885 882 2109 938 rabilem
2129 920 2143 938 ,
2169 894 2328 950 quam
2374 877 2514 932 Deus
2561 891 2591 930 a
2620 887 2672 932 te
2713 883 2936 941 avertat,
2955 874 3217 928 insaniam
3239 913 3252 936 ,
3281 873 3359 924 sic
3391 887 3474 924 re-

1887 970 2255 1043 spondendum
2301 984 2422 1025 esse
2451 968 2606 1024 video
2646 967 2797 1022 libris
2821 965 2959 1026 tuis,
2985 974 3042 1018 ut
3093 963 3222 1018 ﬁdes
3265 977 3477 1033 quoque

1886 1066 2140 1120 adversus
2163 1074 2214 1118 te
2233 1061 2549 1119 defendatur
2573 1061 2816 1125 istorum;
2845 1058 2983 1114 sicut
3003 1067 3186 1112 contra
3209 1055 3398 1124 impios
3427 1065 3476 1107 et
3543 1123 3547 1132 γ

1887 1156 2081 1211 Christi
2123 1154 2392 1225 professos
2443 1152 2690 1208 inimicos
2737 1151 2897 1206 etiam
2953 1150 3122 1220 ipsum
3172 1145 3477 1201 defenditur

1888 1249 2257 1319 Evangelium.

3334 1371 3474 1384 -.δ-..ο

1222 1482 1695 1590 LIBER
1779 1477 2087 1585 TER
2113 1475 2274 1583 T1
2293 1475 2502 1584 US.

259 1674 474 1726 .mlianus
493 1672 728 1732 deinceps
749 1682 808 1718 ea
831 1670 1018 1718 ratione
1027 1680 1086 1732 ac
1103 1665 1354 1730 diligentia
1376 1663 1712 1732 confutandns,
1727 1668 1781 1711 ut
1801 1657 2093 1732 adsingitlos
2114 1666 2322 1732 quatuor
2333 1659 2494 1732 .iisius
2518 1659 2622 1708 Ιέιιιοι
2639 1675 2665 1708 s
2687 1673 2890 1732 seorsim
2912 1659 3261 1732 respondeatur
3285 1663 3488 1732 singuli:

200 1719 736 1788 totit—leiii'l—ilirisittloc
778 1732 943 1794 itaque
967 1729 1112 1779 tertio
1135 1719 1226 1794 suo
1249 1727 1544 1794 Augustinus
1565 1719 1770 1794 prirnum
1793 1719 1975 1794 Jiilinni
1986 1719 2158 1794 librum
2185 1719 2453 1794 retel‘lit‘pid
2478 1733 2634 1794 agens
2653 1729 2710 1794 ut
2729 1720 2910 1783 liquido
2940 1719 3189 1783 appareat,
3215 1735 3333 1794 .t'UIll
3352 1719 3485 1794 tit-us

200 1781 643 1848 i7e'ni§"ei"’mius
679 1795 742 1843 sit
777 1781 1024 1841 hoiiiinnm
1049 1791 1284 1856 conditor,
1310 1781 1551 1856 boumque
1568 1781 1686 1856 isint
1719 1787 1902 1856 nuptite
1925 1791 1977 1856 et
1996 1783 2078 1854 ab
2101 1794 2206 1844 ipso
2229 1783 2479 1856 instituta‘,
2505 1781 2676 1856 malam
2700 1781 2864 1831 tanien
2889 1781 3486 1856 esse’aincupiseentiam.

197 1842 444 1924 qua—atro
473 1842 636 1924 conus
673 1842 894 1917 spiritum
931 1854 1244 1924 concupiscit.
1273 1842 1386 1924 hoc
1417 1842 1544 1924 male
1575 1850 1707 1918 bene
1742 1842 1811 1896 uti
1853 1842 2130 1924 pudici-aiam
2169 1842 2478 1924 coniugalem
2504 1844 2789 1924 meliusque
2813 1857 2909 1917 non
2933 1844 3018 1924 uti.
3051 1857 3112 1893 eo
3130 1842 3485 1924 continentiam

199 1905 515 1972 sanctiorem.
552 1905 720 1966 ttalun'i
763 1924 927 1964 autem
951 1905 1196 1964 istud'nou
1231 1927 1295 1962 ex
1320 1912 1414 1960 alia
1435 1911 1701 1960 substantia
1721 1905 1866 1972 quani
1887 1920 1982 1954 non
2009 1913 2137 1954 Deus
2154 1905 2443 1972 condiderit,
2469 1913 2524 1972 ut
2548 1905 2827 1972 itanielizrus
2851 1908 3042 1972 insanit,
3065 1907 3204 1954 nobis
3227 1919 3339 1954 esse
3374 1917 3484 1966 per-

199 1985 429 2040 mixtum;
463 1980 552 2029 sed
598 1993 685 2040 per
710 1979 818 2040 Adae
862 1977 1243 2040 inobedientiam
1267 1981 1496 2040 exortum
1523 1979 1640 2034 atqu

1645 1983 1673 2020 e
1699 1966 1990 2039 tr'aJuctuni,
2016 1974 2068 2039 et
2105 1980 2196 2039 per
2227 1968 2400 2039 qliristi
2439 1966 2768 2039 obedientiam
2792 1967 3085 2039 expiandum
3124 1975 3272 2039 atque
3309 1977 3485 2015 sanan-

197 2028 346 2093 iiii:
369 2028 511 2104 cuius
547 2028 656 2104 mali
682 2039 1105 2104 obligationeuini’
1123 2035 1236 2085 litat
1263 2036 1431 2104 debita
1653 2037 1954 2104 nascentem,
1995 2028 2147 2104 solvit
2166 2028 2398 2104 indebita
2431 2031 2988 2104 gratiaronasceutem.
3008 2034 3098 2104 ex
3124 2028 3254 2104 ipsis
3283 2040 3483 2104 quoque

199 2087 738 2156 iiﬁiznlii'cﬁs‘ihéiaiﬁ
759 2087 950 2150 ostendi
974 2087 1226 2148 libidinem
1251 2111 1263 2146 :
1289 2087 1486 2160 quippe'
1515 2096 1598 2158 qui
1625 2101 1676 2143 et
1697 2091 1914 2160 remedia
1936 2087 2105 2160 contra
2129 2101 2238 2140 eam
2279 2087 2530 2154 agnoscat,
2567 2098 2621 2140 et
2660 2091 2850 2140 ratione
2894 2090 3074 2139 frenari
3111 2087 3220 2139 eam
3251 2087 3485 2150 velit,'ac

198 2167 410 2230 denique
431 2165 562 2214 dicat
601 2162 811 2226 gloriosa
833 2163 884 2211 in
913 2162 1066 2224 ipsam
1089 2173 1120 2210 a
1141 2155 1504 2209 wntinéutibus
1525 2155 1752 2206 exerceri
1783 2155 2072 2203 certamina.

1495 2259 2186 2301 M900“.-

272 2395 497 2454 CAPUT
547 2393 835 2450 PRIMUM.
864 2421 938 2432 —
967 2391 1020 2446 1.
1046 2390 1162 2446 iam
1188 2404 1364 2456 nunc,
1392 2387 1512 2460 quia
1545 2387 1658 2440 sine
1687 2385 1788 2440 du-

203 2489 290 2544 bio
315 2498 394 2544 tot
427 2497 799 2557 tantorumque
821 2493 1124 2540 sanctorum
1147 2523 1163 2549 ,
1205 2491 1261 2538 et
1301 2482 1354 2536 in
1383 2481 1552 2536 sacris
1575 2479 1793 2536 Litteris

201 2581 562 2646 eruditorum,
605 2587 662 2634 et
705 2578 758 2632 in
789 2575 1044 2634 Ecclesim
1073 2573 1333 2645 regimine
1361 2581 1467 2627 tam
1503 2570 1642 2625 clara
1674 2583 1788 2624 nie-

203 2672 374 2726 moria
403 2681 460 2726 et
497 2669 650 2724 laude
676 2667 988 2740 pollentium
1015 2663 1318 2721 auctoritati
1341 2663 1512 2718 sinon
1540 2661 1786 2726 cesseris,

209 2778 309 2818 uec
351 2761 718 2834 acquieveris,
767 2760 882 2815 sive
927 2756 1462 2814 contumeliosissime
1507 2755 1646 2809 sicut
1682 2767 1790 2821 me,

201 2853 314 2914 sive
338 2851 466 2910 illos
487 2852 840 2909 verecundius
872 2861 929 2907 et
968 2851 1148 2906 mitius
1172 2866 1296 2906 cum
1331 2849 1506 2920 aliqua
1533 2861 1790 2919 persona-

203 2960 318 3002 rum
343 2946 653 3016 acceptione
668 2943 1002 3007 tractaveris,
1028 2952 1204 2998 tamen
1231 2941 1390 2996 etiam
1417 2939 1562 3010 ipsos
1583 2953 1796 2994 errasse

201 3034 442 3092 dicturus
470 3051 530 3092 es
557 3054 572 3092 :
606 3035 675 3090 ita
701 3035 830 3100 tibi,
860 3033 1054 3089 dilecte
1079 3031 1152 3087 iiii
1181 3031 1411 3095 Juliane,
1440 3031 1665 3086 Domino
1693 3029 1794 3086 do-

205 3135 366 3186 hante
392 3125 724 3198 respondere
750 3125 923 3181 debeo
943 3164 962 3192 ,
991 3133 1047 3180 et
1081 3124 1160 3179 sic
1185 3132 1307 3178 tuos
1333 3121 1499 3178 libros
1526 3130 1684 3192 atque
1709 3137 1798 3176 ar-

201 3227 454 3289 gumenta
483 3219 734 3276 refellere
757 3261 774 3286 ,
801 3228 860 3274 ut
883 3219 928 3273 si
969 3219 1168 3288 possis,
1210 3215 1508 3288 intelligas,
1540 3215 1678 3270 male
1699 3215 1793 3270 tibi

202 3308 369 3368 fuisse
396 3327 733 3382 persuasum,
764 3309 909 3381 quod
935 3308 1056 3364 aliis
1078 3306 1402 3378 persuadere
1432 3305 1637 3362 moliris
1661 3321 1677 3371 ;
1711 3313 1793 3361 te-

201 3414 307 3470 que
342 3401 629 3458 salubriter
654 3402 913 3471 paeniteat
942 3400 1170 3454 incautae
1205 3413 1271 3452 ac
1311 3397 1608 3454 temerariae
1641 3395 1796 3467 juve-

201 3493 325 3551 nilis
367 3493 756 3566 progressionis
791 3501 847 3548 et
876 3490 1232 3564 pralapsionis
1262 3499 1365 3546 tute
1384 3529 1401 3556 ,
1446 3504 1554 3546 non
1590 3497 1794 3546 tantum

199 3581 300 3638 tibi
325 3591 416 3638 tua
441 3583 794 3650 correctione,
835 3597 1017 3638 verum
1047 3583 1206 3636 etiam
1237 3581 1476 3652 pluribus
1493 3581 1792 3651 profutura,

198 3675 650 3744 cognoscentibus
673 3675 826 3730 vobis
851 3685 1011 3744 atque
1035 3673 1325 3731 fatentibus
1354 3688 1517 3744 quam
1544 3687 1649 3728 non
1675 3672 1796 3728 ina-

202 3764 346 3822 niter
381 3781 650 3838 quamque
696 3765 956 3822 veraciter
1000 3773 1083 3819 tot
1123 3773 1184 3820 et
1223 3765 1354 3820 tanti
1381 3765 1794 3820 cliristisuorum

209 3865 448 3915 ratores
483 3857 840 3928 doctoresque
877 3857 1201 3929 populorum
1229 3857 1332 3913 hoc
1356 3857 1410 3912 in
1436 3857 1678 3914 Ecclesia
1703 3857 1796 3912 Dei

207 3945 493 4006 didicerint
519 3957 575 4005 et
596 3948 878 4004 docuerint
897 3989 913 4015 ,
944 3947 1086 4019 quod
1115 3947 1227 4003 veri
1253 3947 1414 4002 simili
1445 3947 1678 4003 novitate
1702 3947 1797 4002 de-

206 4039 346 4108 cepti
373 4040 673 4112 cupiebatis
699 4048 963 4096 evertere.
999 4037 1056 4095 Si
1080 4047 1294 4105 autem,
1321 4037 1462 4110 quod
1486 4035 1582 4093 abs
1612 4047 1665 4094 te
1693 4039 1799 4094 Do-

206 4130 382 4188 minus
405 4141 615 4190 avertat
639 4175 655 4202 ,
702 4134 786 4189 vel
822 4133 902 4190 sic
931 4133 1264 4190 tenebratum
1300 4147 1397 4188 cor
1417 4131 1672 4188 habueris
1693 4173 1710 4199 ,
1738 4139 1798 4187 ut

205 4219 505 4295 intelligere
529 4225 630 4280 ista
667 4239 774 4281 non
798 4225 1007 4295 possis;
1053 4223 1139 4281 vel
1168 4239 1238 4279 ex
1265 4237 1330 4279 eo
1357 4238 1582 4279 numero
1605 4221 1793 4292 fueris,

207 4326 340 4380 quos
371 4315 424 4370 in
452 4316 653 4371 sanctis
675 4315 903 4371 Psalmis
940 4316 1138 4370 veritas
1167 4323 1314 4370 notat
1349 4315 1564 4383 dicens,
1613 4313 1798 4370 Noluit

211 4402 524 4480 intelligere,
567 4417 624 4463 ut
667 4413 788 4464 bene
825 4417 992 4482 ageret
1033 4406 1203 4482 (Prol.
1243 4425 1393 4464 xxxv
1414 4450 1430 4475 ,
1457 4408 1557 4482 4);
1603 4409 1688 4466 vel
1729 4425 1796 4464 ex

211 4507 296 4564 eo,
322 4497 390 4554 de
418 4501 666 4573 qualibus
693 4500 820 4556 item
845 4501 1103 4575 scriptum
1133 4511 1217 4558 est
1234 4541 1250 4565 ,
1290 4498 1464 4555 Verbis
1495 4517 1596 4556 non
1623 4517 1794 4556 emen-

211 4586 410 4648 dabitur
434 4611 606 4650 seruus
625 4593 826 4658 durus;
851 4594 896 4649 si
925 4593 1058 4648 enim
1081 4603 1129 4649 et
1159 4594 1486 4660 intellexerit,
1517 4610 1618 4670 non
1647 4595 1798 4649 obau-

209 4679 310 4735 diet
333 4682 520 4752 (Prov.
552 4701 721 4754 xxix,
753 4685 844 4755 19)
891 4703 905 4739 :
938 4700 1040 4742 nec
1071 4685 1151 4741 sic
1182 4685 1285 4740 erit
1311 4685 1410 4740 iste
1439 4684 1798 4741 infructuosus

214 4767 360 4828 labor
387 4778 477 4834 vel
508 4793 658 4832 meus
676 4819 692 4843 ,
722 4775 810 4831 vel
834 4776 1060 4832 aliorum
1085 4775 1332 4839 fratrum,
1363 4776 1451 4846 qui
1479 4791 1575 4846 per
1599 4776 1795 4832 Christi

210 4863 427 4928 vatiam
469 4878 655 4926 contra
695 4867 840 4924 hunc
881 4881 1119 4923 errorem
1149 4866 1466 4923 catholicam
1505 4866 1798 4923 defendunt

216 4949 392 5010 (idem.
423 4959 590 5015 Multo
632 4958 864 5030 amplius
888 4958 1031 5014 enim
1061 4965 1220 5014 erunt
1243 4972 1378 5028 quos
1412 4959 1629 5029 antiqua
1658 4957 1798 5013 veri-

211 5051 292 5096 tas
317 5047 400 5101 vel
431 5050 660 5108 instruat
699 5047 917 5106 defensa
936 5089 954 5116 ,
986 5047 1071 5104 vel
1095 5047 1360 5118 corrigat,
1387 5049 1434 5104 si
1474 5064 1580 5104 non
1614 5045 1799 5104 defue-

213 5145 328 5189 runt
352 5151 489 5207 quos
531 5140 774 5212 irrepens
801 5155 954 5197 error
982 5139 1230 5197 insolitus
1255 5142 1272 5173 ⁸
1303 5148 1397 5196 aut
1430 5139 1790 5204 subverteret,

215 5233 297 5279 ιω
315 5241 574 5290 moveret.
605 5237 682 5291 Ac
711 5249 780 5288 ne
817 5233 1030 5304 longum
1059 5233 1268 5296 faciam,
1295 5248 1404 5288 non
1427 5232 1611 5311 omnia
1631 5231 1794 5288 verba

213 5321 297 5372 ωδ
323 5335 558 5393 ponam;
601 5325 696 5382 sed
726 5327 772 5382 si
803 5326 1060 5381 Dominus
1081 5325 1344 5396 adiuverit
1366 5366 1382 5390 ,
1413 5334 1623 5381 tuarum
1652 5324 1798 5380 velut

213 5421 476 5475 acutarum
497 5421 1014 5491 argumentationum
1041 5421 1172 5476 nihil
1191 5437 1297 5478 non
1324 5421 1557 5477 solutum
1577 5420 1795 5478 destru-

211 5505 458 5578 ctumque
481 5511 769 5570 dimittam.

277 5594 342 5651 ειν
378 5601 454 5662 De
491 5605 794 5676 indicibus,
845 5624 865 5658 ι
895 5605 1034 5677 apud
1080 5620 1215 5676 quos
1271 5613 1552 5677 propterea
1583 5623 1604 5658 ι
1659 5604 1793 5661 dicis

215 5697 237 5734 ι
270 5701 372 5746 non
399 5699 635 5764 potuisse
663 5713 758 5756 vos
785 5713 945 5770 agere
969 5712 1184 5754 causam
1208 5707 1459 5764 vestram,
1491 5698 1612 5770 quia
1633 5710 1794 5752 nemo

273 5798 290 5828 '
324 5804 460 5870 mliti,
482 5809 726 5868 iam.
747 5821 924 5863 omnes
943 5819 1068 5870 Mss.
1092 5808 1322 5870 ἱηεοίὶιιεεο

1895 2368 1963 2418 de
1989 2365 2148 2418 rebus
2173 2361 2348 2417 dubiis
2369 2361 2503 2416 bene
2527 2360 2830 2425 consultat,
2863 2361 2963 2416 nisi
3003 2362 3092 2432 qui
3121 2363 3189 2417 ab
3218 2361 3338 2417 odio
3363 2406 3377 2430 ,
3409 2363 3486 2419 ira

1898 2462 1953 2510 et
2003 2453 2234 2508 amicitia
2293 2467 2516 2508 vacuum
2575 2463 2759 2522 pectus
2812 2453 3085 2518 attulerit;
3139 2455 3324 2524 quales
3379 2469 3484 2508 non

1899 2545 2062 2602 luisse
2103 2564 2122 2600 ι
2169 2545 2340 2613 dicis,
2377 2561 2398 2598 ‹
2429 2543 2520 2616 qui
2556 2543 2624 2600 de
2669 2559 2830 2600 causa
2874 2553 3049 2600 vestra
3093 2538 3488 2615 ju’dicavcrunt,

1901 2640 2022 2710 quia
2052 2638 2202 2709 prius
2225 2652 2346 2693 eam
2370 2644 2648 2707 cmpcrunt
2682 2636 2863 2692 odisse
2888 2653 3046 2707 quam
3079 2653 3236 2692 nosse
3259 2679 3273 2701 ,
3313 2657 3334 2690 ›
3375 2637 3487 2703 jam

1899 2727 2114 2800 quidem
2137 2728 2417 2798 superiore
2441 2727 2578 2782 libro
2599 2727 2848 2797 I‘BSpOIIdl
2879 2725 3014 2801 (Lib.
3039 2727 3094 2796 ἓ,
3123 2745 3177 2782 n.
3196 2729 3286 2797 54)
3316 2747 3328 2782 :
3353 2729 3488 2794 Quia

1899 2820 1945 2875 si
1991 2821 2124 2875 tales
2155 2818 2400 2890 iudices,
2445 2819 2632 2890 qUales
2658 2818 2924 2886 deliniwt,
2972 2819 3113 2876 unde
3153 2819 3254 2874 hoc
3281 2819 3484 2883 dixisti,

1901 2910 2214 2976 Sallustius,
2240 2911 2591 2982 quaereretis;
2616 2921 2802 2966 sancto
2829 2909 3118 2965 Ambrosio
3137 2921 3192 2966 et
3211 2909 3490 2980 coepisco-

1901 3003 1985 3075 pis
2013 3003 2164 3073 ejus,
2204 3001 2291 3073 qui
2318 3001 2387 3056 de
2432 3001 2532 3056 hac
2565 3017 2624 3057 re
2657 3003 2726 3058 ab
2767 3002 2891 3056 odio
2919 3011 3082 3058 vestri
3111 3003 3193 3058 vel
3234 3004 3487 3065 amicitia,

1900 3095 1985 3150 vel
2012 3095 2112 3162 ira,
2137 3095 2221 3151 vel
2245 3093 2387 3166 quod
2410 3106 2464 3149 tu
2488 3089 2598 3150 bon
2618 3095 2864 3166 posuisti,
2887 3095 2982 3150 sed
3008 3095 3290 3151 Sallustius
3317 3096 3492 3165 posuit

1903 3185 2004 3256 (De
2027 3185 2390 3258 Conjuratione
2405 3185 2659 3256 Catilinae,
2685 3189 2740 3243 in
2769 3189 2994 3242 oratione
3017 3186 3256 3260 Cwsuris)
3272 3231 3287 3253 ,
3318 3192 3450 3242 mise
3465 3219 3479 3227 -

1894 3278 2130 3334 ricordia
2163 3293 2258 3349 pro
2287 3278 2470 3346 vobls,
2509 3279 2593 3334 vel
2627 3290 2812 3334 contra
2856 3295 2990 3347 vos,
3031 3295 3255 3334 vacuum
3302 3289 3491 3348 pectus

1903 3371 2240 3434 habuerunt,
2288 3371 2500 3444 quando
2533 3371 2600 3428 de
2645 3371 2747 3427 hac
2779 3389 2839 3428 re
2881 3388 3037 3429 veras
3076 3373 3494 3442 tranquillusque

1899 3463 2196 3520 sententias
2226 3463 2576 3533 protulerunt,
2609 3468 2790 3532 utique
2813 3451 3086 3520 cederetis'
3106 3466 3146 3518 ¹.
3175 3464 3321 3532 Quos
3349 3477 3489 3516 nunc

1901 3555 2052 3610 vobis
2081 3572 2264 3627 parum
2293 3567 2375 3611 est
2397 3555 2605 3626 iudices
2633 3557 2774 3612 nolle
2793 3597 2808 3622 ,
2849 3557 2951 3611 nisi
2981 3557 3140 3612 etiam
3171 3571 3294 3611 reos
3321 3557 3496 3610 facere

1904 3647 2124 3718 insuper
2153 3647 2412 3703 audeatis.
2447 3645 2551 3702 Sed
2573 3688 2590 3714 ,
2615 3648 2839 3702 ubst-cro
2872 3658 2922 3703 te
2941 3689 2956 3712 ,
2985 3647 3250 3718 quomodo
3277 3661 3494 3702 causam

1903 3749 2135 3798 vestram
2167 3741 2256 3810 qui
2277 3741 2666 3796 damnaverunt
2693 3749 2817 3796 ante
2843 3741 3312 3810 cmperuntodisse
3332 3756 3492 3812 quam

1904 3833 2102 3890 nosse?
2131 3833 2230 3901 Qui
2269 3850 2386 3890 eam
2429 3835 2612 3904 procul
2659 3835 2822 3890 dubio
2855 3837 2979 3906 quia
3027 3845 3310 3902 noverant,
3360 3836 3493 3890 ode-

1905 3934 2026 3981 rant
2048 3927 2091 3976 ².
2134 3908 2410 3982 Noveram
2435 3926 2577 3981 enim
2602 3943 2700 3981 vos
2727 3927 2908 3981 dicere
2928 3969 2944 3993 ,
2989 3927 3122 3982 nihil
3150 3927 3272 3981 mali
3303 3942 3497 3996 parvu-

1905 4016 1988 4071 los
2007 4014 2206 4072 habere
2231 4015 2518 4082 nascendo,
2543 4016 2682 4086 quod
2706 4017 2913 4088 purgari
2933 4017 3124 4071 debent
3146 4015 3494 4071 renascendo.

1907 4107 2178 4162 Noverant
2214 4123 2308 4162 vos
2331 4107 2549 4172 dicere,
2601 4111 2822 4178 gratiam
2853 4109 2944 4163 Dei
2975 4109 3267 4164 Secmulum
3305 4110 3496 4162 merita

1906 4211 2088 4256 nostra
2117 4201 2230 4255 dari
2261 4217 2274 4253 :
2308 4201 2494 4270 utjam
2518 4201 2688 4271 gratia
2719 4216 2821 4254 non
2849 4210 2991 4256 esset
3013 4209 3186 4272 gratia
3217 4199 3394 4273 (liam.
3419 4216 3496 4264 xi,

1905 4291 1960 4363 6)
1985 4333 2000 4359 ,
2029 4292 2152 4361 quia
2182 4308 2288 4346 non
2317 4291 2484 4361 gratis
2510 4291 2728 4346 daretur
2753 4335 2766 4353 .
2811 4291 2907 4347 sed
2937 4291 3228 4348 secundum
3255 4291 3496 4349 debitum

1905 4377 2237 4440 redderetur.
2281 4383 2554 4438 Noveram
2582 4398 2676 4438 vos
2717 4383 2930 4450 dicere,
2983 4385 3248 4439 hominem
3292 4384 3343 4437 in
3397 4383 3496 4437 hac

1906 4476 2012 4530 vita
2053 4490 2214 4547 posse
2258 4473 2460 4528 nullum
2507 4473 2706 4529 habere
2739 4483 3049 4544 peccatum;
3099 4485 3154 4528 ut
3197 4490 3301 4530 non
3338 4474 3384 4529 ei
3429 4484 3500 4530 sit

1907 4568 2269 4622 necessarium
2299 4607 2316 4634 ,
2359 4566 2500 4637 quod
2549 4569 2600 4621 in
2638 4567 2882 4622 oratione
2919 4567 3189 4622 dominica
3231 4576 3339 4621 tota
3369 4566 3498 4620 dicit

1909 4660 2145 4714 Ecclesia
2167 4701 2180 4721 ,
2226 4657 2432 4712 Dimitte
2461 4659 2603 4714 nobis
2627 4658 2794 4713 debita
2827 4668 2998 4713 nostra
3034 4657 3246 4729 (Matth.
3277 4675 3348 4724 vi,
3384 4658 3476 4714 i2)

1908 4750 2032 4806 llaec
2062 4751 2112 4803 in
2137 4750 2290 4804 vobis
2318 4759 2596 4816 noverant,
2633 4760 2688 4805 et
2716 4748 3010 4806 rectissime
3029 4749 3252 4804 oderant
3280 4749 3322 4802 ⁸.
3355 4749 3496 4804 Deni

1906 4855 2011 4910 que
2031 4841 2098 4892 ab
2125 4839 2204 4892 eis
2231 4855 2325 4893 vos
2351 4851 2620 4894 correctos
2639 4839 2887 4894 noverint
2907 4881 2922 4907 ,
2952 4849 3007 4895 et
3035 4839 3307 4893 amabunt.
3357 4839 3499 4907 Quo~

1906 4934 2048 4987 nium
2100 4948 2202 4986 non
2246 4933 2382 4986 sicut
2415 4933 2546 4986 dicis
2567 4973 2581 4997 ,
2630 4950 2648 4983 ι
2682 4929 2737 4987 Si
2770 4932 2889 5002 quis
2916 4940 3008 4986 aut
3047 4931 3270 4986 liberum
3301 4931 3353 4985 in
3399 4937 3497 4986 bo-

1909 5023 2142 5078 minibus
2168 5023 2482 5087 arbitrium,
2523 5032 2618 5076 aut
2654 5023 2818 5078 Deum
2860 5037 2981 5078 esse
3019 5024 3348 5078 nascentium
3372 5037 3498 5076 (εοηρ

1905 5117 2134 5171 ditorem
2161 5116 2376 5182 dixerit,
2407 5115 2719 5186 Pclagianus
2743 5123 2798 5170 et
2821 5113 3173 5170 leestianus
3201 5129 3495 5171 vocatur-1

1906 5210 1999 5265 sed
2029 5210 2117 5280 qui
2156 5209 2450 5264 libertatem
2481 5209 2532 5262 in
2560 5224 2716 5278 quam
2748 5209 2918 5264 vocati
2942 5223 3126 5264 sumus
3156 5210 3210 5276 ⁸,
3245 5225 3350 5264 non
3379 5225 3499 5280 graq

1907 5305 1996 5360 tice
2049 5305 2140 5359 Dei
2194 5303 2472 5369 tribuerit;
2517 5312 2574 5357 et
2616 5303 2704 5374 qui
2757 5303 3102 5374 parvulorum
3159 5303 3500 5358 liberatorem

1970 5441 1987 5469 ι
2024 5446 2122 5484 Am.
2148 5443 2201 5485 et
2221 5440 2354 5495 Mss,
2376 5431 2656 5495 crederetis.

1967 5500 1988 5529 ¹
2020 5499 2092 5548 sic
2113 5503 2225 5546 uss.
2261 5502 2318 5546 At
2340 5493 2460 5548 editi
2481 5510 2494 5547 :
2518 5494 2636 5558 Quia
2657 5507 2762 5547 eam
2777 5494 2948 5560 procul
2969 5493 3116 5547 dubio
3127 5501 3376 5554 noueram,
3394 5497 3500 5546 ode-

1903 5566 2030 5610 νωιε.

1969 5623 1989 5655 ³
2021 5620 2210 5688 aliquot
2231 5627 2339 5670 uss.
2362 5619 2439 5670 hic
2462 5619 2645 5688 addunt
2667 5633 2685 5688 :_
2707 5630 2822 5672 Ima:
2852 5617 2905 5688 in
2936 5616 3066 5688 nobis
3091 5623 3337 5688 grati-enen.
3353 5621 3401 5688 ιζ
3426 5627 3504 5682 ψ-

1903 5679 2352 5734 (tissime-oderunt.
2374 5690 2475 5732 Mox
2501 5683 2550 5732 in
2573 5683 2744 5733 alitis:
2764 5681 2974 5745 Denique
2997 5679 3041 5734 si
3055 5680 3116 5732 ab
3137 5679 3224 5730 eis.
3251 5683 3415 5735 Abest.
3441 5679 3503 5733 si,

1902 5759 1930 5795 a
1956 5745 2306 5814 niani-scriptis.

1967 5813 1987 5840 δ
2020 5815 2150 5867 ωδςη
2171 5805 2222 5859 in
2245 5819 2340 5868 qua
2361 5805 2514 5859 vocati
2533 5820 2714 5860 suvius.
