4088 6558
659 371 765 425 703

650 488 915 542 Christum
947 482 1245 555 negaverit;
1279 489 1331 537 et
1360 480 1446 550 qui
1480 480 1722 550 .miquam
1750 477 1800 530 in
1830 475 1928 529 hac
1954 474 2059 529 vita
2085 472 2231 544 justo

652 579 880 648 aliquant
915 577 965 631 in
997 575 1259 630 dominica
1295 575 1536 627 oraticne
1580 571 1917 641 petitionem,
1967 582 2070 623 non
2113 580 2234 636 pro-

655 682 773 739 pter
817 669 988 740 ipsum
1034 667 1226 723 dixerit
1269 665 1662 726 necessariam;
1719 661 1831 731 ipse
1894 659 2050 730 hujus
2085 673 2232 712 erro-

653 761 728 813 ris
756 760 946 828 accipit
973 773 1165 813 nomen
1192 798 1207 822 ,
1246 755 1368 825 quia
1389 768 1572 809 errore
1596 750 1949 807 communicat
1977 749 2201 828 crimen.

724 850 778 904 5.
806 849 924 904 Jam
952 864 1081 903 vero
1111 846 1519 903 Manicbteorum
1541 842 1764 897 crimine
1784 883 1798 907 ,
1836 856 1953 911 qua:
1974 839 2233 895 catholica

655 941 855 995 lumina
881 939 1079 995 audeas
1098 979 1114 1004 ,
1149 938 1233 992 vel
1271 946 1321 992 te
1350 935 1556 990 nescias
1576 976 1591 999 ,
1630 933 1710 987 vel
1742 931 1947 986 nescire
1972 940 2022 985 te
2045 928 2235 999 ﬁngas,

658 1032 950 1095 bifamare,
995 1046 1100 1085 nou
1137 1044 1270 1098 Opus
1296 1037 1378 1083 est
1419 1027 1504 1081 hic
1540 1026 1738 1079 dicere.
1783 1023 1954 1085 Sane,
1998 1030 2054 1076 ut
2080 1021 2233 1083 dicis,

657 1124 699 1176 si
736 1142 755 1175 ε
794 1137 891 1192 pro
917 1122 1067 1176 vobis
1095 1123 1267 1189 potius
1296 1119 1362 1173 ab
1387 1118 1711 1187 lmperatore
1739 1127 2054 1183 responsum
2082 1121 2184 1177 est,
2211 1129 2231 1163 ι

655 1230 753 1268 cur
783 1229 887 1268 non
928 1214 979 1267 in
1013 1214 1244 1266 medium
1282 1208 1534 1280 prosilitis
1558 1250 1572 1275 ,
1618 1216 1673 1262 et
1712 1206 1813 1262 hoc
1843 1206 1982 1261 ultro
2011 1204 2239 1274 publicis

558 1300 567 1311 ’
657 1303 1009 1373 potestatibus
1034 1302 1274 1371 allegatis
1290 1343 1306 1367 ,
1338 1286 1431 1354 vos
1456 1313 1579 1354 esse
1600 1306 1988 1360 monstrantes,
2013 1310 2237 1365 quorum

657 1395 980 1449 christianos
1017 1396 1260 1463 princeps
1285 1391 1601 1462 approbavit
1629 1389 1829 1443 fidem?
1858 1388 2052 1442 Verum
2076 1388 2120 1440 si
2148 1387 2237 1441 Dei

658 1488 830 1554 legem
874 1500 980 1539 non
1012 1486 1148 1540 sicut
1188 1498 1309 1538 sese
1340 1482 1498 1537 habet
1518 1523 1534 1547 ,
1584 1480 1676 1535 sed
1704 1480 1842 1534 sicut
1866 1478 2016 1533 vobis
2045 1477 2238 1548 placet,

660 1577 986 1648 intelligitis;
1044 1577 1167 1645 quid
1216 1577 1407 1630 mirmn
1448 1574 1491 1628 si
1531 1583 1585 1628 et
1622 1573 1691 1628 de
1736 1573 1853 1643 lege
1903 1571 2241 1639 Imperatoris

658 1667 760 1722 hoc
804 1667 1015 1722 facitis?
1061 1666 1165 1722 Sed
1211 1666 1323 1720 btec
1353 1677 1403 1719 te
1443 1664 1574 1719 alias
1610 1671 1984 1719 exsecuturum
2032 1662 2242 1733 plenius

659 1759 947 1826 polliceris.
1002 1757 1151 1826 Quod
1202 1758 1246 1812 si
1305 1756 1523 1818 feceris,
1574 1764 1666 1809 aut
1714 1753 2062 1824 redarguetur
2108 1752 2245 1807 sicut

660 1850 1014 1916 insidiosum;
1077 1858 1169 1903 aut
1221 1856 1595 1903 contemnatur
1647 1846 1786 1900 sicut
1841 1845 2043 1911 inane,
2098 1843 2240 1915 quod

659 1938 848 1994 feceris
880 1940 917 1992 ί.

729 2030 782 2083 4.
830 2028 999 2096 Quam
1042 2042 1172 2081 vero
1215 2028 1354 2081 lauta
1385 2034 1440 2081 et
1481 2026 1657 2096 lepida
1698 2034 1781 2080 est
1820 2023 2106 2095 gratulatio
2137 2031 2243 2085 tua,

656 2121 799 2190 quod
836 2140 853 2171 ι
892 2136 1054 2175 unum
1091 2139 1109 2171 ι
1146 2119 1279 2174 dicis
1310 2138 1330 2171 ι
1367 2132 1662 2189 egressum,
1694 2117 1782 2187 qui
1811 2117 1863 2171 in
1897 2131 1953 2171 se
1983 2131 2246 2171 summam

660 2213 830 2282 pratlii
862 2212 1018 2266 sitam
1048 2219 1197 2279 optat
1223 2210 1478 2280 intelligi;
1507 2227 1526 2260 ι
1562 2207 1809 2264 videlicet
1831 2207 2200 2278 utPelagianis
2223 2208 2244 2238 ⁸

664 2314 720 2357 ιιι
752 2302 980 2357 videaris
1012 2300 1175 2356 David
1196 2342 1211 2365 ,
1256 2317 1354 2369 ego
1380 2312 1556 2354 autem
1587 2299 1788 2355 Golias.
1839 2298 2079 2362 Videris,
2107 2297 2153 2353 si
2193 2307 2247 2351 tu

664 2394 768 2447 hoc
795 2392 1047 2446 induxisti
1079 2399 1288 2460 pactum
1317 2400 1371 2445 et
1401 2390 1651 2459 placitum
1682 2404 1802 2443 cum
1843 2387 2161 2459 Pelagianis,
2195 2398 2249 2440 ut

668 2486 713 2540 si
746 2487 917 2541 victus
939 2484 1130 2550 fueris,
1155 2483 1284 2538 nihil
1312 2482 1535 2538 ulterius
1555 2481 1628 2536 illi
1655 2481 1901 2536 audeant.
1936 2480 2047 2552 Ego
2074 2492 2246 2533 autem

665 2575 804 2630 absit
834 2584 892 2629 ut
929 2574 993 2628 ad
1020 2573 1447 2628 monomachiam
1474 2588 1570 2627 vos
1610 2586 1894 2642 provocem
1919 2613 1932 2635 ,
1966 2587 2099 2642 quos
2139 2572 2252 2623 uhi-

665 2682 892 2735 cumque
920 2666 1268 2736 apparueritis
1289 2707 1304 2732 ,
1335 2665 1528 2734 ubique
1548 2663 1772 2718 diffusus
1801 2662 1994 2718 Christi
2023 2663 2254 2717 debellat

667 2758 967 2823 exercitus;
1010 2757 1100 2827 qui
1148 2756 1439 2812 debellavit
1493 2755 1631 2825 apud
1660 2754 2033 2824 Carthaginem
2075 2753 2253 2807 Coele-

668 2849 851 2914 stium,
879 2847 1089 2917 quando
1108 2847 1214 2901 illic
1244 2847 1356 2916 ipse
1376 2861 1482 2901 non
1504 2861 1685 2910 eram;
1715 2855 1768 2900 et
1793 2860 1976 2899 rursus
2005 2846 2256 2898 Conslan-

674 2940 893 3009 tinopoli
937 2941 1011 3009 (α)
1054 2948 1162 2994 tam
1210 2939 1365 3009 longe
1400 2954 1431 2993 a
1470 2937 1778 3010 regionibus
1821 2936 2083 2991 Africanis
2120 2955 2133 2990 :
2166 2937 2257 3006 qui

669 3032 954 3087 debellavit
979 3033 1029 3086 in
1062 3032 1342 3086 Palaestina
1370 3031 1660 3102 Pelagium,
1687 3029 1772 3085 ubi
1791 3045 2003 3085 causam
2026 3038 2255 3084 vestram

672 3138 785 3178 sua:
814 3122 1172 3177 damnationis
1204 3122 1395 3177 timore
1421 3120 1691 3177 damnavit
1723 3139 1736 3175 :
1770 3120 1841 3175 ibi
1868 3120 2010 3175 enim
2040 3119 2258 3174 omnino

672 3214 866 3270 cecidit
895 3214 1116 3270 hmresis
1143 3224 1339 3269 vestra.
1373 3215 1438 3268 Et
1464 3214 1583 3284 quia
1613 3213 1704 3268 ille
1722 3255 1740 3280 ,
1780 3212 1932 3282 cujus
1956 3212 2120 3282 ﬁgura
2146 3220 2260 3265 erat

676 3307 864 3374 David,
893 3317 1079 3363 contra
1105 3322 1231 3362 suos
1259 3305 1593 3361 adversarios
1623 3306 1675 3360 in
1700 3306 1812 3361 suis
1839 3304 2086 3359 omnibus
2115 3304 2258 3358 mili-

673 3399 811 3452 tlbus
842 3408 1068 3469 pugnat,
1114 3412 1353 3453 errorem
1383 3406 1622 3452 vestrum
1654 3397 1813 3452 etiam
1846 3396 2042 3466 Pelagii
2082 3396 2259 3466 lingua

674 3503 924 3562 tauquam
956 3490 977 3522 ³
1022 3490 1272 3562 prostrati
1312 3498 1366 3545 et
1403 3489 1629 3559 jacentis
1670 3488 1845 3559 gladio
1892 3486 2258 3543 detruncavit.

672 3582 805 3638 Nam
834 3583 973 3653 quod
1002 3593 1055 3637 tu
1073 3581 1401 3652 dedignaris,
1436 3600 1455 3632 ε
1487 3590 1767 3651 propterea
1786 3595 1879 3635 vos
1901 3594 2068 3635 novos
2095 3578 2264 3633 hatre-

675 3675 807 3727 ticos
833 3673 957 3739 dici,
989 3671 1111 3742 quia
1128 3687 1288 3726 onme
1309 3671 1505 3725 malum
1525 3659 1665 3741 quod
1689 3680 1962 3741 peccatum
1992 3669 2261 3737 delinitur,

675 3764 913 3818 asseritis
950 3778 1054 3817 non
1106 3762 1158 3817 in
1197 3772 1403 3829 natura,
1451 3763 1544 3817 sed
1576 3762 1629 3816 in
1650 3762 1763 3817 sola
1787 3762 2058 3817 voluntate
2085 3762 2263 3816 consi-

676 3866 841 3921 stere,
877 3873 895 3907 ι
922 3855 1031 3925 jam
1057 3856 1208 3911 vobis
1233 3854 1476 3925 Pelagius
1498 3898 1512 3922 ,
1545 3855 1652 3910 imo
1682 3871 1779 3924 per
1805 3854 2038 3925 linguam
2067 3853 2266 3924 Pelagii

680 3948 938 4002 Dominus
990 3947 1302 4017 amputavit.
1356 3947 1574 4002 Timeus
1627 3948 1824 4018 quippe
1870 3947 1959 4001 ille
2001 3946 2263 4012 damnari,

679 4039 951 4094 damnavit
975 4053 1069 4093 eos
1096 4040 1183 4109 qui
1213 4039 1433 4103 dicunt,
1465 4037 1692 4094 infantes
1721 4038 1928 4093 etiamsi
1960 4052 2067 4093 non
2092 4038 2266 4109 bapti-
2314 4046 2317 4049 ‘

682 4138 887 4196 zentur,
918 4129 1113 4213 habere
1141 4130 1297 4184 vitam
1327 4139 1601 4185 aeternam.
1642 4129 1742 4198 Qui
1768 4144 1896 4199 ergo
1924 4129 2125 4200 negatis
2151 4144 2271 4185 esse

684 4223 735 4277 in
767 4224 983 4293 parvulo
1011 4224 1208 4279 tnalum
1228 4269 1244 4290 ,
1290 4224 1431 4295 quod
1460 4224 1779 4293 Baptismate
1805 4221 2069 4287 diluatur;
2112 4220 2273 4275 dicite

626 4306 633 4313 ’
684 4330 790 4385 quo
837 4302 1029 4370 merito
1074 4316 1322 4386 parvulus
1368 4331 1473 4369 non
1519 4313 1814 4384 baptizatus
1856 4321 2054 4367 interna
2102 4320 2273 4367 morte

687 4412 967 4480 plectatur.
990 4409 1095 4466 Sed
1125 4410 1252 4481 quid
1299 4410 1431 4465 estis
1472 4408 1701 4478 dicturi,
1748 4407 1848 4461 nisi
1889 4407 2025 4461 forte
2056 4405 2271 4477 Pelagio

688 4501 1016 4557 maledicturi
1037 4503 1060 4556 ?
1085 4501 1183 4569 Qui
1209 4509 1382 4555 tamen
1405 4498 1452 4554 si
1472 4499 1622 4553 vobis
1648 4496 2089 4552 maledicentibus
2114 4497 2273 4564 dicat,

691 4596 756 4650 Et
776 4596 901 4666 quid
922 4594 1127 4650 velletis
1144 4605 1201 4648 ut
1225 4591 1494 4648 facerem?
1518 4608 1584 4645 au
1612 4590 1821 4646 dicente
1835 4590 1934 4645 Clu
1948 4589 2070 4654 isto,
2096 4588 2156 4645 Si
2177 4606 2277 4643 non

689 4685 1112 4740 manducateritis
1149 4701 1312 4738 meam
1353 4699 1591 4749 carnem,
1635 4691 1681 4735 et
1717 4681 1935 4735 biberitis
1965 4697 2128 4734 meum
2155 4697 2277 4734 san-

687 4779 890 4848 guinem
910 4819 926 4844 ,
978 4793 1078 4830 non
1118 4774 1358 4829 habebitis
1393 4774 1544 4828 vitam
1573 4773 1624 4826 in
1654 4771 1801 4827 nobis
1829 4771 2007 4844 (Joan.
2034 4786 2118 4835 v1,
2150 4770 2274 4841 54);

688 4870 924 4924 dicturus
955 4869 1155 4922 fueram
1197 4865 1470 4937 parvulum
1504 4865 1804 4920 habiturum
1831 4864 2014 4930 vitam,
2043 4864 2133 4932 qui
2161 4863 2279 4918 sine

692 4962 791 5016 isto
818 4962 1162 5017 Sacramento
1208 4958 1411 5013 finisset
1454 4957 1591 5012 hanc
1618 4958 1823 5012 vitam?
1867 4967 1995 5026 puto
2015 4956 2156 5026 quod
2188 4972 2281 5010 vos

694 5053 1033 5108 maledixisse
1075 5049 1281 5105 homini
1325 5049 1618 5118 paenitebit.
1662 5047 1778 5103 Jam
1814 5062 1909 5101 vos
1947 5061 2077 5116 ergo
2124 5046 2283 5101 totius

695 5147 949 5215 paeniteat
978 5143 1137 5211 hujus
1166 5144 1385 5197 erroris.
1488 5130 1504 5147 '

767 5236 818 5291 5.
850 5234 928 5290 Ne
968 5242 1281 5301 argumento
1307 5233 1610 5287 miserrimo
1640 5232 1894 5299 utamini,
1922 5246 2028 5301 quo
2055 5230 2284 5285 universi

698 5337 913 5382 utuntur
935 5325 1193 5392 haeretici,
1224 5341 1360 5394 quos
1387 5340 1415 5378 a
1449 5325 1746 5396 perniciosa
1778 5325 1989 5381 licentia
2018 5323 2163 5395 leges
2189 5324 2287 5377 im-

764 5440 779 5470 ¹
815 5438 885 5486 sic
907 5443 1015 5485 Mss.
1038 5434 1156 5485 Editi
1179 5450 1316 5501 vero,
1337 5438 1465 5501 quod
1488 5436 1672 5501 fateris.

762 5501 783 5561 ἓ
814 5505 935 5547 't‘res
960 5504 1090 5554 Mss,
1119 5497 1423 5561 Pelagianus.

767 5560 788 5591 ³
822 5567 944 5620 Am.,
975 5563 1155 5625 pugnat
1198 5559 1416 5612 errorem
1450 5570 1674 5622 vestrum,
1701 5561 1845 5612 etiam
1870 5559 2051 5625 Pelagii
2076 5559 2290 5625 linguam

703 5626 947 5694 tanquam.
977 5621 1191 5668 mattun
1213 5630 1411 5672 secutus
1433 5621 1678 5685 Erasmus,
1699 5626 1900 5674 mutavit
1944 5621 2288 5682 tantumnodo,

706 5687 911 5743 pugnat,
937 5688 1274 5743 m,_oppugnat.

835 5695 884 5730 at
895 5714 911 5740 ,
937 5695 1005 5738 In,
1018 5695 1274 5740 oppugnat.

769 5693 884 5804 {nat
895 5714 922 5763 ,_
937 5693 1005 5738 in,
1868 5748 1876 5756 O

790 5745 840 5814 α)
875 5744 991 5814 Vide
1014 5755 1151 5814 in“,
1178 5757 1227 5791 tn
1260 5746 1469 5814 secunda
1494 5756 1634 5814 parte
1669 5746 1969 5814 Appendtcts,
2005 5746 2069 5795 de
2110 5743 2290 5810 synodo

706 5801 1219 5864 Constantinopolitano
1243 5810 1333 5856 sub
1361 5801 1507 5858 Attico
1528 5809 1687 5858 habita
1706 5801 1835 5860 'a'uno
1858 5801 1967 5859 M7.

1443 356 1713 414 CONTRA
1753 355 2089 413 JULIANUM
2129 355 2589 425 PELAGIANUM,
2631 358 2688 413 S.
2729 355 3092 416 AUGUSTINI

3795 362 3876 424 ’ῖοι

2340 483 2641 542 peratorum
2669 475 3046 539 catholicorum
3078 484 3343 546 prcnmut.
3373 474 3568 534 Omnes
3595 479 3779 550 quippe
3798 482 3874 538 ιω.

2334 564 2566 633 jusmodi
2594 566 2808 632 dicunt,
2855 568 2999 638 quod
3024 569 3134 638 ipse
3167 568 3380 632 dixisti,
3417 587 3436 620 ‹
3476 569 3736 628 Laborare
3761 574 3877 630 illam

2341 664 2541 723 partem
2569 659 2791 712 rationis
2809 656 3005 728 inoliia,
3029 676 3146 729 qua:
3190 660 3240 713 in
3264 659 3572 715 disserendo
3596 676 3713 716 cum
3737 671 3878 719 terro-

2340 764 2452 803 rem
2496 750 2746 822 suhrogat
2768 794 2784 819 ,
2831 753 3030 808 nullum
3056 769 3084 806 a
3119 754 3463 822 prudentibus
3500 753 3771 825 impetrat,
3805 759 3878 814 sed

2339 856 2537 897 aecum
2565 859 2594 897 a
2622 845 2944 899 meticulosis
2965 853 3245 915 extorquet
3269 860 3563 900 assensum.
3590 864 3609 898 ι
3644 845 3768 900 Novi
3788 848 3880 917 qui.

2340 933 2461 988 dem
2486 934 2719 988 ha-ri-tici
2748 951 2840 988 vos
2867 938 2994 991 estis
3014 975 3029 990 .
3069 937 3162 990 sed
3196 937 3347 990 istam
3379 952 3512 999 pene
3540 939 3773 992 omnium
3792 938 3881 992 ha:-

2344 1030 2641 1088 reticorum
2668 1034 2903 1081 veterem
2933 1034 3117 1074 vocem
3144 1031 3264 1070 cum
3289 1013 3496 1068 caneris
3522 1010 3797 1079 agnovistis
3818 1021 3883 1063 at-

2343 1137 2448 1195 que
2493 1119 2761 1179 tcttuistis.
2817 1115 2928 1171 Nec
2973 1127 3068 1167 vos
3116 1124 3216 1164 nec
3263 1107 3396 1160 alios
3444 1100 3736 1172 decipi-alis,
3769 1099 3885 1154 velut

2345 1216 2505 1273 talem
2537 1227 2723 1267 vocem
2769 1208 3026 1263 habentes
3067 1201 3346 1257 adversum
3399 1213 3515 1259 nos,
3570 1195 3770 1265 qualem
3809 1207 3884 1245 nos

2343 1308 2624 1362 adversum
2675 1301 3004 1365 Donatistas,
3053 1309 3188 1367 quos
3228 1293 3295 1348 ad
3339 1290 3684 1347 Collationem
3735 1286 3882 1341 nobis-

2343 1415 2465 1455 cum
2514 1396 2697 1451 venire
2740 1409 2832 1463 per
2874 1389 3167 1460 imperialia
3188 1387 3334 1456 jussa
3379 1379 3731 1452 compulimus
3771 1376 3881 1447 (illo-

2344 1507 2462 1548 rum
2505 1489 2650 1545 enim
2705 1489 2853 1540 furor
2901 1486 3254 1553 occupaverat
3301 1474 3533 1531 Africom
3582 1482 3769 1536 totam,
3810 1479 3882 1525 net

2343 1582 2621 1657 prmdicari
2664 1595 2694 1635 a
2730 1577 3019 1634 Catholicis
3044 1574 3322 1628 veritatem
3363 1576 3545 1622 contra
3575 1580 3724 1620 suum
3753 1561 3877 1631 patie

2345 1653 2538 1732 bantur
2563 1686 2823 1735 errorem,
2851 1666 3102 1722 violentis
3144 1659 3595 1734 aggressionihus,
3646 1653 3881 1709 latrocina-

2344 1765 2636 1831 tionibus‘,
2690 1762 2937 1816 itinerum
2984 1754 3368 1818 obsidionibus,
3422 1749 3644 1821 rapinis,
3695 1745 3883 1815 ignibus,
3978 1778 3979 1809 Τ

2344 1856 2580 1915 uadibus
2606 1855 2766 1908 multa
2793 1858 3083 1912 vastantes,
3113 1855 3304 1902 cuncta
3333 1841 3648 1910 terrentes):
3672 1853 3781 1892 cum
3797 1836 3882 1905 qui-

2343 1950 2446 2005 bus
2481 1947 2620 2018 apud
2660 1945 2963 2014 episcopos,
3007 1954 3145 2010 quos
3183 1949 3493 1994 communes
3540 1947 3647 1987 non
3695 1928 3884 1983 habeba-

2346 2054 2487 2106 mus,
2515 2038 2648 2093 nihil
2676 2050 2834 2107 agcre
2874 2043 3206 2102 poteramus;
3259 2026 3398 2098 quod
3443 2039 3574 2077 vero
3612 2032 3729 2076 ante
3756 2020 3885 2074 ferme

2344 2141 2559 2188 centum
2587 2142 2757 2184 annos
2799 2126 3030 2193 majores
3058 2121 3225 2178 nostri
3256 2135 3377 2174 cum
3424 2118 3502 2172 cis
3550 2122 3779 2184 egerant,
3802 2113 3884 2180 jau

2346 2221 2664 2294 populorum
2707 2218 2963 2273 memoria
2991 2229 3097 2269 non
3129 2212 3357 2269 tenebat.
3394 2210 3517 2263 lla-c
3559 2207 3714 2277 igitur
3737 2219 3885 2259 neces-

2344 2316 2475 2370 sitas
2498 2310 2775 2382 compulit,
2809 2318 2864 2362 ut
2889 2308 3075 2361 saltem
3102 2305 3265 2375 gestis
3289 2311 3467 2355 nostra
3491 2300 3775 2355 Collatione
3790 2311 3884 2349 con-

2346 2406 2520 2471 fectis,
2551 2421 2735 2461 eorum
2777 2401 3228 2457 contunderemus
3276 2393 3727 2454 inverecundiam,
3755 2398 3800 2445 et
3825 2403 3883 2441 re-

2348 2504 2700 2577 primeremus
2725 2496 3019 2553 audaciam.
3063 2493 3250 2548 Vestra
3294 2504 3423 2546 vero
3451 2486 3589 2557 apud
3620 2494 3883 2555 competens

2342 2573 2599 2668 judicium
2620 2588 2978 2648 communimn
3005 2585 3374 2655 cpisc0porum
3405 2579 3567 2634 nme
3593 2591 3747 2633 causa
3771 2573 3882 2627 linit:

2346 2695 2461 2745 est:
2493 2699 2593 2740 nec
2620 2681 2848 2753 amplius
2896 2677 3167 2734 vobiscum
3210 2671 3471 2743 agendum
3516 2678 3621 2735 est,
3671 2674 3881 2738 quantum

2347 2778 2415 2834 ad
2436 2778 2524 2851 jus
2548 2775 2808 2833 examinis
2839 2771 3087 2844 pertinet,
3115 2766 3216 2822 nisi
3248 2774 3303 2820 ut
3330 2765 3594 2834 prolatam
3635 2761 3699 2815 de
3738 2758 3821 2813 hac
3841 2772 3882 2810 re

2346 2871 2665 2929 sententiam
2695 2885 2814 2923 cum
2847 2881 2975 2937 pace
3004 2858 3296 2933 sequamini
3321 2872 3334 2910 :
3362 2856 3505 2928 quod
3544 2856 3589 2912 si
3632 2852 3879 2915 nolueritis,

2358 2959 2385 2995 a
2416 2943 2714 2998 turbulenta
2740 2942 2824 2997 vel
2862 2941 3115 2997 insidiosa
3157 2942 3520 3015 inquietudine
3565 2938 3884 2996 cohibeamini.

2358 3034 2574 3089 Similes
2602 3044 2776 3089 autem
2810 3033 2982 3103 potius
3000 3033 3133 3089 estis
3151 3032 3579 3099 Maximianistis,
3610 3034 3696 3102 qui
3724 3030 3887 3099 cupien-

2361 3135 2441 3180 tes
2467 3125 2805 3195 exiguitatem
2834 3140 2984 3179 suam
3018 3124 3233 3179 nomine
3262 3123 3451 3178 saltem
3487 3122 3781 3178 certaminis
3802 3132 3890 3173 con-

2361 3216 2542 3278 solari,
2576 3226 2628 3270 et
2658 3215 2780 3271 ideo
2809 3215 2977 3270 videri
3017 3214 3215 3286 aliquid
3242 3214 3379 3285 apud
3411 3228 3507 3269 eos
3533 3255 3548 3279 ,
3592 3214 3770 3285 quibus
3792 3225 3886 3265 con-

2363 3306 2685 3376 temptibiles
2731 3308 2923 3373 erant,
2974 3307 3097 3376 quia
3143 3305 3278 3361 inire
3317 3305 3598 3360 nobiscum
3638 3305 3885 3360 sinerentur

2361 3415 2619 3466 examen;
2670 3399 3072 3469 interpellantes
3105 3413 3198 3454 eos
3237 3406 3293 3453 et
3320 3397 3560 3452 libellum
3586 3397 3762 3452 dantes
3794 3405 3885 3462 pro-

2363 3501 2722 3566 vocantesque
2749 3491 3182 3560 contempsimus.
3207 3489 3373 3560 Magis
3394 3489 3538 3544 enim
3566 3488 3635 3543 de
3657 3483 3889 3542 certamine

2364 3583 2626 3639 nominari
2654 3582 3062 3648 desiderabant,
3108 3596 3266 3651 quam
3306 3579 3663 3635 formidabant
3693 3579 3738 3632 in
3772 3583 3893 3630 certa-

2366 3676 2512 3731 mine
2548 3678 2786 3745 superari
2818 3691 2832 3726 :
2862 3688 2962 3728 nec
3006 3672 3293 3742 sperabant
3311 3671 3547 3726 victoria:
3569 3670 3799 3741 gloriam,
3827 3660 3891 3718 sed

2369 3768 2560 3822 famam
2590 3766 2935 3837 requirebant
2952 3764 3287 3831 Collationis,
3315 3762 3437 3833 quia
3464 3759 3795 3817 multitudinis
3818 3769 3890 3810 non

2372 3860 2654 3915 habebant.
2681 3859 2737 3916 Si
2763 3873 2891 3930 ergo
2917 3859 3114 3929 putatis
3144 3856 3264 3911 ideo
3287 3871 3383 3910 vos
3407 3870 3524 3910 esse
3552 3856 3783 3917 victores,
3806 3848 3893 3918 quia

2371 3970 2478 4010 non
2536 3953 2689 4009 vobis
2737 3951 2918 4007 datum
2975 3957 3061 4006 est
3109 3949 3265 4020 quale
3320 3947 3638 4003 desideratis
3685 3953 3891 4000 examen:

2373 4045 2775 4101 Maximianistze
2799 4057 2896 4099 vos
2932 4041 2998 4098 ad
3038 4033 3138 4097 ista
3176 4040 3483 4111 vaniloquia
3528 4039 3891 4109 praeesseruut:

2372 4138 2617 4209 quamvis
2654 4135 2865 4192 dederit
2904 4134 3056 4189 vobis
3094 4133 3330 4189 Ecclesia
3371 4131 3631 4187 catholica
3671 4126 3891 4201 judicium.

2375 4231 2530 4301 quale
2556 4229 2773 4296 debuit,
2805 4228 2894 4283 ubi
2923 4242 3082 4283 causa
3114 4235 3287 4282 vestra
3316 4225 3467 4279 finita
3495 4234 3578 4280 est
3604 4242 3617 4277 :
3646 4223 3741 4278 illis
3761 4226 3893 4272 autem

2376 4322 2577 4376 nullum
2602 4321 2733 4376 dare
2757 4319 2972 4390 dignata
2997 4327 3108 4384 est;
3149 4318 3273 4388 quia
3302 4332 3408 4372 non
3441 4331 3470 4369 a
3502 4315 3652 4371 nobis
3674 4314 3792 4391 sicut
3811 4320 3894 4363 vos.

2377 4415 2470 4469 sed
2492 4427 2522 4467 a
2546 4412 2833 4466 Donatistis
2872 4408 3084 4465 fuerant
3110 4408 3393 4479 segregati.
3421 4408 3476 4464 Si
3503 4416 3676 4462 autem
3700 4403 3746 4458 in
3778 4395 3896 4454 Μυῖα
3978 4400 3979 4465 i

2381 4504 2643 4560 mianistis
2677 4503 2869 4559 videtis
2907 4518 3012 4558 non
3053 4516 3171 4557 esse
3200 4517 3535 4572 consequens
3556 4543 3570 4568 ,
3621 4494 3775 4565 utqui
3806 4503 3895 4545 con-

2382 4598 2522 4654 ferre
2553 4598 2605 4651 in
2635 4596 2812 4668 aliquo
2837 4595 3039 4665 judicio
3068 4610 3174 4648 non
3204 4594 3452 4649 sinuntur
3473 4634 3489 4659 ,
3537 4590 3700 4662 putari
3726 4585 3896 4641 debeant

2382 4690 2448 4745 de
2474 4690 2697 4744 veritate
2735 4686 3007 4742 conlidere
3041 4703 3054 4738 :
3086 4685 3251 4739 nolite
3299 4685 3520 4739 ulterius
3555 4683 3666 4737 hare
3704 4690 3813 4731 vam
3839 4670 3897 4737 ἰν

2383 4793 2528 4835 ctare
2553 4796 2567 4844 ;
2600 4778 2857 4849 vobisque
2881 4777 3132 4844 sufficiat,
3160 4776 3298 4846 quod
3325 4790 3421 4830 vos
3443 4774 3672 4830 Ecclesia
3696 4762 3897 4825 catholici

2384 4883 2438 4928 et
2459 4881 2698 4927 materna
2720 4870 2939 4926 leuitate
2958 4867 3249 4933 sustinuit,
3279 4875 3334 4923 et
3356 4866 3634 4937 iudiciaria
3656 4856 3896 4918 severiulco

2387 4965 2465 5019 vel
2491 4964 2666 5034 potius
2690 4961 2990 5017 medicinali
3023 4960 3339 5015 necessitate
3364 4956 3648 5013 damnavit.

2458 5055 2511 5110 6.
2549 5052 2654 5109 Sed
2678 5067 2745 5107 ne
2768 5050 3052 5121 superﬂuis
3077 5050 3425 5105 immoremur
3443 5091 3459 5115 ,
3491 5047 3674 5102 omitto
3697 5034 3896 5097 tumul!ns

2388 5145 2789 5201 maledictorum
2824 5153 2879 5198 et
2919 5143 3282 5198 conviciorum
3323 5153 3532 5196 tuorum
3554 5182 3568 5207 ,
3606 5138 3713 5193 sive
3745 5146 3838 5202 qum
3860 5124 3893 5176 i"

2388 5236 2649 5309 principio
2685 5235 2997 5306 congessisti
3026 5234 3204 5305 operis
3233 5234 3337 5300 tui,
3364 5234 3476 5290 sive
3513 5247 3629 5303 qua:
3652 5243 3745 5299 per
3762 5229 3898 5309 omni?s

2390 5328 2606 5385 eosdem
2634 5305 2861 5398 quatuor
2890 5327 3053 5381 libros
3077 5341 3215 5397 pene
3241 5338 3500 5397 nusquam
3530 5332 3760 5394 spargere
3781 5305 3899 5366 desti-

2394 5422 2499 5476 tisti
2524 5437 2538 5486 ;
2566 5437 2635 5476 ne
2660 5420 2909 5490 gravibus
2933 5418 3234 5474 hominibus
3260 5426 3449 5473 neuter
3475 5423 3702 5471 nostrum
3725 5407 3901 5472 displm‘

2396 5522 2479 5568 tor
2504 5512 2699 5584 gravis,
2714 5511 2808 5566 sed
2834 5510 2963 5565 levis
2987 5517 3209 5579 uterque
3235 5509 3464 5579 litigator
3488 5509 3741 5577 appareat.
3762 5491 3900 5587 κλιθῇ-

2396 5618 2514 5658 mus
2535 5603 2645 5673 jam
2675 5603 2846 5673 potius
2869 5601 2994 5671 quid
3021 5600 3210 5655 afferas
3230 5641 3246 5668 ,
3277 5598 3416 5655 unde
3443 5612 3528 5653 me
3546 5638 3560 5663 ,
3590 5595 3718 5649 sicut
3743 5584 3901 5670 pmmilj

2398 5696 2494 5757 tis,
2549 5691 2799 5748 ostendas
2850 5691 3091 5747 homines
3141 5697 3198 5745 et
3245 5688 3455 5759 nuptias
3509 5682 3709 5743 diabolo
3750 5678 3900 5730 aucto"

2466 5810 2479 5837 ³
2519 5814 2617 5853 Itm.
2640 5818 2693 5855 ac
2719 5812 2820 5851 uss.
2839 5803 3061 5854 Gallicani
3090 5811 3138 5854 et
3164 5802 3384 5854 vaticani.
3414 5790 3791 5850 lancinamur“-
