4088 6512
222 400 323 456 ’Πὶὸ
1052 389 1062 397 ’
1615 389 1811 444 LIBER

222 517 465 571 tribuere.

289 601 512 660 CAPUT
540 601 603 656 ll.
633 629 702 639 —-
729 598 779 651 7.
804 597 958 652 Certe
991 593 1355 665 redarguenda
1385 593 1473 647 tibi
1506 611 1621 646 mea
1652 592 1809 645 verba

224 695 506 769 proponis;
543 692 735 762 quibus
779 689 1064 760 propositis
1108 688 1249 742 velut
1293 685 1639 756 respondens,
1687 700 1809 752 per-

230 788 449 844 suadere
495 783 742 844 conaris,
798 801 815 832 ι
855 792 1043 835 contra
1094 794 1179 833 me
1227 779 1398 848 ipsunt
1443 776 1673 830 locutum
1725 790 1809 829 me

225 882 379 933 fuisse
405 896 417 930 :
446 877 531 946 qui
563 891 682 929 cum
714 885 936 945 propter
961 887 1133 925 meam
1164 869 1530 925 defensionem
1563 867 1804 930 dixerim,

223 972 288 1025 ab
317 968 579 1023 luereticis
610 966 760 1020 novis
789 964 892 1019 dici
939 978 1037 1016 nos
1065 961 1411 1016 damnatores
1445 973 1566 1013 che
1597 958 1808 1026 tmptia-

226 1081 336 1119 rum
359 1103 373 1126 ,
405 1061 688 1131 0pcrisque
717 1058 902 1120 divini,
932 1065 1115 1126 postea
1143 1053 1195 1109 id
1220 1051 1552 1117 abstulerim,
1584 1049 1810 1104 dicendo

227 1156 278 1209 iit
300 1152 459 1209 semis
486 1150 677 1205 unciis‘
708 1148 968 1219 possideri
996 1147 1268 1201 hominem
1299 1153 1608 1198 nascentem
1638 1156 1668 1195 a
1700 1141 1810 1195 Deo

228 1256 279 1301 et
319 1262 347 1299 a
389 1243 622 1310 diabolo,
670 1242 752 1297 vel
795 1242 967 1310 potius
1008 1249 1175 1294 totum
1214 1254 1245 1292 a
1284 1235 1495 1292 diabolo
1526 1233 1806 1306 possideri,

226 1349 437 1406 prorsus
461 1334 678 1388 excluso
707 1332 816 1387 Deo
842 1332 987 1385 velut
1009 1330 1077 1384 ab
1102 1329 1355 1384 universa
1385 1342 1479 1381 sua
1506 1326 1807 1397 possessio-

224 1442 309 1487 ne.
338 1426 477 1495 quod
508 1435 590 1479 est
616 1425 794 1478 homo.
836 1444 854 1475 ι
890 1422 987 1478 Ubi
1020 1431 1103 1477 est
1130 1437 1354 1476 acumen
1387 1428 1556 1483 tuum,
1586 1435 1692 1488 qtto
1718 1416 1809 1472 tibi

222 1518 413 1572 videris
436 1529 489 1573 et
529 1517 824 1588 categorias
852 1515 1215 1570 Aristotelicas
1239 1523 1543 1580 assecutus,
1573 1523 1621 1567 et
1651 1511 1808 1567 aliam

222 1613 509 1668 dialectica:
526 1612 653 1666 artis
669 1608 957 1665 astutiam?
976 1609 1119 1663 Itane
1146 1623 1248 1662 non
1265 1592 1497 1661 attendis
1519 1607 1640 1670 hoc,
1667 1603 1810 1675 quod

223 1701 348 1755 mihi
376 1701 443 1755 de
482 1701 712 1773 parvulis
746 1699 1023 1770 objecisti,
1056 1696 1125 1754 de
1157 1697 1479 1769 quibuslibet
1521 1695 1810 1766 majoribus

221 1793 375 1847 malis
408 1792 713 1846 hominibus
740 1791 948 1862 utrique
979 1799 1219 1845 nostrum
1246 1788 1406 1859 obiici
1436 1803 1592 1858 posse
1616 1788 1685 1843 ab
1711 1787 1808 1841 ali-

221 1899 327 1953 quo
351 1883 661 1938 adversario
692 1882 969 1938 veritatis?
999 1881 1274 1952 Interrogo
1303 1881 1445 1937 enim
1474 1891 1546 1948 te,
1591 1879 1718 1950 quid
1744 1878 1812 1935 de

227 1973 460 2028 nondum
489 1982 803 2045 rcgenerato
830 1974 1046 2028 homine
1089 1974 1322 2044 pessimo
1347 1986 1683 2042 quocumque
1724 1986 1811 2026 re-

221 2069 510 2136 spondeas.
541 2065 741 2121 Saltem
782 2066 941 2120 istum
976 2063 1251 2119 confiteris
1290 2078 1411 2118 esse
1449 2063 1549 2119 sub
1577 2062 1809 2130 diabolo,

224 2157 321 2212 nisi
361 2164 677 2212 renascatur
716 2156 771 2211 in
809 2155 1064 2211 Christo:
1095 2170 1163 2210 an
1193 2166 1247 2211 et
1275 2155 1376 2209 hoc
1404 2153 1605 2225 negas?
1631 2153 1686 2210 Si
1713 2169 1805 2210 ne-

218 2266 331 2318 gas,
364 2250 456 2322 qui
484 2259 607 2304 sunt
633 2264 760 2320 ergo
789 2265 922 2320 quos
950 2249 1090 2303 Deus
1113 2247 1251 2303 emit
1278 2247 1347 2301 de
1373 2255 1638 2316 potestate
1666 2255 1813 2302 tene-

221 2342 458 2405 brarum,
486 2350 542 2396 et
573 2340 824 2396 transfert
852 2340 918 2394 ad
947 2355 1168 2411 regnum
1198 2337 1323 2394 Filii
1351 2336 1628 2393 charitatis
1655 2336 1807 2391 suze?

221 2434 275 2490 Si
304 2444 483 2490 autem
511 2434 805 2500 confiteris,
838 2447 1022 2504 quaero
1051 2441 1227 2486 utrum
1274 2432 1324 2485 in
1369 2430 1456 2484 tali
1500 2429 1718 2483 homine
1758 2430 1811 2484 in

218 2536 486 2597 potestate
527 2525 700 2581 adltuc
740 2526 912 2596 posito
943 2525 1282 2580 tenebrarum
1322 2522 1516 2577 habeat
1544 2522 1682 2575 Deus
1708 2520 1809 2575 ali-

220 2634 376 2688 quam
426 2625 766 2688 potestatem.
795 2615 849 2672 Si
883 2615 1110 2680 dixeris,
1140 2611 1255 2669 Non
1285 2613 1442 2668 liabet
1472 2632 1485 2668 :
1520 2612 1814 2683 responde-

224 2709 367 2763 bitur
421 2708 536 2773 tibi,
572 2708 710 2779 Ergo
735 2709 874 2763 Deus
900 2708 965 2762 de
992 2723 1086 2761 sua
1137 2706 1475 2776 possessione
1519 2721 1547 2757 a
1599 2705 1812 2760 diabolo

219 2800 469 2855 exclusus
496 2808 598 2854 est.
630 2799 687 2855 Si
713 2798 933 2863 dixeris,
984 2797 1153 2852 Habet
1197 2816 1211 2852 :
1251 2796 1659 2867 respondebitur
1691 2795 1807 2864 tibi,

222 2890 362 2961 Ergo
391 2890 533 2945 Deus
556 2898 612 2945 et
638 2889 879 2944 diabolus
908 2889 959 2943 in
987 2890 1151 2943 semis
1197 2889 1363 2943 unciis
1389 2886 1659 2942 hominem
1692 2903 1813 2956 pos-

218 2980 429 3048 sident;
461 2989 515 3037 et
545 2981 636 3035 tibi
664 2981 731 3036 ab
758 2980 1019 3050 imperitis
1056 2980 1175 3035 talis
1214 2980 1407 3035 invidia
1434 2980 1809 3047 concitabitur,

216 3073 433 3142 qualem
467 3082 519 3127 tu
548 3071 699 3138 milii,
720 3072 809 3143 qui
837 3071 914 3125 vis
944 3071 1143 3142 peritus
1174 3072 1366 3140 putari,
1396 3072 1464 3126 de
1491 3071 1719 3140 parvulis
1744 3071 1812 3126 ab

216 3171 341 3217 ortu
375 3163 680 3218 recentibus
708 3163 979 3218 concitare
1023 3160 1259 3216 voluisti.
1294 3162 1429 3217 Ecce
1467 3162 1694 3231 primum
1721 3177 1809 3216 ar-

216 3267 532 3326 gumentum
588 3266 733 3311 tuum
784 3265 980 3326 quanta
1040 3255 1291 3310 facilitate
1334 3254 1666 3310 destructum
1706 3264 1805 3319 est,

219 3347 347 3401 duiti
380 3346 658 3403 attendere
687 3348 931 3418 negligis,
963 3346 1041 3401 sic
1069 3362 1187 3401 esse
1214 3345 1456 3402 homines
1486 3344 1586 3399 sub
1612 3344 1810 3399 diaboli

219 3447 503 3507 potestate,
534 3448 817 3506 antequam
847 3420 1177 3493 redimantur
1204 3453 1234 3491 a
1264 3436 1499 3501 Christo,
1546 3445 1604 3489 ut
1633 3446 1808 3490 tamen

220 3528 315 3584 Dei
348 3530 614 3597 potestati,
645 3544 749 3583 non
778 3528 950 3585 solum
982 3528 1057 3593 hi,
1091 3527 1183 3582 sed
1220 3542 1287 3583 ne
1310 3528 1421 3597 ipse
1448 3526 1661 3597 quidem
1690 3526 1808 3581 dia-

218 3621 380 3674 bolus
408 3620 770 3673 subtrahatur.

288 3710 523 3767 CAPUT
565 3711 653 3766 ΙΙΙ.
684 3742 755 3752 -
793 3711 847 3768 8.
896 3711 971 3767 De
1016 3710 1270 3781 Baptismi
1324 3726 1454 3766 sane
1491 3710 1806 3782 quaestione,

216 3820 381 3873 quain
432 3803 583 3857 vobis
631 3802 771 3872 apud
800 3803 1012 3874 ignaros
1044 3802 1361 3857 invidiosam
1391 3803 1683 3857 mendaciis
1711 3818 1810 3857 no-

216 3898 344 3951 stris
395 3896 586 3950 factam
641 3894 807 3951 fuisse
849 3905 1172 3966 conquestus
1216 3911 1308 3962 es,
1342 3896 1427 3950 vix
1465 3894 1570 3951 dici
1612 3904 1806 3965 potest,

216 4007 378 4060 quam
430 3991 702 4069 eleganter
730 3990 904 4056 existi,
950 3988 1090 4044 hanc
1117 4004 1148 4043 a
1196 3988 1346 4044 vobis
1387 3988 1636 4044 amolitus
1677 3988 1813 4043 invi-

216 4082 386 4143 diam,
417 4098 481 4135 eo
511 4081 650 4151 quod
697 4082 952 4152 parvulos
987 4079 1337 4152 baptizandos
1363 4095 1484 4135 esse
1516 4079 1806 4147 fateamini,

216 4173 339 4241 quia
372 4192 390 4224 ι
423 4174 645 4243 gratiam
675 4173 1011 4243 Baptismatis
1044 4191 1062 4225 ι
1094 4172 1290 4237 dicitis,
1330 4189 1348 4223 ι
1382 4187 1486 4226 non
1513 4187 1608 4241 pro
1633 4172 1810 4228 causis

217 4279 338 4319 esse
368 4264 699 4329 nmtandam,
729 4264 869 4335 quod
902 4265 1013 4332 ipsa
1048 4264 1183 4317 dona
1213 4277 1306 4316 sua
1334 4278 1430 4333 pro
1454 4262 1808 4318 accidentium

215 4356 515 4426 capacitate
566 4356 862 4426 dispensat.
914 4353 1143 4424 Ideoque
1194 4352 1440 4408 Christus
1477 4354 1567 4423 qui
1615 4362 1698 4410 est
1726 4357 1809 4409 sui

217 4447 399 4516 Operis
428 4446 757 4517 redemptor,
785 4455 963 4516 auget,
1010 4464 1028 4498 ι
1065 4445 1261 4516 inquis,
1300 4464 1317 4497 ι
1351 4446 1492 4501 circa
1523 4445 1808 4517 imaginem

216 4552 371 4594 suam
420 4538 671 4594 continua
724 4538 968 4608 largitate
1016 4536 1315 4601 beneficia;
1360 4544 1415 4592 et
1456 4551 1591 4607 quos
1612 4536 1811 4593 fecerat

215 4629 503 4686 condendo
546 4626 736 4695 bonos,
771 4627 895 4681 facit
922 4627 1224 4682 innovando
1251 4626 1660 4699 adoptandoque
1691 4643 1806 4683 me-

219 4724 400 4778 tiores.
442 4740 462 4774 ι
493 4720 729 4777 lloccine
755 4728 835 4776 est
866 4729 1053 4785 totum,
1088 4735 1185 4775 cur
1212 4719 1363 4775 vobis
1388 4719 1456 4774 de
1484 4720 1810 4790 Baptismate

219 4814 564 4885 parvulorum
619 4810 914 4867 faciendam
982 4826 1086 4868 non
1141 4809 1458 4865 existimatis
1517 4809 1810 4865 invidiam?

217 4907 368 4976 quasi
396 4906 675 4977 quisquam
707 4912 944 4958 nostrmu
974 4918 1067 4959 vos
1113 4902 1307 4957 dixerit
1333 4916 1546 4973 negare,
1577 4902 1811 4972 baptiza-

218 4996 260 5051 ri
296 4997 547 5067 parvulos
572 5007 843 5066 oportere.
874 4993 989 5049 Non
1022 5009 1116 5049 eos
1159 4993 1335 5048 dicitis
1364 5009 1470 5047 non
1494 4992 1690 5049 debere
1717 4994 1810 5049 ba-

217 5087 406 5155 ptizari
433 5104 447 5147 ;
476 5086 569 5141 sed
612 5101 707 5155 pro
748 5086 1108 5155 magnitudine
1136 5084 1416 5153 sapientiae
1462 5094 1654 5139 νοείτω
1674 5126 1689 5151 ,
1721 5100 1809 5140 res

218 5177 494 5232 mirabiles
520 5177 695 5232 dicitis
723 5196 738 5232 :
768 5177 822 5231 ln
849 5178 1196 5231 Sacramento
1215 5175 1508 5231 Salvatoris
1533 5175 1810 5245 baptizan-

220 5275 327 5335 tur,
360 5268 455 5323 sed
503 5284 606 5322 non
649 5269 964 5332 salvantur;
1016 5268 1372 5332 redimuntur,
1402 5267 1497 5323 sed
1532 5283 1635 5322 non
1679 5267 1811 5323 libe-

220 5367 442 5421 rantur;
486 5359 747 5422 lavantur,
793 5358 888 5413 sed
928 5374 1034 5413 non
1082 5358 1408 5423 abluuntur;
1439 5358 1812 5413 exorcizantur

221 5459 273 5504 et
297 5449 670 5517 exsufﬂantur,
701 5449 794 5505 sed
821 5465 848 5502 a
882 5457 1144 5519 potestate
1169 5450 1365 5503 diaboli
1396 5463 1498 5503 non
1528 5457 1807 5503 eruuntur.

222 5538 347 5594 llaec
385 5551 508 5595 sunt
544 5541 926 5596 sententiarum
967 5551 1210 5611 portenta
1244 5549 1560 5605 vestrarum,
1591 5539 1703 5595 lucc
1733 5540 1832 5593 llt-‘

287 5722 302 5753 ⁸
340 5720 479 5781 aditi,
499 5722 576 5771 hic
603 5729 654 5772 et
672 5719 813 5778 infra,
836 5718 887 5770 in
927 5720 1053 5772 senis
1074 5721 1245 5773 unciis.
1268 5721 1435 5772 Plures
1458 5729 1562 5772 Vss.
1589 5720 1812 5771 Gallicani

223 5788 275 5830 et
297 5789 405 5852 tres
429 5785 634 5834 \aticaui
661 5818 676 5845 ,
700 5782 748 5833 in
769 5783 909 5833 scutis
935 5784 1103 5834 unciis.
1132 5784 1215 5833 alii
1241 5787 1444 5834 \atica.:i
1468 5786 1582 5849 duo,
1608 5784 1655 5836 in
1686 5797 1814 5837 sem-

222 5856 395 5895 uncus.

1851 383 2168 441 TERTIUS.

3397 384 3503 437 706

1926 500 2135 568 opinata
2164 498 2414 567 mysteria
2437 498 2741 566 dogmatum
2785 512 3060 561 novorum,
3096 497 3207 552 lm'c
3241 498 3504 563 paradoxa

1924 590 2324 661 Pelagianorum
2348 584 2739 647 lia'retiCOrum,
2774 587 3096 642 mirabiliora
3120 604 3277 658 quam
3298 590 3503 646 Stoico-

1922 697 2036 736 rum
2066 681 2522 752 philosophorum.
2544 681 2613 735 Ut
2638 682 2780 736 enim
2807 680 2919 736 haec
2945 681 3151 745 dicatis,
3186 684 3385 738 timetis
3409 698 3503 738 att-

1919 774 2063 837 dire,
2091 773 2146 828 Si
2178 774 2471 841 salvantur,
2498 772 2624 843 qttid
2657 776 2706 827 in
2732 774 2811 829 eis
2837 775 3170 844 aegrotabat?
3200 775 3242 828 si
3273 776 3500 830 liberati.

1921 875 2034 931 tur,
2098 866 2224 935 quid
2286 866 2337 920 iu
2382 868 2464 921 eis
2511 866 2779 921 servitutis
2822 866 3033 921 vinculo
3081 867 3405 922 tenebatur?
3454 868 3499 921 si

1916 958 2223 1025 abluuntur,
2257 957 2383 1028 quid
2416 958 2468 1013 in
2509 960 2588 1014 eis
2618 958 2813 1013 latebat
2842 958 3205 1013 immundum?
3235 961 3278 1012 si
3304 975 3501 1013 eruun-

1919 1058 2037 1117 tur,
2068 1066 2173 1118 quo
2201 1051 2393 1105 merito
2421 1061 2575 1105 erant
2604 1053 2703 1118 sub
2728 1050 2925 1104 diaboli
2960 1052 3344 1121 potestate,qui
3375 1066 3499 1121 pro-

1921 1140 2033 1209 pria
2063 1139 2341 1210 iniquitate
2372 1155 2476 1194 non
2504 1152 2658 1194 erant
2684 1141 2782 1206 rei,
2813 1141 2915 1195 nisi
2944 1142 3064 1211 quia
3097 1142 3331 1206 trahunt,
3359 1142 3500 1212 quod

1916 1232 2144 1302 negatis,
2172 1234 2430 1304 originale
2458 1234 2776 1303 peccatum?
2814 1234 2881 1289 Et
2915 1235 2982 1289 ad
3012 1235 3112 1288 hoc
3139 1236 3362 1304 negatis,
3393 1251 3497 1289 non

1916 1331 1975 1378 ut
2017 1337 2113 1378 eos
2153 1324 2351 1390 salvos,
2380 1324 2595 1390 liberos,
2631 1327 2878 1393 mundos,
2906 1325 3036 1380 nulli
3087 1326 3226 1380 ltosti
3257 1326 3497 1382 subditos

1912 1414 2205 1480 asseratis;
2239 1430 2345 1469 non
2372 1416 2515 1470 enim
2554 1417 2754 1486 aliquid
2792 1417 2871 1471 eis
2918 1417 3210 1486 opitulatur
3259 1428 3495 1473 vestrum

1916 1505 2281 1560 testimonium
2325 1506 2537 1571 falsum,
2581 1516 2708 1563 ante
2752 1507 2986 1577 judicem
3034 1524 3217 1564 verum
3252 1525 3265 1561 :
3297 1508 3392 1564 sed
3439 1519 3498 1564 ut

1918 1594 2023 1650 illis
2076 1595 2131 1650 in
2187 1597 2324 1651 mala
2371 1607 2640 1654 vetustate
2688 1600 3107 1666 remanentibus,
3160 1615 3256 1654 vos
3306 1615 3499 1655 novant

1916 1689 2193 1744 sectemini
2221 1690 2531 1746 vanitatem.
2563 1691 2679 1747 Non
2705 1694 2848 1748 enim
2877 1702 3051 1748 vestra
3073 1734 3089 1759 ,
3131 1694 3224 1750 sed
3252 1694 3391 1750 illius
3416 1705 3500 1751 est

1914 1795 2040 1835 vera
2082 1783 2365 1850 sententia,
2393 1784 2483 1853 qui
2512 1784 2665 1848 dixit,
2715 1784 2835 1840 Nisi
2866 1787 2978 1856 quis
3015 1797 3218 1841 renatus
3255 1788 3405 1857 fuerit
3441 1804 3505 1843 es

1916 1887 2050 1942 aqua
2067 1882 2116 1926 et
2134 1874 2337 1943 spiritu,
2365 1873 2467 1929 non
2493 1884 2654 1945 potest
2679 1876 2872 1931 intrare
2892 1877 2946 1931 in
2971 1893 3183 1949 regnum
3203 1876 3295 1932 Dei
3321 1876 3499 1950 (Joan.

1917 1957 1995 2029 m',
2026 1964 2104 2035 δ).

1994 2061 2047 2113 9.
2082 2057 2278 2113 Verum
2318 2074 2414 2116 vos
2439 2060 2877 2117 excellentissimi
2902 2070 3170 2117 amatores
3192 2062 3330 2117 illius
3354 2062 3497 2125 vitae.

1918 2164 2038 2218 qua:
2070 2149 2242 2206 futura
2271 2159 2356 2206 est
2401 2162 2602 2208 aeterna
2626 2166 2747 2207 cum
2775 2150 3010 2220 Christo,
3041 2153 3239 2208 nullam
3288 2168 3499 2223 pinnam

1918 2242 2112 2310 putatis
2159 2257 2280 2297 esse
2323 2242 2570 2314 imaginis
2612 2244 2729 2309 Dei,
2779 2244 2833 2298 in
2882 2254 3140 2299 :eternum
3187 2246 3434 2300 exsulare
3471 2262 3501 2299 a

1919 2348 2084 2402 regno
2116 2333 2206 2388 Dei
2228 2335 2243 2366 ³
2281 2351 2295 2387 :
2334 2351 2455 2389 cum
2499 2336 2544 2390 si
2583 2350 2801 2405 parvam
2836 2350 3048 2405 poenam
3086 2351 3207 2392 esse
3232 2336 3501 2403 diceretis,

1916 2441 2023 2479 non
2050 2433 2195 2482 esset
2221 2425 2337 2481 haec
2382 2441 2487 2482 vox
2517 2427 2659 2483 beati
2700 2428 2958 2482 amatoris
3002 2428 3142 2482 illius
3186 2427 3359 2496 regni,
3407 2429 3503 2483 sed

1915 2518 2095 2574 miseri
2122 2520 2528 2589 contemptoris.
2556 2518 2726 2575 Porro
2750 2529 2951 2585 autem,
2984 2520 3029 2574 si
3058 2519 3199 2590 quod
3233 2519 3355 2575 huic
3396 2524 3505 2574 sut-

1919 2610 2029 2666 fieit
2080 2625 2276 2680 causae,
2334 2628 2552 2682 parvam
2606 2614 2795 2667 sltem
2842 2628 3052 2680 pinnam
3098 2612 3503 2674 fatemiuieSse,

1916 2717 2038 2773 qum
2083 2719 2272 2773 magna
2300 2712 2414 2769 est,
2443 2712 2504 2759 ut
2533 2706 2707 2776 imago
2734 2705 2826 2760 Dei
2855 2721 2960 2760 non
2991 2706 3197 2760 sinatur
3223 2705 3419 2760 intrare
3453 2705 3504 2758 iu

1917 2809 2140 2866 regnum
2169 2796 2262 2851 Dei
2291 2813 2306 2863 ;
2339 2796 2586 2863 obsecro,
2624 2798 2826 2867 aperite
2851 2796 3268 2867 qualescumque
3296 2796 3504 2855 oculos.

1915 2899 1970 2944 et
1995 2889 2173 2946 videte
2190 2901 2299 2961 qua
2316 2890 2521 2961 justitia
2545 2906 2701 2961 pmna
2731 2891 2829 2945 ista
2854 2889 3138 2960 infligeuila
3166 2890 3233 2944 sit
3258 2888 3503 2959 parvulo,

1915 2996 2074 3051 quem
2112 2982 2307 3037 clausis
2349 2982 2521 3038 oculis
2546 2983 2789 3054 originali
2819 2983 3108 3039 obnoxium
3155 2983 3359 3053 negatis
3387 2996 3506 3036 esse

1918 3082 2155 3142 peccato.
2185 3072 2387 3128 Omitto
2416 3088 2843 3129 commemorare
2865 3089 2986 3144 qua:
3013 3075 3147 3127 mala
3177 3073 3229 3128 in
3261 3073 3359 3127 hac
3390 3072 3503 3143 ipsa

1916 3166 2221 3221 transitoria
2270 3166 2378 3221 vita
2429 3181 2562 3236 pene
2613 3178 2801 3221 omnes
2848 3167 3116 3237 patiantur
3155 3165 3405 3232 infantes,
3453 3177 3507 3220 et

1915 3257 2188 3327 quomodo
2226 3258 2524 3327 explicetur
2552 3257 2695 3328 quod
2732 3257 2935 3315 dictum
2979 3266 3082 3324 est,
3129 3256 3291 3312 Grave
3322 3259 3506 3329 jugum

1913 3366 2066 3421 super
2089 3350 2222 3419 ﬁlios
2251 3351 2414 3404 Adam
2434 3368 2468 3404 α
2495 3351 2578 3405 die
2602 3351 2772 3406 exitus
2794 3350 2859 3405 de
2888 3359 3057 3405 ventre
3096 3350 3271 3404 matris
3306 3366 3501 3411 eorum,

1915 3456 2070 3509 usque
2094 3441 2146 3494 in
2171 3441 2303 3494 diem
2322 3442 2597 3512 sepultura:
2617 3442 2670 3495 in
2696 3451 2910 3494 matrem
2941 3441 3167 3496 omnium
3195 3440 3381 3511 (Eccli.
3414 3457 3500 3504 ιι,

1917 3532 1995 3601 1).
2024 3531 2157 3600 Quze
2206 3532 2390 3601 utique
2425 3533 2562 3586 mala
2604 3532 2703 3586 sub
2722 3531 2868 3602 justo
2896 3540 2950 3585 et
2993 3530 3356 3601 omnipotente
3396 3530 3507 3584 Deo

1915 3637 2020 3676 non
2045 3623 2406 3692 irrogarentur
2430 3622 2548 3692 ejus
2574 3622 2811 3693 imagini,
2839 3621 3031 3692 quibus
3060 3620 3211 3676 malis
3236 3621 3287 3674 in
3311 3620 3506 3675 virtute

1914 3714 2152 3768 exerceri
2196 3712 2450 3768 infantilis
2494 3724 2625 3768 :ctas
2656 3729 2762 3769 non
2810 3723 2984 3784 potest
3026 3713 3150 3779 diei,
3197 3713 3241 3767 si
3269 3712 3412 3767 nulla
3438 3729 3505 3767 cx

1916 3805 2223 3876 parentibus
2246 3807 2384 3860 mala
2415 3808 2603 3861 merita
2631 3806 2987 3862 traherentur.
3014 3806 3138 3862 llaec
3161 3817 3340 3862 autem
3365 3807 3503 3862 mala

1916 3896 2282 3967 parvulorum,
2328 3912 2434 3952 non
2464 3912 2526 3952 ea
2566 3912 2685 3968 quae
2736 3898 2934 3953 habere
2975 3906 3234 3969 negantur
3275 3913 3304 3953 a
3331 3899 3502 3963 vobis,

1914 3986 2010 4043 sed
2056 4002 2177 4057 quae
2230 3988 2434 4058 perpeti
2479 3997 2775 4044 cernuntur
2818 3988 2886 4044 ab
2930 3989 3177 4044 omnibus
3223 3989 3396 4056 nobis,
3450 3999 3504 4045 tn

1917 4081 2280 4151 praetermittis
2304 4080 2545 4150 omnino,
2568 4096 2668 4137 nec
2696 4082 2952 4153 respicis:
2986 4081 3079 4136 sed
3105 4082 3353 4152 spatiaris
3377 4083 3503 4138 tibi'

1915 4171 2001 4226 vir
2027 4170 2432 4236 disertissimus,
2480 4180 2537 4227 et
2584 4187 2806 4229 exerces
2852 4171 3122 4244 ingenium
3166 4188 3230 4228 ac
3270 4172 3502 4244 linguam

1917 4273 2060 4318 tuam
2092 4264 2146 4317 itt
2196 4263 2351 4319 laude
2381 4273 2602 4318 naturze.
2644 4263 2842 4320 Natura
2883 4265 2982 4319 ista
3014 4264 3065 4318 iii
3115 4274 3289 4321 tantas
3316 4275 3370 4320 et
3396 4274 3502 4321 tant

1915 4355 2227 4412 manifestas
2266 4358 2496 4428 collapsa
2548 4357 2811 4421 miserias,
2860 4357 3199 4422 salvatorem,
3250 4357 3503 4412 liberato-

1917 4466 2029 4506 rem
2055 4491 2070 4515 ,
2123 4450 2498 4505 mundatorem
2525 4491 2539 4509 .
2587 4450 2985 4520 redemptorem
3034 4449 3302 4505 Christum
3346 4449 3503 4507 habet

1915 4542 2316 4607 necessarium;
2367 4556 2472 4595 non
2515 4541 2824 4606 lulianum,
2872 4557 2976 4595 non
3020 4540 3352 4605 Calestium,
3398 4558 3502 4596 non

1916 4633 2186 4704 Pelagium
2238 4632 2590 4689 laudatorem.
2623 4632 2792 4701 Quam
2819 4633 3034 4703 quidem
3078 4634 3264 4689 redimi
3292 4649 3395 4687 non
3426 4636 3502 4686 ἵεις

1917 4726 2109 4781 tereris
2139 4726 2190 4779 in
2211 4726 2477 4795 parvulis,
2508 4726 2609 4780 nisi
2637 4726 2758 4795 quia
2787 4725 2888 4779 hoc
2914 4726 3194 4780 C(eleSIius
3218 4726 3356 4794 apud
3378 4727 3500 4779 Caro

1916 4806 2403 4889 tltaginem'gestis
2446 4816 2854 4881 ecclesiasticis,
2911 4832 3003 4870 ora
3055 4816 3342 4870 christiana
3397 4834 3498 4872 non

1916 4910 2208 4975 sustinens,
2225 4908 2398 4963 fassus
2422 4918 2522 4963 est.
2542 4908 2829 4972 Caeterum,
2860 4923 2989 4979 rogo
3017 4921 3090 4973 te,
3116 4908 3381 4978 quomodo
3411 4925 3496 4980 po-

1919 5010 2020 5056 test
2064 5000 2284 5071 intelligi
2311 5001 2410 5055 ista
2456 4999 2771 5069 redemptio,
2804 5000 2903 5054 nisi
2933 5015 2962 5054 a
3010 5000 3171 5066 malo,
3211 5001 3503 5056 redimenti.

1917 5094 2008 5149 illo
2032 5094 2120 5164 qui
2167 5093 2380 5147 redimit
2422 5092 2581 5146 Israel
2630 5092 2698 5147 ab
2725 5093 2972 5147 omnibus
3003 5092 3364 5163 iuiquitatil‘us
3389 5094 3502 5161 ejus

1920 5183 2087 5255 (Psal.
2119 5199 2303 5252 cxxix,
2332 5183 2386 5255 8)
2411 5183 2434 5238 ?
2464 5183 2563 5241 Ubi
2591 5184 2732 5239 enim
2764 5183 3062 5253 redemptio
3091 5193 3279 5250 sonat,
3312 5185 3505 5241 intelli-

1916 5278 2058 5347 gitur
2082 5288 2137 5333 et
2178 5278 2403 5346 pretium
2442 5294 2455 5331 :
2497 5284 2551 5331 et
2593 5276 2734 5346 quod
2782 5283 2865 5331 est
2913 5275 3034 5342 hoc,
3086 5277 3184 5330 nisi
3238 5277 3507 5346 pretiosus

1917 5371 2132 5440 sanguis
2179 5370 2301 5440 agni
2352 5370 2675 5425 immaculati
2722 5369 2846 5424 Jcsu
2876 5369 3071 5423 Clu-isti
3105 5368 3143 5437 (1
3179 5367 3315 5423 Pelr.
3346 5385 3382 5429 I,
3420 5369 3507 5435 l8,

1921 5460 2055 5533 i9)?
2096 5462 2170 5517 De
2200 5462 2301 5518 hoc
2328 5472 2506 5517 autem
2537 5464 2709 5532 pretio
2736 5477 2900 5533 quare
2930 5462 3001 5518 sit
3028 5461 3227 5529 fusum,
3269 5462 3394 5533 quid
3425 5463 3505 5516 in-

1984 5660 2000 5693 ¹
2040 5658 2175 5717 mliti,
2222 5659 2397 5725 putetis
2437 5674 2537 5711 esse
2554 5696 2568 5721 ,
2607 5660 2864 5725 Migginem
2889 5661 2978 5713 Dei
3012 5661 3083 5725 in
3107 5668 3338 5725 Meroian
3357 5673 3481 5710 erat

1920 5721 2023 5789 lare
2045 5733 2077 5789 a_
2098 5720 2374 5789 regno/rei.
2393 5730 2516 5782 Mss,
2752 5737 2854 5776 esse
2888 5723 3111 5787 imaginis
3136 5720 3242 5780 Dei,
3270 5730 3404 5789 etc.”
3472 5777 3483 5789 .

1984 5784 2005 5849 ξ
2036 5782 2107 5831 sic
2133 5780 2366 5849 _|"lerique
2406 5780 2731 5849 ntanu'scripti.
2769 5792 2820 5837 At
2854 5792 2926 5836 Er.
2968 5780 3019 5834 e't
3062 5791 3191 5843 tom,
3216 5780 3507 5840 cummari:

1923 5842 1991 5895 ibi
2007 5856 2027 5907 ,°
2051 5842 2244 5907 exuisse,
2274 5842 2375 5895 sed.
