  <div class='ocr_page' id='page_1' title='image "/cluster/home/n/w/nwhite01/storage/ocr_20150623/44-45/uc1.31175026792435/361.png"; bbox 0 0 4118 6500; ppageno 0'>
   <div class='ocr_carea' id='block_1_1' title="bbox 678 335 780 389">
    <p class='ocr_par' dir='ltr' id='par_1_1' title="bbox 678 335 780 389">
     <span class='ocr_line' id='line_1_1' title="bbox 678 335 780 389; baseline 0.01 -1"><span class='ocrx_word' id='word_1_1' title='bbox 678 335 780 389; x_wconf 81' lang='lat'><strong>707</strong></span> 
     </span>
    </p>
   </div>
   <div class='ocr_carea' id='block_1_2' title="bbox 675 473 2266 545">
    <p class='ocr_par' dir='ltr' id='par_1_2' title="bbox 675 473 2266 545">
     <span class='ocr_line' id='line_1_2' title="bbox 675 473 2266 545; baseline 0.009 -25"><span class='ocrx_word' id='word_1_2' title='bbox 675 479 1008 540; x_wconf 79' lang='lat' dir='ltr'><strong>terrogamus</strong></span> <span class='ocrx_word' id='word_1_3' title='bbox 1039 473 1243 526; x_wconf 87' lang='lat' dir='ltr'><strong>alium?</strong></span> <span class='ocrx_word' id='word_1_4' title='bbox 1276 473 1599 543; x_wconf 64' lang='lat' dir='ltr'><strong>Redemptor</strong></span> <span class='ocrx_word' id='word_1_5' title='bbox 1621 478 1732 545; x_wconf 64' lang='lat' dir='ltr'><strong>ipse</strong></span> <span class='ocrx_word' id='word_1_6' title='bbox 1763 478 2100 544; x_wconf 79' lang='lat' dir='ltr'><strong>respondeat.</strong></span> <span class='ocrx_word' id='word_1_7' title='bbox 2125 481 2266 534; x_wconf 83' lang='lat' dir='ltr'><strong>dicat</strong></span> 
     </span>
    </p>
   </div>
   <div class='ocr_carea' id='block_1_3' title="bbox 675 563 2266 640">
    <p class='ocr_par' dir='ltr' id='par_1_3' title="bbox 675 563 2266 640">
     <span class='ocr_line' id='line_1_3' title="bbox 675 563 2266 640; baseline 0.005 -24"><span class='ocrx_word' id='word_1_8' title='bbox 675 577 788 631; x_wconf 79' lang='lat' dir='ltr'><strong>ipse</strong></span> <span class='ocrx_word' id='word_1_9' title='bbox 831 574 1115 619; x_wconf 98' lang='lat' dir='ltr'><strong>mercator.</strong></span> <span class='ocrx_word' id='word_1_10' title='bbox 1158 563 1257 618; x_wconf 80' lang='lat' dir='ltr'><strong>llic</strong></span> <span class='ocrx_word' id='word_1_11' title='bbox 1281 577 1370 629; x_wconf 73' lang='lat' dir='ltr'><strong>est,</strong></span> <span class='ocrx_word' id='word_1_12' title='bbox 1404 567 1591 638; x_wconf 92' lang='lat' dir='ltr'><strong>inquit,</strong></span> <span class='ocrx_word' id='word_1_13' title='bbox 1643 571 1852 639; x_wconf 75' lang='lat' dir='ltr'><strong>sanguis</strong></span> <span class='ocrx_word' id='word_1_14' title='bbox 1879 585 2016 624; x_wconf 82' lang='lat' dir='ltr'><strong>meus</strong></span> <span class='ocrx_word' id='word_1_15' title='bbox 2048 571 2135 640; x_wconf 78' lang='lat' dir='ltr'><strong>qui</strong></span> <span class='ocrx_word' id='word_1_16' title='bbox 2173 588 2266 640; x_wconf 82' lang='lat' dir='ltr'><strong>pro</strong></span> 
     </span>
    </p>
   </div>
   <div class='ocr_carea' id='block_1_4' title="bbox 675 655 2266 732">
    <p class='ocr_par' dir='ltr' id='par_1_4' title="bbox 675 655 2266 732">
     <span class='ocr_line' id='line_1_4' title="bbox 675 655 2266 732; baseline 0.01 -29"><span class='ocrx_word' id='word_1_17' title='bbox 675 655 848 708; x_wconf 78' lang='lat' dir='ltr'><strong>multis</strong></span> <span class='ocrx_word' id='word_1_18' title='bbox 889 656 1174 722; x_wconf 74' lang='lat' dir='ltr'><strong>e/ftmdetur</strong></span> <span class='ocrx_word' id='word_1_19' title='bbox 1215 658 1270 712; x_wconf 86' lang='lat' dir='ltr'><strong>in</strong></span> <span class='ocrx_word' id='word_1_20' title='bbox 1306 661 1646 714; x_wconf 72' lang='lat' dir='ltr'><strong>remissionem</strong></span> <span class='ocrx_word' id='word_1_21' title='bbox 1687 670 2006 732; x_wconf 77' lang='lat' dir='ltr'><strong>peccatorum</strong></span> <span class='ocrx_word' id='word_1_22' title='bbox 2050 661 2266 732; x_wconf 75' lang='lat' dir='ltr'><strong>(Matth.</strong></span> 
     </span>
    </p>
   </div>
   <div class='ocr_carea' id='block_1_5' title="bbox 673 749 2264 823">
    <p class='ocr_par' dir='ltr' id='par_1_5' title="bbox 673 749 2264 823">
     <span class='ocr_line' id='line_1_5' title="bbox 673 749 2264 823; baseline 0.006 -24"><span class='ocrx_word' id='word_1_23' title='bbox 673 763 814 811; x_wconf 76' lang='lat' dir='ltr'><strong>xxvi,</strong></span> <span class='ocrx_word' id='word_1_24' title='bbox 849 749 962 818; x_wconf 71' lang='lat'><strong>28).</strong></span> <span class='ocrx_word' id='word_1_25' title='bbox 997 750 1205 818; x_wconf 75' lang='lat' dir='ltr'><strong>Pergite</strong></span> <span class='ocrx_word' id='word_1_26' title='bbox 1231 751 1420 813; x_wconf 83' lang='lat' dir='ltr'><strong>adhuc,</strong></span> <span class='ocrx_word' id='word_1_27' title='bbox 1470 753 1692 823; x_wconf 81' lang='lat' dir='ltr'><strong>pergite,</strong></span> <span class='ocrx_word' id='word_1_28' title='bbox 1738 763 1793 808; x_wconf 87' lang='lat' dir='ltr'><strong>ct</strong></span> <span class='ocrx_word' id='word_1_29' title='bbox 1816 755 1955 808; x_wconf 89' lang='lat' dir='ltr'><strong>sicut</strong></span> <span class='ocrx_word' id='word_1_30' title='bbox 1976 753 2176 818; x_wconf 88' lang='lat' dir='ltr'><strong>dicitis,</strong></span> <span class='ocrx_word' id='word_1_31' title='bbox 2209 753 2264 808; x_wconf 88' lang='lat' dir='ltr'><strong>lu</strong></span> 
     </span>
    </p>
   </div>
   <div class='ocr_carea' id='block_1_6' title="bbox 671 839 2264 910">
    <p class='ocr_par' dir='ltr' id='par_1_6' title="bbox 671 839 2264 910">
     <span class='ocr_line' id='line_1_6' title="bbox 671 839 2264 910; baseline 0.003 -18"><span class='ocrx_word' id='word_1_32' title='bbox 671 839 1019 893; x_wconf 69' lang='lat' dir='ltr'><strong>Sacramenta</strong></span> <span class='ocrx_word' id='word_1_33' title='bbox 1054 840 1344 895; x_wconf 82' lang='lat' dir='ltr'><strong>Salvatoris</strong></span> <span class='ocrx_word' id='word_1_34' title='bbox 1385 843 1751 910; x_wconf 83' lang='lat' dir='ltr'><strong>baptizantur,</strong></span> <span class='ocrx_word' id='word_1_35' title='bbox 1791 843 1884 898; x_wconf 87' lang='lat' dir='ltr'><strong>sed</strong></span> <span class='ocrx_word' id='word_1_36' title='bbox 1914 859 2020 898; x_wconf 89' lang='lat' dir='ltr'><strong>non</strong></span> <span class='ocrx_word' id='word_1_37' title='bbox 2051 845 2264 897; x_wconf 88' lang='lat' dir='ltr'><strong>salvan-</strong></span> 
     </span>
    </p>
   </div>
   <div class='ocr_carea' id='block_1_7' title="bbox 671 933 2261 1003">
    <p class='ocr_par' dir='ltr' id='par_1_7' title="bbox 671 933 2261 1003">
     <span class='ocr_line' id='line_1_7' title="bbox 671 933 2261 1003; baseline 0.006 -20"><span class='ocrx_word' id='word_1_38' title='bbox 671 940 788 996; x_wconf 91' lang='lat' dir='ltr'><strong>tur;</strong></span> <span class='ocrx_word' id='word_1_39' title='bbox 819 933 1174 998; x_wconf 87' lang='lat' dir='ltr'><strong>redimuntur,</strong></span> <span class='ocrx_word' id='word_1_40' title='bbox 1205 935 1298 989; x_wconf 88' lang='lat' dir='ltr'><strong>sed</strong></span> <span class='ocrx_word' id='word_1_41' title='bbox 1343 951 1448 989; x_wconf 88' lang='lat' dir='ltr'><strong>non</strong></span> <span class='ocrx_word' id='word_1_42' title='bbox 1492 937 1825 999; x_wconf 88' lang='lat' dir='ltr'><strong>liberantur;</strong></span> <span class='ocrx_word' id='word_1_43' title='bbox 1872 937 2134 1003; x_wconf 75' lang='lat' dir='ltr'><strong>lavantur,</strong></span> <span class='ocrx_word' id='word_1_44' title='bbox 2163 937 2261 992; x_wconf 86' lang='lat' dir='ltr'><strong>sed</strong></span> 
     </span>
    </p>
   </div>
   <div class='ocr_carea' id='block_1_8' title="bbox 669 1025 2259 1092">
    <p class='ocr_par' dir='ltr' id='par_1_8' title="bbox 669 1025 2259 1092">
     <span class='ocr_line' id='line_1_8' title="bbox 669 1025 2259 1092; baseline 0.005 -16"><span class='ocrx_word' id='word_1_45' title='bbox 669 1040 778 1078; x_wconf 85' lang='lat' dir='ltr'><strong>non</strong></span> <span class='ocrx_word' id='word_1_46' title='bbox 798 1025 1126 1090; x_wconf 86' lang='lat' dir='ltr'><strong>abluuntur;</strong></span> <span class='ocrx_word' id='word_1_47' title='bbox 1174 1029 1550 1084; x_wconf 84' lang='lat' dir='ltr'><strong>exorcizantur</strong></span> <span class='ocrx_word' id='word_1_48' title='bbox 1595 1039 1650 1084; x_wconf 89' lang='lat' dir='ltr'><strong>et</strong></span> <span class='ocrx_word' id='word_1_49' title='bbox 1693 1029 2061 1092; x_wconf 75' lang='lat' dir='ltr'><strong>exsufflantur,</strong></span> <span class='ocrx_word' id='word_1_50' title='bbox 2107 1031 2201 1085; x_wconf 88' lang='lat' dir='ltr'><strong>sed</strong></span> <span class='ocrx_word' id='word_1_51' title='bbox 2229 1046 2259 1084; x_wconf 92' lang='lat' dir='ltr'><strong>a</strong></span> 
     </span>
    </p>
   </div>
   <div class='ocr_carea' id='block_1_9' title="bbox 666 1117 2255 1186">
    <p class='ocr_par' dir='ltr' id='par_1_9' title="bbox 666 1117 2255 1186">
     <span class='ocr_line' id='line_1_9' title="bbox 666 1117 2255 1186; baseline 0.004 -17"><span class='ocrx_word' id='word_1_52' title='bbox 666 1125 934 1182; x_wconf 83' lang='lat' dir='ltr'><strong>potestate</strong></span> <span class='ocrx_word' id='word_1_53' title='bbox 988 1117 1191 1172; x_wconf 88' lang='lat' dir='ltr'><strong>diaboli</strong></span> <span class='ocrx_word' id='word_1_54' title='bbox 1235 1135 1342 1173; x_wconf 88' lang='lat' dir='ltr'><strong>non</strong></span> <span class='ocrx_word' id='word_1_55' title='bbox 1370 1132 1630 1174; x_wconf 89' lang='lat' dir='ltr'><strong>eruuntur</strong></span> <span class='ocrx_word' id='word_1_56' title='bbox 1671 1139 1684 1174; x_wconf 92' lang='lat'><strong>:</strong></span> <span class='ocrx_word' id='word_1_57' title='bbox 1724 1122 1806 1176; x_wconf 85' lang='lat' dir='ltr'><strong>sic</strong></span> <span class='ocrx_word' id='word_1_58' title='bbox 1852 1123 2012 1178; x_wconf 89' lang='lat' dir='ltr'><strong>etiam</strong></span> <span class='ocrx_word' id='word_1_59' title='bbox 2061 1123 2255 1186; x_wconf 84' lang='lat' dir='ltr'><strong>dicite,</strong></span> 
     </span>
    </p>
   </div>
   <div class='ocr_carea' id='block_1_10' title="bbox 673 1205 2254 1282">
    <p class='ocr_par' dir='ltr' id='par_1_10' title="bbox 673 1205 2254 1282">
     <span class='ocr_line' id='line_1_10' title="bbox 673 1205 2254 1282; baseline 0.006 -25"><span class='ocrx_word' id='word_1_60' title='bbox 673 1205 932 1261; x_wconf 81' lang='lat' dir='ltr'><strong>Funditur</strong></span> <span class='ocrx_word' id='word_1_61' title='bbox 961 1224 1055 1276; x_wconf 88' lang='lat' dir='ltr'><strong>pro</strong></span> <span class='ocrx_word' id='word_1_62' title='bbox 1083 1210 1162 1263; x_wconf 85' lang='lat' dir='ltr'><strong>eis</strong></span> <span class='ocrx_word' id='word_1_63' title='bbox 1189 1212 1404 1280; x_wconf 81' lang='lat' dir='ltr'><strong>sanguis</strong></span> <span class='ocrx_word' id='word_1_64' title='bbox 1431 1212 1481 1265; x_wconf 90' lang='lat' dir='ltr'><strong>in</strong></span> <span class='ocrx_word' id='word_1_65' title='bbox 1500 1213 1869 1268; x_wconf 82' lang='lat' dir='ltr'><strong>remissionem</strong></span> <span class='ocrx_word' id='word_1_66' title='bbox 1894 1223 2254 1282; x_wconf 75' lang='lat' dir='ltr'><strong>peccatorum,</strong></span> 
     </span>
    </p>
   </div>
   <div class='ocr_carea' id='block_1_11' title="bbox 665 1296 2258 1368">
    <p class='ocr_par' dir='ltr' id='par_1_11' title="bbox 665 1296 2258 1368">
     <span class='ocr_line' id='line_1_11' title="bbox 665 1296 2258 1368; baseline 0.006 -20"><span class='ocrx_word' id='word_1_67' title='bbox 665 1296 759 1350; x_wconf 72' lang='lat' dir='ltr'><strong>sed</strong></span> <span class='ocrx_word' id='word_1_68' title='bbox 806 1298 998 1353; x_wconf 88' lang='lat' dir='ltr'><strong>nullius</strong></span> <span class='ocrx_word' id='word_1_69' title='bbox 1029 1301 1228 1368; x_wconf 84' lang='lat' dir='ltr'><strong>peccati</strong></span> <span class='ocrx_word' id='word_1_70' title='bbox 1257 1301 1568 1356; x_wconf 83' lang='lat' dir='ltr'><strong>remissione</strong></span> <span class='ocrx_word' id='word_1_71' title='bbox 1603 1303 1944 1356; x_wconf 72' lang='lat' dir='ltr'><strong>mandantur.</strong></span> <span class='ocrx_word' id='word_1_72' title='bbox 1979 1303 2110 1358; x_wconf 80' lang='lat' dir='ltr'><strong>Mira</strong></span> <span class='ocrx_word' id='word_1_73' title='bbox 2133 1312 2258 1358; x_wconf 82' lang='lat' dir='ltr'><strong>sunt</strong></span> 
     </span>
    </p>
   </div>
   <div class='ocr_carea' id='block_1_12' title="bbox 663 1389 2257 1466">
    <p class='ocr_par' dir='ltr' id='par_1_12' title="bbox 663 1389 2257 1466">
     <span class='ocr_line' id='line_1_12' title="bbox 663 1389 2257 1466; baseline 0.005 -24"><span class='ocrx_word' id='word_1_74' title='bbox 663 1403 784 1457; x_wconf 63' lang='lat' dir='ltr'><strong>qum</strong></span> <span class='ocrx_word' id='word_1_75' title='bbox 811 1389 1008 1456; x_wconf 89' lang='lat' dir='ltr'><strong>dicitis,</strong></span> <span class='ocrx_word' id='word_1_76' title='bbox 1055 1407 1190 1446; x_wconf 89' lang='lat' dir='ltr'><strong>nova</strong></span> <span class='ocrx_word' id='word_1_77' title='bbox 1219 1401 1344 1448; x_wconf 88' lang='lat' dir='ltr'><strong>sunt</strong></span> <span class='ocrx_word' id='word_1_78' title='bbox 1382 1409 1501 1462; x_wconf 73' lang='lat' dir='ltr'><strong>qum</strong></span> <span class='ocrx_word' id='word_1_79' title='bbox 1544 1394 1738 1459; x_wconf 83' lang='lat' dir='ltr'><strong>dicitis,</strong></span> <span class='ocrx_word' id='word_1_80' title='bbox 1787 1395 1920 1450; x_wconf 87' lang='lat' dir='ltr'><strong>falsa</strong></span> <span class='ocrx_word' id='word_1_81' title='bbox 1965 1404 2094 1450; x_wconf 85' lang='lat' dir='ltr'><strong>sunt</strong></span> <span class='ocrx_word' id='word_1_82' title='bbox 2135 1411 2257 1466; x_wconf 71' lang='lat' dir='ltr'><strong>qua:</strong></span> 
     </span>
    </p>
   </div>
   <div class='ocr_carea' id='block_1_13' title="bbox 661 1477 2252 1552">
    <p class='ocr_par' dir='ltr' id='par_1_13' title="bbox 661 1477 2252 1552">
     <span class='ocr_line' id='line_1_13' title="bbox 661 1477 2252 1552; baseline 0.006 -21"><span class='ocrx_word' id='word_1_83' title='bbox 661 1477 870 1534; x_wconf 77' lang='lat' dir='ltr'><strong>dicitis:</strong></span> <span class='ocrx_word' id='word_1_84' title='bbox 901 1481 1031 1534; x_wconf 90' lang='lat' dir='ltr'><strong>mira</strong></span> <span class='ocrx_word' id='word_1_85' title='bbox 1047 1490 1344 1552; x_wconf 82' lang='lat' dir='ltr'><strong>stupemus,</strong></span> <span class='ocrx_word' id='word_1_86' title='bbox 1363 1499 1498 1539; x_wconf 82' lang='lat' dir='ltr'><strong>nova</strong></span> <span class='ocrx_word' id='word_1_87' title='bbox 1516 1500 1786 1552; x_wconf 87' lang='lat' dir='ltr'><strong>cavemus,</strong></span> <span class='ocrx_word' id='word_1_88' title='bbox 1819 1485 1952 1541; x_wconf 85' lang='lat' dir='ltr'><strong>falsa</strong></span> <span class='ocrx_word' id='word_1_89' title='bbox 1978 1487 2252 1542; x_wconf 69' lang='lat' dir='ltr'><strong>convinci-</strong></span> 
     </span>
    </p>
   </div>
   <div class='ocr_carea' id='block_1_14' title="bbox 661 1583 800 1621">
    <p class='ocr_par' dir='ltr' id='par_1_14' title="bbox 661 1583 800 1621">
     <span class='ocr_line' id='line_1_14' title="bbox 661 1583 800 1621; baseline 0 0"><span class='ocrx_word' id='word_1_90' title='bbox 661 1583 800 1621; x_wconf 80' lang='lat' dir='ltr'><strong>inus.</strong></span> 
     </span>
    </p>
   </div>
   <div class='ocr_carea' id='block_1_15' title="bbox 729 1661 2253 1736">
    <p class='ocr_par' dir='ltr' id='par_1_15' title="bbox 729 1661 2253 1736">
     <span class='ocr_line' id='line_1_15' title="bbox 729 1661 2253 1736; baseline 0.005 -21"><span class='ocrx_word' id='word_1_91' title='bbox 729 1661 957 1717; x_wconf 78' lang='lat' dir='ltr'><strong>CAPUT</strong></span> <span class='ocrx_word' id='word_1_92' title='bbox 981 1663 1066 1716; x_wconf 88' lang='lat' dir='ltr'><strong>IV.</strong></span> <span class='ocrx_word' id='word_1_93' title='bbox 1089 1693 1156 1703; x_wconf 91' lang='lat'><strong>—</strong></span> <span class='ocrx_word' id='word_1_94' title='bbox 1183 1666 1268 1720; x_wconf 83' lang='lat' dir='ltr'><strong>l0.</strong></span> <span class='ocrx_word' id='word_1_95' title='bbox 1292 1665 1480 1722; x_wconf 82' lang='lat' dir='ltr'><strong>Nonne</strong></span> <span class='ocrx_word' id='word_1_96' title='bbox 1503 1667 1616 1736; x_wconf 89' lang='lat' dir='ltr'><strong>ipse</strong></span> <span class='ocrx_word' id='word_1_97' title='bbox 1635 1669 1870 1736; x_wconf 75' lang='lat' dir='ltr'><strong>dixisti,¢</strong></span> <span class='ocrx_word' id='word_1_98' title='bbox 1900 1669 2253 1724; x_wconf 80' lang='lat' dir='ltr'><strong>Administra-</strong></span> 
     </span>
    </p>
   </div>
   <div class='ocr_carea' id='block_1_16' title="bbox 665 1752 2251 1826">
    <p class='ocr_par' dir='ltr' id='par_1_16' title="bbox 665 1752 2251 1826">
     <span class='ocr_line' id='line_1_16' title="bbox 665 1752 2251 1826; baseline 0.007 -21"><span class='ocrx_word' id='word_1_99' title='bbox 665 1752 862 1805; x_wconf 79' lang='lat' dir='ltr'><strong>tionem</strong></span> <span class='ocrx_word' id='word_1_100' title='bbox 884 1755 1124 1822; x_wconf 86' lang='lat' dir='ltr'><strong>corporis</strong></span> <span class='ocrx_word' id='word_1_101' title='bbox 1141 1757 1218 1810; x_wconf 90' lang='lat' dir='ltr'><strong>sic</strong></span> <span class='ocrx_word' id='word_1_102' title='bbox 1241 1759 1418 1812; x_wconf 86' lang='lat' dir='ltr'><strong>animo</strong></span> <span class='ocrx_word' id='word_1_103' title='bbox 1439 1773 1560 1814; x_wconf 86' lang='lat' dir='ltr'><strong>esse</strong></span> <span class='ocrx_word' id='word_1_104' title='bbox 1583 1762 1922 1815; x_wconf 78' lang='lat' dir='ltr'><strong>commissam</strong></span> <span class='ocrx_word' id='word_1_105' title='bbox 1941 1804 1955 1826; x_wconf 94' lang='lat'><strong>,</strong></span> <span class='ocrx_word' id='word_1_106' title='bbox 1971 1775 2030 1816; x_wconf 71' lang='lat' dir='ltr'><strong>ut</strong></span> <span class='ocrx_word' id='word_1_107' title='bbox 2049 1762 2251 1817; x_wconf 81' lang='lat' dir='ltr'><strong>fructus</strong></span> 
     </span>
    </p>
   </div>
   <div class='ocr_carea' id='block_1_17' title="bbox 661 1846 2250 1918">
    <p class='ocr_par' dir='ltr' id='par_1_17' title="bbox 661 1846 2250 1918">
     <span class='ocr_line' id='line_1_17' title="bbox 661 1846 2250 1918; baseline 0.006 -22"><span class='ocrx_word' id='word_1_108' title='bbox 661 1846 840 1912; x_wconf 82' lang='lat' dir='ltr'><strong>aperis</strong></span> <span class='ocrx_word' id='word_1_109' title='bbox 862 1847 1010 1900; x_wconf 81' lang='lat' dir='ltr'><strong>ﬁeret</strong></span> <span class='ocrx_word' id='word_1_110' title='bbox 1041 1850 1248 1918; x_wconf 77' lang='lat' dir='ltr'><strong>utrique</strong></span> <span class='ocrx_word' id='word_1_111' title='bbox 1267 1852 1588 1914; x_wconf 84' lang='lat' dir='ltr'><strong>communis,</strong></span> <span class='ocrx_word' id='word_1_112' title='bbox 1619 1862 1676 1909; x_wconf 86' lang='lat' dir='ltr'><strong>et</strong></span> <span class='ocrx_word' id='word_1_113' title='bbox 1703 1853 1786 1906; x_wconf 89' lang='lat' dir='ltr'><strong>vel</strong></span> <span class='ocrx_word' id='word_1_114' title='bbox 1817 1853 2029 1907; x_wconf 85' lang='lat' dir='ltr'><strong>virtutis</strong></span> <span class='ocrx_word' id='word_1_115' title='bbox 2053 1854 2250 1908; x_wconf 79' lang='lat' dir='ltr'><strong>exerci-</strong></span> 
     </span>
    </p>
   </div>
   <div class='ocr_carea' id='block_1_18' title="bbox 656 1937 2248 2014">
    <p class='ocr_par' dir='ltr' id='par_1_18' title="bbox 656 1937 2248 2014">
     <span class='ocr_line' id='line_1_18' title="bbox 656 1937 2248 2014; baseline 0.007 -26"><span class='ocrx_word' id='word_1_116' title='bbox 656 1943 724 1989; x_wconf 63' lang='lat' dir='ltr'><strong>tae</strong></span> <span class='ocrx_word' id='word_1_117' title='bbox 753 1937 962 2007; x_wconf 86' lang='lat' dir='ltr'><strong>gaudia,</strong></span> <span class='ocrx_word' id='word_1_118' title='bbox 995 1939 1078 1993; x_wconf 89' lang='lat' dir='ltr'><strong>vel</strong></span> <span class='ocrx_word' id='word_1_119' title='bbox 1108 1942 1404 1996; x_wconf 76' lang='lat' dir='ltr'><strong>insolentia:</strong></span> <span class='ocrx_word' id='word_1_120' title='bbox 1431 1943 1447 1974; x_wconf 74' lang='grc' dir='ltr'>ί</span> <span class='ocrx_word' id='word_1_121' title='bbox 1475 1959 1660 2014; x_wconf 78' lang='lat' dir='ltr'><strong>pcenas</strong></span> <span class='ocrx_word' id='word_1_122' title='bbox 1685 1961 1805 1998; x_wconf 89' lang='lat' dir='ltr'><strong>cum</strong></span> <span class='ocrx_word' id='word_1_123' title='bbox 1833 1947 1949 2014; x_wconf 89' lang='lat' dir='ltr'><strong>ejus</strong></span> <span class='ocrx_word' id='word_1_124' title='bbox 1975 1959 2132 2014; x_wconf 85' lang='lat' dir='ltr'><strong>quam</strong></span> <span class='ocrx_word' id='word_1_125' title='bbox 2163 1945 2248 2000; x_wconf 84' lang='lat' dir='ltr'><strong>hic</strong></span> 
     </span>
    </p>
   </div>
   <div class='ocr_carea' id='block_1_19' title="bbox 656 2028 2238 2097">
    <p class='ocr_par' dir='ltr' id='par_1_19' title="bbox 656 2028 2238 2097">
     <span class='ocr_line' id='line_1_19' title="bbox 656 2028 2238 2097; baseline 0.005 -17"><span class='ocrx_word' id='word_1_126' title='bbox 656 2042 765 2080; x_wconf 92' lang='lat' dir='ltr'><strong>non</strong></span> <span class='ocrx_word' id='word_1_127' title='bbox 825 2028 961 2082; x_wconf 87' lang='lat' dir='ltr'><strong>bene</strong></span> <span class='ocrx_word' id='word_1_128' title='bbox 1029 2041 1260 2097; x_wconf 74' lang='lat' dir='ltr'><strong>rexerat,</strong></span> <span class='ocrx_word' id='word_1_129' title='bbox 1321 2036 1499 2090; x_wconf 82' lang='lat' dir='ltr'><strong>carnis</strong></span> <span class='ocrx_word' id='word_1_130' title='bbox 1567 2034 1856 2090; x_wconf 81' lang='lat' dir='ltr'><strong>afﬂictione</strong></span> <span class='ocrx_word' id='word_1_131' title='bbox 1917 2037 2183 2091; x_wconf 84' lang='lat' dir='ltr'><strong>sentiret?</strong></span> <span class='ocrx_word' id='word_1_132' title='bbox 2220 2054 2238 2088; x_wconf 77' lang='grc' dir='ltr'><strong><em>ι</em></strong></span> 
     </span>
    </p>
   </div>
   <div class='ocr_carea' id='block_1_20' title="bbox 655 2116 2244 2195">
    <p class='ocr_par' dir='ltr' id='par_1_20' title="bbox 655 2116 2244 2195">
     <span class='ocr_line' id='line_1_20' title="bbox 655 2116 2244 2195; baseline 0.006 -25"><span class='ocrx_word' id='word_1_133' title='bbox 655 2116 942 2187; x_wconf 68' lang='lat' dir='ltr'><strong>Responde</strong></span> <span class='ocrx_word' id='word_1_134' title='bbox 954 2119 1134 2190; x_wconf 86' lang='lat' dir='ltr'><strong>igitur,</strong></span> <span class='ocrx_word' id='word_1_135' title='bbox 1153 2138 1320 2190; x_wconf 89' lang='lat' dir='ltr'><strong>quare</strong></span> <span class='ocrx_word' id='word_1_136' title='bbox 1343 2124 1394 2177; x_wconf 92' lang='lat' dir='ltr'><strong>in</strong></span> <span class='ocrx_word' id='word_1_137' title='bbox 1427 2127 1524 2180; x_wconf 87' lang='lat' dir='ltr'><strong>hac</strong></span> <span class='ocrx_word' id='word_1_138' title='bbox 1546 2127 1658 2195; x_wconf 84' lang='lat' dir='ltr'><strong>ipsa</strong></span> <span class='ocrx_word' id='word_1_139' title='bbox 1687 2127 1794 2181; x_wconf 86' lang='lat' dir='ltr'><strong>vita</strong></span> <span class='ocrx_word' id='word_1_140' title='bbox 1812 2126 2102 2182; x_wconf 81' lang='lat' dir='ltr'><strong>alllictione</strong></span> <span class='ocrx_word' id='word_1_141' title='bbox 2119 2142 2244 2182; x_wconf 88' lang='lat' dir='ltr'><strong>car-</strong></span> 
     </span>
    </p>
   </div>
   <div class='ocr_carea' id='block_1_21' title="bbox 655 2209 2242 2287">
    <p class='ocr_par' dir='ltr' id='par_1_21' title="bbox 655 2209 2242 2287">
     <span class='ocr_line' id='line_1_21' title="bbox 655 2209 2242 2287; baseline 0.006 -25"><span class='ocrx_word' id='word_1_142' title='bbox 655 2209 742 2264; x_wconf 88' lang='lat' dir='ltr'><strong>nis</strong></span> <span class='ocrx_word' id='word_1_143' title='bbox 760 2211 934 2265; x_wconf 89' lang='lat' dir='ltr'><strong>anima</strong></span> <span class='ocrx_word' id='word_1_144' title='bbox 963 2217 1234 2269; x_wconf 83' lang='lat' dir='ltr'><strong>crucietur</strong></span> <span class='ocrx_word' id='word_1_145' title='bbox 1262 2215 1500 2274; x_wconf 74' lang='lat' dir='ltr'><strong>infantis.</strong></span> <span class='ocrx_word' id='word_1_146' title='bbox 1541 2219 1695 2286; x_wconf 83' lang='lat' dir='ltr'><strong>cujus</strong></span> <span class='ocrx_word' id='word_1_147' title='bbox 1721 2219 1769 2272; x_wconf 92' lang='lat' dir='ltr'><strong>ei</strong></span> <span class='ocrx_word' id='word_1_148' title='bbox 1799 2219 2070 2283; x_wconf 89' lang='lat' dir='ltr'><strong>meritum,</strong></span> <span class='ocrx_word' id='word_1_149' title='bbox 2119 2222 2242 2287; x_wconf 87' lang='lat' dir='ltr'><strong>quia</strong></span> 
     </span>
    </p>
   </div>
   <div class='ocr_carea' id='block_1_22' title="bbox 653 2301 2240 2379">
    <p class='ocr_par' dir='ltr' id='par_1_22' title="bbox 653 2301 2240 2379">
     <span class='ocr_line' id='line_1_22' title="bbox 653 2301 2240 2379; baseline 0.008 -27"><span class='ocrx_word' id='word_1_150' title='bbox 653 2313 762 2354; x_wconf 89' lang='lat' dir='ltr'><strong>non</strong></span> <span class='ocrx_word' id='word_1_151' title='bbox 793 2301 933 2356; x_wconf 84' lang='lat' dir='ltr'><strong>bene</strong></span> <span class='ocrx_word' id='word_1_152' title='bbox 963 2305 1162 2358; x_wconf 82' lang='lat' dir='ltr'><strong>rexerit</strong></span> <span class='ocrx_word' id='word_1_153' title='bbox 1191 2320 1430 2370; x_wconf 80' lang='lat' dir='ltr'><strong>carnem,</strong></span> <span class='ocrx_word' id='word_1_154' title='bbox 1459 2307 1634 2364; x_wconf 81' lang='lat' dir='ltr'><strong>adhuc</strong></span> <span class='ocrx_word' id='word_1_155' title='bbox 1662 2323 1764 2362; x_wconf 85' lang='lat' dir='ltr'><strong>non</strong></span> <span class='ocrx_word' id='word_1_156' title='bbox 1798 2318 1972 2376; x_wconf 87' lang='lat' dir='ltr'><strong>potest</strong></span> <span class='ocrx_word' id='word_1_157' title='bbox 2015 2310 2240 2379; x_wconf 84' lang='lat' dir='ltr'><strong>imputa-</strong></span> 
     </span>
    </p>
   </div>
   <div class='ocr_carea' id='block_1_23' title="bbox 651 2395 2243 2459">
    <p class='ocr_par' dir='ltr' id='par_1_23' title="bbox 651 2395 2243 2459">
     <span class='ocr_line' id='line_1_23' title="bbox 651 2395 2243 2459; baseline 0.006 -10"><span class='ocrx_word' id='word_1_158' title='bbox 651 2395 719 2449; x_wconf 88' lang='lat' dir='ltr'><strong>ri.</strong></span> <span class='ocrx_word' id='word_1_159' title='bbox 759 2414 778 2448; x_wconf 76' lang='grc' dir='ltr'>ι</span> <span class='ocrx_word' id='word_1_160' title='bbox 810 2396 1063 2452; x_wconf 80' lang='lat' dir='ltr'><strong>Naturam</strong></span> <span class='ocrx_word' id='word_1_161' title='bbox 1097 2417 1120 2451; x_wconf 68' lang='grc' dir='ltr'>ι</span> <span class='ocrx_word' id='word_1_162' title='bbox 1148 2399 1282 2454; x_wconf 89' lang='lat' dir='ltr'><strong>dicis</strong></span> <span class='ocrx_word' id='word_1_163' title='bbox 1311 2419 1330 2453; x_wconf 72' lang='grc' dir='ltr'>ι</span> <span class='ocrx_word' id='word_1_164' title='bbox 1367 2401 1654 2456; x_wconf 77' lang='lat' dir='ltr'><strong>humanum</strong></span> <span class='ocrx_word' id='word_1_165' title='bbox 1683 2405 1734 2456; x_wconf 93' lang='lat' dir='ltr'><strong>in</strong></span> <span class='ocrx_word' id='word_1_166' title='bbox 1757 2403 1996 2458; x_wconf 76' lang='lat' dir='ltr'><strong>exordiis</strong></span> <span class='ocrx_word' id='word_1_167' title='bbox 2017 2419 2243 2459; x_wconf 90' lang='lat' dir='ltr'><strong>nascen-</strong></span> 
     </span>
    </p>
   </div>
   <div class='ocr_carea' id='block_1_24' title="bbox 653 2487 2235 2562">
    <p class='ocr_par' dir='ltr' id='par_1_24' title="bbox 653 2487 2235 2562">
     <span class='ocr_line' id='line_1_24' title="bbox 653 2487 2235 2562; baseline 0.008 -24"><span class='ocrx_word' id='word_1_168' title='bbox 653 2495 784 2540; x_wconf 82' lang='lat' dir='ltr'><strong>tium</strong></span> <span class='ocrx_word' id='word_1_169' title='bbox 831 2487 1150 2542; x_wconf 81' lang='lat' dir='ltr'><strong>innocentiae</strong></span> <span class='ocrx_word' id='word_1_170' title='bbox 1193 2490 1318 2546; x_wconf 88' lang='lat' dir='ltr'><strong>dote</strong></span> <span class='ocrx_word' id='word_1_171' title='bbox 1356 2493 1694 2560; x_wconf 77' lang='lat' dir='ltr'><strong>locupletem.</strong></span> <span class='ocrx_word' id='word_1_172' title='bbox 1730 2509 1752 2545; x_wconf 69' lang='grc' dir='ltr'><strong><em>ι</em></strong></span> <span class='ocrx_word' id='word_1_173' title='bbox 1787 2493 2038 2548; x_wconf 80' lang='lat' dir='ltr'><strong>Fatemur</strong></span> <span class='ocrx_word' id='word_1_174' title='bbox 2085 2510 2235 2562; x_wconf 84' lang='lat' dir='ltr'><strong>sane,</strong></span> 
     </span>
    </p>
   </div>
   <div class='ocr_carea' id='block_1_25' title="bbox 651 2579 2235 2654">
    <p class='ocr_par' dir='ltr' id='par_1_25' title="bbox 651 2579 2235 2654">
     <span class='ocr_line' id='line_1_25' title="bbox 651 2579 2235 2654; baseline 0.009 -25"><span class='ocrx_word' id='word_1_175' title='bbox 651 2586 908 2646; x_wconf 86' lang='lat' dir='ltr'><strong>quantum</strong></span> <span class='ocrx_word' id='word_1_176' title='bbox 953 2579 1020 2634; x_wconf 86' lang='lat' dir='ltr'><strong>ad</strong></span> <span class='ocrx_word' id='word_1_177' title='bbox 1065 2591 1278 2648; x_wconf 88' lang='lat' dir='ltr'><strong>peccata</strong></span> <span class='ocrx_word' id='word_1_178' title='bbox 1329 2583 1558 2652; x_wconf 60' lang='lat' dir='ltr'><strong>pertinet</strong></span> <span class='ocrx_word' id='word_1_179' title='bbox 1597 2585 1812 2654; x_wconf 83' lang='lat' dir='ltr'><strong>propria</strong></span> <span class='ocrx_word' id='word_1_180' title='bbox 1857 2601 2014 2641; x_wconf 86' lang='lat' dir='ltr'><strong>:eum</strong></span> <span class='ocrx_word' id='word_1_181' title='bbox 2059 2596 2235 2642; x_wconf 88' lang='lat' dir='ltr'><strong>autem</strong></span> 
     </span>
    </p>
   </div>
   <div class='ocr_carea' id='block_1_26' title="bbox 648 2667 2236 2748">
    <p class='ocr_par' dir='ltr' id='par_1_26' title="bbox 648 2667 2236 2748">
     <span class='ocr_line' id='line_1_26' title="bbox 648 2667 2236 2748; baseline 0.007 -27"><span class='ocrx_word' id='word_1_182' title='bbox 648 2667 810 2722; x_wconf 89' lang='lat' dir='ltr'><strong>etiam</strong></span> <span class='ocrx_word' id='word_1_183' title='bbox 837 2670 1082 2740; x_wconf 77' lang='lat' dir='ltr'><strong>originali</strong></span> <span class='ocrx_word' id='word_1_184' title='bbox 1107 2672 1308 2748; x_wconf 81' lang='lat' dir='ltr'><strong>negatis</strong></span> <span class='ocrx_word' id='word_1_185' title='bbox 1329 2673 1608 2738; x_wconf 85' lang='lat' dir='ltr'><strong>obnoxios,</strong></span> <span class='ocrx_word' id='word_1_186' title='bbox 1629 2675 1969 2746; x_wconf 86' lang='lat' dir='ltr'><strong>respondete,</strong></span> <span class='ocrx_word' id='word_1_187' title='bbox 1996 2691 2104 2746; x_wconf 88' lang='lat' dir='ltr'><strong>quo</strong></span> <span class='ocrx_word' id='word_1_188' title='bbox 2124 2693 2236 2732; x_wconf 63' lang='lat' dir='ltr'><strong>meo</strong></span> 
     </span>
    </p>
   </div>
   <div class='ocr_carea' id='block_1_27' title="bbox 648 2759 2232 2838">
    <p class='ocr_par' dir='ltr' id='par_1_27' title="bbox 648 2759 2232 2838">
     <span class='ocr_line' id='line_1_27' title="bbox 648 2759 2232 2838; baseline 0.008 -28"><span class='ocrx_word' id='word_1_189' title='bbox 648 2759 755 2811; x_wconf 88' lang='lat' dir='ltr'><strong>rito</strong></span> <span class='ocrx_word' id='word_1_190' title='bbox 772 2767 913 2813; x_wconf 90' lang='lat' dir='ltr'><strong>tanta</strong></span> <span class='ocrx_word' id='word_1_191' title='bbox 941 2760 1242 2816; x_wconf 86' lang='lat' dir='ltr'><strong>innocentia</strong></span> <span class='ocrx_word' id='word_1_192' title='bbox 1269 2779 1650 2834; x_wconf 78' lang='lat' dir='ltr'><strong>nonnunquam</strong></span> <span class='ocrx_word' id='word_1_193' title='bbox 1669 2781 1832 2832; x_wconf 70' lang='lat' dir='ltr'><strong>Caeca,</strong></span> <span class='ocrx_word' id='word_1_194' title='bbox 1857 2783 2232 2838; x_wconf 82' lang='lat' dir='ltr'><strong>nonnunquam</strong></span> 
     </span>
    </p>
   </div>
   <div class='ocr_carea' id='block_1_28' title="bbox 645 2849 2234 2930">
    <p class='ocr_par' dir='ltr' id='par_1_28' title="bbox 645 2849 2234 2930">
     <span class='ocr_line' id='line_1_28' title="bbox 645 2849 2234 2930; baseline 0.009 -27"><span class='ocrx_word' id='word_1_195' title='bbox 645 2849 806 2904; x_wconf 82' lang='lat' dir='ltr'><strong>surda</strong></span> <span class='ocrx_word' id='word_1_196' title='bbox 833 2861 1100 2907; x_wconf 87' lang='lat' dir='ltr'><strong>nascatur.</strong></span> <span class='ocrx_word' id='word_1_197' title='bbox 1128 2853 1278 2922; x_wconf 84' lang='lat' dir='ltr'><strong>Quod</strong></span> <span class='ocrx_word' id='word_1_198' title='bbox 1309 2856 1492 2910; x_wconf 88' lang='lat' dir='ltr'><strong>vitium</strong></span> <span class='ocrx_word' id='word_1_199' title='bbox 1522 2859 1682 2914; x_wconf 87' lang='lat' dir='ltr'><strong>etiam</strong></span> <span class='ocrx_word' id='word_1_200' title='bbox 1720 2860 1884 2930; x_wconf 85' lang='lat' dir='ltr'><strong>ipsam</strong></span> <span class='ocrx_word' id='word_1_201' title='bbox 1918 2861 2134 2930; x_wconf 87' lang='lat' dir='ltr'><strong>impedit</strong></span> <span class='ocrx_word' id='word_1_202' title='bbox 2167 2861 2234 2917; x_wconf 58' lang='lat' dir='ltr'><strong>llo</strong></span> 
     </span>
    </p>
   </div>
   <div class='ocr_carea' id='block_1_29' title="bbox 621 2925 2232 3022">
    <p class='ocr_par' dir='ltr' id='par_1_29' title="bbox 621 2925 2232 3022">
     <span class='ocr_line' id='line_1_29' title="bbox 621 2925 2232 3022; baseline 0.008 -29"><span class='ocrx_word' id='word_1_203' title='bbox 621 2925 790 3006; x_wconf 30' lang='lat' dir='ltr'><strong>&#39;dem,</strong></span> <span class='ocrx_word' id='word_1_204' title='bbox 815 2943 1071 3012; x_wconf 82' lang='lat' dir='ltr'><strong>Apostolo</strong></span> <span class='ocrx_word' id='word_1_205' title='bbox 1099 2954 1326 3002; x_wconf 81' lang='lat' dir='ltr'><strong>testante</strong></span> <span class='ocrx_word' id='word_1_206' title='bbox 1341 2949 1429 3016; x_wconf 85' lang='lat' dir='ltr'><strong>qui</strong></span> <span class='ocrx_word' id='word_1_207' title='bbox 1457 2947 1605 3016; x_wconf 82' lang='lat' dir='ltr'><strong>dicit,</strong></span> <span class='ocrx_word' id='word_1_208' title='bbox 1635 2925 1802 3022; x_wconf 73' lang='lat' dir='ltr'><strong>Igitur</strong></span> <span class='ocrx_word' id='word_1_209' title='bbox 1827 2952 1950 3010; x_wconf 78' lang='lat' dir='ltr'><strong>ﬁdes</strong></span> <span class='ocrx_word' id='word_1_210' title='bbox 1970 2925 2032 3006; x_wconf 64' lang='lat' dir='ltr'><strong>ea:</strong></span> <span class='ocrx_word' id='word_1_211' title='bbox 2057 2953 2232 3006; x_wconf 75' lang='lat' dir='ltr'><strong>auditu</strong></span> 
     </span>
    </p>
   </div>
   <div class='ocr_carea' id='block_1_30' title="bbox 645 3029 2230 3113">
    <p class='ocr_par' dir='ltr' id='par_1_30' title="bbox 645 3029 2230 3113">
     <span class='ocr_line' id='line_1_30' title="bbox 645 3029 2230 3113; baseline 0.009 -29"><span class='ocrx_word' id='word_1_212' title='bbox 645 3029 822 3101; x_wconf 73' lang='lat' dir='ltr'><strong>(Boni.</strong></span> <span class='ocrx_word' id='word_1_213' title='bbox 852 3048 907 3100; x_wconf 86' lang='lat' dir='ltr'><strong>x,</strong></span> <span class='ocrx_word' id='word_1_214' title='bbox 944 3033 1052 3105; x_wconf 85' lang='grc'><strong>17).</strong></span> <span class='ocrx_word' id='word_1_215' title='bbox 1081 3035 1198 3090; x_wconf 87' lang='lat' dir='ltr'><strong>Jam</strong></span> <span class='ocrx_word' id='word_1_216' title='bbox 1229 3053 1356 3092; x_wconf 77' lang='lat' dir='ltr'><strong>vero</strong></span> <span class='ocrx_word' id='word_1_217' title='bbox 1397 3039 1518 3110; x_wconf 81' lang='lat' dir='ltr'><strong>quis</strong></span> <span class='ocrx_word' id='word_1_218' title='bbox 1553 3040 1706 3106; x_wconf 76' lang='lat' dir='ltr'><strong>ferat,</strong></span> <span class='ocrx_word' id='word_1_219' title='bbox 1755 3043 1895 3111; x_wconf 86' lang='lat' dir='ltr'><strong>quod</strong></span> <span class='ocrx_word' id='word_1_220' title='bbox 1945 3043 2010 3097; x_wconf 88' lang='lat' dir='ltr'><strong>ad</strong></span> <span class='ocrx_word' id='word_1_221' title='bbox 2055 3045 2230 3113; x_wconf 88' lang='lat' dir='ltr'><strong>ipsum</strong></span> 
     </span>
    </p>
   </div>
   <div class='ocr_carea' id='block_1_31' title="bbox 644 3126 2232 3201">
    <p class='ocr_par' dir='ltr' id='par_1_31' title="bbox 644 3126 2232 3201">
     <span class='ocr_line' id='line_1_31' title="bbox 644 3126 2232 3201; baseline 0.009 -25"><span class='ocrx_word' id='word_1_222' title='bbox 644 3134 851 3192; x_wconf 81' lang='lat' dir='ltr'><strong>spectat</strong></span> <span class='ocrx_word' id='word_1_223' title='bbox 875 3126 1132 3189; x_wconf 84' lang='lat' dir='ltr'><strong>animum,</strong></span> <span class='ocrx_word' id='word_1_224' title='bbox 1165 3129 1450 3199; x_wconf 74' lang='lat' dir='ltr'><strong>imaginem</strong></span> <span class='ocrx_word' id='word_1_225' title='bbox 1485 3131 1574 3186; x_wconf 88' lang='lat' dir='ltr'><strong>Dei</strong></span> <span class='ocrx_word' id='word_1_226' title='bbox 1607 3150 1628 3184; x_wconf 70' lang='grc' dir='ltr'>ι</span> <span class='ocrx_word' id='word_1_227' title='bbox 1666 3136 2006 3201; x_wconf 71' lang='lat' dir='ltr'><strong>innocentize,</strong></span> <span class='ocrx_word' id='word_1_228' title='bbox 2037 3153 2056 3188; x_wconf 67' lang='grc' dir='ltr'>δ</span> <span class='ocrx_word' id='word_1_229' title='bbox 2091 3137 2232 3191; x_wconf 81' lang='lat' dir='ltr'><strong>sicut</strong></span> 
     </span>
    </p>
   </div>
   <div class='ocr_carea' id='block_1_32' title="bbox 642 3216 2229 3290">
    <p class='ocr_par' dir='ltr' id='par_1_32' title="bbox 642 3216 2229 3290">
     <span class='ocr_line' id='line_1_32' title="bbox 642 3216 2229 3290; baseline 0.012 -26"><span class='ocrx_word' id='word_1_230' title='bbox 642 3216 860 3272; x_wconf 79' lang='lat' dir='ltr'><strong>asseris.</strong></span> <span class='ocrx_word' id='word_1_231' title='bbox 903 3217 1032 3272; x_wconf 89' lang='lat' dir='ltr'><strong>dote</strong></span> <span class='ocrx_word' id='word_1_232' title='bbox 1069 3219 1406 3288; x_wconf 80' lang='lat' dir='ltr'><strong>locupletem,</strong></span> <span class='ocrx_word' id='word_1_233' title='bbox 1454 3221 1652 3278; x_wconf 78' lang='lat' dir='ltr'><strong>fatuam</strong></span> <span class='ocrx_word' id='word_1_234' title='bbox 1699 3227 1866 3290; x_wconf 77' lang='lat' dir='ltr'><strong>nasci,</strong></span> <span class='ocrx_word' id='word_1_235' title='bbox 1897 3226 1942 3279; x_wconf 90' lang='lat' dir='ltr'><strong>si</strong></span> <span class='ocrx_word' id='word_1_236' title='bbox 1974 3226 2118 3281; x_wconf 86' lang='lat' dir='ltr'><strong>nulla</strong></span> <span class='ocrx_word' id='word_1_237' title='bbox 2162 3243 2229 3284; x_wconf 76' lang='lat' dir='ltr'><strong>ex</strong></span> 
     </span>
    </p>
   </div>
   <div class='ocr_carea' id='block_1_33' title="bbox 644 3307 2226 3382">
    <p class='ocr_par' dir='ltr' id='par_1_33' title="bbox 644 3307 2226 3382">
     <span class='ocr_line' id='line_1_33' title="bbox 644 3307 2226 3382; baseline 0.015 -30"><span class='ocrx_word' id='word_1_238' title='bbox 644 3307 952 3371; x_wconf 80' lang='lat' dir='ltr'><strong>parentibus</strong></span> <span class='ocrx_word' id='word_1_239' title='bbox 979 3311 1112 3362; x_wconf 87' lang='lat' dir='ltr'><strong>mala</strong></span> <span class='ocrx_word' id='word_1_240' title='bbox 1145 3313 1332 3366; x_wconf 80' lang='lat' dir='ltr'><strong>merita</strong></span> <span class='ocrx_word' id='word_1_241' title='bbox 1365 3316 1418 3368; x_wconf 87' lang='lat' dir='ltr'><strong>in</strong></span> <span class='ocrx_word' id='word_1_242' title='bbox 1440 3317 1690 3382; x_wconf 86' lang='lat' dir='ltr'><strong>parvulos</strong></span> <span class='ocrx_word' id='word_1_243' title='bbox 1715 3327 1990 3374; x_wconf 82' lang='lat' dir='ltr'><strong>transeunt</strong></span> <span class='ocrx_word' id='word_1_244' title='bbox 2008 3319 2033 3374; x_wconf 87' lang='lat'><strong>?</strong></span> <span class='ocrx_word' id='word_1_245' title='bbox 2051 3322 2130 3376; x_wconf 81' lang='lat' dir='ltr'><strong>An</strong></span> <span class='ocrx_word' id='word_1_246' title='bbox 2153 3322 2226 3376; x_wconf 84' lang='lat' dir='ltr'><strong>ita</strong></span> 
     </span>
    </p>
   </div>
   <div class='ocr_carea' id='block_1_34' title="bbox 638 3396 2226 3473">
    <p class='ocr_par' dir='ltr' id='par_1_34' title="bbox 638 3396 2226 3473">
     <span class='ocr_line' id='line_1_34' title="bbox 638 3396 2226 3473; baseline 0.013 -25"><span class='ocrx_word' id='word_1_247' title='bbox 638 3407 721 3449; x_wconf 80' lang='lat' dir='ltr'><strong>est</strong></span> <span class='ocrx_word' id='word_1_248' title='bbox 741 3396 1018 3468; x_wconf 67' lang='lat' dir='ltr'><strong>quisquam</strong></span> <span class='ocrx_word' id='word_1_249' title='bbox 1043 3413 1278 3456; x_wconf 81' lang='lat' dir='ltr'><strong>vestrum</strong></span> <span class='ocrx_word' id='word_1_250' title='bbox 1299 3403 1494 3473; x_wconf 78' lang='lat' dir='ltr'><strong>fatuus,</strong></span> <span class='ocrx_word' id='word_1_251' title='bbox 1513 3417 1569 3460; x_wconf 89' lang='lat' dir='ltr'><strong>ut</strong></span> <span class='ocrx_word' id='word_1_252' title='bbox 1585 3407 1876 3464; x_wconf 68' lang='lat' dir='ltr'><strong>ﬁatuitatem</strong></span> <span class='ocrx_word' id='word_1_253' title='bbox 1901 3413 2104 3466; x_wconf 91' lang='lat' dir='ltr'><strong>nullum</strong></span> <span class='ocrx_word' id='word_1_254' title='bbox 2123 3429 2226 3468; x_wconf 77' lang='lat' dir='ltr'><strong>tua-</strong></span> 
     </span>
    </p>
   </div>
   <div class='ocr_carea' id='block_1_35' title="bbox 639 3489 2222 3574">
    <p class='ocr_par' dir='ltr' id='par_1_35' title="bbox 639 3489 2222 3574">
     <span class='ocr_line' id='line_1_35' title="bbox 639 3489 2222 3574; baseline 0.013 -35"><span class='ocrx_word' id='word_1_255' title='bbox 639 3489 744 3541; x_wconf 89' lang='lat' dir='ltr'><strong>lum</strong></span> <span class='ocrx_word' id='word_1_256' title='bbox 765 3499 912 3558; x_wconf 88' lang='lat' dir='ltr'><strong>putet</strong></span> <span class='ocrx_word' id='word_1_257' title='bbox 925 3507 940 3556; x_wconf 93' lang='lat'><strong>;</strong></span> <span class='ocrx_word' id='word_1_258' title='bbox 954 3508 1074 3546; x_wconf 89' lang='lat' dir='ltr'><strong>cum</strong></span> <span class='ocrx_word' id='word_1_259' title='bbox 1087 3492 1359 3565; x_wconf 82' lang='lat' dir='ltr'><strong>Scriptura</strong></span> <span class='ocrx_word' id='word_1_260' title='bbox 1373 3498 1532 3564; x_wconf 85' lang='lat' dir='ltr'><strong>dicat,</strong></span> <span class='ocrx_word' id='word_1_261' title='bbox 1551 3499 1604 3553; x_wconf 68' lang='grc' dir='ltr'><strong><em>ΔΙ</em></strong></span> <span class='ocrx_word' id='word_1_262' title='bbox 1609 3511 1810 3556; x_wconf 81' lang='lat' dir='ltr'><strong>artuum</strong></span> <span class='ocrx_word' id='word_1_263' title='bbox 1823 3515 2009 3573; x_wconf 75' lang='lat' dir='ltr'><strong>septem</strong></span> <span class='ocrx_word' id='word_1_264' title='bbox 2026 3504 2222 3574; x_wconf 70' lang='lat' dir='ltr'><strong>diebus,</strong></span> 
     </span>
    </p>
   </div>
   <div class='ocr_carea' id='block_1_36' title="bbox 635 3581 2221 3668">
    <p class='ocr_par' dir='ltr' id='par_1_36' title="bbox 635 3581 2221 3668">
     <span class='ocr_line' id='line_1_36' title="bbox 635 3581 2221 3668; baseline 0.014 -36"><span class='ocrx_word' id='word_1_265' title='bbox 635 3581 835 3650; x_wconf 77' lang='lat' dir='ltr'><strong>fatuum</strong></span> <span class='ocrx_word' id='word_1_266' title='bbox 853 3599 965 3637; x_wconf 79' lang='lat' dir='ltr'><strong>vero</strong></span> <span class='ocrx_word' id='word_1_267' title='bbox 989 3587 1220 3642; x_wconf 81' lang='lat' dir='ltr'><strong>omnibus</strong></span> <span class='ocrx_word' id='word_1_268' title='bbox 1245 3589 1418 3644; x_wconf 76' lang='lat' dir='ltr'><strong>diebus</strong></span> <span class='ocrx_word' id='word_1_269' title='bbox 1436 3607 1544 3646; x_wconf 77' lang='lat' dir='ltr'><strong>esse</strong></span> <span class='ocrx_word' id='word_1_270' title='bbox 1570 3593 1843 3664; x_wconf 73' lang='lat' dir='ltr'><strong>lugendum</strong></span> <span class='ocrx_word' id='word_1_271' title='bbox 1865 3594 2050 3668; x_wconf 83' lang='lat' dir='ltr'><strong>(Eccli.</strong></span> <span class='ocrx_word' id='word_1_272' title='bbox 2083 3613 2221 3667; x_wconf 84' lang='lat' dir='ltr'><strong>xxn,</strong></span> 
     </span>
    </p>
   </div>
   <div class='ocr_carea' id='block_1_37' title="bbox 636 3673 2222 3755">
    <p class='ocr_par' dir='ltr' id='par_1_37' title="bbox 636 3673 2222 3755">
     <span class='ocr_line' id='line_1_37' title="bbox 636 3673 2222 3755; baseline 0.014 -31"><span class='ocrx_word' id='word_1_273' title='bbox 636 3673 772 3740; x_wconf 77' lang='lat' dir='ltr'><strong>l5)?</strong></span> <span class='ocrx_word' id='word_1_274' title='bbox 813 3675 947 3743; x_wconf 75' lang='lat' dir='ltr'><strong>Quis</strong></span> <span class='ocrx_word' id='word_1_275' title='bbox 991 3687 1167 3733; x_wconf 84' lang='lat' dir='ltr'><strong>autem</strong></span> <span class='ocrx_word' id='word_1_276' title='bbox 1195 3682 1418 3744; x_wconf 85' lang='lat' dir='ltr'><strong>nesciat,</strong></span> <span class='ocrx_word' id='word_1_277' title='bbox 1447 3700 1583 3752; x_wconf 81' lang='lat' dir='ltr'><strong>quos</strong></span> <span class='ocrx_word' id='word_1_278' title='bbox 1623 3687 1778 3755; x_wconf 82' lang='lat' dir='ltr'><strong>vulgo</strong></span> <span class='ocrx_word' id='word_1_279' title='bbox 1807 3690 2078 3744; x_wconf 88' lang='lat' dir='ltr'><strong>moriones</strong></span> <span class='ocrx_word' id='word_1_280' title='bbox 2123 3706 2222 3745; x_wconf 79' lang='lat' dir='ltr'><strong>vo-</strong></span> 
     </span>
    </p>
   </div>
   <div class='ocr_carea' id='block_1_38' title="bbox 636 3769 2223 3852">
    <p class='ocr_par' dir='ltr' id='par_1_38' title="bbox 636 3769 2223 3852">
     <span class='ocr_line' id='line_1_38' title="bbox 636 3769 2223 3852; baseline 0.014 -36"><span class='ocrx_word' id='word_1_281' title='bbox 636 3775 780 3831; x_wconf 88' lang='lat' dir='ltr'><strong>cant,</strong></span> <span class='ocrx_word' id='word_1_282' title='bbox 809 3775 995 3821; x_wconf 79' lang='lat' dir='ltr'><strong>initura</strong></span> <span class='ocrx_word' id='word_1_283' title='bbox 1042 3769 1114 3824; x_wconf 89' lang='lat' dir='ltr'><strong>ita</strong></span> <span class='ocrx_word' id='word_1_284' title='bbox 1156 3771 1350 3838; x_wconf 87' lang='lat' dir='ltr'><strong>fatuos,</strong></span> <span class='ocrx_word' id='word_1_285' title='bbox 1395 3783 1452 3828; x_wconf 85' lang='lat' dir='ltr'><strong>ut</strong></span> <span class='ocrx_word' id='word_1_286' title='bbox 1491 3777 1810 3846; x_wconf 87' lang='lat' dir='ltr'><strong>quibusdam</strong></span> <span class='ocrx_word' id='word_1_287' title='bbox 1854 3795 2040 3836; x_wconf 90' lang='lat' dir='ltr'><strong>eorum</strong></span> <span class='ocrx_word' id='word_1_288' title='bbox 2086 3799 2223 3852; x_wconf 89' lang='lat' dir='ltr'><strong>pene</strong></span> 
     </span>
    </p>
   </div>
   <div class='ocr_carea' id='block_1_39' title="bbox 632 3864 2220 3946">
    <p class='ocr_par' dir='ltr' id='par_1_39' title="bbox 632 3864 2220 3946">
     <span class='ocr_line' id='line_1_39' title="bbox 632 3864 2220 3946; baseline 0.013 -36"><span class='ocrx_word' id='word_1_289' title='bbox 632 3869 823 3912; x_wconf 88' lang='lat' dir='ltr'><strong>sensus</strong></span> <span class='ocrx_word' id='word_1_290' title='bbox 852 3874 1110 3929; x_wconf 83' lang='lat' dir='ltr'><strong>pecorum</strong></span> <span class='ocrx_word' id='word_1_291' title='bbox 1139 3864 1492 3920; x_wconf 75' lang='lat' dir='ltr'><strong>conferatur?</strong></span> <span class='ocrx_word' id='word_1_292' title='bbox 1523 3867 1590 3922; x_wconf 88' lang='lat' dir='ltr'><strong>Et</strong></span> <span class='ocrx_word' id='word_1_293' title='bbox 1630 3883 1736 3923; x_wconf 89' lang='lat' dir='ltr'><strong>non</strong></span> <span class='ocrx_word' id='word_1_294' title='bbox 1764 3871 1926 3925; x_wconf 75' lang='lat' dir='ltr'><strong>vultis</strong></span> <span class='ocrx_word' id='word_1_295' title='bbox 1955 3872 2108 3929; x_wconf 88' lang='lat' dir='ltr'><strong>fateri</strong></span> <span class='ocrx_word' id='word_1_296' title='bbox 2128 3891 2220 3946; x_wconf 82' lang='lat' dir='ltr'><strong>ge-</strong></span> 
     </span>
    </p>
   </div>
   <div class='ocr_carea' id='block_1_40' title="bbox 631 3949 2221 4027">
    <p class='ocr_par' dir='ltr' id='par_1_40' title="bbox 631 3949 2221 4027">
     <span class='ocr_line' id='line_1_40' title="bbox 631 3949 2221 4027; baseline 0.014 -27"><span class='ocrx_word' id='word_1_297' title='bbox 631 3961 734 4002; x_wconf 88' lang='lat' dir='ltr'><strong>nus</strong></span> <span class='ocrx_word' id='word_1_298' title='bbox 764 3949 1052 4006; x_wconf 81' lang='lat' dir='ltr'><strong>humanum</strong></span> <span class='ocrx_word' id='word_1_299' title='bbox 1093 3969 1160 4008; x_wconf 82' lang='lat' dir='ltr'><strong>ex</strong></span> <span class='ocrx_word' id='word_1_300' title='bbox 1193 3955 1344 4009; x_wconf 87' lang='lat' dir='ltr'><strong>initio</strong></span> <span class='ocrx_word' id='word_1_301' title='bbox 1369 3973 1477 4026; x_wconf 89' lang='lat' dir='ltr'><strong>quo</strong></span> <span class='ocrx_word' id='word_1_302' title='bbox 1504 3957 1743 4015; x_wconf 84' lang='lat' dir='ltr'><strong>deseruit</strong></span> <span class='ocrx_word' id='word_1_303' title='bbox 1769 3961 1958 4027; x_wconf 89' lang='lat' dir='ltr'><strong>Deum,</strong></span> <span class='ocrx_word' id='word_1_304' title='bbox 2009 3964 2221 4022; x_wconf 84' lang='lat' dir='ltr'><strong>trahere</strong></span> 
     </span>
    </p>
   </div>
   <div class='ocr_carea' id='block_1_41' title="bbox 631 4039 2216 4131">
    <p class='ocr_par' dir='ltr' id='par_1_41' title="bbox 631 4039 2216 4131">
     <span class='ocr_line' id='line_1_41' title="bbox 631 4039 2216 4131; baseline 0.013 -38"><span class='ocrx_word' id='word_1_305' title='bbox 631 4039 896 4098; x_wconf 59' lang='lat' dir='ltr'><strong>damnatio</strong></span> <span class='ocrx_word' id='word_1_306' title='bbox 938 4046 1161 4115; x_wconf 74' lang='lat' dir='ltr'><strong>originis</strong></span> <span class='ocrx_word' id='word_1_307' title='bbox 1207 4064 1400 4104; x_wconf 89' lang='lat' dir='ltr'><strong>noxam</strong></span> <span class='ocrx_word' id='word_1_308' title='bbox 1439 4050 1810 4131; x_wconf 57' lang='lat' dir='ltr'><strong>bispmnibus</strong></span> <span class='ocrx_word' id='word_1_309' title='bbox 1853 4055 2216 4127; x_wconf 83' lang='lat' dir='ltr'><strong>dignissimam</strong></span> 
     </span>
    </p>
   </div>
   <div class='ocr_carea' id='block_1_42' title="bbox 633 4133 2218 4212">
    <p class='ocr_par' dir='ltr' id='par_1_42' title="bbox 633 4133 2218 4212">
     <span class='ocr_line' id='line_1_42' title="bbox 633 4133 2218 4212; baseline 0.013 -27"><span class='ocrx_word' id='word_1_310' title='bbox 633 4133 826 4200; x_wconf 74' lang='lat' dir='ltr'><strong>pomis,</strong></span> <span class='ocrx_word' id='word_1_311' title='bbox 873 4136 971 4189; x_wconf 89' lang='lat' dir='ltr'><strong>nisi</strong></span> <span class='ocrx_word' id='word_1_312' title='bbox 1014 4137 1101 4192; x_wconf 82' lang='lat' dir='ltr'><strong>tibi</strong></span> <span class='ocrx_word' id='word_1_313' title='bbox 1147 4142 1318 4208; x_wconf 86' lang='lat' dir='ltr'><strong>parcit</strong></span> <span class='ocrx_word' id='word_1_314' title='bbox 1356 4141 1565 4197; x_wconf 84' lang='lat' dir='ltr'><strong>ratione</strong></span> <span class='ocrx_word' id='word_1_315' title='bbox 1597 4142 1965 4212; x_wconf 75' lang='lat' dir='ltr'><strong>diSpositionis</strong></span> <span class='ocrx_word' id='word_1_316' title='bbox 1996 4151 2218 4206; x_wconf 70' lang='lat' dir='ltr'><strong>occulta:</strong></span> 
     </span>
    </p>
   </div>
   <div class='ocr_carea' id='block_1_43' title="bbox 628 4220 2220 4308">
    <p class='ocr_par' dir='ltr' id='par_1_43' title="bbox 628 4220 2220 4308">
     <span class='ocr_line' id='line_1_43' title="bbox 628 4220 2220 4308; baseline 0.014 -33"><span class='ocrx_word' id='word_1_317' title='bbox 628 4220 988 4280; x_wconf 88' lang='lat' dir='ltr'><strong>inscrntabilis</strong></span> <span class='ocrx_word' id='word_1_318' title='bbox 1008 4229 1266 4298; x_wconf 85' lang='lat' dir='ltr'><strong>sapientia</strong></span> <span class='ocrx_word' id='word_1_319' title='bbox 1293 4231 1618 4288; x_wconf 73' lang='lat' dir='ltr'><strong>Conditoris.</strong></span> <span class='ocrx_word' id='word_1_320' title='bbox 1646 4234 1747 4303; x_wconf 85' lang='lat' dir='ltr'><strong>Qui</strong></span> <span class='ocrx_word' id='word_1_321' title='bbox 1771 4253 1868 4292; x_wconf 91' lang='lat' dir='ltr'><strong>nec</strong></span> <span class='ocrx_word' id='word_1_322' title='bbox 1885 4239 1954 4292; x_wconf 88' lang='lat' dir='ltr'><strong>ab</strong></span> <span class='ocrx_word' id='word_1_323' title='bbox 1971 4241 2082 4308; x_wconf 87' lang='lat' dir='ltr'><strong>ipsa</strong></span> <span class='ocrx_word' id='word_1_324' title='bbox 2104 4244 2220 4296; x_wconf 89' lang='lat' dir='ltr'><strong>uni-</strong></span> 
     </span>
    </p>
   </div>
   <div class='ocr_carea' id='block_1_44' title="bbox 627 4321 2212 4399">
    <p class='ocr_par' dir='ltr' id='par_1_44' title="bbox 627 4321 2212 4399">
     <span class='ocr_line' id='line_1_44' title="bbox 627 4321 2212 4399; baseline 0.014 -31"><span class='ocrx_word' id='word_1_325' title='bbox 627 4329 778 4370; x_wconf 90' lang='lat' dir='ltr'><strong>versa</strong></span> <span class='ocrx_word' id='word_1_326' title='bbox 824 4333 996 4374; x_wconf 87' lang='lat' dir='ltr'><strong>massa</strong></span> <span class='ocrx_word' id='word_1_327' title='bbox 1041 4321 1358 4394; x_wconf 81' lang='lat' dir='ltr'><strong>perditionis</strong></span> <span class='ocrx_word' id='word_1_328' title='bbox 1400 4325 1629 4382; x_wconf 85' lang='lat' dir='ltr'><strong>abstinet</strong></span> <span class='ocrx_word' id='word_1_329' title='bbox 1664 4330 1744 4382; x_wconf 89' lang='lat' dir='ltr'><strong>sui</strong></span> <span class='ocrx_word' id='word_1_330' title='bbox 1763 4333 1940 4399; x_wconf 88' lang='lat' dir='ltr'><strong>operis</strong></span> <span class='ocrx_word' id='word_1_331' title='bbox 1977 4333 2212 4390; x_wconf 81' lang='lat' dir='ltr'><strong>bonum:</strong></span> 
     </span>
    </p>
   </div>
   <div class='ocr_carea' id='block_1_45' title="bbox 627 4411 2213 4492">
    <p class='ocr_par' dir='ltr' id='par_1_45' title="bbox 627 4411 2213 4492">
     <span class='ocr_line' id='line_1_45' title="bbox 627 4411 2213 4492; baseline 0.014 -32"><span class='ocrx_word' id='word_1_332' title='bbox 627 4415 687 4460; x_wconf 90' lang='lat' dir='ltr'><strong>ut</strong></span> <span class='ocrx_word' id='word_1_333' title='bbox 737 4423 802 4462; x_wconf 80' lang='lat' dir='ltr'><strong>ex</strong></span> <span class='ocrx_word' id='word_1_334' title='bbox 855 4411 1009 4464; x_wconf 87' lang='lat' dir='ltr'><strong>malis</strong></span> <span class='ocrx_word' id='word_1_335' title='bbox 1051 4413 1302 4468; x_wconf 85' lang='lat' dir='ltr'><strong>vitiorum</strong></span> <span class='ocrx_word' id='word_1_336' title='bbox 1354 4417 1574 4483; x_wconf 88' lang='lat' dir='ltr'><strong>condat,</strong></span> <span class='ocrx_word' id='word_1_337' title='bbox 1626 4419 1750 4474; x_wconf 90' lang='lat' dir='ltr'><strong>licet</strong></span> <span class='ocrx_word' id='word_1_338' title='bbox 1789 4436 1908 4476; x_wconf 90' lang='lat' dir='ltr'><strong>cum</strong></span> <span class='ocrx_word' id='word_1_339' title='bbox 1953 4425 2126 4492; x_wconf 89' lang='lat' dir='ltr'><strong>malis,</strong></span> <span class='ocrx_word' id='word_1_340' title='bbox 2162 4430 2213 4482; x_wconf 89' lang='lat' dir='ltr'><strong>in</strong></span> 
     </span>
    </p>
   </div>
   <div class='ocr_carea' id='block_1_46' title="bbox 626 4503 2210 4586">
    <p class='ocr_par' dir='ltr' id='par_1_46' title="bbox 626 4503 2210 4586">
     <span class='ocr_line' id='line_1_46' title="bbox 626 4503 2210 4586; baseline 0.013 -31"><span class='ocrx_word' id='word_1_341' title='bbox 626 4509 883 4569; x_wconf 87' lang='lat' dir='ltr'><strong>quantum</strong></span> <span class='ocrx_word' id='word_1_342' title='bbox 907 4503 1044 4557; x_wconf 89' lang='lat' dir='ltr'><strong>bona</strong></span> <span class='ocrx_word' id='word_1_343' title='bbox 1075 4516 1172 4568; x_wconf 87' lang='lat' dir='ltr'><strong>est,</strong></span> <span class='ocrx_word' id='word_1_344' title='bbox 1197 4508 1516 4564; x_wconf 86' lang='lat' dir='ltr'><strong>rationalem</strong></span> <span class='ocrx_word' id='word_1_345' title='bbox 1541 4514 1927 4584; x_wconf 83' lang='lat' dir='ltr'><strong>mortalemqne</strong></span> <span class='ocrx_word' id='word_1_346' title='bbox 1945 4528 2210 4586; x_wconf 85' lang='lat' dir='ltr'><strong>naturam,</strong></span> 
     </span>
    </p>
   </div>
   <div class='ocr_carea' id='block_1_47' title="bbox 624 4592 2210 4677">
    <p class='ocr_par' dir='ltr' id='par_1_47' title="bbox 624 4592 2210 4677">
     <span class='ocr_line' id='line_1_47' title="bbox 624 4592 2210 4677; baseline 0.016 -34"><span class='ocrx_word' id='word_1_347' title='bbox 624 4592 776 4660; x_wconf 87' lang='lat' dir='ltr'><strong>cujus</strong></span> <span class='ocrx_word' id='word_1_348' title='bbox 805 4609 963 4650; x_wconf 90' lang='lat' dir='ltr'><strong>nemo</strong></span> <span class='ocrx_word' id='word_1_349' title='bbox 986 4611 1105 4651; x_wconf 88' lang='lat' dir='ltr'><strong>esse</strong></span> <span class='ocrx_word' id='word_1_350' title='bbox 1134 4609 1309 4667; x_wconf 84' lang='lat' dir='ltr'><strong>petest</strong></span> <span class='ocrx_word' id='word_1_351' title='bbox 1332 4603 1599 4668; x_wconf 86' lang='lat' dir='ltr'><strong>conditor,</strong></span> <span class='ocrx_word' id='word_1_352' title='bbox 1628 4616 1824 4674; x_wconf 67' lang='lat' dir='ltr'><strong>praeter</strong></span> <span class='ocrx_word' id='word_1_353' title='bbox 1852 4609 2020 4677; x_wconf 87' lang='lat' dir='ltr'><strong>ipnm</strong></span> <span class='ocrx_word' id='word_1_354' title='bbox 2040 4653 2056 4675; x_wconf 90' lang='lat'><strong>,</strong></span> <span class='ocrx_word' id='word_1_355' title='bbox 2085 4622 2138 4667; x_wconf 87' lang='lat' dir='ltr'><strong>ct</strong></span> <span class='ocrx_word' id='word_1_356' title='bbox 2159 4617 2210 4668; x_wconf 92' lang='lat' dir='ltr'><strong>in</strong></span> 
     </span>
    </p>
   </div>
   <div class='ocr_carea' id='block_1_48' title="bbox 622 4687 2214 4762">
    <p class='ocr_par' dir='ltr' id='par_1_48' title="bbox 622 4687 2214 4762">
     <span class='ocr_line' id='line_1_48' title="bbox 622 4687 2214 4762; baseline 0.015 -25"><span class='ocrx_word' id='word_1_357' title='bbox 622 4687 971 4753; x_wconf 81' lang='lat' dir='ltr'><strong>generatione</strong></span> <span class='ocrx_word' id='word_1_358' title='bbox 997 4689 1270 4758; x_wconf 86' lang='lat' dir='ltr'><strong>damnata,</strong></span> <span class='ocrx_word' id='word_1_359' title='bbox 1300 4695 1536 4762; x_wconf 72' lang='lat' dir='ltr'><strong>prtebeat</strong></span> <span class='ocrx_word' id='word_1_360' title='bbox 1561 4701 1701 4752; x_wconf 80' lang='lat' dir='ltr'><strong>vasis</strong></span> <span class='ocrx_word' id='word_1_361' title='bbox 1727 4700 2107 4759; x_wconf 61' lang='lat' dir='ltr'><strong>misericordia:</strong></span> <span class='ocrx_word' id='word_1_362' title='bbox 2135 4721 2214 4761; x_wconf 90' lang='lat' dir='ltr'><strong>re-</strong></span> 
     </span>
    </p>
   </div>
   <div class='ocr_carea' id='block_1_49' title="bbox 621 4780 1288 4846">
    <p class='ocr_par' dir='ltr' id='par_1_49' title="bbox 621 4780 1288 4846">
     <span class='ocr_line' id='line_1_49' title="bbox 621 4780 1288 4846; baseline 0.012 -15"><span class='ocrx_word' id='word_1_363' title='bbox 621 4780 984 4846; x_wconf 76' lang='lat' dir='ltr'><strong>generationis</strong></span> <span class='ocrx_word' id='word_1_364' title='bbox 1012 4785 1288 4839; x_wconf 83' lang='lat' dir='ltr'><strong>auxilium.</strong></span> 
     </span>
    </p>
   </div>
   <div class='ocr_carea' id='block_1_50' title="bbox 690 4865 2207 4956">
    <p class='ocr_par' dir='ltr' id='par_1_50' title="bbox 690 4865 2207 4956">
     <span class='ocr_line' id='line_1_50' title="bbox 690 4865 2207 4956; baseline 0.016 -33"><span class='ocrx_word' id='word_1_365' title='bbox 690 4867 916 4927; x_wconf 78' lang='lat' dir='ltr'><strong>CAPUT</strong></span> <span class='ocrx_word' id='word_1_366' title='bbox 957 4873 1020 4927; x_wconf 89' lang='lat' dir='ltr'><strong>V.</strong></span> <span class='ocrx_word' id='word_1_367' title='bbox 1049 4905 1124 4916; x_wconf 90' lang='lat'><strong><em>——</em></strong></span> <span class='ocrx_word' id='word_1_368' title='bbox 1152 4878 1238 4930; x_wconf 84' lang='grc'><strong>11.</strong></span> <span class='ocrx_word' id='word_1_369' title='bbox 1269 4865 1488 4936; x_wconf 79' lang='lat' dir='ltr'><strong>Frustra</strong></span> <span class='ocrx_word' id='word_1_370' title='bbox 1533 4883 1709 4954; x_wconf 86' lang='lat' dir='ltr'><strong>itaque</strong></span> <span class='ocrx_word' id='word_1_371' title='bbox 1747 4895 1922 4956; x_wconf 83' lang='lat' dir='ltr'><strong>putas,</strong></span> <span class='ocrx_word' id='word_1_372' title='bbox 1953 4909 1972 4942; x_wconf 74' lang='grc' dir='ltr'>ι</span> <span class='ocrx_word' id='word_1_373' title='bbox 2002 4891 2124 4946; x_wconf 89' lang='lat' dir='ltr'><strong>ideo</strong></span> <span class='ocrx_word' id='word_1_374' title='bbox 2155 4893 2207 4947; x_wconf 91' lang='lat' dir='ltr'><strong>in</strong></span> 
     </span>
    </p>
   </div>
   <div class='ocr_carea' id='block_1_51' title="bbox 619 4961 2206 5052">
    <p class='ocr_par' dir='ltr' id='par_1_51' title="bbox 619 4961 2206 5052">
     <span class='ocr_line' id='line_1_51' title="bbox 619 4961 2206 5052; baseline 0.016 -41"><span class='ocrx_word' id='word_1_375' title='bbox 619 4961 854 5028; x_wconf 84' lang='lat' dir='ltr'><strong>parvulis</strong></span> <span class='ocrx_word' id='word_1_376' title='bbox 881 4979 986 5018; x_wconf 90' lang='lat' dir='ltr'><strong>non</strong></span> <span class='ocrx_word' id='word_1_377' title='bbox 1017 4981 1136 5021; x_wconf 81' lang='lat' dir='ltr'><strong>esse</strong></span> <span class='ocrx_word' id='word_1_378' title='bbox 1159 4968 1410 5025; x_wconf 87' lang='lat' dir='ltr'><strong>delictum</strong></span> <span class='ocrx_word' id='word_1_379' title='bbox 1432 5015 1446 5037; x_wconf 84' lang='lat'><strong>,</strong></span> <span class='ocrx_word' id='word_1_380' title='bbox 1476 4976 1596 5043; x_wconf 72' lang='lat' dir='ltr'><strong>quia</strong></span> <span class='ocrx_word' id='word_1_381' title='bbox 1625 4976 1742 5030; x_wconf 86' lang='lat' dir='ltr'><strong>sine</strong></span> <span class='ocrx_word' id='word_1_382' title='bbox 1768 4980 2058 5047; x_wconf 84' lang='lat' dir='ltr'><strong>voluntate,</strong></span> <span class='ocrx_word' id='word_1_383' title='bbox 2087 4998 2206 5052; x_wconf 74' lang='lat' dir='ltr'><strong>qua:</strong></span> 
     </span>
    </p>
   </div>
   <div class='ocr_carea' id='block_1_52' title="bbox 619 5051 2207 5132">
    <p class='ocr_par' dir='ltr' id='par_1_52' title="bbox 619 5051 2207 5132">
     <span class='ocr_line' id='line_1_52' title="bbox 619 5051 2207 5132; baseline 0.016 -30"><span class='ocrx_word' id='word_1_384' title='bbox 619 5051 671 5102; x_wconf 89' lang='lat' dir='ltr'><strong>in</strong></span> <span class='ocrx_word' id='word_1_385' title='bbox 701 5051 781 5106; x_wconf 87' lang='lat' dir='ltr'><strong>eis</strong></span> <span class='ocrx_word' id='word_1_386' title='bbox 810 5053 950 5107; x_wconf 85' lang='lat' dir='ltr'><strong>nulla</strong></span> <span class='ocrx_word' id='word_1_387' title='bbox 979 5065 1082 5122; x_wconf 82' lang='lat' dir='ltr'><strong>est,</strong></span> <span class='ocrx_word' id='word_1_388' title='bbox 1120 5073 1241 5115; x_wconf 88' lang='lat' dir='ltr'><strong>esse</strong></span> <span class='ocrx_word' id='word_1_389' title='bbox 1281 5075 1386 5116; x_wconf 89' lang='lat' dir='ltr'><strong>non</strong></span> <span class='ocrx_word' id='word_1_390' title='bbox 1430 5075 1622 5132; x_wconf 88' lang='lat' dir='ltr'><strong>potest.</strong></span> <span class='ocrx_word' id='word_1_391' title='bbox 1664 5085 1684 5119; x_wconf 70' lang='grc' dir='ltr'><strong>ι</strong></span> <span class='ocrx_word' id='word_1_392' title='bbox 1721 5069 1830 5122; x_wconf 80' lang='lat' dir='ltr'><strong>lloc</strong></span> <span class='ocrx_word' id='word_1_393' title='bbox 1868 5073 2009 5124; x_wconf 85' lang='lat' dir='ltr'><strong>enim</strong></span> <span class='ocrx_word' id='word_1_394' title='bbox 2061 5085 2207 5128; x_wconf 84' lang='lat' dir='ltr'><strong>recte</strong></span> 
     </span>
    </p>
   </div>
   <div class='ocr_carea' id='block_1_53' title="bbox 615 5139 2203 5228">
    <p class='ocr_par' dir='ltr' id='par_1_53' title="bbox 615 5139 2203 5228">
     <span class='ocr_line' id='line_1_53' title="bbox 615 5139 2203 5228; baseline 0.014 -35"><span class='ocrx_word' id='word_1_395' title='bbox 615 5139 812 5196; x_wconf 88' lang='lat' dir='ltr'><strong>dicitur</strong></span> <span class='ocrx_word' id='word_1_396' title='bbox 855 5155 1074 5214; x_wconf 75' lang='lat' dir='ltr'><strong>propter</strong></span> <span class='ocrx_word' id='word_1_397' title='bbox 1121 5152 1392 5220; x_wconf 88' lang='lat' dir='ltr'><strong>proprium</strong></span> <span class='ocrx_word' id='word_1_398' title='bbox 1445 5156 1704 5226; x_wconf 85' lang='lat' dir='ltr'><strong>cujusque</strong></span> <span class='ocrx_word' id='word_1_399' title='bbox 1753 5170 2051 5228; x_wconf 87' lang='lat' dir='ltr'><strong>peccatum,</strong></span> <span class='ocrx_word' id='word_1_400' title='bbox 2099 5178 2203 5218; x_wconf 91' lang='lat' dir='ltr'><strong>non</strong></span> 
     </span>
    </p>
   </div>
   <div class='ocr_carea' id='block_1_54' title="bbox 617 5237 2200 5321">
    <p class='ocr_par' dir='ltr' id='par_1_54' title="bbox 617 5237 2200 5321">
     <span class='ocr_line' id='line_1_54' title="bbox 617 5237 2200 5321; baseline 0.017 -40"><span class='ocrx_word' id='word_1_401' title='bbox 617 5245 836 5301; x_wconf 82' lang='lat' dir='ltr'><strong>propter</strong></span> <span class='ocrx_word' id='word_1_402' title='bbox 875 5237 1030 5303; x_wconf 88' lang='lat' dir='ltr'><strong>pritni</strong></span> <span class='ocrx_word' id='word_1_403' title='bbox 1074 5243 1273 5307; x_wconf 85' lang='lat' dir='ltr'><strong>peceati</strong></span> <span class='ocrx_word' id='word_1_404' title='bbox 1315 5245 1574 5316; x_wconf 78' lang='lat' dir='ltr'><strong>originale</strong></span> <span class='ocrx_word' id='word_1_405' title='bbox 1617 5253 1919 5318; x_wconf 72' lang='lat' dir='ltr'><strong>contagium</strong></span> <span class='ocrx_word' id='word_1_406' title='bbox 1945 5267 1966 5305; x_wconf 88' lang='lat'><strong>:</strong></span> <span class='ocrx_word' id='word_1_407' title='bbox 1993 5253 2200 5321; x_wconf 75' lang='lat' dir='ltr'><strong>quodsi</strong></span> 
     </span>
    </p>
   </div>
   <div class='ocr_carea' id='block_1_55' title="bbox 617 5323 2199 5408">
    <p class='ocr_par' dir='ltr' id='par_1_55' title="bbox 617 5323 2199 5408">
     <span class='ocr_line' id='line_1_55' title="bbox 617 5323 2199 5408; baseline 0.016 -34"><span class='ocrx_word' id='word_1_408' title='bbox 617 5323 819 5377; x_wconf 91' lang='lat' dir='ltr'><strong>nullum</strong></span> <span class='ocrx_word' id='word_1_409' title='bbox 859 5336 1022 5393; x_wconf 84' lang='lat' dir='ltr'><strong>esset,</strong></span> <span class='ocrx_word' id='word_1_410' title='bbox 1054 5333 1290 5397; x_wconf 79' lang='lat' dir='ltr'><strong>profecto</strong></span> <span class='ocrx_word' id='word_1_411' title='bbox 1335 5337 1463 5390; x_wconf 91' lang='lat' dir='ltr'><strong>nulli</strong></span> <span class='ocrx_word' id='word_1_412' title='bbox 1507 5339 1647 5390; x_wconf 88' lang='lat' dir='ltr'><strong>malo</strong></span> <span class='ocrx_word' id='word_1_413' title='bbox 1685 5341 1884 5406; x_wconf 77' lang='lat' dir='ltr'><strong>parvuli</strong></span> <span class='ocrx_word' id='word_1_414' title='bbox 1937 5341 2199 5408; x_wconf 83' lang='lat' dir='ltr'><strong>obstricti,</strong></span> 
     </span>
    </p>
   </div>
   <div class='ocr_carea' id='block_1_56' title="bbox 616 5411 2200 5506">
    <p class='ocr_par' dir='ltr' id='par_1_56' title="bbox 616 5411 2200 5506">
     <span class='ocr_line' id='line_1_56' title="bbox 616 5411 2200 5506; baseline 0.016 -40"><span class='ocrx_word' id='word_1_415' title='bbox 616 5411 744 5467; x_wconf 81' lang='lat' dir='ltr'><strong>nihil</strong></span> <span class='ocrx_word' id='word_1_416' title='bbox 775 5418 898 5471; x_wconf 87' lang='lat' dir='ltr'><strong>mali</strong></span> <span class='ocrx_word' id='word_1_417' title='bbox 925 5420 1007 5475; x_wconf 79' lang='lat' dir='ltr'><strong>vel</strong></span> <span class='ocrx_word' id='word_1_418' title='bbox 1040 5421 1090 5475; x_wconf 89' lang='lat' dir='ltr'><strong>in</strong></span> <span class='ocrx_word' id='word_1_419' title='bbox 1117 5440 1365 5494; x_wconf 85' lang='lat' dir='ltr'><strong>corpore.</strong></span> <span class='ocrx_word' id='word_1_420' title='bbox 1389 5428 1475 5482; x_wconf 86' lang='lat' dir='ltr'><strong>vel</strong></span> <span class='ocrx_word' id='word_1_421' title='bbox 1497 5413 1558 5482; x_wconf 84' lang='lat' dir='ltr'><strong>in</strong></span> <span class='ocrx_word' id='word_1_422' title='bbox 1588 5431 1784 5496; x_wconf 88' lang='lat' dir='ltr'><strong>anima,</strong></span> <span class='ocrx_word' id='word_1_423' title='bbox 1815 5434 1912 5487; x_wconf 85' lang='lat' dir='ltr'><strong>sub</strong></span> <span class='ocrx_word' id='word_1_424' title='bbox 1944 5443 2084 5490; x_wconf 85' lang='lat' dir='ltr'><strong>tanta</strong></span> <span class='ocrx_word' id='word_1_425' title='bbox 2109 5437 2200 5506; x_wconf 61' lang='lat' dir='ltr'><strong>ju.</strong></span> 
     </span>
    </p>
   </div>
   <div class='ocr_carea' id='block_1_57' title="bbox 612 5506 2198 5598">
    <p class='ocr_par' dir='ltr' id='par_1_57' title="bbox 612 5506 2198 5598">
     <span class='ocr_line' id='line_1_57' title="bbox 612 5506 2198 5598; baseline 0.016 -39"><span class='ocrx_word' id='word_1_426' title='bbox 612 5506 679 5559; x_wconf 88' lang='lat' dir='ltr'><strong>sti</strong></span> <span class='ocrx_word' id='word_1_427' title='bbox 713 5507 805 5564; x_wconf 86' lang='lat' dir='ltr'><strong>Dei</strong></span> <span class='ocrx_word' id='word_1_428' title='bbox 835 5521 1097 5581; x_wconf 80' lang='lat' dir='ltr'><strong>potestate</strong></span> <span class='ocrx_word' id='word_1_429' title='bbox 1125 5525 1456 5586; x_wconf 85' lang='lat' dir='ltr'><strong>paterentur.</strong></span> <span class='ocrx_word' id='word_1_430' title='bbox 1487 5521 1639 5588; x_wconf 87' lang='lat' dir='ltr'><strong>Quod</strong></span> <span class='ocrx_word' id='word_1_431' title='bbox 1665 5533 1841 5578; x_wconf 89' lang='lat' dir='ltr'><strong>tamen</strong></span> <span class='ocrx_word' id='word_1_432' title='bbox 1871 5534 1926 5580; x_wconf 89' lang='lat' dir='ltr'><strong>et</strong></span> <span class='ocrx_word' id='word_1_433' title='bbox 1953 5527 2123 5598; x_wconf 90' lang='lat' dir='ltr'><strong>ipsum</strong></span> <span class='ocrx_word' id='word_1_434' title='bbox 2168 5545 2198 5585; x_wconf 91' lang='lat' dir='ltr'><strong>a</strong></span> 
     </span>
    </p>
   </div>
   <div class='ocr_carea' id='block_1_58' title="bbox 677 5706 2200 5783">
    <p class='ocr_par' dir='ltr' id='par_1_58' title="bbox 677 5706 2200 5783">
     <span class='ocr_line' id='line_1_58' title="bbox 677 5706 2200 5783; baseline 0.028 -49"><span class='ocrx_word' id='word_1_435' title='bbox 677 5706 690 5734; x_wconf 80' lang='grc' dir='ltr'><strong>ι</strong></span> <span class='ocrx_word' id='word_1_436' title='bbox 730 5712 858 5783; x_wconf 64' lang='lat' dir='ltr'><strong>tinus</strong></span> <span class='ocrx_word' id='word_1_437' title='bbox 881 5722 910 5780; x_wconf 59' lang='grc' dir='ltr'><strong>ς</strong></span> <span class='ocrx_word' id='word_1_438' title='bbox 933 5712 1170 5783; x_wconf 73' lang='lat' dir='ltr'><strong>Vaticanis</strong></span> <span class='ocrx_word' id='word_1_439' title='bbox 1202 5721 1331 5776; x_wconf 73' lang='lat' dir='ltr'><strong>Mss,</strong></span> <span class='ocrx_word' id='word_1_440' title='bbox 1357 5713 1429 5783; x_wconf 63' lang='lat' dir='ltr'><strong>uel</strong></span> <span class='ocrx_word' id='word_1_441' title='bbox 1461 5714 1750 5783; x_wconf 53' lang='lat' dir='ltr'><strong>insolatur;</strong></span> <span class='ocrx_word' id='word_1_442' title='bbox 1773 5723 1897 5783; x_wconf 81' lang='lat' dir='ltr'><strong>quod</strong></span> <span class='ocrx_word' id='word_1_443' title='bbox 1924 5736 2016 5773; x_wconf 89' lang='lat' dir='ltr'><strong>non</strong></span> <span class='ocrx_word' id='word_1_444' title='bbox 2042 5729 2200 5778; x_wconf 87' lang='lat' dir='ltr'><strong>minus</strong></span> 
     </span>
    </p>
   </div>
   <div class='ocr_carea' id='block_1_59' title="bbox 609 5765 2017 5837">
    <p class='ocr_par' dir='ltr' id='par_1_59' title="bbox 609 5765 2017 5837">
     <span class='ocr_line' id='line_1_59' title="bbox 609 5765 2017 5837; baseline 0.018 -26"><span class='ocrx_word' id='word_1_445' title='bbox 609 5765 740 5812; x_wconf 79' lang='lat' dir='ltr'><strong>bene</strong></span> <span class='ocrx_word' id='word_1_446' title='bbox 763 5769 902 5819; x_wconf 86' lang='lat' dir='ltr'><strong>alteri</strong></span> <span class='ocrx_word' id='word_1_447' title='bbox 928 5785 974 5819; x_wconf 87' lang='lat' dir='ltr'><strong>tn</strong></span> <span class='ocrx_word' id='word_1_448' title='bbox 993 5777 1147 5822; x_wconf 70' lang='lat' dir='ltr'><strong>:mbro</strong></span> <span class='ocrx_word' id='word_1_449' title='bbox 1170 5765 1553 5837; x_wconf 51' lang='lat' dir='ltr'><strong>restandetﬂ‘éi</strong></span> <span class='ocrx_word' id='word_1_450' title='bbox 1571 5765 1754 5832; x_wconf 47' lang='lat' dir='ltr'><strong>uirtutis</strong></span> 
     </span>
    </p>
   </div>
   <div class='ocr_carea' id='block_1_60' title="bbox 1845 6478 2246 6494">
    <p class='ocr_par' dir='ltr' id='par_1_60' title="bbox 1845 6478 2246 6494">
     <span class='ocr_line' id='line_1_60' title="bbox 1845 6478 2246 6494; baseline 0.012 -5"><span class='ocrx_word' id='word_1_451' title='bbox 1845 6489 1888 6494; x_wconf 96' lang='lat'>_</span> <span class='ocrx_word' id='word_1_452' title='bbox 1977 6478 2246 6494; x_wconf 48' lang='grc' dir='ltr'><strong>-..Α</strong></span> 
     </span>
    </p>
   </div>
   <div class='ocr_carea' id='block_1_61' title="bbox 1480 339 3132 414">
    <p class='ocr_par' dir='ltr' id='par_1_61' title="bbox 1480 339 3132 414">
     <span class='ocr_line' id='line_1_61' title="bbox 1480 339 3132 414; baseline 0.012 -19"><span class='ocrx_word' id='word_1_453' title='bbox 1480 339 1752 398; x_wconf 58' lang='lat' dir='ltr'><strong>CONTRA</strong></span> <span class='ocrx_word' id='word_1_454' title='bbox 1792 343 2129 400; x_wconf 61' lang='lat' dir='ltr'><strong>JULLLVUM</strong></span> <span class='ocrx_word' id='word_1_455' title='bbox 2171 345 2632 413; x_wconf 71' lang='lat' dir='ltr'><strong>PELAGIANUM,</strong></span> <span class='ocrx_word' id='word_1_456' title='bbox 2674 350 2728 406; x_wconf 90' lang='lat' dir='ltr'><strong>S.</strong></span> <span class='ocrx_word' id='word_1_457' title='bbox 2763 353 3132 414; x_wconf 76' lang='lat' dir='ltr'><strong>AUGUSTINI</strong></span> 
     </span>
    </p>
   </div>
   <div class='ocr_carea' id='block_1_62' title="bbox 3835 379 3920 433">
    <p class='ocr_par' dir='ltr' id='par_1_62' title="bbox 3835 379 3920 433">
     <span class='ocr_line' id='line_1_62' title="bbox 3835 379 3920 433; baseline 0.094 -11"><span class='ocrx_word' id='word_1_458' title='bbox 3835 379 3920 433; x_wconf 67' lang='lat' dir='ltr'><strong>7M</strong></span> 
     </span>
    </p>
   </div>
   <div class='ocr_carea' id='block_1_63' title="bbox 2379 458 3920 550">
    <p class='ocr_par' dir='ltr' id='par_1_63' title="bbox 2379 458 3920 550">
     <span class='ocr_line' id='line_1_63' title="bbox 2379 458 3920 550; baseline 0.023 -39"><span class='ocrx_word' id='word_1_459' title='bbox 2379 458 2514 514; x_wconf 87' lang='lat' dir='ltr'><strong>mala</strong></span> <span class='ocrx_word' id='word_1_460' title='bbox 2541 461 2810 522; x_wconf 87' lang='lat' dir='ltr'><strong>voluntate</strong></span> <span class='ocrx_word' id='word_1_461' title='bbox 2831 468 3067 537; x_wconf 87' lang='lat' dir='ltr'><strong>priorum</strong></span> <span class='ocrx_word' id='word_1_462' title='bbox 3089 471 3364 531; x_wconf 87' lang='lat' dir='ltr'><strong>hominum</strong></span> <span class='ocrx_word' id='word_1_463' title='bbox 3385 481 3610 550; x_wconf 88' lang='lat' dir='ltr'><strong>sumpsit</strong></span> <span class='ocrx_word' id='word_1_464' title='bbox 3629 485 3920 546; x_wconf 65' lang='lat' dir='ltr'><strong>exat-diuum.</strong></span> 
     </span>
    </p>
   </div>
   <div class='ocr_carea' id='block_1_64' title="bbox 2378 547 3919 653">
    <p class='ocr_par' dir='ltr' id='par_1_64' title="bbox 2378 547 3919 653">
     <span class='ocr_line' id='line_1_64' title="bbox 2378 547 3919 653; baseline 0.024 -52"><span class='ocrx_word' id='word_1_465' title='bbox 2378 547 2452 604; x_wconf 86' lang='lat' dir='ltr'><strong>ita</strong></span> <span class='ocrx_word' id='word_1_466' title='bbox 2495 552 2592 606; x_wconf 88' lang='lat' dir='ltr'><strong>nisi</strong></span> <span class='ocrx_word' id='word_1_467' title='bbox 2623 555 2870 612; x_wconf 88' lang='lat' dir='ltr'><strong>voluntas</strong></span> <span class='ocrx_word' id='word_1_468' title='bbox 2892 561 3049 626; x_wconf 86' lang='lat' dir='ltr'><strong>mala,</strong></span> <span class='ocrx_word' id='word_1_469' title='bbox 3082 579 3187 620; x_wconf 90' lang='lat' dir='ltr'><strong>non</strong></span> <span class='ocrx_word' id='word_1_470' title='bbox 3213 575 3296 620; x_wconf 91' lang='lat' dir='ltr'><strong>est</strong></span> <span class='ocrx_word' id='word_1_471' title='bbox 3331 547 3634 639; x_wconf 77' lang='lat' dir='ltr'><strong>cujusquam</strong></span> <span class='ocrx_word' id='word_1_472' title='bbox 3673 573 3770 632; x_wconf 88' lang='lat' dir='ltr'><strong>ulla</strong></span> <span class='ocrx_word' id='word_1_473' title='bbox 3793 585 3919 653; x_wconf 81' lang='lat' dir='ltr'><strong>origo</strong></span> 
     </span>
    </p>
   </div>
   <div class='ocr_carea' id='block_1_65' title="bbox 2375 643 3919 737">
    <p class='ocr_par' dir='ltr' id='par_1_65' title="bbox 2375 643 3919 737">
     <span class='ocr_line' id='line_1_65' title="bbox 2375 643 3919 737; baseline 0.023 -45"><span class='ocrx_word' id='word_1_474' title='bbox 2375 643 2600 709; x_wconf 87' lang='lat' dir='ltr'><strong>peccati.</strong></span> <span class='ocrx_word' id='word_1_475' title='bbox 2624 643 2745 701; x_wconf 69' lang='lat' dir='ltr'><strong>llaec</strong></span> <span class='ocrx_word' id='word_1_476' title='bbox 2759 647 2804 703; x_wconf 88' lang='lat' dir='ltr'><strong>si</strong></span> <span class='ocrx_word' id='word_1_477' title='bbox 2829 650 3024 720; x_wconf 87' lang='lat' dir='ltr'><strong>sapias,</strong></span> <span class='ocrx_word' id='word_1_478' title='bbox 3048 653 3359 724; x_wconf 87' lang='lat' dir='ltr'><strong>simpliciter</strong></span> <span class='ocrx_word' id='word_1_479' title='bbox 3374 669 3427 712; x_wconf 90' lang='lat' dir='ltr'><strong>et</strong></span> <span class='ocrx_word' id='word_1_480' title='bbox 3446 663 3698 720; x_wconf 79' lang='lat' dir='ltr'><strong>veraciter</strong></span> <span class='ocrx_word' id='word_1_481' title='bbox 3723 643 3919 737; x_wconf 58' lang='lat' dir='ltr'><strong>gratiavn</strong></span> 
     </span>
    </p>
   </div>
   <div class='ocr_carea' id='block_1_66' title="bbox 2374 729 3918 823">
    <p class='ocr_par' dir='ltr' id='par_1_66' title="bbox 2374 729 3918 823">
     <span class='ocr_line' id='line_1_66' title="bbox 2374 729 3918 823; baseline 0.025 -42"><span class='ocrx_word' id='word_1_482' title='bbox 2374 729 2568 786; x_wconf 75' lang='lat' dir='ltr'><strong>Christi</strong></span> <span class='ocrx_word' id='word_1_483' title='bbox 2583 749 2708 805; x_wconf 83' lang='lat' dir='ltr'><strong>erga</strong></span> <span class='ocrx_word' id='word_1_484' title='bbox 2733 741 2982 806; x_wconf 86' lang='lat' dir='ltr'><strong>parvulos</strong></span> <span class='ocrx_word' id='word_1_485' title='bbox 2999 745 3361 815; x_wconf 77' lang='lat' dir='ltr'><strong>confiteberis,</strong></span> <span class='ocrx_word' id='word_1_486' title='bbox 3378 765 3476 805; x_wconf 88' lang='lat' dir='ltr'><strong>nec</strong></span> <span class='ocrx_word' id='word_1_487' title='bbox 3492 755 3694 823; x_wconf 79' lang='lat' dir='ltr'><strong>cogeris</strong></span> <span class='ocrx_word' id='word_1_488' title='bbox 3731 775 3809 816; x_wconf 86' lang='lat' dir='ltr'><strong>res</strong></span> <span class='ocrx_word' id='word_1_489' title='bbox 3835 763 3918 818; x_wconf 87' lang='lat' dir='ltr'><strong>im-</strong></span> 
     </span>
    </p>
   </div>
   <div class='ocr_carea' id='block_1_67' title="bbox 2382 821 3916 917">
    <p class='ocr_par' dir='ltr' id='par_1_67' title="bbox 2382 821 3916 917">
     <span class='ocr_line' id='line_1_67' title="bbox 2382 821 3916 917; baseline 0.025 -46"><span class='ocrx_word' id='word_1_490' title='bbox 2382 821 2648 890; x_wconf 77' lang='lat' dir='ltr'><strong>piissitnas</strong></span> <span class='ocrx_word' id='word_1_491' title='bbox 2675 837 2836 898; x_wconf 84' lang='lat' dir='ltr'><strong>atque</strong></span> <span class='ocrx_word' id='word_1_492' title='bbox 2865 831 3274 892; x_wconf 84' lang='lat' dir='ltr'><strong>absurdissimas</strong></span> <span class='ocrx_word' id='word_1_493' title='bbox 3288 838 3488 908; x_wconf 86' lang='lat' dir='ltr'><strong>dicere,</strong></span> <span class='ocrx_word' id='word_1_494' title='bbox 3507 821 3916 917; x_wconf 79' lang='lat' dir='ltr'><strong>autbaptizaudct</strong></span> 
     </span>
    </p>
   </div>
   <div class='ocr_carea' id='block_1_68' title="bbox 2373 923 3918 1002">
    <p class='ocr_par' dir='ltr' id='par_1_68' title="bbox 2373 923 3918 1002">
     <span class='ocr_line' id='line_1_68' title="bbox 2373 923 3918 1002; baseline 0.021 -36"><span class='ocrx_word' id='word_1_495' title='bbox 2373 931 2476 969; x_wconf 87' lang='lat' dir='ltr'><strong>non</strong></span> <span class='ocrx_word' id='word_1_496' title='bbox 2505 932 2626 972; x_wconf 77' lang='lat' dir='ltr'><strong>csse</strong></span> <span class='ocrx_word' id='word_1_497' title='bbox 2663 923 2909 988; x_wconf 87' lang='lat' dir='ltr'><strong>parvulos</strong></span> <span class='ocrx_word' id='word_1_498' title='bbox 2932 966 2946 990; x_wconf 90' lang='lat'><strong>,</strong></span> <span class='ocrx_word' id='word_1_499' title='bbox 2979 927 3120 996; x_wconf 89' lang='lat' dir='ltr'><strong>quod</strong></span> <span class='ocrx_word' id='word_1_500' title='bbox 3142 930 3354 999; x_wconf 88' lang='lat' dir='ltr'><strong>quidem</strong></span> <span class='ocrx_word' id='word_1_501' title='bbox 3379 943 3559 1002; x_wconf 87' lang='lat' dir='ltr'><strong>postea</strong></span> <span class='ocrx_word' id='word_1_502' title='bbox 3576 940 3701 993; x_wconf 90' lang='lat' dir='ltr'><strong>estis</strong></span> <span class='ocrx_word' id='word_1_503' title='bbox 3723 941 3918 1002; x_wconf 82' lang='lat' dir='ltr'><strong>fortasse</strong></span> 
     </span>
    </p>
   </div>
   <div class='ocr_carea' id='block_1_69' title="bbox 2370 1004 3920 1092">
    <p class='ocr_par' dir='ltr' id='par_1_69' title="bbox 2370 1004 3920 1092">
     <span class='ocr_line' id='line_1_69' title="bbox 2370 1004 3920 1092; baseline 0.023 -36"><span class='ocrx_word' id='word_1_504' title='bbox 2370 1004 2582 1070; x_wconf 77' lang='lat' dir='ltr'><strong>dicturi,</strong></span> <span class='ocrx_word' id='word_1_505' title='bbox 2606 1019 2698 1063; x_wconf 84' lang='lat' dir='ltr'><strong>aut</strong></span> <span class='ocrx_word' id='word_1_506' title='bbox 2719 1019 2826 1066; x_wconf 89' lang='lat' dir='ltr'><strong>tam</strong></span> <span class='ocrx_word' id='word_1_507' title='bbox 2847 1030 3094 1084; x_wconf 87' lang='lat' dir='ltr'><strong>magnum</strong></span> <span class='ocrx_word' id='word_1_508' title='bbox 3123 1018 3526 1079; x_wconf 88' lang='lat' dir='ltr'><strong>Sacramentum</strong></span> <span class='ocrx_word' id='word_1_509' title='bbox 3549 1027 3625 1082; x_wconf 91' lang='lat' dir='ltr'><strong>sic</strong></span> <span class='ocrx_word' id='word_1_510' title='bbox 3655 1031 3703 1084; x_wconf 92' lang='lat' dir='ltr'><strong>in</strong></span> <span class='ocrx_word' id='word_1_511' title='bbox 3730 1033 3798 1086; x_wconf 80' lang='lat' dir='ltr'><strong>eis</strong></span> <span class='ocrx_word' id='word_1_512' title='bbox 3817 1050 3920 1092; x_wconf 87' lang='lat' dir='ltr'><strong>esse</strong></span> 
     </span>
    </p>
   </div>
   <div class='ocr_carea' id='block_1_70' title="bbox 2369 1095 3917 1182">
    <p class='ocr_par' dir='ltr' id='par_1_70' title="bbox 2369 1095 3917 1182">
     <span class='ocr_line' id='line_1_70' title="bbox 2369 1095 3917 1182; baseline 0.021 -35"><span class='ocrx_word' id='word_1_513' title='bbox 2369 1095 2678 1167; x_wconf 86' lang='lat' dir='ltr'><strong>ludibrium,</strong></span> <span class='ocrx_word' id='word_1_514' title='bbox 2709 1111 2765 1156; x_wconf 91' lang='lat' dir='ltr'><strong>ut</strong></span> <span class='ocrx_word' id='word_1_515' title='bbox 2795 1104 2846 1158; x_wconf 91' lang='lat' dir='ltr'><strong>in</strong></span> <span class='ocrx_word' id='word_1_516' title='bbox 2890 1105 3167 1164; x_wconf 81' lang='lat' dir='ltr'><strong>Salvatore</strong></span> <span class='ocrx_word' id='word_1_517' title='bbox 3207 1113 3560 1182; x_wconf 85' lang='lat' dir='ltr'><strong>baptizentur,</strong></span> <span class='ocrx_word' id='word_1_518' title='bbox 3589 1118 3680 1174; x_wconf 89' lang='lat' dir='ltr'><strong>sed</strong></span> <span class='ocrx_word' id='word_1_519' title='bbox 3706 1137 3801 1176; x_wconf 91' lang='lat' dir='ltr'><strong>non</strong></span> <span class='ocrx_word' id='word_1_520' title='bbox 3825 1125 3917 1180; x_wconf 78' lang='lat' dir='ltr'><strong>sal-</strong></span> 
     </span>
    </p>
   </div>
   <div class='ocr_carea' id='block_1_71' title="bbox 2370 1193 3914 1282">
    <p class='ocr_par' dir='ltr' id='par_1_71' title="bbox 2370 1193 3914 1282">
     <span class='ocr_line' id='line_1_71' title="bbox 2370 1193 3914 1282; baseline 0.021 -44"><span class='ocrx_word' id='word_1_521' title='bbox 2370 1200 2587 1256; x_wconf 75' lang='lat' dir='ltr'><strong>ventur;</strong></span> <span class='ocrx_word' id='word_1_522' title='bbox 2619 1210 2646 1245; x_wconf 87' lang='lat' dir='ltr'><strong>a</strong></span> <span class='ocrx_word' id='word_1_523' title='bbox 2677 1193 2962 1253; x_wconf 76' lang='lat' dir='ltr'><strong>liberatore</strong></span> <span class='ocrx_word' id='word_1_524' title='bbox 2994 1201 3340 1270; x_wconf 88' lang='lat' dir='ltr'><strong>redimantur,</strong></span> <span class='ocrx_word' id='word_1_525' title='bbox 3367 1207 3457 1261; x_wconf 88' lang='lat' dir='ltr'><strong>sed</strong></span> <span class='ocrx_word' id='word_1_526' title='bbox 3489 1225 3594 1264; x_wconf 87' lang='lat' dir='ltr'><strong>non</strong></span> <span class='ocrx_word' id='word_1_527' title='bbox 3623 1211 3914 1282; x_wconf 79' lang='lat' dir='ltr'><strong>liberentur;</strong></span> 
     </span>
    </p>
   </div>
   <div class='ocr_carea' id='block_1_72' title="bbox 2367 1276 3911 1374">
    <p class='ocr_par' dir='ltr' id='par_1_72' title="bbox 2367 1276 3911 1374">
     <span class='ocr_line' id='line_1_72' title="bbox 2367 1276 3911 1374; baseline 0.021 -44"><span class='ocrx_word' id='word_1_528' title='bbox 2367 1276 2576 1336; x_wconf 89' lang='lat' dir='ltr'><strong>lavacro</strong></span> <span class='ocrx_word' id='word_1_529' title='bbox 2619 1289 3036 1355; x_wconf 80' lang='lat' dir='ltr'><strong>regenerationis</strong></span> <span class='ocrx_word' id='word_1_530' title='bbox 3081 1293 3340 1362; x_wconf 88' lang='lat' dir='ltr'><strong>laventur,</strong></span> <span class='ocrx_word' id='word_1_531' title='bbox 3377 1299 3471 1354; x_wconf 88' lang='lat' dir='ltr'><strong>sed</strong></span> <span class='ocrx_word' id='word_1_532' title='bbox 3499 1317 3604 1356; x_wconf 91' lang='lat' dir='ltr'><strong>non</strong></span> <span class='ocrx_word' id='word_1_533' title='bbox 3633 1305 3911 1374; x_wconf 87' lang='lat' dir='ltr'><strong>abluantur;</strong></span> 
     </span>
    </p>
   </div>
   <div class='ocr_carea' id='block_1_73' title="bbox 2362 1374 3916 1460">
    <p class='ocr_par' dir='ltr' id='par_1_73' title="bbox 2362 1374 3916 1460">
     <span class='ocr_line' id='line_1_73' title="bbox 2362 1374 3916 1460; baseline 0.021 -38"><span class='ocrx_word' id='word_1_534' title='bbox 2362 1374 2734 1430; x_wconf 78' lang='lat' dir='ltr'><strong>cxorcizcntur</strong></span> <span class='ocrx_word' id='word_1_535' title='bbox 2761 1387 2814 1432; x_wconf 86' lang='lat' dir='ltr'><strong>et</strong></span> <span class='ocrx_word' id='word_1_536' title='bbox 2839 1382 3210 1452; x_wconf 71' lang='lat' dir='ltr'><strong>exsufﬂentur,</strong></span> <span class='ocrx_word' id='word_1_537' title='bbox 3233 1389 3326 1442; x_wconf 89' lang='lat' dir='ltr'><strong>sed</strong></span> <span class='ocrx_word' id='word_1_538' title='bbox 3354 1406 3383 1444; x_wconf 88' lang='lat' dir='ltr'><strong>a</strong></span> <span class='ocrx_word' id='word_1_539' title='bbox 3412 1401 3670 1460; x_wconf 86' lang='lat' dir='ltr'><strong>potestate</strong></span> <span class='ocrx_word' id='word_1_540' title='bbox 3699 1399 3916 1454; x_wconf 60' lang='lat' dir='ltr'><strong>tenebm</strong></span> 
     </span>
    </p>
   </div>
   <div class='ocr_carea' id='block_1_74' title="bbox 2361 1473 3913 1560">
    <p class='ocr_par' dir='ltr' id='par_1_74' title="bbox 2361 1473 3913 1560">
     <span class='ocr_line' id='line_1_74' title="bbox 2361 1473 3913 1560; baseline 0.022 -46"><span class='ocrx_word' id='word_1_541' title='bbox 2361 1477 2477 1516; x_wconf 91' lang='lat' dir='ltr'><strong>rum</strong></span> <span class='ocrx_word' id='word_1_542' title='bbox 2502 1480 2604 1519; x_wconf 92' lang='lat' dir='ltr'><strong>non</strong></span> <span class='ocrx_word' id='word_1_543' title='bbox 2631 1479 2884 1525; x_wconf 89' lang='lat' dir='ltr'><strong>eruantur</strong></span> <span class='ocrx_word' id='word_1_544' title='bbox 2911 1490 2924 1538; x_wconf 92' lang='lat'><strong>;</strong></span> <span class='ocrx_word' id='word_1_545' title='bbox 2954 1473 3024 1528; x_wconf 81' lang='lat' dir='ltr'><strong>sit</strong></span> <span class='ocrx_word' id='word_1_546' title='bbox 3049 1492 3235 1534; x_wconf 89' lang='lat' dir='ltr'><strong>eorum</strong></span> <span class='ocrx_word' id='word_1_547' title='bbox 3266 1482 3488 1549; x_wconf 90' lang='lat' dir='ltr'><strong>pretium</strong></span> <span class='ocrx_word' id='word_1_548' title='bbox 3517 1489 3745 1556; x_wconf 80' lang='lat' dir='ltr'><strong>sanguis,</strong></span> <span class='ocrx_word' id='word_1_549' title='bbox 3772 1491 3850 1560; x_wconf 90' lang='lat' dir='ltr'><strong>qui</strong></span> <span class='ocrx_word' id='word_1_550' title='bbox 3870 1493 3913 1548; x_wconf 85' lang='lat' dir='ltr'><strong>in</strong></span> 
     </span>
    </p>
   </div>
   <div class='ocr_carea' id='block_1_75' title="bbox 2361 1555 3912 1650">
    <p class='ocr_par' dir='ltr' id='par_1_75' title="bbox 2361 1555 3912 1650">
     <span class='ocr_line' id='line_1_75' title="bbox 2361 1555 3912 1650; baseline 0.021 -45"><span class='ocrx_word' id='word_1_551' title='bbox 2361 1555 2730 1613; x_wconf 84' lang='lat' dir='ltr'><strong>remissionem</strong></span> <span class='ocrx_word' id='word_1_552' title='bbox 2753 1559 2898 1618; x_wconf 88' lang='lat' dir='ltr'><strong>fusus</strong></span> <span class='ocrx_word' id='word_1_553' title='bbox 2919 1577 3001 1619; x_wconf 84' lang='lat' dir='ltr'><strong>est</strong></span> <span class='ocrx_word' id='word_1_554' title='bbox 3021 1577 3380 1638; x_wconf 89' lang='lat' dir='ltr'><strong>peccatorum,</strong></span> <span class='ocrx_word' id='word_1_555' title='bbox 3402 1573 3496 1629; x_wconf 87' lang='lat' dir='ltr'><strong>sed</strong></span> <span class='ocrx_word' id='word_1_556' title='bbox 3519 1577 3708 1632; x_wconf 90' lang='lat' dir='ltr'><strong>nullius</strong></span> <span class='ocrx_word' id='word_1_557' title='bbox 3734 1585 3912 1650; x_wconf 86' lang='lat' dir='ltr'><strong>peccati</strong></span> 
     </span>
    </p>
   </div>
   <div class='ocr_carea' id='block_1_76' title="bbox 2364 1645 3912 1742">
    <p class='ocr_par' dir='ltr' id='par_1_76' title="bbox 2364 1645 3912 1742">
     <span class='ocr_line' id='line_1_76' title="bbox 2364 1645 3912 1742; baseline 0.021 -45"><span class='ocrx_word' id='word_1_558' title='bbox 2364 1645 2682 1704; x_wconf 80' lang='lat' dir='ltr'><strong>remissione</strong></span> <span class='ocrx_word' id='word_1_559' title='bbox 2709 1665 3020 1723; x_wconf 80' lang='lat' dir='ltr'><strong>purgentur.</strong></span> <span class='ocrx_word' id='word_1_560' title='bbox 3054 1655 3168 1714; x_wconf 83' lang='lat' dir='ltr'><strong>Hoc</strong></span> <span class='ocrx_word' id='word_1_561' title='bbox 3198 1667 3364 1716; x_wconf 90' lang='lat' dir='ltr'><strong>totum</strong></span> <span class='ocrx_word' id='word_1_562' title='bbox 3399 1677 3695 1736; x_wconf 85' lang='lat' dir='ltr'><strong>propterea,</strong></span> <span class='ocrx_word' id='word_1_563' title='bbox 3727 1645 3836 1742; x_wconf 81' lang='lat' dir='ltr'><strong>quia</strong></span> <span class='ocrx_word' id='word_1_564' title='bbox 3858 1675 3912 1729; x_wconf 85' lang='lat' dir='ltr'><strong>ti-</strong></span> 
     </span>
    </p>
   </div>
   <div class='ocr_carea' id='block_1_77' title="bbox 2357 1739 3910 1821">
    <p class='ocr_par' dir='ltr' id='par_1_77' title="bbox 2357 1739 3910 1821">
     <span class='ocr_line' id='line_1_77' title="bbox 2357 1739 3910 1821; baseline 0.02 -31"><span class='ocrx_word' id='word_1_565' title='bbox 2357 1739 2513 1792; x_wconf 87' lang='lat' dir='ltr'><strong>metis</strong></span> <span class='ocrx_word' id='word_1_566' title='bbox 2558 1740 2757 1809; x_wconf 88' lang='lat' dir='ltr'><strong>dicere,</strong></span> <span class='ocrx_word' id='word_1_567' title='bbox 2787 1744 2903 1800; x_wconf 84' lang='lat' dir='ltr'><strong>Non</strong></span> <span class='ocrx_word' id='word_1_568' title='bbox 2953 1747 3316 1820; x_wconf 79' lang='lat' dir='ltr'><strong>baptizentur;</strong></span> <span class='ocrx_word' id='word_1_569' title='bbox 3351 1771 3417 1810; x_wconf 91' lang='lat' dir='ltr'><strong>ne</strong></span> <span class='ocrx_word' id='word_1_570' title='bbox 3447 1773 3551 1812; x_wconf 91' lang='lat' dir='ltr'><strong>non</strong></span> <span class='ocrx_word' id='word_1_571' title='bbox 3581 1739 3758 1816; x_wconf 33' lang='lat' dir='ltr'><strong>solum.</strong></span> <span class='ocrx_word' id='word_1_572' title='bbox 3772 1763 3910 1821; x_wconf 80' lang='lat' dir='ltr'><strong>facies</strong></span> 
     </span>
    </p>
   </div>
   <div class='ocr_carea' id='block_1_78' title="bbox 2355 1835 3909 1926">
    <p class='ocr_par' dir='ltr' id='par_1_78' title="bbox 2355 1835 3909 1926">
     <span class='ocr_line' id='line_1_78' title="bbox 2355 1835 3909 1926; baseline 0.021 -46"><span class='ocrx_word' id='word_1_573' title='bbox 2355 1839 2546 1883; x_wconf 67' lang='lat' dir='ltr'><strong>vestrae</strong></span> <span class='ocrx_word' id='word_1_574' title='bbox 2567 1835 2737 1900; x_wconf 88' lang='lat' dir='ltr'><strong>sputis</strong></span> <span class='ocrx_word' id='word_1_575' title='bbox 2763 1836 3070 1894; x_wconf 89' lang='lat' dir='ltr'><strong>oblinantur</strong></span> <span class='ocrx_word' id='word_1_576' title='bbox 3089 1843 3344 1910; x_wconf 87' lang='lat' dir='ltr'><strong>virorum,</strong></span> <span class='ocrx_word' id='word_1_577' title='bbox 3372 1861 3552 1904; x_wconf 78' lang='lat' dir='ltr'><strong>verum</strong></span> <span class='ocrx_word' id='word_1_578' title='bbox 3579 1853 3732 1908; x_wconf 89' lang='lat' dir='ltr'><strong>etiam</strong></span> <span class='ocrx_word' id='word_1_579' title='bbox 3759 1859 3909 1926; x_wconf 81' lang='lat' dir='ltr'><strong>capita</strong></span> 
     </span>
    </p>
   </div>
   <div class='ocr_carea' id='block_1_79' title="bbox 2352 1919 3559 2008">
    <p class='ocr_par' dir='ltr' id='par_1_79' title="bbox 2352 1919 3559 2008">
     <span class='ocr_line' id='line_1_79' title="bbox 2352 1919 3559 2008; baseline 0.02 -36"><span class='ocrx_word' id='word_1_580' title='bbox 2352 1919 2608 1976; x_wconf 84' lang='lat' dir='ltr'><strong>sandaliis</strong></span> <span class='ocrx_word' id='word_1_581' title='bbox 2636 1925 3072 1986; x_wconf 91' lang='lat' dir='ltr'><strong>muliercularum</strong></span> <span class='ocrx_word' id='word_1_582' title='bbox 3108 1937 3559 2008; x_wconf 85' lang='lat' dir='ltr'><strong>commitigentur.</strong></span> 
     </span>
    </p>
   </div>
   <div class='ocr_carea' id='block_1_80' title="bbox 2428 2008 3907 2105">
    <p class='ocr_par' dir='ltr' id='par_1_80' title="bbox 2428 2008 3907 2105">
     <span class='ocr_line' id='line_1_80' title="bbox 2428 2008 3907 2105; baseline 0.021 -42"><span class='ocrx_word' id='word_1_583' title='bbox 2428 2008 2510 2063; x_wconf 73' lang='grc'><strong>12.</strong></span> <span class='ocrx_word' id='word_1_584' title='bbox 2542 2011 2650 2067; x_wconf 85' lang='lat' dir='ltr'><strong>Nos</strong></span> <span class='ocrx_word' id='word_1_585' title='bbox 2677 2025 2822 2071; x_wconf 90' lang='lat' dir='ltr'><strong>certe</strong></span> <span class='ocrx_word' id='word_1_586' title='bbox 2847 2033 3062 2076; x_wconf 90' lang='lat' dir='ltr'><strong>causam</strong></span> <span class='ocrx_word' id='word_1_587' title='bbox 3082 2038 3180 2078; x_wconf 90' lang='lat' dir='ltr'><strong>cur</strong></span> <span class='ocrx_word' id='word_1_588' title='bbox 3199 2027 3299 2080; x_wconf 91' lang='lat' dir='ltr'><strong>sub</strong></span> <span class='ocrx_word' id='word_1_589' title='bbox 3315 2028 3528 2085; x_wconf 80' lang='lat' dir='ltr'><strong>diabolo</strong></span> <span class='ocrx_word' id='word_1_590' title='bbox 3553 2033 3622 2088; x_wconf 89' lang='lat' dir='ltr'><strong>sit</strong></span> <span class='ocrx_word' id='word_1_591' title='bbox 3641 2035 3728 2105; x_wconf 90' lang='lat' dir='ltr'><strong>qui</strong></span> <span class='ocrx_word' id='word_1_592' title='bbox 3755 2039 3907 2094; x_wconf 87' lang='lat' dir='ltr'><strong>nasci-</strong></span> 
     </span>
    </p>
   </div>
   <div class='ocr_carea' id='block_1_81' title="bbox 2353 2101 3906 2200">
    <p class='ocr_par' dir='ltr' id='par_1_81' title="bbox 2353 2101 3906 2200">
     <span class='ocr_line' id='line_1_81' title="bbox 2353 2101 3906 2200; baseline 0.022 -49"><span class='ocrx_word' id='word_1_593' title='bbox 2353 2107 2458 2167; x_wconf 90' lang='lat' dir='ltr'><strong>tur,</strong></span> <span class='ocrx_word' id='word_1_594' title='bbox 2487 2101 2660 2160; x_wconf 87' lang='lat' dir='ltr'><strong>donec</strong></span> <span class='ocrx_word' id='word_1_595' title='bbox 2696 2121 3008 2166; x_wconf 83' lang='lat' dir='ltr'><strong>renascatur</strong></span> <span class='ocrx_word' id='word_1_596' title='bbox 3053 2113 3104 2168; x_wconf 93' lang='lat' dir='ltr'><strong>in</strong></span> <span class='ocrx_word' id='word_1_597' title='bbox 3146 2115 3382 2182; x_wconf 82' lang='lat' dir='ltr'><strong>Christo,</strong></span> <span class='ocrx_word' id='word_1_598' title='bbox 3415 2125 3616 2190; x_wconf 88' lang='lat' dir='ltr'><strong>peccati</strong></span> <span class='ocrx_word' id='word_1_599' title='bbox 3640 2101 3701 2180; x_wconf 81' lang='lat' dir='ltr'><strong>ex</strong></span> <span class='ocrx_word' id='word_1_600' title='bbox 3728 2129 3906 2200; x_wconf 83' lang='lat' dir='ltr'><strong>origine</strong></span> 
     </span>
    </p>
   </div>
   <div class='ocr_carea' id='block_1_82' title="bbox 2348 2189 3902 2291">
    <p class='ocr_par' dir='ltr' id='par_1_82' title="bbox 2348 2189 3902 2291">
     <span class='ocr_line' id='line_1_82' title="bbox 2348 2189 3902 2291; baseline 0.021 -48"><span class='ocrx_word' id='word_1_601' title='bbox 2348 2189 2577 2247; x_wconf 83' lang='lat' dir='ltr'><strong>dicimus</strong></span> <span class='ocrx_word' id='word_1_602' title='bbox 2611 2209 2730 2252; x_wconf 73' lang='lat' dir='ltr'><strong>eSs‘e</strong></span> <span class='ocrx_word' id='word_1_603' title='bbox 2768 2203 3092 2272; x_wconf 82' lang='lat' dir='ltr'><strong>contagium.</strong></span> <span class='ocrx_word' id='word_1_604' title='bbox 3116 2204 3224 2262; x_wconf 82' lang='lat' dir='ltr'><strong>Vos</strong></span> <span class='ocrx_word' id='word_1_605' title='bbox 3249 2220 3426 2266; x_wconf 88' lang='lat' dir='ltr'><strong>autem</strong></span> <span class='ocrx_word' id='word_1_606' title='bbox 3455 2215 3546 2284; x_wconf 90' lang='lat' dir='ltr'><strong>qui</strong></span> <span class='ocrx_word' id='word_1_607' title='bbox 3577 2215 3678 2272; x_wconf 86' lang='lat' dir='ltr'><strong>hoc</strong></span> <span class='ocrx_word' id='word_1_608' title='bbox 3704 2221 3902 2291; x_wconf 85' lang='lat' dir='ltr'><strong>negatis,</strong></span> 
     </span>
    </p>
   </div>
   <div class='ocr_carea' id='block_1_83' title="bbox 2346 2285 3904 2373">
    <p class='ocr_par' dir='ltr' id='par_1_83' title="bbox 2346 2285 3904 2373">
     <span class='ocr_line' id='line_1_83' title="bbox 2346 2285 3904 2373; baseline 0.019 -35"><span class='ocrx_word' id='word_1_609' title='bbox 2346 2300 2408 2338; x_wconf 85' lang='lat' dir='ltr'><strong>ea</strong></span> <span class='ocrx_word' id='word_1_610' title='bbox 2447 2285 2636 2342; x_wconf 89' lang='lat' dir='ltr'><strong>saltem</strong></span> <span class='ocrx_word' id='word_1_611' title='bbox 2677 2306 2798 2360; x_wconf 72' lang='lat' dir='ltr'><strong>qum</strong></span> <span class='ocrx_word' id='word_1_612' title='bbox 2835 2304 3019 2364; x_wconf 88' lang='lat' dir='ltr'><strong>aperta</strong></span> <span class='ocrx_word' id='word_1_613' title='bbox 3063 2307 3188 2354; x_wconf 89' lang='lat' dir='ltr'><strong>sunt</strong></span> <span class='ocrx_word' id='word_1_614' title='bbox 3232 2301 3544 2373; x_wconf 86' lang='lat' dir='ltr'><strong>intuemini;</strong></span> <span class='ocrx_word' id='word_1_615' title='bbox 3575 2323 3672 2364; x_wconf 85' lang='lat' dir='ltr'><strong>cur</strong></span> <span class='ocrx_word' id='word_1_616' title='bbox 3693 2313 3904 2368; x_wconf 90' lang='lat' dir='ltr'><strong>nonnulli</strong></span> 
     </span>
    </p>
   </div>
   <div class='ocr_carea' id='block_1_84' title="bbox 2345 2375 3900 2472">
    <p class='ocr_par' dir='ltr' id='par_1_84' title="bbox 2345 2375 3900 2472">
     <span class='ocr_line' id='line_1_84' title="bbox 2345 2375 3900 2472; baseline 0.02 -42"><span class='ocrx_word' id='word_1_617' title='bbox 2345 2375 2504 2430; x_wconf 87' lang='lat' dir='ltr'><strong>etiam</strong></span> <span class='ocrx_word' id='word_1_618' title='bbox 2526 2377 2828 2438; x_wconf 73' lang='lat' dir='ltr'><strong>dannonem</strong></span> <span class='ocrx_word' id='word_1_619' title='bbox 2852 2388 3118 2454; x_wconf 89' lang='lat' dir='ltr'><strong>patiantur</strong></span> <span class='ocrx_word' id='word_1_620' title='bbox 3141 2391 3396 2450; x_wconf 78' lang='lat' dir='ltr'><strong>infantes:</strong></span> <span class='ocrx_word' id='word_1_621' title='bbox 3419 2399 3519 2452; x_wconf 92' lang='lat' dir='ltr'><strong>nisi</strong></span> <span class='ocrx_word' id='word_1_622' title='bbox 3540 2398 3676 2454; x_wconf 86' lang='lat' dir='ltr'><strong>forte</strong></span> <span class='ocrx_word' id='word_1_623' title='bbox 3689 2409 3740 2458; x_wconf 91' lang='lat' dir='ltr'><strong>et</strong></span> <span class='ocrx_word' id='word_1_624' title='bbox 3759 2403 3900 2472; x_wconf 79' lang='lat' dir='ltr'><strong>ipsos,</strong></span> 
     </span>
    </p>
   </div>
   <div class='ocr_carea' id='block_1_85' title="bbox 2343 2477 3901 2562">
    <p class='ocr_par' dir='ltr' id='par_1_85' title="bbox 2343 2477 3901 2562">
     <span class='ocr_line' id='line_1_85' title="bbox 2343 2477 3901 2562; baseline 0.021 -42"><span class='ocrx_word' id='word_1_625' title='bbox 2343 2477 2438 2522; x_wconf 90' lang='lat' dir='ltr'><strong>aut</strong></span> <span class='ocrx_word' id='word_1_626' title='bbox 2479 2485 2620 2539; x_wconf 85' lang='lat' dir='ltr'><strong>esse,</strong></span> <span class='ocrx_word' id='word_1_627' title='bbox 2655 2486 2744 2528; x_wconf 91' lang='lat' dir='ltr'><strong>aut</strong></span> <span class='ocrx_word' id='word_1_628' title='bbox 2792 2479 2890 2533; x_wconf 89' lang='lat' dir='ltr'><strong>sub</strong></span> <span class='ocrx_word' id='word_1_629' title='bbox 2937 2479 3152 2538; x_wconf 86' lang='lat' dir='ltr'><strong>diabolo</strong></span> <span class='ocrx_word' id='word_1_630' title='bbox 3195 2501 3334 2552; x_wconf 86' lang='lat' dir='ltr'><strong>esse,</strong></span> <span class='ocrx_word' id='word_1_631' title='bbox 3377 2493 3666 2562; x_wconf 79' lang='lat' dir='ltr'><strong>negabitis;</strong></span> <span class='ocrx_word' id='word_1_632' title='bbox 3707 2513 3799 2550; x_wconf 90' lang='lat' dir='ltr'><strong>nec</strong></span> <span class='ocrx_word' id='word_1_633' title='bbox 3821 2511 3901 2552; x_wconf 70' lang='lat' dir='ltr'><strong>vos</strong></span> 
     </span>
    </p>
   </div>
   <div class='ocr_carea' id='block_1_86' title="bbox 2343 2557 3902 2656">
    <p class='ocr_par' dir='ltr' id='par_1_86' title="bbox 2343 2557 3902 2656">
     <span class='ocr_line' id='line_1_86' title="bbox 2343 2557 3902 2656; baseline 0.022 -46"><span class='ocrx_word' id='word_1_634' title='bbox 2343 2557 2686 2631; x_wconf 79' lang='lat' dir='ltr'><strong>Evangelium</strong></span> <span class='ocrx_word' id='word_1_635' title='bbox 2733 2572 3119 2638; x_wconf 87' lang='lat' dir='ltr'><strong>commonebit,</strong></span> <span class='ocrx_word' id='word_1_636' title='bbox 3174 2576 3261 2631; x_wconf 88' lang='lat' dir='ltr'><strong>ubi</strong></span> <span class='ocrx_word' id='word_1_637' title='bbox 3308 2557 3530 2637; x_wconf 70' lang='lat' dir='ltr'><strong>forsitan</strong></span> <span class='ocrx_word' id='word_1_638' title='bbox 3577 2597 3787 2656; x_wconf 89' lang='lat' dir='ltr'><strong>propter</strong></span> <span class='ocrx_word' id='word_1_639' title='bbox 3821 2604 3902 2644; x_wconf 81' lang='lat' dir='ltr'><strong>vos</strong></span> 
     </span>
    </p>
   </div>
   <div class='ocr_carea' id='block_1_87' title="bbox 2342 2649 3900 2750">
    <p class='ocr_par' dir='ltr' id='par_1_87' title="bbox 2342 2649 3900 2750">
     <span class='ocr_line' id='line_1_87' title="bbox 2342 2649 3900 2750; baseline 0.022 -47"><span class='ocrx_word' id='word_1_640' title='bbox 2342 2649 2688 2724; x_wconf 85' lang='lat' dir='ltr'><strong>interrogavit</strong></span> <span class='ocrx_word' id='word_1_641' title='bbox 2719 2659 2970 2716; x_wconf 88' lang='lat' dir='ltr'><strong>Dominus</strong></span> <span class='ocrx_word' id='word_1_642' title='bbox 2997 2667 3137 2741; x_wconf 82' lang='lat' dir='ltr'><strong>quod</strong></span> <span class='ocrx_word' id='word_1_643' title='bbox 3165 2671 3386 2738; x_wconf 82' lang='lat' dir='ltr'><strong>sciebat,</strong></span> <span class='ocrx_word' id='word_1_644' title='bbox 3424 2684 3480 2728; x_wconf 90' lang='lat' dir='ltr'><strong>ut</strong></span> <span class='ocrx_word' id='word_1_645' title='bbox 3511 2649 3658 2745; x_wconf 79' lang='lat' dir='ltr'><strong>pater</strong></span> <span class='ocrx_word' id='word_1_646' title='bbox 3675 2649 3812 2750; x_wconf 81' lang='lat' dir='ltr'><strong>pueri</strong></span> <span class='ocrx_word' id='word_1_647' title='bbox 3831 2698 3900 2737; x_wconf 87' lang='lat' dir='ltr'><strong>re-</strong></span> 
     </span>
    </p>
   </div>
   <div class='ocr_carea' id='block_1_88' title="bbox 2339 2743 3899 2826">
    <p class='ocr_par' dir='ltr' id='par_1_88' title="bbox 2339 2743 3899 2826">
     <span class='ocr_line' id='line_1_88' title="bbox 2339 2743 3899 2826; baseline 0.021 -32"><span class='ocrx_word' id='word_1_648' title='bbox 2339 2743 2648 2810; x_wconf 79' lang='lat' dir='ltr'><strong>Spondcrct,</strong></span> <span class='ocrx_word' id='word_1_649' title='bbox 2697 2748 2862 2804; x_wconf 86' lang='lat' dir='ltr'><strong>filium</strong></span> <span class='ocrx_word' id='word_1_650' title='bbox 2907 2768 3060 2808; x_wconf 89' lang='lat' dir='ltr'><strong>suum</strong></span> <span class='ocrx_word' id='word_1_651' title='bbox 3109 2759 3177 2812; x_wconf 86' lang='lat' dir='ltr'><strong>ab</strong></span> <span class='ocrx_word' id='word_1_652' title='bbox 3223 2760 3439 2818; x_wconf 84' lang='lat' dir='ltr'><strong>infantia</strong></span> <span class='ocrx_word' id='word_1_653' title='bbox 3485 2781 3580 2821; x_wconf 89' lang='lat' dir='ltr'><strong>sua</strong></span> <span class='ocrx_word' id='word_1_654' title='bbox 3608 2771 3899 2826; x_wconf 70' lang='lat' dir='ltr'><strong>adrctnonio</strong></span> 
     </span>
    </p>
   </div>
   <div class='ocr_carea' id='block_1_89' title="bbox 2341 2839 3898 2934">
    <p class='ocr_par' dir='ltr' id='par_1_89' title="bbox 2341 2839 3898 2934">
     <span class='ocr_line' id='line_1_89' title="bbox 2341 2839 3898 2934; baseline 0.021 -47"><span class='ocrx_word' id='word_1_655' title='bbox 2341 2841 2446 2888; x_wconf 86' lang='lat' dir='ltr'><strong>tam</strong></span> <span class='ocrx_word' id='word_1_656' title='bbox 2477 2839 2626 2906; x_wconf 86' lang='lat' dir='ltr'><strong>gravi</strong></span> <span class='ocrx_word' id='word_1_657' title='bbox 2652 2844 2990 2915; x_wconf 80' lang='lat' dir='ltr'><strong>graviterque</strong></span> <span class='ocrx_word' id='word_1_658' title='bbox 3015 2853 3215 2918; x_wconf 78' lang='lat' dir='ltr'><strong>vexari,</strong></span> <span class='ocrx_word' id='word_1_659' title='bbox 3248 2863 3305 2908; x_wconf 92' lang='lat' dir='ltr'><strong>ut</strong></span> <span class='ocrx_word' id='word_1_660' title='bbox 3347 2873 3376 2910; x_wconf 91' lang='lat' dir='ltr'><strong>a</strong></span> <span class='ocrx_word' id='word_1_661' title='bbox 3415 2859 3614 2915; x_wconf 63' lang='grc' dir='ltr'><strong>(ΖΙιιεδιῖ</strong></span> <span class='ocrx_word' id='word_1_662' title='bbox 3653 2863 3898 2934; x_wconf 85' lang='lat' dir='ltr'><strong>discipulis</strong></span> 
     </span>
    </p>
   </div>
   <div class='ocr_carea' id='block_1_90' title="bbox 2338 2934 3899 3023">
    <p class='ocr_par' dir='ltr' id='par_1_90' title="bbox 2338 2934 3899 3023">
     <span class='ocr_line' id='line_1_90' title="bbox 2338 2934 3899 3023; baseline 0.022 -48"><span class='ocrx_word' id='word_1_663' title='bbox 2338 2937 2446 2998; x_wconf 81' lang='lat' dir='ltr'><strong>non</strong></span> <span class='ocrx_word' id='word_1_664' title='bbox 2491 2939 2672 2996; x_wconf 87' lang='lat' dir='ltr'><strong>posset</strong></span> <span class='ocrx_word' id='word_1_665' title='bbox 2714 2934 2908 3002; x_wconf 85' lang='lat' dir='ltr'><strong>expelli</strong></span> <span class='ocrx_word' id='word_1_666' title='bbox 2935 2935 3127 3008; x_wconf 73' lang='lat' dir='ltr'><strong>(Marc.</strong></span> <span class='ocrx_word' id='word_1_667' title='bbox 3157 2956 3236 3006; x_wconf 81' lang='lat' dir='ltr'><strong>ix,</strong></span> <span class='ocrx_word' id='word_1_668' title='bbox 3269 2944 3486 3018; x_wconf 68' lang='lat'><strong>16-26).</strong></span> <span class='ocrx_word' id='word_1_669' title='bbox 3527 2947 3664 3006; x_wconf 84' lang='lat' dir='ltr'><strong>Ecce</strong></span> <span class='ocrx_word' id='word_1_670' title='bbox 3703 2969 3814 3023; x_wconf 85' lang='lat' dir='ltr'><strong>ego,</strong></span> <span class='ocrx_word' id='word_1_671' title='bbox 3851 2964 3899 3008; x_wconf 89' lang='lat' dir='ltr'><strong>ut</strong></span> 
     </span>
    </p>
   </div>
   <div class='ocr_carea' id='block_1_91' title="bbox 2339 3013 3898 3112">
    <p class='ocr_par' dir='ltr' id='par_1_91' title="bbox 2339 3013 3898 3112">
     <span class='ocr_line' id='line_1_91' title="bbox 2339 3013 3898 3112; baseline 0.023 -45"><span class='ocrx_word' id='word_1_672' title='bbox 2339 3013 2448 3070; x_wconf 92' lang='lat' dir='ltr'><strong>sint</strong></span> <span class='ocrx_word' id='word_1_673' title='bbox 2478 3021 2680 3086; x_wconf 86' lang='lat' dir='ltr'><strong>parvuli</strong></span> <span class='ocrx_word' id='word_1_674' title='bbox 2709 3022 2760 3076; x_wconf 92' lang='lat' dir='ltr'><strong>in</strong></span> <span class='ocrx_word' id='word_1_675' title='bbox 2788 3025 2982 3082; x_wconf 81' lang='lat' dir='ltr'><strong>diaboli</strong></span> <span class='ocrx_word' id='word_1_676' title='bbox 3013 3040 3294 3101; x_wconf 85' lang='lat' dir='ltr'><strong>potestate,</strong></span> <span class='ocrx_word' id='word_1_677' title='bbox 3324 3013 3543 3096; x_wconf 82' lang='lat' dir='ltr'><strong>causam</strong></span> <span class='ocrx_word' id='word_1_678' title='bbox 3574 3013 3776 3112; x_wconf 64' lang='lat' dir='ltr'><strong>nuptias</strong></span> <span class='ocrx_word' id='word_1_679' title='bbox 3796 3013 3898 3102; x_wconf 77' lang='lat' dir='ltr'><strong>esse</strong></span> 
     </span>
    </p>
   </div>
   <div class='ocr_carea' id='block_1_92' title="bbox 2336 3107 3898 3206">
    <p class='ocr_par' dir='ltr' id='par_1_92' title="bbox 2336 3107 3898 3206">
     <span class='ocr_line' id='line_1_92' title="bbox 2336 3107 3898 3206; baseline 0.022 -48"><span class='ocrx_word' id='word_1_680' title='bbox 2336 3120 2442 3160; x_wconf 90' lang='lat' dir='ltr'><strong>non</strong></span> <span class='ocrx_word' id='word_1_681' title='bbox 2468 3107 2606 3176; x_wconf 92' lang='lat' dir='ltr'><strong>dico,</strong></span> <span class='ocrx_word' id='word_1_682' title='bbox 2632 3113 2776 3181; x_wconf 89' lang='lat' dir='ltr'><strong>quod</strong></span> <span class='ocrx_word' id='word_1_683' title='bbox 2801 3131 2886 3171; x_wconf 88' lang='lat' dir='ltr'><strong>me</strong></span> <span class='ocrx_word' id='word_1_684' title='bbox 2906 3117 3084 3175; x_wconf 87' lang='lat' dir='ltr'><strong>dicere</strong></span> <span class='ocrx_word' id='word_1_685' title='bbox 3104 3123 3463 3184; x_wconf 89' lang='lat' dir='ltr'><strong>calumniaris.</strong></span> <span class='ocrx_word' id='word_1_686' title='bbox 3494 3107 3702 3204; x_wconf 67' lang='lat' dir='ltr'><strong>Nuptias</strong></span> <span class='ocrx_word' id='word_1_687' title='bbox 3727 3136 3898 3206; x_wconf 83' lang='lat' dir='ltr'><strong>quippe</strong></span> 
     </span>
    </p>
   </div>
   <div class='ocr_carea' id='block_1_93' title="bbox 2335 3195 3895 3290">
    <p class='ocr_par' dir='ltr' id='par_1_93' title="bbox 2335 3195 3895 3290">
     <span class='ocr_line' id='line_1_93' title="bbox 2335 3195 3895 3290; baseline 0.021 -40"><span class='ocrx_word' id='word_1_688' title='bbox 2335 3195 2535 3254; x_wconf 84' lang='lat' dir='ltr'><strong>habent</strong></span> <span class='ocrx_word' id='word_1_689' title='bbox 2559 3202 2804 3260; x_wconf 90' lang='lat' dir='ltr'><strong>ordinem</strong></span> <span class='ocrx_word' id='word_1_690' title='bbox 2852 3223 3005 3264; x_wconf 91' lang='lat' dir='ltr'><strong>suum</strong></span> <span class='ocrx_word' id='word_1_691' title='bbox 3049 3220 3107 3267; x_wconf 89' lang='lat' dir='ltr'><strong>et</strong></span> <span class='ocrx_word' id='word_1_692' title='bbox 3143 3195 3596 3277; x_wconf 59' lang='lat' dir='ltr'><strong>benedictionem</strong></span> <span class='ocrx_word' id='word_1_693' title='bbox 3621 3195 3785 3290; x_wconf 75' lang='lat' dir='ltr'><strong>suam,</strong></span> 
     </span>
    </p>
   </div>
   <div class='ocr_carea' id='block_1_94' title="bbox 2334 3302 3896 3390">
    <p class='ocr_par' dir='ltr' id='par_1_94' title="bbox 2334 3302 3896 3390">
     <span class='ocr_line' id='line_1_94' title="bbox 2334 3302 3896 3390; baseline 0.021 -48"><span class='ocrx_word' id='word_1_694' title='bbox 2334 3303 2568 3361; x_wconf 88' lang='lat' dir='ltr'><strong>numque</strong></span> <span class='ocrx_word' id='word_1_695' title='bbox 2595 3308 2752 3350; x_wconf 87' lang='lat' dir='ltr'><strong>suum</strong></span> <span class='ocrx_word' id='word_1_696' title='bbox 2799 3313 2900 3354; x_wconf 83' lang='lat' dir='ltr'><strong>nec</strong></span> <span class='ocrx_word' id='word_1_697' title='bbox 2944 3302 3276 3363; x_wconf 88' lang='lat' dir='ltr'><strong>subintrante</strong></span> <span class='ocrx_word' id='word_1_698' title='bbox 3304 3321 3524 3379; x_wconf 88' lang='lat' dir='ltr'><strong>peccato</strong></span> <span class='ocrx_word' id='word_1_699' title='bbox 3555 3317 3792 3373; x_wconf 87' lang='lat' dir='ltr'><strong>amittere</strong></span> <span class='ocrx_word' id='word_1_700' title='bbox 3814 3333 3896 3390; x_wconf 85' lang='lat' dir='ltr'><strong>po-</strong></span> 
     </span>
    </p>
   </div>
   <div class='ocr_carea' id='block_1_95' title="bbox 2335 3383 3892 3462">
    <p class='ocr_par' dir='ltr' id='par_1_95' title="bbox 2335 3383 3892 3462">
     <span class='ocr_line' id='line_1_95' title="bbox 2335 3383 3892 3462; baseline 0.02 -30"><span class='ocrx_word' id='word_1_701' title='bbox 2335 3387 2570 3436; x_wconf 89' lang='lat' dir='ltr'><strong>tuerunt.</strong></span> <span class='ocrx_word' id='word_1_702' title='bbox 2602 3383 2678 3438; x_wconf 88' lang='lat' dir='ltr'><strong>Tu</strong></span> <span class='ocrx_word' id='word_1_703' title='bbox 2709 3400 2886 3443; x_wconf 88' lang='lat' dir='ltr'><strong>autem</strong></span> <span class='ocrx_word' id='word_1_704' title='bbox 2917 3407 3082 3461; x_wconf 87' lang='lat' dir='ltr'><strong>quare</strong></span> <span class='ocrx_word' id='word_1_705' title='bbox 3119 3396 3191 3451; x_wconf 85' lang='lat' dir='ltr'><strong>sit</strong></span> <span class='ocrx_word' id='word_1_706' title='bbox 3227 3400 3328 3454; x_wconf 86' lang='lat' dir='ltr'><strong>sub</strong></span> <span class='ocrx_word' id='word_1_707' title='bbox 3363 3397 3582 3458; x_wconf 87' lang='lat' dir='ltr'><strong>diabolo</strong></span> <span class='ocrx_word' id='word_1_708' title='bbox 3617 3407 3702 3462; x_wconf 90' lang='lat' dir='ltr'><strong>ille</strong></span> <span class='ocrx_word' id='word_1_709' title='bbox 3727 3383 3892 3462; x_wconf 66' lang='lat' dir='ltr'><strong>saltem</strong></span> 
     </span>
    </p>
   </div>
   <div class='ocr_carea' id='block_1_96' title="bbox 2333 3471 3894 3566">
    <p class='ocr_par' dir='ltr' id='par_1_96' title="bbox 2333 3471 3894 3566">
     <span class='ocr_line' id='line_1_96' title="bbox 2333 3471 3894 3566; baseline 0.019 -42"><span class='ocrx_word' id='word_1_710' title='bbox 2333 3471 2527 3540; x_wconf 86' lang='lat' dir='ltr'><strong>infans,</strong></span> <span class='ocrx_word' id='word_1_711' title='bbox 2559 3476 2651 3546; x_wconf 88' lang='lat' dir='ltr'><strong>qui</strong></span> <span class='ocrx_word' id='word_1_712' title='bbox 2695 3479 3129 3542; x_wconf 81' lang='lat' dir='ltr'><strong>manifestissime</strong></span> <span class='ocrx_word' id='word_1_713' title='bbox 3173 3501 3396 3548; x_wconf 74' lang='lat' dir='ltr'><strong>vexatur</strong></span> <span class='ocrx_word' id='word_1_714' title='bbox 3435 3509 3464 3548; x_wconf 90' lang='lat' dir='ltr'><strong>a</strong></span> <span class='ocrx_word' id='word_1_715' title='bbox 3507 3497 3735 3566; x_wconf 85' lang='lat' dir='ltr'><strong>diabolo,</strong></span> <span class='ocrx_word' id='word_1_716' title='bbox 3762 3500 3824 3553; x_wconf 90' lang='lat' dir='ltr'><strong>ita</strong></span> <span class='ocrx_word' id='word_1_717' title='bbox 3847 3508 3894 3554; x_wconf 87' lang='lat' dir='ltr'><strong>ut</strong></span> 
     </span>
    </p>
   </div>
   <div class='ocr_carea' id='block_1_97' title="bbox 2331 3564 3890 3660">
    <p class='ocr_par' dir='ltr' id='par_1_97' title="bbox 2331 3564 3890 3660">
     <span class='ocr_line' id='line_1_97' title="bbox 2331 3564 3890 3660; baseline 0.021 -44"><span class='ocrx_word' id='word_1_718' title='bbox 2331 3564 2618 3636; x_wconf 87' lang='lat' dir='ltr'><strong>aliquando</strong></span> <span class='ocrx_word' id='word_1_719' title='bbox 2646 3569 2758 3638; x_wconf 89' lang='lat' dir='ltr'><strong>ipsa</strong></span> <span class='ocrx_word' id='word_1_720' title='bbox 2780 3574 3060 3632; x_wconf 82' lang='lat' dir='ltr'><strong>vexatione</strong></span> <span class='ocrx_word' id='word_1_721' title='bbox 3088 3581 3365 3651; x_wconf 88' lang='lat' dir='ltr'><strong>moriatur,</strong></span> <span class='ocrx_word' id='word_1_722' title='bbox 3390 3589 3658 3657; x_wconf 86' lang='lat' dir='ltr'><strong>responde</strong></span> <span class='ocrx_word' id='word_1_723' title='bbox 3677 3592 3718 3646; x_wconf 91' lang='lat' dir='ltr'><strong>si</strong></span> <span class='ocrx_word' id='word_1_724' title='bbox 3741 3599 3890 3660; x_wconf 83' lang='lat' dir='ltr'><strong>potes.</strong></span> 
     </span>
    </p>
   </div>
   <div class='ocr_carea' id='block_1_98' title="bbox 2327 3655 3893 3752">
    <p class='ocr_par' dir='ltr' id='par_1_98' title="bbox 2327 3655 3893 3752">
     <span class='ocr_line' id='line_1_98' title="bbox 2327 3655 3893 3752; baseline 0.019 -43"><span class='ocrx_word' id='word_1_725' title='bbox 2327 3655 2444 3712; x_wconf 85' lang='lat' dir='ltr'><strong>Non</strong></span> <span class='ocrx_word' id='word_1_726' title='bbox 2488 3659 2569 3714; x_wconf 87' lang='lat' dir='ltr'><strong>vis</strong></span> <span class='ocrx_word' id='word_1_727' title='bbox 2609 3663 2776 3730; x_wconf 89' lang='lat' dir='ltr'><strong>enim,</strong></span> <span class='ocrx_word' id='word_1_728' title='bbox 2809 3682 3130 3740; x_wconf 86' lang='lat' dir='ltr'><strong>quemquam</strong></span> <span class='ocrx_word' id='word_1_729' title='bbox 3176 3674 3336 3730; x_wconf 89' lang='lat' dir='ltr'><strong>ullam</strong></span> <span class='ocrx_word' id='word_1_730' title='bbox 3366 3692 3580 3746; x_wconf 67' lang='lat' dir='ltr'><strong>pinnam</strong></span> <span class='ocrx_word' id='word_1_731' title='bbox 3613 3699 3705 3752; x_wconf 85' lang='lat' dir='ltr'><strong>pro</strong></span> <span class='ocrx_word' id='word_1_732' title='bbox 3727 3685 3893 3740; x_wconf 81' lang='lat' dir='ltr'><strong>alienis</strong></span> 
     </span>
    </p>
   </div>
   <div class='ocr_carea' id='block_1_99' title="bbox 2329 3747 3890 3846">
    <p class='ocr_par' dir='ltr' id='par_1_99' title="bbox 2329 3747 3890 3846">
     <span class='ocr_line' id='line_1_99' title="bbox 2329 3747 3890 3846; baseline 0.019 -47"><span class='ocrx_word' id='word_1_733' title='bbox 2329 3747 2509 3803; x_wconf 86' lang='lat' dir='ltr'><strong>subire</strong></span> <span class='ocrx_word' id='word_1_734' title='bbox 2539 3754 2791 3820; x_wconf 89' lang='lat' dir='ltr'><strong>peccatis,</strong></span> <span class='ocrx_word' id='word_1_735' title='bbox 2824 3772 2890 3812; x_wconf 89' lang='lat' dir='ltr'><strong>ne</strong></span> <span class='ocrx_word' id='word_1_736' title='bbox 2921 3758 3044 3815; x_wconf 85' lang='lat' dir='ltr'><strong>hinc</strong></span> <span class='ocrx_word' id='word_1_737' title='bbox 3070 3761 3162 3818; x_wconf 88' lang='lat' dir='ltr'><strong>fiat</strong></span> <span class='ocrx_word' id='word_1_738' title='bbox 3181 3767 3456 3832; x_wconf 84' lang='lat' dir='ltr'><strong>credibile,</strong></span> <span class='ocrx_word' id='word_1_739' title='bbox 3477 3766 3644 3828; x_wconf 61' lang='lat' dir='ltr'><strong>etiam</strong></span> <span class='ocrx_word' id='word_1_740' title='bbox 3675 3777 3890 3846; x_wconf 77' lang='lat' dir='ltr'><strong>contagia</strong></span> 
     </span>
    </p>
   </div>
   <div class='ocr_carea' id='block_1_100' title="bbox 2329 3846 3890 3934">
    <p class='ocr_par' dir='ltr' id='par_1_100' title="bbox 2329 3846 3890 3934">
     <span class='ocr_line' id='line_1_100' title="bbox 2329 3846 3890 3934; baseline 0.017 -41"><span class='ocrx_word' id='word_1_741' title='bbox 2329 3850 2666 3908; x_wconf 88' lang='lat' dir='ltr'><strong>peccatorum</strong></span> <span class='ocrx_word' id='word_1_742' title='bbox 2689 3846 2739 3922; x_wconf 84' lang='lat' dir='ltr'><strong>in</strong></span> <span class='ocrx_word' id='word_1_743' title='bbox 2759 3861 3040 3908; x_wconf 85' lang='lat' dir='ltr'><strong>nascentes</strong></span> <span class='ocrx_word' id='word_1_744' title='bbox 3061 3871 3124 3909; x_wconf 79' lang='lat' dir='ltr'><strong>ex</strong></span> <span class='ocrx_word' id='word_1_745' title='bbox 3143 3858 3482 3925; x_wconf 79' lang='lat' dir='ltr'><strong>gignentibus</strong></span> <span class='ocrx_word' id='word_1_746' title='bbox 3496 3880 3653 3934; x_wconf 85' lang='lat' dir='ltr'><strong>posse</strong></span> <span class='ocrx_word' id='word_1_747' title='bbox 3666 3868 3890 3921; x_wconf 74' lang='lat' dir='ltr'><strong>transire.</strong></span> 
     </span>
    </p>
   </div>
   <div class='ocr_carea' id='block_1_101' title="bbox 2397 3929 3892 4028">
    <p class='ocr_par' dir='ltr' id='par_1_101' title="bbox 2397 3929 3892 4028">
     <span class='ocr_line' id='line_1_101' title="bbox 2397 3929 3892 4028; baseline 0.013 -42"><span class='ocrx_word' id='word_1_748' title='bbox 2397 3929 2624 3990; x_wconf 86' lang='lat' dir='ltr'><strong>CAPUT</strong></span> <span class='ocrx_word' id='word_1_749' title='bbox 2664 3933 2752 3992; x_wconf 86' lang='lat' dir='ltr'><strong>Vl.</strong></span> <span class='ocrx_word' id='word_1_750' title='bbox 2779 3969 2852 3980; x_wconf 74' lang='grc' dir='ltr'><strong>-ο</strong></span> <span class='ocrx_word' id='word_1_751' title='bbox 2881 3942 2967 3998; x_wconf 73' lang='grc'><strong>15.</strong></span> <span class='ocrx_word' id='word_1_752' title='bbox 2996 3943 3100 4000; x_wconf 89' lang='lat' dir='ltr'><strong>Sed</strong></span> <span class='ocrx_word' id='word_1_753' title='bbox 3127 3948 3393 4015; x_wconf 81' lang='lat' dir='ltr'><strong>videlicet,</strong></span> <span class='ocrx_word' id='word_1_754' title='bbox 3422 3929 3760 4028; x_wconf 44' lang='lat' dir='ltr'><strong>ut-t-grcgius</strong></span> <span class='ocrx_word' id='word_1_755' title='bbox 3795 3957 3892 4010; x_wconf 85' lang='lat' dir='ltr'><strong>dia-</strong></span> 
     </span>
    </p>
   </div>
   <div class='ocr_carea' id='block_1_102' title="bbox 2326 4019 3892 4116">
    <p class='ocr_par' dir='ltr' id='par_1_102' title="bbox 2326 4019 3892 4116">
     <span class='ocr_line' id='line_1_102' title="bbox 2326 4019 3892 4116; baseline 0.015 -41"><span class='ocrx_word' id='word_1_756' title='bbox 2326 4019 2567 4092; x_wconf 88' lang='lat' dir='ltr'><strong>lecticus,</strong></span> <span class='ocrx_word' id='word_1_757' title='bbox 2597 4045 2614 4079; x_wconf 78' lang='grc' dir='ltr'>ι</span> <span class='ocrx_word' id='word_1_758' title='bbox 2643 4045 2748 4082; x_wconf 90' lang='lat' dir='ltr'><strong>non</strong></span> <span class='ocrx_word' id='word_1_759' title='bbox 2776 4047 2861 4086; x_wconf 91' lang='lat' dir='ltr'><strong>me</strong></span> <span class='ocrx_word' id='word_1_760' title='bbox 2886 4035 3105 4102; x_wconf 89' lang='lat' dir='ltr'><strong>patieris</strong></span> <span class='ocrx_word' id='word_1_761' title='bbox 3129 4039 3299 4106; x_wconf 85' lang='lat' dir='ltr'><strong>elabi,</strong></span> <span class='ocrx_word' id='word_1_762' title='bbox 3328 4045 3420 4097; x_wconf 89' lang='lat' dir='ltr'><strong>scd</strong></span> <span class='ocrx_word' id='word_1_763' title='bbox 3463 4063 3650 4116; x_wconf 85' lang='lat' dir='ltr'><strong>presse</strong></span> <span class='ocrx_word' id='word_1_764' title='bbox 3687 4051 3892 4103; x_wconf 84' lang='lat' dir='ltr'><strong>interro-</strong></span> 
     </span>
    </p>
   </div>
   <div class='ocr_carea' id='block_1_103' title="bbox 2323 4114 3892 4202">
    <p class='ocr_par' dir='ltr' id='par_1_103' title="bbox 2323 4114 3892 4202">
     <span class='ocr_line' id='line_1_103' title="bbox 2323 4114 3892 4202; baseline 0.016 -36"><span class='ocrx_word' id='word_1_765' title='bbox 2323 4114 2474 4183; x_wconf 90' lang='lat' dir='ltr'><strong>gabis</strong></span> <span class='ocrx_word' id='word_1_766' title='bbox 2496 4127 2551 4171; x_wconf 87' lang='lat' dir='ltr'><strong>et</strong></span> <span class='ocrx_word' id='word_1_767' title='bbox 2578 4117 2830 4188; x_wconf 87' lang='lat' dir='ltr'><strong>breviter,</strong></span> <span class='ocrx_word' id='word_1_768' title='bbox 2863 4123 2920 4178; x_wconf 93' lang='lat' dir='ltr'><strong>ln</strong></span> <span class='ocrx_word' id='word_1_769' title='bbox 2955 4129 3186 4194; x_wconf 88' lang='lat' dir='ltr'><strong>parvulis</strong></span> <span class='ocrx_word' id='word_1_770' title='bbox 3213 4114 3478 4189; x_wconf 81' lang='lat' dir='ltr'><strong>actionem</strong></span> <span class='ocrx_word' id='word_1_771' title='bbox 3528 4153 3692 4202; x_wconf 88' lang='lat' dir='ltr'><strong>ream,</strong></span> <span class='ocrx_word' id='word_1_772' title='bbox 3723 4156 3784 4193; x_wconf 89' lang='lat' dir='ltr'><strong>an</strong></span> <span class='ocrx_word' id='word_1_773' title='bbox 3811 4155 3892 4192; x_wconf 84' lang='lat' dir='ltr'><strong>na-</strong></span> 
     </span>
    </p>
   </div>
   <div class='ocr_carea' id='block_1_104' title="bbox 2326 4212 3888 4297">
    <p class='ocr_par' dir='ltr' id='par_1_104' title="bbox 2326 4212 3888 4297">
     <span class='ocr_line' id='line_1_104' title="bbox 2326 4212 3888 4297; baseline 0.017 -40"><span class='ocrx_word' id='word_1_774' title='bbox 2326 4212 2495 4260; x_wconf 86' lang='lat' dir='ltr'><strong>turam</strong></span> <span class='ocrx_word' id='word_1_775' title='bbox 2546 4217 2745 4278; x_wconf 90' lang='lat' dir='ltr'><strong>putem.</strong></span> <span class='ocrx_word' id='word_1_776' title='bbox 2793 4231 2810 4264; x_wconf 70' lang='grc' dir='ltr'>δ</span> <span class='ocrx_word' id='word_1_777' title='bbox 2858 4215 2926 4269; x_wconf 83' lang='grc' dir='ltr'><strong>Ει</strong></span> <span class='ocrx_word' id='word_1_778' title='bbox 2975 4218 3040 4271; x_wconf 90' lang='lat' dir='ltr'><strong>ad</strong></span> <span class='ocrx_word' id='word_1_779' title='bbox 3086 4230 3369 4293; x_wconf 86' lang='lat' dir='ltr'><strong>utrumque</strong></span> <span class='ocrx_word' id='word_1_780' title='bbox 3413 4231 3770 4297; x_wconf 57' lang='lat' dir='ltr'><strong>resliondens,</strong></span> <span class='ocrx_word' id='word_1_781' title='bbox 3799 4227 3888 4284; x_wconf 71' lang='lat' dir='ltr'><strong>«Si</strong></span> 
     </span>
    </p>
   </div>
   <div class='ocr_carea' id='block_1_105' title="bbox 2322 4296 3889 4382">
    <p class='ocr_par' dir='ltr' id='par_1_105' title="bbox 2322 4296 3889 4382">
     <span class='ocr_line' id='line_1_105' title="bbox 2322 4296 3889 4382; baseline 0.019 -38"><span class='ocrx_word' id='word_1_782' title='bbox 2322 4296 2610 4362; x_wconf 84' lang='lat' dir='ltr'><strong>actionem,</strong></span> <span class='ocrx_word' id='word_1_783' title='bbox 2649 4319 2668 4352; x_wconf 76' lang='grc' dir='ltr'><strong><em>ι</em></strong></span> <span class='ocrx_word' id='word_1_784' title='bbox 2706 4304 2898 4374; x_wconf 89' lang='lat' dir='ltr'><strong>inquis,</strong></span> <span class='ocrx_word' id='word_1_785' title='bbox 2924 4325 2942 4357; x_wconf 77' lang='grc' dir='ltr'>ι</span> <span class='ocrx_word' id='word_1_786' title='bbox 2977 4311 3204 4367; x_wconf 88' lang='lat' dir='ltr'><strong>ostende</strong></span> <span class='ocrx_word' id='word_1_787' title='bbox 3237 4315 3360 4382; x_wconf 85' lang='lat' dir='ltr'><strong>quid</strong></span> <span class='ocrx_word' id='word_1_788' title='bbox 3391 4296 3618 4375; x_wconf 84' lang='lat' dir='ltr'><strong>fecerint</strong></span> <span class='ocrx_word' id='word_1_789' title='bbox 3640 4339 3652 4376; x_wconf 91' lang='lat'><strong>:</strong></span> <span class='ocrx_word' id='word_1_790' title='bbox 3673 4322 3716 4376; x_wconf 90' lang='lat' dir='ltr'><strong>si</strong></span> <span class='ocrx_word' id='word_1_791' title='bbox 3751 4332 3889 4376; x_wconf 85' lang='lat' dir='ltr'><strong>natu-</strong></span> 
     </span>
    </p>
   </div>
   <div class='ocr_carea' id='block_1_106' title="bbox 2324 4393 3888 4477">
    <p class='ocr_par' dir='ltr' id='par_1_106' title="bbox 2324 4393 3888 4477">
     <span class='ocr_line' id='line_1_106' title="bbox 2324 4393 3888 4477; baseline 0.015 -36"><span class='ocrx_word' id='word_1_792' title='bbox 2324 4405 2468 4457; x_wconf 91' lang='lat' dir='ltr'><strong>ram,</strong></span> <span class='ocrx_word' id='word_1_793' title='bbox 2496 4393 2720 4477; x_wconf 79' lang='lat' dir='ltr'><strong>ostende</strong></span> <span class='ocrx_word' id='word_1_794' title='bbox 2749 4397 2870 4467; x_wconf 90' lang='lat' dir='ltr'><strong>quis</strong></span> <span class='ocrx_word' id='word_1_795' title='bbox 2894 4415 3010 4454; x_wconf 89' lang='lat' dir='ltr'><strong>eam</strong></span> <span class='ocrx_word' id='word_1_796' title='bbox 3043 4401 3250 4458; x_wconf 84' lang='lat' dir='ltr'><strong>fecerit.</strong></span> <span class='ocrx_word' id='word_1_797' title='bbox 3279 4426 3298 4458; x_wconf 73' lang='grc' dir='ltr'><strong><em>ι</em></strong></span> <span class='ocrx_word' id='word_1_798' title='bbox 3325 4407 3488 4477; x_wconf 88' lang='lat' dir='ltr'><strong>Quasi</strong></span> <span class='ocrx_word' id='word_1_799' title='bbox 3518 4421 3575 4468; x_wconf 90' lang='lat' dir='ltr'><strong>et</strong></span> <span class='ocrx_word' id='word_1_800' title='bbox 3604 4415 3740 4468; x_wconf 84' lang='lat' dir='ltr'><strong>actio</strong></span> <span class='ocrx_word' id='word_1_801' title='bbox 3767 4412 3888 4468; x_wconf 85' lang='lat' dir='ltr'><strong>mala</strong></span> 
     </span>
    </p>
   </div>
   <div class='ocr_carea' id='block_1_107' title="bbox 2322 4469 3890 4575">
    <p class='ocr_par' dir='ltr' id='par_1_107' title="bbox 2322 4469 3890 4575">
     <span class='ocr_line' id='line_1_107' title="bbox 2322 4469 3890 4575; baseline 0.017 -43"><span class='ocrx_word' id='word_1_802' title='bbox 2322 4479 2478 4536; x_wconf 89' lang='lat' dir='ltr'><strong>faciat</strong></span> <span class='ocrx_word' id='word_1_803' title='bbox 2503 4483 2604 4538; x_wconf 84' lang='lat' dir='ltr'><strong>nisi</strong></span> <span class='ocrx_word' id='word_1_804' title='bbox 2636 4469 2880 4543; x_wconf 77' lang='lat' dir='ltr'><strong>naturam</strong></span> <span class='ocrx_word' id='word_1_805' title='bbox 2910 4507 3080 4548; x_wconf 87' lang='lat' dir='ltr'><strong>ream.</strong></span> <span class='ocrx_word' id='word_1_806' title='bbox 3105 4497 3328 4554; x_wconf 82' lang='lat' dir='ltr'><strong>Actione</strong></span> <span class='ocrx_word' id='word_1_807' title='bbox 3353 4503 3548 4574; x_wconf 84' lang='lat' dir='ltr'><strong>quippe</strong></span> <span class='ocrx_word' id='word_1_808' title='bbox 3571 4507 3660 4575; x_wconf 89' lang='lat' dir='ltr'><strong>qui</strong></span> <span class='ocrx_word' id='word_1_809' title='bbox 3686 4521 3802 4561; x_wconf 88' lang='lat' dir='ltr'><strong>reus</strong></span> <span class='ocrx_word' id='word_1_810' title='bbox 3817 4512 3890 4558; x_wconf 87' lang='lat' dir='ltr'><strong>est</strong></span> 
     </span>
    </p>
   </div>
   <div class='ocr_carea' id='block_1_108' title="bbox 2321 4573 3884 4652">
    <p class='ocr_par' dir='ltr' id='par_1_108' title="bbox 2321 4573 3884 4652">
     <span class='ocr_line' id='line_1_108' title="bbox 2321 4573 3884 4652; baseline 0.016 -28"><span class='ocrx_word' id='word_1_811' title='bbox 2321 4573 2551 4628; x_wconf 84' lang='lat' dir='ltr'><strong>hominis</strong></span> <span class='ocrx_word' id='word_1_812' title='bbox 2568 4577 2610 4642; x_wconf 81' lang='lat'><strong>’,</strong></span> <span class='ocrx_word' id='word_1_813' title='bbox 2645 4577 2804 4635; x_wconf 88' lang='lat' dir='ltr'><strong>homo</strong></span> <span class='ocrx_word' id='word_1_814' title='bbox 2835 4591 2950 4645; x_wconf 84' lang='lat' dir='ltr'><strong>est;</strong></span> <span class='ocrx_word' id='word_1_815' title='bbox 2980 4585 3140 4640; x_wconf 82' lang='lat' dir='ltr'><strong>homo</strong></span> <span class='ocrx_word' id='word_1_816' title='bbox 3167 4597 3342 4644; x_wconf 84' lang='lat' dir='ltr'><strong>autem</strong></span> <span class='ocrx_word' id='word_1_817' title='bbox 3375 4603 3560 4650; x_wconf 89' lang='lat' dir='ltr'><strong>natura</strong></span> <span class='ocrx_word' id='word_1_818' title='bbox 3591 4605 3692 4652; x_wconf 86' lang='lat' dir='ltr'><strong>est.</strong></span> <span class='ocrx_word' id='word_1_819' title='bbox 3720 4596 3884 4650; x_wconf 86' lang='lat' dir='ltr'><strong>llomi-</strong></span> 
     </span>
    </p>
   </div>
   <div class='ocr_carea' id='block_1_109' title="bbox 2319 4653 3886 4751">
    <p class='ocr_par' dir='ltr' id='par_1_109' title="bbox 2319 4653 3886 4751">
     <span class='ocr_line' id='line_1_109' title="bbox 2319 4653 3886 4751; baseline 0.016 -37"><span class='ocrx_word' id='word_1_820' title='bbox 2319 4677 2414 4716; x_wconf 85' lang='lat' dir='ltr'><strong>nes</strong></span> <span class='ocrx_word' id='word_1_821' title='bbox 2442 4663 2620 4734; x_wconf 81' lang='lat' dir='ltr'><strong>igitur,</strong></span> <span class='ocrx_word' id='word_1_822' title='bbox 2648 4653 2785 4724; x_wconf 72' lang='lat' dir='ltr'><strong>sicut</strong></span> <span class='ocrx_word' id='word_1_823' title='bbox 2812 4673 3010 4739; x_wconf 84' lang='lat' dir='ltr'><strong>peccati</strong></span> <span class='ocrx_word' id='word_1_824' title='bbox 3040 4679 3248 4734; x_wconf 89' lang='lat' dir='ltr'><strong>actione</strong></span> <span class='ocrx_word' id='word_1_825' title='bbox 3277 4683 3542 4751; x_wconf 83' lang='lat' dir='ltr'><strong>majores,</strong></span> <span class='ocrx_word' id='word_1_826' title='bbox 3575 4687 3643 4740; x_wconf 89' lang='lat' dir='ltr'><strong>ita</strong></span> <span class='ocrx_word' id='word_1_827' title='bbox 3673 4688 3886 4741; x_wconf 81' lang='lat' dir='ltr'><strong>minores</strong></span> 
     </span>
    </p>
   </div>
   <div class='ocr_carea' id='block_1_110' title="bbox 2319 4753 3882 4846">
    <p class='ocr_par' dir='ltr' id='par_1_110' title="bbox 2319 4753 3882 4846">
     <span class='ocr_line' id='line_1_110' title="bbox 2319 4753 3882 4846; baseline 0.016 -42"><span class='ocrx_word' id='word_1_828' title='bbox 2319 4753 2577 4823; x_wconf 78' lang='lat' dir='ltr'><strong>najorum</strong></span> <span class='ocrx_word' id='word_1_829' title='bbox 2607 4762 2922 4831; x_wconf 81' lang='lat' dir='ltr'><strong>contagione</strong></span> <span class='ocrx_word' id='word_1_830' title='bbox 2951 4775 3078 4820; x_wconf 89' lang='lat' dir='ltr'><strong>sunt</strong></span> <span class='ocrx_word' id='word_1_831' title='bbox 3099 4771 3172 4822; x_wconf 89' lang='lat' dir='ltr'><strong>rei</strong></span> <span class='ocrx_word' id='word_1_832' title='bbox 3199 4788 3212 4822; x_wconf 90' lang='lat'><strong>:</strong></span> <span class='ocrx_word' id='word_1_833' title='bbox 3238 4771 3322 4826; x_wconf 88' lang='lat' dir='ltr'><strong>isti</strong></span> <span class='ocrx_word' id='word_1_834' title='bbox 3345 4789 3409 4828; x_wconf 83' lang='lat' dir='ltr'><strong>ex</strong></span> <span class='ocrx_word' id='word_1_835' title='bbox 3431 4791 3498 4830; x_wconf 90' lang='lat' dir='ltr'><strong>co</strong></span> <span class='ocrx_word' id='word_1_836' title='bbox 3518 4779 3659 4846; x_wconf 90' lang='lat' dir='ltr'><strong>quod</strong></span> <span class='ocrx_word' id='word_1_837' title='bbox 3683 4777 3882 4840; x_wconf 83' lang='lat' dir='ltr'><strong>faciunt,</strong></span> 
     </span>
    </p>
   </div>
   <div class='ocr_carea' id='block_1_111' title="bbox 2317 4841 3884 4938">
    <p class='ocr_par' dir='ltr' id='par_1_111' title="bbox 2317 4841 3884 4938">
     <span class='ocr_line' id='line_1_111' title="bbox 2317 4841 3884 4938; baseline 0.015 -42"><span class='ocrx_word' id='word_1_838' title='bbox 2317 4841 2388 4898; x_wconf 92' lang='lat' dir='ltr'><strong>illi</strong></span> <span class='ocrx_word' id='word_1_839' title='bbox 2419 4861 2484 4900; x_wconf 82' lang='lat' dir='ltr'><strong>ex</strong></span> <span class='ocrx_word' id='word_1_840' title='bbox 2516 4849 2710 4917; x_wconf 88' lang='lat' dir='ltr'><strong>quibus</strong></span> <span class='ocrx_word' id='word_1_841' title='bbox 2733 4852 2994 4922; x_wconf 84' lang='lat' dir='ltr'><strong>originem</strong></span> <span class='ocrx_word' id='word_1_842' title='bbox 3025 4856 3243 4914; x_wconf 88' lang='lat' dir='ltr'><strong>ducunt.</strong></span> <span class='ocrx_word' id='word_1_843' title='bbox 3270 4841 3614 4931; x_wconf 38' lang='lat' dir='ltr'><strong>Quocirca-in</strong></span> <span class='ocrx_word' id='word_1_844' title='bbox 3645 4865 3884 4938; x_wconf 82' lang='lat' dir='ltr'><strong>parvnlls’</strong></span> 
     </span>
    </p>
   </div>
   <div class='ocr_carea' id='block_1_112' title="bbox 2315 4931 3882 5024">
    <p class='ocr_par' dir='ltr' id='par_1_112' title="bbox 2315 4931 3882 5024">
     <span class='ocr_line' id='line_1_112' title="bbox 2315 4931 3882 5024; baseline 0.015 -39"><span class='ocrx_word' id='word_1_845' title='bbox 2315 4931 2514 4990; x_wconf 90' lang='lat' dir='ltr'><strong>bonum</strong></span> <span class='ocrx_word' id='word_1_846' title='bbox 2561 4949 2662 5002; x_wconf 87' lang='lat' dir='ltr'><strong>est,</strong></span> <span class='ocrx_word' id='word_1_847' title='bbox 2705 4942 2845 5010; x_wconf 91' lang='lat' dir='ltr'><strong>quod</strong></span> <span class='ocrx_word' id='word_1_848' title='bbox 2897 4943 3143 5002; x_wconf 87' lang='lat' dir='ltr'><strong>homines</strong></span> <span class='ocrx_word' id='word_1_849' title='bbox 3189 4961 3348 5017; x_wconf 90' lang='lat' dir='ltr'><strong>sunt;</strong></span> <span class='ocrx_word' id='word_1_850' title='bbox 3377 4957 3518 5024; x_wconf 88' lang='lat' dir='ltr'><strong>quod</strong></span> <span class='ocrx_word' id='word_1_851' title='bbox 3549 4959 3766 5012; x_wconf 90' lang='lat' dir='ltr'><strong>omnino</strong></span> <span class='ocrx_word' id='word_1_852' title='bbox 3789 4971 3882 5010; x_wconf 87' lang='lat' dir='ltr'><strong>non</strong></span> 
     </span>
    </p>
   </div>
   <div class='ocr_carea' id='block_1_113' title="bbox 2312 5027 3882 5104">
    <p class='ocr_par' dir='ltr' id='par_1_113' title="bbox 2312 5027 3882 5104">
     <span class='ocr_line' id='line_1_113' title="bbox 2312 5027 3882 5104; baseline 0.013 -26"><span class='ocrx_word' id='word_1_853' title='bbox 2312 5035 2510 5091; x_wconf 71' lang='lat' dir='ltr'><strong>essent,</strong></span> <span class='ocrx_word' id='word_1_854' title='bbox 2543 5027 2644 5080; x_wconf 89' lang='lat' dir='ltr'><strong>nisi</strong></span> <span class='ocrx_word' id='word_1_855' title='bbox 2676 5044 2770 5084; x_wconf 90' lang='lat' dir='ltr'><strong>eos</strong></span> <span class='ocrx_word' id='word_1_856' title='bbox 2800 5032 2889 5087; x_wconf 88' lang='lat' dir='ltr'><strong>ille</strong></span> <span class='ocrx_word' id='word_1_857' title='bbox 2921 5037 3008 5104; x_wconf 89' lang='lat' dir='ltr'><strong>qui</strong></span> <span class='ocrx_word' id='word_1_858' title='bbox 3040 5053 3248 5094; x_wconf 90' lang='lat' dir='ltr'><strong>summe</strong></span> <span class='ocrx_word' id='word_1_859' title='bbox 3277 5041 3446 5097; x_wconf 88' lang='lat' dir='ltr'><strong>bonus</strong></span> <span class='ocrx_word' id='word_1_860' title='bbox 3479 5055 3561 5100; x_wconf 84' lang='lat' dir='ltr'><strong>est</strong></span> <span class='ocrx_word' id='word_1_861' title='bbox 3589 5048 3882 5102; x_wconf 78' lang='lat' dir='ltr'><strong>creavisset.</strong></span> 
     </span>
    </p>
   </div>
   <div class='ocr_carea' id='block_1_114' title="bbox 2375 5181 3882 5252">
    <p class='ocr_par' dir='ltr' id='par_1_114' title="bbox 2375 5181 3882 5252">
     <span class='ocr_line' id='line_1_114' title="bbox 2375 5181 3882 5252; baseline 0.013 -23"><span class='ocrx_word' id='word_1_862' title='bbox 2375 5181 2391 5211; x_wconf 74' lang='grc'>⁸</span> <span class='ocrx_word' id='word_1_863' title='bbox 2427 5185 2780 5252; x_wconf 44' lang='grc' dir='ltr'><strong>Ροβίλεωεψεὶι</strong></span> <span class='ocrx_word' id='word_1_864' title='bbox 2811 5190 3090 5252; x_wconf 67' lang='lat' dir='ltr'><strong>exordium,</strong></span> <span class='ocrx_word' id='word_1_865' title='bbox 3113 5193 3163 5242; x_wconf 89' lang='lat' dir='ltr'><strong>in</strong></span> <span class='ocrx_word' id='word_1_866' title='bbox 3188 5195 3334 5246; x_wconf 87' lang='lat' dir='ltr'><strong>editis</strong></span> <span class='ocrx_word' id='word_1_867' title='bbox 3347 5197 3562 5250; x_wconf 83' lang='lat' dir='ltr'><strong>additur:</strong></span> <span class='ocrx_word' id='word_1_868' title='bbox 3587 5199 3716 5252; x_wconf 76' lang='lat' dir='ltr'><strong>sicut</strong></span> <span class='ocrx_word' id='word_1_869' title='bbox 3736 5198 3882 5250; x_wconf 77' lang='lat' dir='ltr'><strong>rcitat-</strong></span> 
     </span>
    </p>
   </div>
   <div class='ocr_carea' id='block_1_115' title="bbox 2307 5243 3883 5324">
    <p class='ocr_par' dir='ltr' id='par_1_115' title="bbox 2307 5243 3883 5324">
     <span class='ocr_line' id='line_1_115' title="bbox 2307 5243 3883 5324; baseline -0.021 16"><span class='ocrx_word' id='word_1_870' title='bbox 2307 5246 2384 5324; x_wconf 58' lang='grc' dir='ltr'><strong>ἀἱ</strong></span> <span class='ocrx_word' id='word_1_871' title='bbox 2398 5243 2744 5324; x_wconf 51' lang='lat' dir='ltr'><strong>“mir-itii“</strong></span> <span class='ocrx_word' id='word_1_872' title='bbox 2763 5249 2898 5324; x_wconf 66' lang='lat' dir='ltr'><strong>oriae</strong></span> <span class='ocrx_word' id='word_1_873' title='bbox 2919 5243 3123 5324; x_wconf 67' lang='grc' dir='ltr'><strong>ρεοεαέξ,</strong></span> <span class='ocrx_word' id='word_1_874' title='bbox 3150 5243 3209 5324; x_wconf 68' lang='grc' dir='ltr'><strong>ἰᾷ</strong></span> <span class='ocrx_word' id='word_1_875' title='bbox 3225 5243 3883 5324; x_wconf 43' lang='lat' dir='ltr'><strong>insinuem.</strong></span> 
     </span>
    </p>
   </div>
   <div class='ocr_carea' id='block_1_116' title="bbox 2307 5309 3881 5380">
    <p class='ocr_par' dir='ltr' id='par_1_116' title="bbox 2307 5309 3881 5380">
     <span class='ocr_line' id='line_1_116' title="bbox 2307 5309 3881 5380; baseline 0.013 -32"><span class='ocrx_word' id='word_1_876' title='bbox 2307 5309 2466 5380; x_wconf 64' lang='lat' dir='ltr'><strong>cntum</strong></span> <span class='ocrx_word' id='word_1_877' title='bbox 2487 5315 2712 5380; x_wconf 69' lang='lat' dir='ltr'><strong>exortum</strong></span> <span class='ocrx_word' id='word_1_878' title='bbox 2735 5316 2821 5370; x_wconf 79' lang='lat' dir='ltr'><strong>est,</strong></span> <span class='ocrx_word' id='word_1_879' title='bbox 2837 5309 2890 5362; x_wconf 67' lang='grc' dir='ltr'><strong>’ἐι</strong></span> <span class='ocrx_word' id='word_1_880' title='bbox 2903 5309 3258 5380; x_wconf 61' lang='lat' dir='ltr'><strong>pacatior-iga</strong></span> <span class='ocrx_word' id='word_1_881' title='bbox 3279 5309 3501 5370; x_wconf 67' lang='lat' dir='ltr'><strong>velitatus</strong></span> <span class='ocrx_word' id='word_1_882' title='bbox 3514 5309 3766 5374; x_wconf 53' lang='lat' dir='ltr'><strong>statim.&quot;</strong></span> <span class='ocrx_word' id='word_1_883' title='bbox 3787 5309 3881 5370; x_wconf 75' lang='lat' dir='ltr'><strong>rHoc</strong></span> 
     </span>
    </p>
   </div>
   <div class='ocr_carea' id='block_1_117' title="bbox 2305 5361 3880 5452">
    <p class='ocr_par' dir='ltr' id='par_1_117' title="bbox 2305 5361 3880 5452">
     <span class='ocr_line' id='line_1_117' title="bbox 2305 5361 3880 5452; baseline 0.015 -43"><span class='ocrx_word' id='word_1_884' title='bbox 2305 5361 2600 5452; x_wconf 64' lang='lat' dir='ltr'><strong>glossemate</strong></span> <span class='ocrx_word' id='word_1_885' title='bbox 2653 5361 2824 5452; x_wconf 53' lang='lat' dir='ltr'><strong>carent:</strong></span> <span class='ocrx_word' id='word_1_886' title='bbox 2854 5361 2992 5452; x_wconf 15' lang='lat' dir='ltr'><strong>id:ro</strong></span> <span class='ocrx_word' id='word_1_887' title='bbox 3008 5361 3017 5363; x_wconf 36' lang='lat'>_</span> <span class='ocrx_word' id='word_1_888' title='bbox 3032 5361 3609 5452; x_wconf 60' lang='lat'><strong>2;</strong></span> <span class='ocrx_word' id='word_1_889' title='bbox 3631 5361 3733 5434; x_wconf 62' lang='lat' dir='ltr'><strong>Mss.</strong></span> <span class='ocrx_word' id='word_1_890' title='bbox 3775 5391 3880 5452; x_wconf 57' lang='grc' dir='ltr'><strong>πρε</strong></span> 
     </span>
    </p>
   </div>
   <div class='ocr_carea' id='block_1_118' title="bbox 2306 5427 3880 5500">
    <p class='ocr_par' dir='ltr' id='par_1_118' title="bbox 2306 5427 3880 5500">
     <span class='ocr_line' id='line_1_118' title="bbox 2306 5427 3880 5500; baseline 0.017 -28"><span class='ocrx_word' id='word_1_891' title='bbox 2306 5437 2440 5500; x_wconf 70' lang='lat' dir='ltr'><strong>vero,</strong></span> <span class='ocrx_word' id='word_1_892' title='bbox 2456 5427 2538 5500; x_wconf 73' lang='lat' dir='ltr'><strong>alii</strong></span> <span class='ocrx_word' id='word_1_893' title='bbox 2563 5443 2648 5500; x_wconf 81' lang='lat' dir='ltr'><strong>pro</strong></span> <span class='ocrx_word' id='word_1_894' title='bbox 2670 5433 2825 5500; x_wconf 60' lang='grc' dir='ltr'><strong>τείρεα</strong></span> <span class='ocrx_word' id='word_1_895' title='bbox 2857 5436 3068 5488; x_wconf 77' lang='lat' dir='ltr'><strong>voluntas</strong></span> <span class='ocrx_word' id='word_1_896' title='bbox 3105 5427 3264 5500; x_wconf 65' lang='grc' dir='ltr'><strong>ἱηαιίῖ,</strong></span> <span class='ocrx_word' id='word_1_897' title='bbox 3294 5427 3468 5494; x_wconf 70' lang='lat' dir='ltr'><strong>lerunt</strong></span> <span class='ocrx_word' id='word_1_898' title='bbox 3483 5427 3744 5496; x_wconf 32' lang='lat' dir='ltr'><strong>itione-uvas</strong></span> <span class='ocrx_word' id='word_1_899' title='bbox 3767 5442 3880 5494; x_wconf 73' lang='grc' dir='ltr'><strong>ωιὶηι</strong></span> 
     </span>
    </p>
   </div>
   <div class='ocr_carea' id='block_1_119' title="bbox 2303 5486 3612 5566">
    <p class='ocr_par' dir='ltr' id='par_1_119' title="bbox 2303 5486 3612 5566">
     <span class='ocr_line' id='line_1_119' title="bbox 2303 5486 3612 5566; baseline 0.014 -31"><span class='ocrx_word' id='word_1_900' title='bbox 2303 5486 2478 5566; x_wconf 62' lang='lat' dir='ltr'><strong>mqqu</strong></span> <span class='ocrx_word' id='word_1_901' title='bbox 2497 5486 2806 5566; x_wconf 50' lang='lat' dir='ltr'><strong>tfloriacetisis</strong></span> <span class='ocrx_word' id='word_1_902' title='bbox 2829 5503 2927 5566; x_wconf 70' lang='lat' dir='ltr'><strong>Ms,</strong></span> <span class='ocrx_word' id='word_1_903' title='bbox 2954 5486 3086 5566; x_wconf 53' lang='lat' dir='ltr'><strong>Quod</strong></span> <span class='ocrx_word' id='word_1_904' title='bbox 3106 5486 3504 5566; x_wconf 44' lang='lat' dir='ltr'><strong>ititihid&#39;hfdii,’</strong></span> <span class='ocrx_word' id='word_1_905' title='bbox 3519 5486 3612 5557; x_wconf 66' lang='lat' dir='ltr'><strong>éi&#39;c&#39;.’</strong></span> 
     </span>
    </p>
   </div>
   <div class='ocr_carea' id='block_1_120' title="bbox 2371 5549 3876 5624">
    <p class='ocr_par' dir='ltr' id='par_1_120' title="bbox 2371 5549 3876 5624">
     <span class='ocr_line' id='line_1_120' title="bbox 2371 5549 3876 5624; baseline 0.013 -27"><span class='ocrx_word' id='word_1_906' title='bbox 2371 5549 2391 5579; x_wconf 81' lang='grc'><strong><em>³</em></strong></span> <span class='ocrx_word' id='word_1_907' title='bbox 2423 5556 2548 5622; x_wconf 70' lang='lat' dir='ltr'><strong>Post,</strong></span> <span class='ocrx_word' id='word_1_908' title='bbox 2572 5551 2656 5624; x_wconf 75' lang='lat' dir='ltr'><strong>qui</strong></span> <span class='ocrx_word' id='word_1_909' title='bbox 2678 5569 2791 5624; x_wconf 71' lang='lat' dir='ltr'><strong>reus</strong></span> <span class='ocrx_word' id='word_1_910' title='bbox 2825 5549 2931 5615; x_wconf 69' lang='lat' dir='ltr'><strong>est,</strong></span> <span class='ocrx_word' id='word_1_911' title='bbox 2955 5549 3486 5624; x_wconf 29' lang='lat' dir='ltr'><strong>addimusfl&#39;ioininis,’</strong></span> <span class='ocrx_word' id='word_1_912' title='bbox 3506 5549 3876 5620; x_wconf 31' lang='lat' dir='ltr'><strong>exv&#39;Floriacensi</strong></span> 
     </span>
    </p>
   </div>
   <div class='ocr_carea' id='block_1_121' title="bbox 2302 5613 3875 5686">
    <p class='ocr_par' dir='ltr' id='par_1_121' title="bbox 2302 5613 3875 5686">
     <span class='ocr_line' id='line_1_121' title="bbox 2302 5613 3875 5686; baseline 0.001 -15"><span class='ocrx_word' id='word_1_913' title='bbox 2302 5613 2638 5686; x_wconf 52' lang='lat' dir='ltr'><strong>manusuam.</strong></span> <span class='ocrx_word' id='word_1_914' title='bbox 2655 5619 2738 5686; x_wconf 71' lang='lat' dir='ltr'><strong>qui</strong></span> <span class='ocrx_word' id='word_1_915' title='bbox 2752 5613 2925 5668; x_wconf 79' lang='lat' dir='ltr'><strong>tamen</strong></span> <span class='ocrx_word' id='word_1_916' title='bbox 2936 5623 3090 5671; x_wconf 84' lang='lat' dir='ltr'><strong>codex</strong></span> <span class='ocrx_word' id='word_1_917' title='bbox 3133 5613 3875 5686; x_wconf 29' lang='lat' dir='ltr'><strong>[testes-emittit,‘h_omines,ante</strong></span> 
     </span>
    </p>
   </div>
   <div class='ocr_carea' id='block_1_122' title="bbox 2303 5673 3800 5754">
    <p class='ocr_par' dir='ltr' id='par_1_122' title="bbox 2303 5673 3800 5754">
     <span class='ocr_line' id='line_1_122' title="bbox 2303 5673 3800 5754; baseline -0.035 -20"><span class='ocrx_word' id='word_1_918' title='bbox 2303 5673 2642 5754; x_wconf 41' lang='lat' dir='ltr'><strong>Vegleirtlgitur</strong></span> <span class='ocrx_word' id='word_1_919' title='bbox 2671 5673 2812 5749; x_wconf 60' lang='grc' dir='ltr'><em>ὲίςυι,</em></span> <span class='ocrx_word' id='word_1_920' title='bbox 2899 5697 2913 5712; x_wconf 78' lang='grc' dir='ltr'><em>ο</em></span> <span class='ocrx_word' id='word_1_921' title='bbox 3000 5741 3030 5754; x_wconf 60' lang='grc' dir='ltr'>η</span> <span class='ocrx_word' id='word_1_922' title='bbox 3328 5673 3598 5686; x_wconf 48' lang='grc' dir='ltr'><strong>’νίν-τν--ν-νν-</strong></span> <span class='ocrx_word' id='word_1_923' title='bbox 3637 5673 3664 5680; x_wconf 72' lang='grc' dir='ltr'><strong><em>ν-</em></strong></span> <span class='ocrx_word' id='word_1_924' title='bbox 3739 5673 3752 5686; x_wconf 80' lang='grc'><strong><em>,</em></strong></span> <span class='ocrx_word' id='word_1_925' title='bbox 3791 5746 3800 5754; x_wconf 37' lang='grc'><strong>⁸</strong></span> 
     </span>
    </p>
   </div>
   <div class='ocr_carea' id='block_1_123' title="bbox 2311 5731 3876 5847">
    <p class='ocr_par' dir='ltr' id='par_1_123' title="bbox 2311 5731 3876 5847">
     <span class='ocr_line' id='line_1_123' title="bbox 2311 5731 3876 5847; baseline 0.013 -69"><span class='ocrx_word' id='word_1_926' title='bbox 2311 5791 2351 5840; x_wconf 52' lang='lat' dir='ltr'><strong>in</strong></span> <span class='ocrx_word' id='word_1_927' title='bbox 2366 5731 2814 5847; x_wconf 43' lang='lat' dir='ltr'><strong>mlitilhquocirca</strong></span> <span class='ocrx_word' id='word_1_928' title='bbox 2841 5741 3046 5804; x_wconf 77' lang='lat' dir='ltr'><strong>parvuli.</strong></span> <span class='ocrx_word' id='word_1_929' title='bbox 3091 5752 3146 5796; x_wconf 81' lang='lat' dir='ltr'><strong>At</strong></span> <span class='ocrx_word' id='word_1_930' title='bbox 3177 5746 3492 5800; x_wconf 78' lang='lat' dir='ltr'><strong>Floriaccnsis</strong></span> <span class='ocrx_word' id='word_1_931' title='bbox 3527 5757 3630 5811; x_wconf 60' lang='lat' dir='ltr'><strong>his,</strong></span> <span class='ocrx_word' id='word_1_932' title='bbox 3665 5746 3876 5812; x_wconf 60' lang='lat' dir='ltr'><strong>quorum</strong></span> 
     </span>
     <span class='ocr_line' id='line_1_124' title="bbox 2467 5809 2603 5844; baseline 0.015 -2"><span class='ocrx_word' id='word_1_933' title='bbox 2467 5809 2523 5842; x_wconf 77' lang='lat' dir='ltr'><strong>ru</strong></span> <span class='ocrx_word' id='word_1_934' title='bbox 2590 5829 2603 5844; x_wconf 92' lang='lat'><strong>.</strong></span> 
     </span>
    </p>
   </div>
   <div class='ocr_carea' id='block_1_124' title="bbox 2303 5803 2603 5855">
    <p class='ocr_par' dir='ltr' id='par_1_124' title="bbox 2303 5803 2603 5855">
     <span class='ocr_line' id='line_1_125' title="bbox 2303 5803 2603 5855; baseline 0.013 -15"><span class='ocrx_word' id='word_1_935' title='bbox 2303 5803 2351 5840; x_wconf 83' lang='lat' dir='ltr'><strong>tn</strong></span> <span class='ocrx_word' id='word_1_936' title='bbox 2372 5803 2603 5855; x_wconf 61' lang='lat' dir='ltr'><strong>portatus.</strong></span> 
     </span>
    </p>
   </div>
  </div>
