4118 6522
263 393 362 450 'lit‘.)

272 511 456 565 italum
482 521 610 563 vero
639 506 685 564 si
715 503 916 561 nullum
943 516 1012 558 ex
1030 500 1236 573 origine
1258 496 1551 556 traherent,
1576 507 1846 562 nunquam

268 616 384 654 cum
415 599 557 655 vitiis
600 597 686 654 vel
724 594 1094 670 corporalibus
1139 597 1502 646 nascerentur.
1538 585 1680 639 Deus
1706 581 1849 636 enim

269 690 352 749 oni
375 701 454 746 est
481 691 805 758 animarum,
826 689 940 760 ipse
968 694 1052 741 est
1081 683 1241 740 etiam
1269 693 1552 751 corporum
1581 674 1848 738 conditor,

267 785 352 854 qui
383 783 562 853 utique
593 783 840 837 humana:
885 780 942 836 in
992 781 1100 848 ipsa
1147 775 1454 830 conditione
1493 782 1696 825 naturm
1723 766 1850 820 vitia

270 891 368 929 non
401 873 585 946 inﬂigit
626 873 928 929 immeritae.
958 869 1142 940 Neque
1177 867 1318 922 enim
1347 864 1416 919 de
1447 857 1850 917 innumerabili-

269 965 362 1021 hus
392 965 648 1034 parvulis,
677 964 768 1036 qui
793 971 852 1019 et
879 963 932 1018 in
959 962 1137 1015 animo
1161 957 1282 1013 etin
1305 967 1532 1024 corpore
1553 966 1674 1006 cum
1707 958 1848 1002 tanta

269 1057 510 1111 vitiorum
553 1043 808 1110 varietate
847 1063 1158 1112 nascuntur,
1201 1049 1305 1104 hoc
1341 1047 1444 1102 dici
1473 1051 1665 1114 potest,
1707 1036 1849 1110 quod

269 1147 521 1202 Dominus
544 1147 618 1201 ait
639 1147 707 1202 de
736 1146 830 1202 illo
851 1143 947 1216 'qui
969 1158 1146 1198 cwcus
1166 1148 1323 1196 natus
1343 1147 1455 1202 est;
1497 1148 1602 1188 non
1633 1140 1851 1203 propter

268 1249 536 1312 peccatum
580 1239 768 1310 ipsius,
795 1238 879 1294 vel
933 1243 1235 1308 parentum,
1269 1231 1320 1286 id
1351 1245 1471 1285 esse
1502 1222 1721 1289 factum,
1755 1221 1849 1277 scd

265 1343 322 1388 nt
359 1330 830 1388 manifestarentur
869 1345 1030 1400 Opera
1077 1327 1168 1383 Dei
1214 1325 1267 1380 in
1313 1323 1404 1378 illo
1433 1321 1622 1393 (Jonn.
1653 1333 1726 1382 ix,
1754 1317 1848 1382 '5).

265 1423 409 1479 Multi
435 1423 634 1495 quippe
673 1437 774 1478 nec
809 1430 1072 1478 sanantur
1096 1415 1337 1478 omnino,
1369 1413 1464 1470 sed
1494 1427 1614 1468 cum
1645 1407 1848 1463 eisdem

264 1515 422 1582 vitiis,
455 1516 570 1570 sive
594 1514 831 1586 qualibet
858 1515 874 1545 ί
905 1522 1095 1575 :rtate,
1127 1511 1240 1564 sive
1287 1507 1337 1562 in
1382 1505 1494 1578 ipsa
1549 1502 1852 1558 moriuntur

266 1605 504 1660 infantia.
545 1605 832 1660 Nonnullis
875 1605 1035 1660 etiam
1076 1600 1306 1672 parvulis
1345 1598 1455 1667 jam
1505 1595 1738 1664 renatis,
1766 1592 1851 1646 vel

265 1696 578 1768 permanent
600 1712 720 1752 cum
749 1695 944 1767 quibus
972 1701 1096 1748 sunt
1125 1692 1255 1755 nati,
1287 1691 1371 1744 vel
1399 1686 1640 1742 accidunt
1667 1684 1854 1752 hujus-

265 1789 402 1843 modi
433 1789 596 1856 mala,
619 1789 756 1843 absit
784 1797 840 1842 ut
867 1787 1108 1842 dicamus
1135 1783 1349 1852 indigne
1373 1799 1385 1834 :
1410 1779 1504 1834 sed
1535 1778 1652 1832 hinc
1675 1777 1852 1848 potius

265 1880 622 1950 intelligamus
653 1880 733 1934 eis
765 1878 832 1933 ad
861 1879 1086 1932 alterum
1115 1875 1368 1930 smeulum
1397 1869 1676 1940 prodesse,
1709 1866 1851 1937 quod

263 1980 647 2034 renascuntur;
677 1968 837 2036 hujus
863 1975 1040 2022 autem
1081 1963 1260 2020 saeculi
1295 1959 1696 2030 dispositionem
1731 1973 1856 2028 pro-

264 2073 376 2136 pter
395 2066 584 2119 vitium
605 2065 628 2098 ¹
656 2061 920 2133 superbia:
962 2059 1213 2121 hominis,
1242 2069 1340 2126 per
1363 2054 1506 2124 quod
1533 2047 1853 2120 apostatavit

260 2169 289 2210 ιι
319 2155 426 2210 Deo
447 2153 639 2228 (Eccli‘.
667 2169 722 2220 x,
752 2153 839 2218 ιιι,
871 2153 985 2223 f5),
1008 2149 1235 2204 diversis
1255 2147 1407 2201 malis
1435 2145 1706 2198 hominum
1733 2155 1854 2212 per-

262 2247 340 2316 agi
364 2248 416 2300 in
441 2245 578 2316 iugo
599 2242 744 2315 gravi
761 2259 912 2315 super
933 2243 1066 2314 ﬁlios
1092 2239 1278 2303 Adam,
1298 2254 1330 2290 a
1353 2236 1437 2290 die
1463 2235 1628 2289 exitus
1647 2233 1710 2286 de
1728 2245 1852 2286 ven-

265 2348 336 2392 tre
361 2325 540 2391 matris
566 2352 760 2400 eorum,
801 2350 958 2405 usque
1003 2334 1056 2386 in
1101 2332 1234 2384 diem
1259 2325 1541 2400 sepultum
1562 2325 1616 2379 in
1641 2332 1854 2384 Matrem

265 2433 482 2486 omnium
512 2429 624 2504 (Id.
653 2446 746 2496 ιι,
779 2430 857 2501 1).

331 2520 562 2578 CAPUT
603 2521 713 2576 VII.
739 2550 814 2562 —
839 2519 925 2574 ιι.
952 2515 1110 2588 Quod
1135 2515 1314 2571 autem
1337 2514 1390 2569 in
1421 2513 1525 2568 hoc
1547 2523 1711 2580 opere
1742 2519 1853 2574 tuo,

267 2613 533 2686 quomodo
560 2613 690 2668 fiant
717 2628 744 2666 a
767 2611 1061 2668 dialecticis
1089 2605 1407 2682 syllogismi,
1431 2603 1576 2660 unde
1598 2603 1854 2672 quaestio-

269 2724 384 2763 nem
409 2708 502 2762 tibi
534 2706 717 2764 nullus
736 2703 958 2785 objecit,
984 2701 1181 2758 docere
1197 2698 1448 2763 conaris;
1476 2704 1734 2785 quantum
1762 2691 1855 2785 tibi

268 2800 464 2870 places,
489 2805 696 2854 tantmn
728 2782 978 2868 gravibus
1009 2791 1296 2848 lectoribus
1311 2789 1583 2860 dispitccs.
1602 2784 1688 2852 Et,
1715 2782 1855 2852 quod

267 2901 340 2946 est
354 2891 695 2964 pejus,lingis
710 2905 794 2944 me
808 2889 986 2944 dicere
997 2885 1140 2958 quod
1154 2900 1257 2939 non
1278 2885 1420 2949 dico,
1434 2880 1750 2936 conclmlere
1762 2877 1859 2933 sio-

267 2995 445 3040 utnon
467 2983 750 3046 concludo,
784 2980 1079 3037 concedere
1097 2977 1240 3050 quod
1263 2992 1367 3032 non
1385 2972 1644 3040 concedo,
1667 2982 1721 3026 et
1735 2986 1857 3028 con-

267 3077 431 3134 cludis
461 3077 558 3132 tibi
586 3077 698 3146 ipse
725 3073 869 3146 quod
898 3089 1089 3132 renuo.
1107 3069 1330 3138 Quando
1351 3069 1494 3124 enim
1517 3081 1618 3138 ego
1645 3063 1854 3136 negavi,

273 3187 292 3220 ι
314 3177 558 3223 naturam
580 3165 852 3222 hominum
870 3181 990 3221 esse
1011 3162 1352 3228 laudabilem,
1377 3180 1397 3213 ι
1423 3161 1474 3214 in
1493 3165 1749 3230 quantum
1770 3155 1859 3211 ho-

268 3262 433 3316 mines
460 3261 630 3317 sunt?
653 3257 876 3329 Quando
904 3258 1048 3322 dixi,
1075 3275 1094 3308 ι
1127 3255 1196 3312 ob
1217 3255 1317 3310 hoc
1351 3254 1523 3324 ipsum
1547 3266 1666 3308 reos
1703 3263 1855 3316 esse,

269 3354 384 3420 quia
403 3361 550 3413 sunt;
575 3371 595 3404 ι
615 3367 736 3406 cum
756 3349 994 3420 profecto
1008 3336 1205 3409 essent,
1224 3360 1322 3400 nec
1336 3344 1412 3398 rei
1426 3351 1624 3406 essent,
1639 3341 1682 3396 si
1697 3355 1858 3395 nemo

268 3444 580 3514 peccasset?
608 3444 833 3513 Quando
856 3441 999 3506 dixi,
1045 3459 1066 3494 ι
1115 3439 1494 3496 fecunditatem
1524 3450 1645 3490 esse
1669 3447 1856 3502 repro-

269 3537 528 3605 bandam;
573 3557 592 3590 ι
621 3552 742 3592 cum
769 3532 838 3592 ad
872 3533 1300 3592 benedictionem
1345 3529 1608 3600 pertineat
1648 3525 1860 3595 nuptia-

269 3633 417 3687 rum?
446 3631 736 3703 Quomodo
760 3648 790 3686 a
823 3641 1143 3704 tepeterem
1170 3641 1227 3710 ut
1254 3627 1356 3682 hoc
1383 3625 1556 3696 ipsum
1598 3621 1862 3678 concede-

271 3739 372 3786 res,
393 3724 541 3796 quod
576 3725 690 3794 ipse
717 3739 822 3778 non
854 3721 1004 3780 dixi?
1457 3771 1461 3774 .

338 3817 422 3869 15.
453 3815 579 3872 Jam
624 3830 756 3871 vero
805 3813 947 3884 quod
992 3828 1079 3867 me
1123 3809 1259 3866 dicis
1299 3821 1596 3872 assumere,
1631 3823 1650 3854 ι
1676 3803 1862 3860 Omnis

269 3907 583 3963 commixtio
612 3919 898 3976 corporum
925 3905 1102 3969 mala;
1138 3921 1157 3956 ι
1200 3899 1330 3956 nihil
1365 3902 1540 3955 minus
1571 3903 1675 3963 est,
1703 3911 1862 3966 quam

271 4010 324 4052 ιιι
349 4000 516 4066 dicas,
557 4013 645 4054 me
683 3998 844 4053 etiam
872 3995 982 4052 viui
1020 4004 1076 4051 et
1117 4010 1269 4066 aquae
1299 4007 1582 4048 accusasse
1605 3988 1864 4046 commix-

271 4091 486 4156 tionem,
518 4089 737 4162 quando
777 4088 931 4146 nobis
975 4089 1120 4160 potio
1153 4095 1482 4155 temperatur
1505 4103 1519 4140 ε
1545 4083 1670 4156 quia
1710 4093 1763 4138 et
1793 4081 1864 4138 ibi

271 4195 554 4252 corporum
595 4191 678 4236 est
707 4183 824 4237 sine
850 4181 1180 4236 dubitatione
1209 4177 1556 4241 Cotttntixtio;
1587 4183 1643 4231 et
1669 4173 1716 4230 si
1742 4189 1866 4228 om-

274 4284 392 4326 nem
442 4271 885 4328 commixtiouem
932 4285 1217 4340 corporum
1270 4267 1463 4322 malam
1507 4265 1638 4332 dixi,
1692 4278 1868 4334 neque

274 4357 406 4417 hanc
435 4366 623 4440 utique
653 4361 992 4433 prtetermisi.
1027 4359 1132 4415 Sed
1180 4373 1277 4412 nec
1320 4358 1490 4431 ipsam
1531 4355 1871 4412 commixtio-

275 4466 390 4506 nem
433 4469 598 4510 sexus
644 4455 924 4524 utriusque
967 4450 1312 4522 reprehendi,
1342 4449 1386 4504 si
1432 4449 1670 4520 legitima
1704 4449 1888 4519 atque'

275 4547 522 4612 nuptialis
547 4556 650 4601 est.
679 4546 807 4602 Sine
833 4548 932 4602 hac
959 4545 1102 4600 enim
1133 4560 1237 4597 non
1269 4543 1422 4596 fieret
1465 4541 1742 4595 hominum
1775 4553 1871 4610 ge-

279 4637 499 4704 neratio,
530 4639 692 4692 etiam
739 4637 888 4690 nullo
917 4636 1231 4706 cujusquam
1261 4634 1597 4702 prmcedente
1623 4639 1864 4701 peCcato.

282 4724 502 4784 Pl'oinde
530 4726 664 4783 illud
710 4728 854 4782 aliud
895 4727 1037 4798 quod
1067 4741 1154 4782 me
1182 4723 1365 4780 dicere
1391 4723 1657 4794 adiungis.
1693 4739 1714 4774 ι
1751 4721 1869 4775 Filii

280 4830 449 4877 autem
489 4823 559 4878 de
599 4838 888 4892 corporum
925 4820 1308 4876 commixtione
1347 4826 1659 4877 nascuntur,
1695 4833 1715 4866 ι
1749 4813 1871 4869 dico

279 4926 404 4968 Sane
435 4933 450 4968 :
477 4913 573 4969 sed
611 4911 908 4976 conclusio,
935 4928 1096 4984 quam
1139 4911 1288 4966 velut
1335 4923 1507 4965 meam
1556 4905 1750 4962 inferre
1777 4921 1872 4962 vo-

286 5004 440 5070 luisti,
471 5025 582 5064 non
607 5018 691 5063 est
719 5024 856 5062 mea.
892 5006 1006 5063 Non
1033 5007 1174 5062 enim
1187 5021 1288 5076 ego
1312 5003 1454 5069 dico,
1475 5023 1493 5054 ι
1513 5001 1749 5073 Nequam
1772 5000 1872 5070 igi-

286 5107 362 5152 tor
390 5099 514 5165 lilii,
545 5101 637 5173 qui
663 5100 732 5156 de
761 5101 898 5154 mala
927 5099 1240 5169 operatione
1271 5095 1604 5166 procedunt;
1640 5111 1660 5145 ι
1695 5106 1870 5162 quan-

287 5187 566 5261 doquidem
627 5191 796 5262 ipsam
851 5189 1138 5262 coniugum
1188 5187 1596 5260 operationem,
1646 5199 1766 5256 qua:
1815 5182 1875 5236 [it

286 5281 666 5350 gignendornm
710 5283 878 5354 gratia
923 5281 1178 5346 filiorum,
1223 5298 1327 5334 non
1369 5279 1488 5335 dico
1535 5277 1746 5343 malam,
1777 5274 1871 5330 sed

237 5447 244 5456 ο
287 5375 453 5442 potius
469 5375 664 5431 bonam
685 5395 699 5431 :
717 5376 839 5448 quia
855 5376 990 5430 bene
1007 5375 1171 5430 utitur
1187 5373 1420 5430 libidinis
1433 5371 1594 5436 malo,
1613 5385 1704 5439 per
1731 5367 1872 5438 quod
1909 5406 1924 5418 .

285 5477 604 5533 generantur
631 5468 874 5523 homines
901 5465 1098 5521 bonum
1127 5481 1264 5535 opus
1291 5465 1417 5528 bei',
1452 5479 1554 5517 non
1580 5462 1694 5516 sine
1712 5459 1871 5527 malo,

289 5571 499 5630 erpter
519 5559 666 5632 quod
695 5559 1050 5632 regenerandi
1075 5571 1222 5627 sunt,
1251 5567 1308 5614 ut
1340 5559 1632 5613 liberentur
1650 5571 1680 5610 a
1709 5553 1865 5610 malo.

349 5757 364 5826 ξ
401 5757 535 5819 mliti,
559 5758 658 5812 sire
678 5759 992 5826 inquirunt;
1013 5765 1141 5826 ωδε..
1163 5757 1264 5826 sive
1291 5756 1514 5819 quntif‘ct.

349 5820 367 5849 ³
399 5831 499 5869 Atti.
527 5829 602 5870 ur.
631 5831 680 5872 et
692 5819 927 5886 pictique
952 5832 1080 5884 nos,
1103 5819 1308 5871 initium.

1635 375 1834 430 Lilllli’t
1873 372 2188 427 'I'lill'l’iUS.

3440 382 3544 430 7m

2029 510 2118 566 16.
2151 509 2351 566 Deinde
2395 511 2640 567 contexis
2683 511 2910 568 alterum
2959 512 3323 584 syllogismum
3356 522 3544 578 tuum;

1956 604 2207 674 quoniam
2230 611 2349 658 tuus
2369 613 2525 660 estet
2547 606 2690 676 prior
2714 605 2815 662 iste
2832 607 2872 673 ³,
2897 621 3002 662 non
3027 621 3200 662 meus.
3223 607 3368 663 Dicis
3386 621 3542 678 ergo,

1962 715 1980 748 ι
2008 695 2178 752 Causa
2207 713 2430 752 sexuum
2457 698 2766 752 commixtio
2791 713 3076 768 corporum
3100 715 3112 754 :
3137 717 3154 752 ι
3172 710 3226 756 et
3253 699 3333 755 vis
3361 708 3418 753 ut
3442 698 3548 754 hoc

1962 789 2254 841 concedam
2279 786 2394 842 tibi.
2436 787 2574 844 Ecce
2601 789 2859 844 concedo.
2889 789 3073 858 Pergis
3112 789 3256 852 inde,
3280 798 3336 844 et
3358 789 3535 858 adjun-

1956 875 2036 946 gis
2061 894 2075 930 :
2109 875 2194 932 «Si
2219 877 2354 932 mala
2377 893 2597 948 semper
2613 880 2940 944 commixtio,
2966 879 3220 934 deformis
3240 882 3402 935 etiam
3419 895 3545 934 con-

1957 965 2088 1021 ditio
2111 981 2394 1036 corporum
2443 968 2496 1023 in
2541 983 2764 1024 sexuum
2813 970 3120 1025 diversitate
3169 971 3484 1040 positorum.
3522 989 3542 1022 ι

1957 1055 2070 1112 lloc
2097 1057 2142 1111 si
2173 1067 2316 1113 esset
2343 1073 2698 1130 consequens,
2731 1076 2814 1114 me
2837 1075 2942 1115 non
2970 1070 3254 1131 premeret,
3286 1063 3371 1131 qui
3402 1076 3548 1116 com-

1959 1149 2274 1205 mixtionem
2304 1152 2618 1220 nuptialem,
2652 1152 2703 1207 id
2729 1164 2832 1220 est,
2863 1154 3152 1209 liberorum
3185 1155 3546 1225 procreando-

1956 1228 2076 1295 rum
2103 1243 2318 1310 causa’,
2343 1259 2447 1298 non
2470 1245 2640 1299 solum
2671 1244 2862 1299 malam
2887 1261 2994 1300 non
3008 1245 3150 1313 dico,
3180 1261 3362 1302 verum
3385 1249 3544 1302 etiam

1959 1331 2152 1387 bonam
2202 1333 2343 1388 dico.
2378 1335 2497 1392 Huc
2539 1336 2764 1401 accedit,
2794 1338 2914 1408 quia
2961 1349 3016 1394 et
3061 1353 3394 1410 consequens
3439 1356 3546 1396 non

1957 1433 2061 1490 εει,
2091 1434 2149 1480 ιιι
2171 1425 2215 1480 si
2237 1439 2456 1496 semper
2473 1437 2555 1483 est
2571 1428 2707 1482 mala
2729 1443 2887 1484 sexus
2918 1429 3192 1502 utriusque
3216 1433 3544 1498 commixtio,

1959 1521 2243 1584 propterea
2271 1517 2342 1571 sit
2387 1516 2644 1573 deformis
2692 1520 2853 1574 etiam
2901 1520 3138 1576 conditio
3180 1536 3464 1592 corporum
3494 1523 3547 1578 iu

1957 1617 2180 1659 sexuum
2229 1605 2565 1663 diversitate
2592 1611 2904 1679 positorum.
2953 1611 3197 1668 Profecto
3243 1612 3385 1668 enim
3421 1613 3466 1669 si
3493 1613 3548 1670 in

1959 1703 2164 1750 tantum
2195 1695 2439 1752 homines
2465 1707 2648 1755 essent
2710 1701 2854 1756 malo
2899 1701 3134 1756 libidinis
3174 1703 3465 1774 subjogati,
3489 1713 3549 1760 ut

1959 1795 2165 1842 remota
2211 1787 2490 1844 honestate
2519 1791 2854 1860 nuptiarum,
2881 1804 3068 1848 omnes
3099 1792 3464 1851 indifferenter
3484 1811 3551 1852 ac

1961 1877 2156 1945 passim
2206 1879 2400 1932 canino
2439 1895 2590 1935 more
2615 1883 3052 1949 concumberent,
3085 1899 3192 1938 non
3221 1884 3341 1940 ideo
3365 1885 3552 1941 defor-

1960 1965 2062 2019 mis
2091 1977 2234 2022 csset
2277 1969 2515 2024 conditio
2546 1985 2856 2042 corporum,
2883 1974 3038 2043 cujus
3066 1974 3207 2030 Deus
3231 1983 3421 2031 auctor
3441 1985 3543 2044 est,

1957 2059 2208 2127 quoniam
2235 2061 2368 2116 maia
2396 2069 2541 2118 esset
2560 2065 2800 2119 omnium
2816 2065 3097 2121 hominum
3121 2068 3284 2122 maris
3310 2067 3550 2124 feminae-

1959 2157 2063 2218 que
2089 2151 2400 2206 tamnnixtio
2423 2155 2595 2210 :sleut
2622 2157 2787 2210 etiam
2815 2172 2958 2213 mmc
2980 2158 3048 2214 de
3077 2159 3376 2215 adulterina
3394 2175 3548 2218 com-

1961 2240 2218 2295 mixtione
2239 2243 2425 2312 utique
2444 2245 2602 2309 mala,
2634 2245 2832 2302 bonum
2861 2257 2945 2303 est
2973 2248 3026 2302 in
3051 2263 3336 2319 corporum
3363 2253 3551 2307 condi-

1960 2331 2108 2388 tione
2143 2341 2283 2402 o’pus
2328 2337 2440 2390 Dei.
2472 2336 2632 2392 Vides
2661 2353 2873 2408 nempe,
2904 2355 3063 2410 quam
3090 2341 3370 2398 dialectice
3417 2345 3552 2400 nihil

1958 2423 2180 2491 dixeris,
2209 2435 2264 2480 et
2303 2428 2444 2480 nulla
2473 2429 2689 2498 quidem
2721 2431 2875 2500 culpa
2902 2430 3198 2487 dialecticae
3225 2432 3548 2502 disciplinae,

1962 2523 2014 2570 tu
2039 2527 2300 2586 quantum
2328 2533 2358 2572 ιι
2387 2521 2595 2574 tramite
2629 2521 2745 2590 ejus
2771 2521 3184 2576 exorbitaveris.
3220 2521 3382 2578 Vides
3411 2524 3553 2580 illius

1959 2607 2093 2662 artis
2117 2608 2296 2664 verbis
2323 2609 2390 2662 ad
2422 2611 2524 2664 hoc
2559 2619 2612 2666 te
2664 2611 2742 2666 uti
2764 2610 2807 2674 ³,
2836 2620 2894 2666 ιιι
2929 2613 3011 2668 eis
3047 2612 3260 2668 inflatus
3299 2615 3554 2670 attonitos

1961 2697 2125 2754 facias
2159 2699 2454 2769 imperitos,
2489 2701 2720 2756 valendo
2755 2702 2929 2758 videri
2969 2719 3090 2761 esse
3133 2705 3276 2776 quod
3319 2723 3426 2762 non
3470 2723 3552 2764 es.

1961 2791 2119 2856 Quod
2140 2801 2196 2847 et
2218 2792 2265 2848 si
2292 2807 2463 2858 esses,
2486 2793 2554 2850 ad
2581 2809 2709 2850 eum
2732 2795 2948 2851 modum
2969 2809 3078 2868 quo
3103 2798 3204 2852 ista
3233 2797 3555 2868 disputanda

1963 2896 2122 2950 eunt-,
2179 2886 2310 2942 nihil
2363 2903 2532 2944 esses.
2589 2888 2694 2944 Sed
2751 2889 2908 2960 plane
2947 2903 3088 2945 nunc
3128 2899 3184 2946 et
3231 2892 3442 2962 ineptus
3499 2902 3558 2949 et

1963 2976 2268 3046 imperitus,
2337 2987 2466 3034 tunc
2529 2987 2708 3034 autem
2771 2981 2986 3050 ineptus
3025 2982 3214 3037 artifex
3277 2998 3446 3040 esses.
3490 2986 3558 3041 Et

1964 3077 2141 3124 tamen
2197 3069 2596 3126 dialecticorum
2655 3072 2806 3142 quasi
2863 3073 3058 3140 iaculis
3121 3084 3374 3130 oneratus
3428 3090 3558 3132 aeu-

1963 3159 2052 3224 tis,
2081 3159 2137 3214 in
2178 3169 2449 3216 certamen
2495 3162 2762 3230 procedis,
2814 3172 2869 3217 et
2925 3164 3102 3233 jnctas
3156 3150 3433 3233 plumbeos
3459 3183 3558 3239 pu-

1959 3251 2167 3323 giones,
2198 3251 2404 3321 dicens,
2436 3272 2458 3306 ι
2485 3253 2543 3310 Si
2587 3255 2726 3310 mala
2765 3264 2980 3325 semper
3015 3258 3344 3320 commixtio,
3377 3259 3558 3315 defor-

1961 3342 2068 3400 mis
2091 3344 2256 3399 etiam
2279 3345 2516 3400 conditio
2547 3359 2842 3417 corporum
2887 3347 2944 3400 in
2991 3360 3216 3402 sexuum
3246 3348 3559 3408 diversitate

1963 3435 2282 3504 positorum.
2320 3453 2341 3488 ι
2376 3435 2484 3492 Nec
2512 3437 2700 3492 videns
2726 3452 2887 3506 quam
2920 3453 3026 3494 non
3075 3439 3158 3492 sit
3191 3453 3553 3510 consequens,

1963 3525 2111 3597 quod
2148 3540 2249 3598 pro
2273 3538 2590 3596 argumento
2615 3529 2922 3582 necessario
2955 3528 3198 3596 posuisti,
3226 3529 3478 3602 adiungis
3501 3539 3559 3587 et

1965 3617 2119 3684 dicis,
2153 3636 2178 3670 σ
2195 3618 2346 3686 Quod
2375 3635 2496 3674 cum
2525 3633 2720 3690 negare
2742 3619 3064 3688 nequiveris.
3101 3638 3125 3673 ι
3145 3619 3288 3687 Quid
3315 3619 3558 3690 estquod

1964 3724 2176 3781 nequeo
2217 3726 2433 3782 negare,
2465 3711 2630 3766 homo
2667 3710 3100 3765 inconsiderate?
3119 3711 3246 3780 quid
3290 3719 3375 3766 est
3411 3711 3557 3783 quod

1967 3817 2178 3873 nequeo
2207 3803 2437 3872 negare?
2459 3801 2572 3858 iloc
2594 3817 2809 3870 nempe,
2841 3801 2982 3871 quod
3015 3810 3069 3856 tu
3092 3801 3228 3873 jam,
3253 3801 3300 3856 si
3323 3802 3410 3857 vel
3434 3815 3560 3856 sero

1967 3895 2132 3964 sapis,
2157 3910 2260 3947 non
2293 3904 2446 3962 potes
2476 3893 2576 3947 nisi
2607 3907 2804 3963 negare
2827 3910 2842 3948 :
2862 3893 2985 3962 quia
3009 3907 3116 3947 non
3138 3891 3321 3963 utique
3349 3892 3398 3949 si
3421 3891 3559 3948 mala

1967 3995 2052 4042 est
2096 3987 2406 4041 commixtio
2451 3986 2842 4050 adulterorum,
2871 3995 3157 4058 propterea
3195 4001 3262 4042 ex
3307 3985 3413 4041 illis
3461 4001 3562 4042 na-

1969 4081 2232 4136 scentium
2256 4079 2494 4135 conditio
2515 4079 2774 4134 deformis
2806 4089 2891 4134 est
2916 4079 3213 4135 hominum.
3247 4079 3338 4134 illa
3365 4081 3564 4151 quippe

1970 4180 2056 4226 est
2081 4170 2354 4226 hominum
2374 4171 2514 4226 male
2527 4172 2860 4241 operantium
2878 4169 2948 4225 de
2974 4169 3231 4226 membris
3246 4171 3401 4226 bonis
3422 4189 3437 4224 :
3459 4174 3562 4229 ιω

1970 4279 2099 4320 vero
2119 4263 2212 4318 Dei
2236 4271 2320 4319 est
2335 4264 2471 4318 bene
2495 4265 2770 4333 cperantis
2789 4263 2858 4319 de
2877 4262 3184 4318 hominibus
3209 4264 3383 4318 malis.
3405 4263 3563 4332 Quod

1972 4356 2018 4412 si
2045 4356 2270 4422 dixeris,
2300 4357 2470 4411 Etiam
2501 4373 2622 4412 cuin
2653 4357 2713 4411 fit
2737 4356 3085 4422 adulterium,
3106 4356 3244 4412 bona
3271 4366 3358 4430 est
3379 4373 3476 4428 per
3504 4375 3565 4414 se

1973 4448 2086 4515 ipsa
2117 4448 2450 4514 commixtio,
2478 4447 2598 4518 qn'ra
2629 4449 2884 4503 naturalis
2909 4455 3014 4513 est,
3035 4448 3128 4502 sed
3153 4463 3216 4503 ea
3242 4448 3382 4504 male
3407 4457 3568 4505 utun-

1975 4549 2062 4595 tur
2088 4539 2352 4602 adulteri;
2381 4555 2478 4594 cur
2505 4557 2609 4594 non
2637 4541 2720 4596 vis
2745 4543 3122 4610 acquiescere,
3151 4541 3221 4596 ita
3248 4557 3406 4611 posse
3434 4557 3558 4599 esse

1976 4629 2252 4688 libidinem
2290 4632 2508 4691 malam,
2536 4647 2638 4702 qua
2665 4639 2845 4695 tamen
2891 4632 3028 4686 bene
3069 4641 3288 4687 utantur
3311 4633 3564 4704 gignendi

1974 4720 2146 4792 gratia
2163 4720 2466 4791 coniugati?
2485 4721 2572 4775 An
2595 4731 2770 4790 potest
2785 4722 3044 4776 bonorum
3069 4736 3190 4778 esse
3211 4737 3342 4778 usus
3360 4723 3558 4788 malus,

1976 4820 2032 4867 et
2057 4827 2166 4866 non
2199 4820 2374 4880 potest
2411 4811 2672 4866 malorum
2702 4811 2912 4866 bonus?
2938 4827 3061 4867 cum
3087 4813 3422 4867 inveniamus
3447 4813 3566 4883 ipso

1977 4913 2167 4979 satana
2189 4919 2352 4974 quam
2387 4903 2524 4958 bene
2558 4917 2688 4958 usus
2734 4901 2898 4958 fuerit
2937 4903 3248 4972 Apostolus,
3275 4903 3490 4960 tradens
3511 4904 3561 4959 ci

1979 4997 2250 5054 hominem
2279 4997 2335 5050 in
2360 4993 2630 5049 imi-ritum
2660 4995 2838 5048 carnis
2867 5003 2924 5048 ιιι
2949 4994 3172 5062 spiritus
3210 4994 3392 5050 salvus
3419 5002 3566 5062 esset

1978 5089 2032 5144 in
2059 5089 2147 5144 die
2175 5086 2423 5156 Domini(
2448 5083 2608 5140 lCor.
2638 5101 2692 5151 ν,
2718 5085 2812 5156 5),
2839 5092 2895 5141 et
2917 5085 3053 5141 alios
3079 5093 3138 5140 ut
3161 5085 3433 5144 discerent
3460 5081 3569 5142 non

1980 5179 2354 5250 biaspbemare
2374 5177 2418 5248 (ι
2449 5175 2581 5231 Tim.
2610 5191 2648 5244 ι,
2677 5175 2796 5248 20).

2052 5293 2278 5351 CAPUT
2307 5292 2440 5347 Vill.
2457 5320 2532 5333 —
2557 5291 2641 5347 t7.
2660 5290 2812 5358 Quod
2835 5307 2964 5348 vero
2985 5291 3319 5362 superaddis,
3344 5299 3397 5348 ct
3415 5292 3569 5361 dicis,

1986 5405 2007 5442 ι
2041 5387 2140 5443 Rei
2182 5393 2359 5440 autem
2403 5382 2558 5438 mala:
2601 5384 2741 5440 Deus
2778 5390 2967 5438 auctor
2998 5397 3118 5438 esse
3145 5398 3252 5438 non
3295 5391 3506 5454 potest;
3545 5401 3566 5434 ι

2046 5565 2066 5630 ξ
2101 5564 2231 5630 Apud
2253 5572 2386 5624 Lov.,
2411 5569 2463 5616 ut
2484 5563 2619 5630 prior
2638 5564 2746 5617 istc.

2043 5629 2068 5692 ξ
2097 5629 2236 5688 mliti,
2256 5629 2700 5692 commutatae,
2727 5637 2891 5692 causa.
2980 5685 2994 5692 _
3265 5684 3312 5692 __
3457 5682 3468 5692 .

2047 5689 2078 5758 '_
2101 5695 2175 5738 ttr.
2199 5680 2359 5758 ιξιιξςιι.⁸
2389 5696 2508 5758 yen.
2533 5691 2604 5740 sic
2617 5680 2800 5758 legunt
2819 5691 2948 5758 hunc
2979 5685 3178 5758 locum:
3221 5680 3581 5758 (mortalibus

1981 5751 2190 5857 mittier
2203 5742 2359 5846 haud
2384 5748 2472 5803 hoc
2489 5758 2536 5804 te
2557 5751 2644 5803 uti.
2669 5742 2798 5802 Cava:
2833 5749 3023 5801 Videris
3039 5746 3170 5800 illius
3189 5745 3312 5796 artis
3331 5743 3490 5796 verbis
3509 5742 3576 5794 ad

1997 5817 2068 5861 ioc
2085 5817 2172 5860 ιιιι.
2235 5817 2296 5846 Π·

3605 3791 3630 3811 κ
