4118 6498
549 336 648 394 7H

550 447 818 522 quomodo
839 447 893 504 id
912 446 1111 504 dicis?‘
1135 445 1319 502 Melius
1337 447 1480 502 enim
1509 446 1653 518 loqui
1675 446 1824 502 novit
1842 446 1958 516 ipse
1977 459 2137 517 quam

553 555 643 606 tu,
671 542 760 613 qui
808 554 905 611 per
945 539 1261 611 prophetam
1305 538 1469 602 dicit,
1502 553 1687 594 creare
1715 553 1776 593 se
1799 537 1936 592 mala
1978 534 2137 607 (lani.

552 652 677 698 xu,
705 634 795 705 7).
827 632 1029 690 Deinde
1056 630 1458 703 quomodolibet
1491 644 1613 686 sese
1652 622 1848 685 habeat
1891 630 2006 683 lucc
2042 642 2139 683 su-

553 726 849 796 peradditio
879 735 968 781 tua
989 766 1006 792 ,
1046 724 1176 795 quid
1204 723 1270 779 ad
1300 739 1384 779 me
1415 723 1686 794 pertinet,
1714 736 1834 776 cum
1880 719 2009 775 illud
2044 718 2138 774 cui

546 819 884 873 connectitur
905 831 1015 873 non
1045 817 1443 893 concesserim;
1473 830 1540 870 eo
1564 812 1705 885 quod
1740 814 2136 881 inconsequens

548 924 668 965 esse
709 909 1152 977 monstraverim,
1185 916 1241 964 ut
1283 907 1542 963 deformis
1570 907 1641 962 sit
1676 904 1915 961 conditio
1941 918 2139 972 corpo-

547 1015 698 1067 rum,
729 999 939 1055 etiamsi
977 1014 1192 1055 omnem
1241 998 1676 1055 commixtionem
1720 1010 2005 1066 corporum
2052 993 2137 1048 vel

548 1095 823 1163 utriusque
864 1106 1025 1147 sexus
1063 1093 1257 1146 malam
1293 1106 1412 1146 esse
1452 1086 1848 1145 concederem?
1887 1086 1958 1144 Ut
1993 1085 2137 1142 enim

546 1186 907 1241 concedamus
936 1187 1102 1240 Deum
1126 1184 1322 1239 nullius
1341 1199 1463 1239 esse
1484 1193 1757 1239 auctorem
1784 1181 1909 1235 mali
1935 1198 1950 1236 :
1983 1195 2139 1235 num-

546 1278 671 1348 quid
701 1278 820 1333 ideo
847 1293 952 1333 non
980 1288 1065 1334 est
1091 1286 1277 1333 auctor
1298 1275 1620 1342 conditionis
1639 1288 1951 1344 corporum,
1973 1288 2135 1344 quam

547 1372 693 1427 nullo
722 1371 882 1427 modo
908 1372 1101 1426 malam
1129 1387 1248 1427 esse
1276 1370 1562 1436 concessi;
1593 1369 1718 1439 quia
1761 1367 1909 1427 nulla
1945 1382 2032 1421 me
2068 1365 2134 1422 ad

545 1463 648 1519 hoc
675 1464 921 1533 superius
946 1477 1200 1518 concessa
1235 1461 1535 1533 cogebant?
1578 1460 1755 1515 inanis
1793 1473 1922 1529 ergo
1968 1467 2024 1513 et
2058 1457 2140 1512 ri-

544 1555 717 1611 denda
749 1566 834 1611 tua
863 1555 1123 1611 remansit
1151 1554 1316 1610 illatio
1345 1592 1363 1618 ,
1400 1569 1505 1624 qua
1546 1551 1825 1608 concludis
1862 1560 1918 1606 et
1959 1549 2131 1615 dicis,

551 1668 571 1703 ι
600 1649 788 1705 Omnia
831 1649 989 1719 igitur
1033 1663 1260 1718 corpora
1301 1647 1444 1702 malo
1485 1653 1802 1716 reputantur
1842 1642 2072 1700 auctori.
2107 1658 2129 1694 ι

541 1740 707 1796 Multo
743 1742 886 1797 enim
910 1740 1093 1797 verius
1136 1741 1207 1795 ita
1251 1738 1622 1806 concluditur,
1653 1746 1714 1794 ut
1747 1738 1993 1793 dicamus
2024 1751 2039 1789 :
2071 1733 2134 1789 Si

541 1847 644 1888 nec
680 1833 819 1888 mala
860 1832 1171 1888 commixtio
1209 1830 1576 1887 adulterorum
1607 1831 1732 1887 facit
1770 1844 1892 1886 esse
1936 1828 2135 1884 malam

540 1925 900 1979 conditionem
919 1939 1239 1995 corporum;
1266 1932 1360 1979 aut
1380 1924 1427 1978 si
1452 1925 1594 1980 bona
1611 1931 1694 1978 est
1713 1932 1771 1979 et
1799 1923 1853 1977 in
1875 1919 2135 1977 adulteris

540 1996 701 2071 sexus
720 2017 1001 2086 utriusque
1020 2015 1353 2081 commixtio,
1371 2014 1467 2072 sed
1487 2029 1551 2071 ea
1572 2014 1699 2073 mali
1721 2023 1945 2069 utuntur
1968 2012 2130 2078 male,

540 2108 791 2178 quoniam
817 2108 987 2163 multo
1020 2108 1190 2178 magis
1224 2123 1290 2164 ex
1336 2106 1441 2164 hoc
1479 2122 1588 2163 non
1627 2114 1807 2177 potest
1843 2119 2133 2175 corporum

542 2200 680 2254 mala
708 2213 828 2255 esse
853 2198 1120 2265 conditio;
1150 2207 1296 2255 recte
1336 2200 1498 2270 igitur
1540 2213 1770 2269 corpora
1811 2198 1924 2253 Deo
1966 2211 2131 2267 repu-

543 2300 724 2347 tantur
751 2293 978 2347 auctori.
1010 2291 1164 2349 Nulla
1189 2301 1270 2347 est
1294 2293 1476 2362 itaque
1498 2290 1674 2361 fovea,
1697 2305 1857 2362 quam
1884 2298 2130 2346 metuens

540 2382 693 2453 quasi
736 2390 977 2438 revertar
1015 2383 1068 2437 in
1107 2382 1246 2437 viam
1268 2423 1282 2448 ,
1311 2398 1418 2453 quo
1444 2382 1647 2438 videris
1683 2398 1773 2438 me
1798 2382 1936 2437 velle
1971 2395 2130 2441 revo-

541 2488 687 2528 care.
718 2474 813 2529 Dic
833 2486 1010 2529 tamen
1036 2489 1280 2545 quamam
1310 2475 1399 2530 illa
1422 2476 1508 2531 via
1533 2477 1622 2542 sit,
1650 2485 1706 2531 et
1728 2475 1938 2546 explica
1967 2474 2132 2530 ratio-

537 2566 860 2621 cinationem
889 2575 1056 2621 tuam.

610 2656 839 2714 CAPUT
878 2657 969 2713 IX.
994 2687 1069 2700 —
1095 2658 1184 2714 18.
1213 2676 1234 2712 ι
1267 2659 1439 2726 Deus,
1475 2679 1496 2714 ο
1522 2659 1719 2731 inquis,
1747 2678 1767 2712 ι
1801 2659 2000 2725 bonus,
2035 2674 2133 2734 per

540 2763 702 2819 quem
728 2747 868 2805 facta
892 2757 1018 2805 sunt
1043 2751 1222 2807 omnia
1242 2792 1257 2815 ,
1285 2752 1401 2821 ipse
1426 2753 1669 2823 corporis
1694 2753 1863 2809 nostri
1887 2753 2130 2809 membra

539 2841 805 2897 formavit.
831 2860 852 2895 ι
881 2842 995 2899 lloc
1013 2844 1352 2899 verissimum
1375 2858 1498 2901 esse
1517 2845 1774 2900 concedo.
1802 2843 2055 2916 Sequeris
2074 2854 2131 2901 et

539 2932 783 3005 adiungis
814 2952 829 2988 :
858 2953 879 2989 ‹
916 2933 1019 3001 Qui
1060 2946 1241 2991 autem
1285 2951 1512 3006 corpora
1561 2936 1795 3006 fecerat,
1843 2938 2025 2994 divisit
2075 2949 2130 2995 et

539 3039 727 3081 sexum
750 3044 764 3081 :
786 3025 965 3083 divisit
993 3027 1045 3083 in
1076 3028 1275 3098 Specie,
1307 3028 1449 3099 quod
1477 3028 1537 3093 in,
1557 3030 1869 3100 operatione
1897 3030 2129 3100 conjun-

534 3126 721 3189 geret;
750 3117 981 3189 fecitque
1016 3134 1233 3175 causam
1270 3120 1709 3191 conjunctionum
1747 3121 2128 3178 dissimilitudo

538 3210 925 3267 membrorum.
955 3229 976 3264 ›
1007 3212 1075 3267 Ει
1097 3211 1203 3267 hoc
1225 3214 1510 3267 assentior.
1535 3213 1738 3269 Deinde
1767 3214 1934 3270 infers
1956 3231 1973 3270 :
1995 3232 2016 3266 ι
2042 3214 2128 3269 Ab

540 3304 660 3375 ipso
688 3304 848 3377 igitur
868 3305 1186 3361 commixtio
1214 3321 1520 3376 corporum,
1547 3321 1578 3362 a
1602 3321 1710 3377 quo
1728 3316 1819 3363 est
1838 3308 1988 3379 origo
2007 3322 2131 3362 cor-

536 3412 756 3468 porum,
783 3417 805 3452 »
829 3399 958 3466 Quis
982 3399 1084 3454 hoc
1105 3400 1424 3475 negaverit?‘
1440 3418 1461 3452 ‹
1490 3399 1644 3469 Quod
1669 3415 1792 3455 cum
1818 3400 2121 3471 iugratis’,»

538 3489 715 3560 inquis
734 3532 749 3556 ,
780 3508 799 3541 ι
831 3492 1196 3555 concesseris,
1224 3494 1466 3562 sequitur
1492 3500 1571 3547 tot
1596 3508 1783 3563 rerum
1825 3492 2125 3559 bonarum,

533 3597 842 3652 corporum,
860 3599 1106 3653 sexuum,
1125 3584 1582 3655 conjunctionum,
1601 3585 1771 3640 malos
1792 3586 1994 3642 fructus
2008 3601 2129 3642 esse

535 3690 642 3730 non
669 3691 845 3745 posse.
876 3695 897 3729 ι
930 3678 998 3732 Ει
1029 3678 1132 3740 hoc
1153 3694 1339 3734 verum
1367 3678 1501 3733 d.cis
1525 3696 1540 3732 :
1566 3678 1755 3733 horum
1780 3680 1926 3734 enim
1953 3680 2126 3735 bono-

539 3784 659 3823 rum
688 3770 892 3826 fructus
920 3773 1080 3826 homo
1107 3780 1192 3827 est
1210 3814 1224 3838 ,
1253 3772 1393 3844 quod
1437 3776 1490 3827 in
1526 3782 1783 3843 quantum
1825 3773 1985 3828 homo
2011 3784 2124 3841 est,

539 3860 736 3915 bonum
767 3872 850 3916 est
873 3880 886 3915 :
911 3862 1051 3932 quod
1081 3875 1259 3918 autem
1288 3864 1339 3917 in
1371 3863 1466 3918 illo
1490 3865 1686 3917 malum
1714 3873 1815 3929 est,
1847 3880 1879 3918 a
1906 3879 2012 3935 quo
2034 3880 2124 3920 sa-

462 4008 475 4017 ,
539 3954 747 4009 nandus
767 3962 848 4009 est
877 3971 973 4026 per
997 3956 1348 4023 Salvatorcm,
1371 3965 1426 4010 et
1450 3956 1756 4012 liberandus
1776 3972 1874 4027 per
1895 3958 2128 4013 Redem-

450 4072 465 4085 ν
541 4053 742 4114 plorem
767 4045 810 4110 ³,
837 4056 888 4101 et
910 4046 1207 4102 ablueudus
1229 4063 1322 4117 per
1341 4049 1635 4114 lavacrum,
1660 4061 1711 4104 et
1741 4049 2009 4107 eruendus
2032 4065 2129 4120 per

534 4137 914 4205 exorcismum,
937 4148 993 4192 et
1011 4138 1367 4193 absolvendus
1393 4155 1488 4209 per
1512 4141 1827 4210 sanguinem
1847 4142 1939 4210 qui
1968 4140 2025 4195 in
2051 4156 2130 4196 re-
2198 4180 2203 4185 -

535 4231 844 4286 missionem
871 4231 1018 4286 fusus
1037 4241 1120 4286 est
1149 4240 1520 4301 peccatorum;
1545 4249 1649 4287 non
1673 4243 1756 4288 est
1780 4234 1983 4291 fructus
2006 4251 2128 4290 cor-

537 4339 724 4392 porum
741 4364 756 4389 ,
782 4338 1006 4378 sexuum
1022 4366 1036 4389 ,
1059 4323 1493 4393 conjunctionum
1513 4361 1529 4390 ,
1556 4324 1651 4379 sed
1678 4325 1952 4393 originalis
1978 4335 2131 4382 vete-

534 4417 714 4485 risque
758 4417 981 4485 peccati.
1030 4416 1179 4471 Sicut
1207 4416 1350 4470 enim
1379 4415 1447 4471 de
1477 4416 1630 4487 prole
1657 4417 2056 4487 adulterorum,
2080 4420 2127 4475 si

534 4523 636 4577 ego
659 4507 916 4570 dicerem,
944 4508 1047 4562 Tot
1077 4508 1359 4573 malorum,
1393 4508 1444 4562 id
1471 4518 1573 4575 est,
1604 4509 1857 4576 lasciviae,
1895 4513 2125 4581 turpitu-

531 4599 692 4661 dinis,
725 4599 996 4663 criminis,
1028 4599 1198 4653 bonus
1228 4597 1430 4653 fructus
1454 4613 1575 4654 esse
1602 4614 1708 4654 non
1746 4604 1946 4671 potuit;
1978 4614 2131 4662 recte

534 4689 665 4745 mihi
688 4689 1059 4758 responderes,
1081 4688 1349 4743 hominem
1371 4691 1458 4760 qui
1480 4690 1549 4746 de
1567 4691 1824 4749 adulteris
1848 4704 2002 4751 natus
2025 4709 2128 4766 est,

536 4798 643 4835 non
690 4797 811 4835 esse
856 4779 1088 4835 fructum
1138 4782 1403 4845 lascivire,
1447 4784 1818 4852 turpitudinis,
1850 4788 2123 4855 criminis,

534 4888 760 4941 quorum
786 4872 1045 4926 malorum
1072 4883 1258 4927 auctor
1282 4883 1364 4926 est
1388 4874 1660 4941 diabolus;
1692 4877 1787 4933 sed
1808 4894 2120 4949 corporum,

536 4978 780 5026 sexuum,
803 4963 1261 5031 conjunctionum.
1286 4980 1509 5032 quorum
1543 4967 1800 5023 bonorum
1827 4979 2018 5027 auctor
2039 4983 2121 5028 est

538 5056 680 5110 Deus
703 5073 715 5106 :
740 5056 819 5109 sic
858 5070 958 5125 ego
1007 5056 1099 5110 tibi
1140 5057 1435 5113 rectissime
1460 5058 1581 5113 dico
1600 5102 1613 5124 ,
1642 5062 1840 5115 malum
1869 5078 1991 5117 cum
2022 5080 2129 5134 quo

538 5151 774 5203 naseitur
798 5150 975 5213 homo,
1002 5164 1103 5202 non
1132 5165 1253 5203 esse
1283 5148 1515 5205 fructum
1542 5168 1850 5221 corporum,
1874 5170 2125 5224 sexuum,

538 5239 970 5307 conjunctionum
993 5280 1017 5303 ,ν
1035 5254 1261 5309 quorum
1310 5241 1570 5296 bonorum
1609 5254 1796 5300 auctor
1823 5254 1907 5301 est
1951 5246 2125 5313 Deus;

538 5330 633 5385 sed
665 5331 847 5399 prima:
879 5333 1345 5399 praevaricationis,
1368 5333 1520 5403 cujus
1544 5342 1733 5390 auctor
1752 5344 1835 5390 est
1857 5337 2143 5393 diabolus..

616 5421 704 5478 l9.
751 5422 905 5476 Absit
942 5434 1121 5477 autem
1154 5433 1239 5491 ut,
1270 5426 1717 5495 quemadmodum
1747 5430 2124 5499 calumniaris,

607 5579 624 5611 ι
661 5581 741 5628 Hic
765 5577 883 5628 editi
915 5577 1112 5638 addunt,
1139 5592 1253 5648 cum
1270 5577 1369 5632 sint
1395 5582 1622 5648 quadam
1651 5584 1799 5644 mala,
1824 5598 2030 5648 quorum
2047 5602 2133 5639 au-

537 5648 639 5713 ctor
660 5648 730 5690 est
754 5648 885 5713 Deus
910 5652 926 5689 :
959 5642 1265 5713 tametsihoc
1286 5655 1384 5693 non
1408 5642 1593 5696 habent
1623 5642 1949 5713 manuscripti.

601 5706 621 5736 ³
660 5713 755 5750 tiu.
779 5709 831 5752 et
853 5709 985 5765 Mss,
1007 5706 1242 5765 ingratus.

600 5767 625 5800 ³
654 5771 785 5828 tam,
811 5770 858 5817 et
880 5761 1157 5817 liberandus
1177 5778 1265 5830 per
1288 5767 1677 5836 redemptionem.

1296 331 1568 390 CONTRA
1608 332 1950 390 JULIANUM
1988 329 2450 401 PBLAGIANUM,
2493 332 2550 388 S.
2585 332 2955 393 AUGUSTINI

3738 338 3845 400 ’119

2252 442 2493 509 dicamus
2526 461 2545 494 ι
2580 442 2826 502 homines
2855 445 2923 502 ad
2964 445 3069 505 hoc
3092 462 3127 504 a
3155 447 3270 507 Deo
3296 448 3442 515 fieri,
3470 457 3533 507 ut
3563 465 3597 506 ι
3625 447 3843 508 diabolo

2255 532 2490 604 legitimo
2513 534 2633 604 jure
2661 544 2958 593 teneantur.
2994 557 3015 592 ι
3049 538 3306 609 Quamvis
3329 540 3476 599 enim
3498 551 3555 600 et
3580 541 3683 599 hoc
3707 543 3843 599 divi-

2254 639 2337 680 na:
2363 625 2433 680 sit
2455 626 2644 696 magis,
2668 642 2824 697 quam
2851 628 3131 685 diabolicae
3155 632 3456 703 potestatis,
3484 643 3540 688 ut
3560 633 3840 689 immundo

2250 715 2478 786 principi
2506 720 2778 787 generatio
2808 720 3084 778 immunda
3109 723 3386 789 subdatur,
3414 723 3515 780 nisi
3554 740 3809 798 regeuera
3826 756 3844 771 -

2254 806 2397 862 tione
2420 808 2708 864 mandetur
2732 828 2745 865 :
2770 820 2947 866 tamen
2977 828 3083 866 non
3114 813 3182 869 ad
3210 813 3312 870 hoc
3341 814 3483 870 Deus
3513 813 3639 872 facit
3667 816 3840 873 homi-

2246 914 2368 963 nes,
2397 908 2455 954 ut
2485 900 2735 956 familiam
2762 902 2993 973 quodam
3022 904 3184 961 modo
3211 905 3456 962 diabolus
3486 907 3710 977 habeat;
3742 911 3837 967 sed

2249 1003 2313 1046 ea
2339 991 2594 1059 bonitate,
2623 1008 2726 1065 qua
2754 993 2959 1050 naturis
2984 997 3232 1051 omnibus
3260 1008 3478 1068 prastat
3507 1009 3563 1054 ut
3588 1004 3716 1065 sint,
3735 993 3840 1071 qua

2247 1081 2409 1136 etiam
2434 1083 2607 1153 ipsum
2636 1085 2762 1139 facit
2788 1085 3082 1143 subsistere
3106 1088 3400 1144 diabolum.
3431 1088 3599 1163 Quam
3627 1091 3837 1146 bonita-

2250 1184 2357 1230 tem
2384 1177 2430 1231 si
2456 1177 2616 1235 rebus
2645 1177 3003 1245 subtraheret,
3029 1180 3283 1235 continuo
3304 1180 3438 1236 nihil
3459 1191 3660 1237 essent.
3688 1181 3840 1239 Sicut

2247 1280 2355 1320 non
2386 1265 2506 1322 ideo
2530 1277 2677 1321 creat
2703 1281 2895 1338 pecora
2921 1269 2974 1323 in
3004 1271 3261 1325 armentis
3284 1281 3337 1326 et
3366 1272 3614 1343 gregibus
3642 1272 3837 1344 impio-

2246 1373 2400 1423 rum,
2433 1368 2491 1414 ut
2526 1358 2858 1416 daemonibus
2897 1362 3260 1429 immolentur,
3305 1365 3549 1435 quamvis
3594 1365 3697 1421 hoc
3739 1382 3834 1423 eos

2246 1451 2454 1505 noverit
2472 1466 2593 1507 esse
2620 1452 2883 1509 facturos:
2905 1454 2984 1508 sic
3004 1455 3162 1509 etiam
3182 1455 3267 1510 ubi
3287 1457 3688 1526 generationem
3710 1472 3838 1528 pec-

2244 1552 2366 1597 cato
2385 1544 2555 1599 cernit
2572 1544 2890 1612 obnoxiam;
2915 1547 3209 1602 secundum
3231 1549 3651 1620 pulcherrimum
3673 1567 3833 1622 quem

2244 1631 2505 1704 disposuit
2531 1635 2774 1691 ordinem
2802 1637 3120 1693 saaculorum
3139 1681 3155 1706 ,
3182 1654 3333 1695 suam
3371 1656 3476 1695 non
3504 1642 3736 1698 abstinet
3763 1642 3835 1697 ab

2243 1726 2361 1796 ejus
2387 1728 2691 1783 conditione
2718 1729 3032 1787 bonitatem.

2314 1818 2540 1876 CAPUT
2570 1820 2636 1876 Χ.
2653 1851 2726 1861 —
2744 1823 2834 1878 20.
2858 1822 2963 1879 Sed
2987 1836 3105 1894 post
3130 1824 3269 1881 hanc
3292 1829 3831 1899 argumentationem,

2242 1924 2345 1979 qua
2375 1919 2426 1965 te
2455 1910 2612 1977 fallis,
2640 1922 2695 1967 et
2718 1912 3015 1969 confecisse
3042 1924 3093 1971 te
3120 1916 3319 1986 aliquid
3352 1918 3650 1985 arbitraris,
3680 1922 3834 1990 inge-

2242 1999 2318 2055 ris
2345 2000 2559 2056 solitum
2591 2002 2954 2072 maledictum,
2975 2020 3041 2061 ac
3069 2004 3265 2064 deinde
3300 2008 3572 2064 subnectis
3590 2050 3604 2074 ,
3629 2028 3649 2062 ‹
3673 2011 3832 2078 Quod

2242 2088 2466 2147 forsitan
2487 2092 2680 2160 dicam,
2708 2094 3122 2165 Scripturarum,
3150 2113 3256 2155 non
3285 2100 3713 2171 syllogismorum
3734 2102 3831 2158 de—

2241 2181 2372 2239 bere
2396 2185 2704 2241 testimonio
2728 2188 3088 2258 comprobari,
3114 2187 3253 2245 ﬁlios
3277 2189 3344 2246 de
3369 2207 3651 2262 corporum
3678 2212 3828 2249 com-

2241 2274 2499 2332 mixtione
2521 2286 2822 2347 nascentes,
2845 2281 3078 2350 reputari
3099 2279 3279 2336 divino
3299 2284 3448 2354 operi
3473 2301 3486 2337 :
3519 2303 3539 2337 ι
3564 2286 3830 2356 (ιιιιιδὶᾳυὶ

2240 2363 2345 2421 hoc
2373 2368 2675 2438 negaverit,
2706 2369 2873 2439 possit
2897 2385 3018 2426 esse
3043 2372 3385 2429 christianus.
3416 2375 3647 2432 Proinde
3674 2393 3788 2432 rem
3810 2417 3829 2444 ,

2238 2470 2398 2526 quam
2424 2459 2820 2527 promptissime
2839 2460 3159 2518 confitemur
3177 2475 3231 2519 et
3259 2463 3609 2522 libentissime
3630 2467 3827 2537 przedi-

2174 2574 2175 2577 η
2238 2560 2446 2616 camus,
2479 2548 2625 2604 velut
2654 2550 2846 2605 habeat
2872 2550 3013 2607 inter
3037 2570 3136 2609 nos
3165 2558 3610 2624 controversiam,
3634 2558 3704 2613 ita
3735 2574 3830 2630 per

2238 2635 2637 2708 Seripturarum
2673 2642 2977 2697 testimonia
3008 2645 3224 2701 conaris
3253 2647 3568 2714 ostendere;
3596 2658 3649 2705 et
3678 2650 3829 2706 labo—

2239 2743 2328 2787 ras
2355 2730 2606 2798 inaniter,
2634 2748 2740 2787 non
2770 2744 2828 2788 ut
2858 2734 3187 2804 respondere
3212 2737 3367 2793 nobis
3386 2780 3402 2806 ,
3435 2739 3529 2794 sed
3567 2749 3625 2794 ut
3662 2738 3829 2796 libros

2238 2819 2413 2890 possis
2438 2819 2682 2891 implere.
2715 2821 3093 2881 Verumtamen
3119 2826 3261 2898 quod
3287 2827 3491 2897 dixisti,
3522 2848 3541 2883 ι
3570 2829 3828 2903 Utexpri-

2238 2921 2414 2969 meret
2437 2913 2597 2969 fidem
2628 2930 2851 2986 operum
2880 2908 3149 2988 Propheta
3169 2960 3185 2987 ,
3215 2936 3381 2992 prope
3403 2924 3699 2995 periculum
3732 2941 3832 2997 pu-

2237 2999 2387 3060 doris
2410 3007 2670 3075 accessit,
2698 3008 2822 3078 quia
2860 3008 3028 3077 dixit,
3058 3009 3227 3065 Erunt
3270 3013 3373 3068 duo
3419 3015 3472 3070 in
3486 3032 3639 3071 carne
3667 3034 3769 3073 una
3804 3037 3824 3069 ι

2244 3093 2398 3169 (Gen.
2438 3113 2507 3164 ιι,
2536 3097 2678 3182 24);
2707 3101 2837 3156 satis
2876 3110 2927 3157 te
2978 3101 3162 3160 debuit
3194 3105 3521 3175 admonere,
3562 3109 3697 3165 nihil
3733 3127 3826 3182 pu-

2235 3186 2471 3246 tleudum
2501 3180 2737 3247 futurum
2765 3195 2932 3251 fuisse
2958 3194 3014 3250 in
3042 3196 3298 3266 operibus
3330 3199 3445 3267 Dei,
3474 3200 3578 3257 nisi
3610 3180 3831 3271 praeces-

2236 3280 2396 3335 sisset
2413 3296 2510 3336 cur
2537 3291 2724 3337 natura
2752 3283 2983 3341 humana
3007 3285 3230 3343 deberet
3252 3289 3320 3345 de
3344 3291 3426 3345 sui
3454 3293 3630 3347 meriti
3650 3292 3835 3367 deforo

2235 3374 2422 3430 mitate
2449 3374 2723 3432 confundi.
3225 3450 3239 3463 ἰ

2307 3465 2535 3524 CAPUT
2574 3467 2667 3523 XI.
2687 3498 2760 3510 -
2785 3468 2877 3525 2i.
2907 3471 3047 3527 Dicis
3073 3473 3237 3529 etiam
3268 3475 3322 3531 in
3359 3476 3517 3534 laude
3557 3478 3829 3548 libidinis,

2243 3574 2263 3609 ε
2295 3556 2432 3613 hanc
2459 3557 2623 3615 fuisse
2662 3559 2922 3616 redditam
2955 3562 3049 3618 Dei
3095 3580 3320 3621 munere
3344 3567 3574 3623 Abrahzr
3603 3581 3658 3625 et
3681 3569 3831 3627 Sara:

2238 3648 2391 3703 senio
2431 3648 2691 3705 confectis
2716 3653 3083 3725 emortuisque
3105 3657 3423 3728 corporibus
3456 3678 3476 3712 ι
3502 3658 3695 3733 (Rom.
3734 3678 3825 3730 iv,

2239 3738 2328 3811 l9)
2355 3756 2369 3792 :
2395 3747 2451 3795 et
2478 3740 2739 3796 invidiosa
2791 3757 2922 3800 voce
2965 3738 3295 3814 proclames,
3349 3767 3369 3801 ι
3398 3759 3456 3804 ut
3497 3766 3735 3806 asseram
3781 3754 3827 3808 si

2236 3845 2478 3901 possum,
2494 3831 2563 3887 ad
2583 3848 2718 3903 opus
2736 3833 2931 3890 diaboli
2951 3837 3246 3906 pertinere,
3266 3839 3407 3909 quod
3430 3841 3595 3896 Deum
3619 3842 3827 3898 videam

2236 3921 2506 3977 interdum
2532 3922 2779 3979 conferre
2807 3941 2907 3997 pro
2932 3941 3177 3985 munere.
3213 3949 3233 3983 ι
3258 3929 3422 3998 Quasi
3452 3947 3581 3987 vero
3611 3934 3654 3988 si
3680 3934 3830 3990 clau-

2235 4014 2365 4070 dum
2405 4016 2679 4072 hominem
2718 4020 3005 4075 resuscitet
3045 4021 3211 4090 Deus,
3238 4024 3651 4097 viventibusque
3673 4029 3833 4091 resti:

2238 4116 2371 4174 tuat,
2395 4109 2486 4180 qui
2513 4110 2695 4181 utique
2725 4123 2969 4167 mortuus
2988 4113 3100 4184 jam
3128 4114 3431 4173 claudicare
3459 4133 3566 4173 non
3598 4129 3826 4190 poterat,

2237 4201 2398 4257 etiam
2428 4201 2870 4258 claudicationem
2898 4203 3059 4260 debet
3085 4206 3252 4262 videri
3292 4224 3392 4279 pro
3441 4226 3664 4266 munere
3700 4227 3830 4287 eon-

2240 4294 2442 4349 tulisse.
2471 4293 2545 4348 lta
2565 4310 2694 4366 ergo
2714 4297 2759 4349 si
2784 4298 3062 4353 restitutus
3082 4309 3187 4366 est,
3216 4300 3305 4371 qui
3332 4300 3506 4356 fuerat
3532 4303 3584 4356 in
3610 4301 3830 4357 viridio-

2238 4386 2408 4452 ribus,
2436 4401 2721 4455 corporum
2746 4387 2915 4458 vigor,
2945 4388 3023 4444 sic
3047 4391 3228 4461 utique
3252 4393 3529 4447 restitutus
3557 4403 3660 4460 est,
3684 4402 3746 4448 ut
3767 4408 3829 4449 se

2239 4475 2401 4531 habet
2425 4476 2661 4532 conditio
2684 4481 2930 4548 corporis
2962 4482 3152 4537 mortis
3182 4483 3359 4554 hujus.
3401 4484 3515 4539 Non
3552 4484 3695 4539 enim
3733 4499 3829 4540 eos

2238 4570 2306 4625 ad
2336 4570 2484 4625 illum
2514 4578 2709 4625 statum
2739 4573 2978 4627 revocari
3003 4575 3305 4645 oportebat,
3331 4576 3382 4630 in
3409 4592 3515 4647 quo
3537 4576 3707 4631 Adam
3731 4575 3832 4632 fuit

2237 4669 2364 4716 ante
2390 4672 2695 4731 peccatum,
2724 4671 2783 4717 ut
2810 4673 3026 4732 possent
3048 4665 3166 4721 sine
3195 4666 3313 4737 lege
3339 4667 3391 4721 in
3424 4667 3680 4724 membris
3710 4683 3832 4740 qua:

2240 4766 2501 4825 repugnat
2529 4755 2633 4826 legi
2666 4756 2878 4818 mentis,
2913 4757 3051 4811 filios
3076 4773 3384 4828 procreare.

2309 4846 2399 4901 22.
2420 4846 2676 4915 Quamvis
2692 4858 2745 4902 et
2759 4847 2824 4902 ad
2839 4847 2945 4902 hoc
2972 4847 3374 4919 intelligendum
3390 4850 3462 4905 sit
3480 4857 3783 4905 emortuum
3813 4854 3831 4884 ί

2238 4935 2404 4993 fuisse
2431 4950 2628 5009 corpus
2660 4936 2912 5004 Abrahre,
2962 4947 3022 4992 ut
3083 4954 3189 4994 non
3230 4939 3433 4994 valeret
3466 4939 3534 4995 de
3572 4941 3719 4995 omni
3758 4940 3838 4996 fe-

2238 5030 2381 5083 mina
2413 5027 2554 5084 filios
2580 5028 2820 5099 gignere,
2853 5046 2975 5099 qua:
3003 5046 3192 5100 parere
3222 5041 3421 5102 posset.
3458 5032 3660 5088 Dicitur
3690 5035 3832 5088 enim

2236 5118 2418 5175 facere
2456 5120 2558 5174 hoc
2603 5121 2775 5174 anatis
2818 5136 3100 5184 accessus,
3140 5130 3201 5178 ut
3226 5139 3290 5179 ex
3340 5124 3532 5179 femina
3572 5140 3837 5196 generare

2239 5225 2400 5265 senex
2425 5211 2595 5279 possit
2614 5210 3035 5279 adolescentula,
3056 5229 3177 5268 cum
3196 5214 3307 5285 jam
3329 5215 3397 5271 de
3414 5217 3702 5287 grandiore
3725 5232 3833 5271 non

2242 5302 2439 5370 possit,
2468 5301 2710 5371 quamvis
2741 5301 2827 5356 illa
2852 5303 2921 5358 de
2940 5304 3141 5374 juvene
3168 5307 3353 5375 possit.
3388 5308 3486 5377 Qui
3531 5310 3675 5364 enim
3727 5320 3834 5364 tam

2240 5392 2451 5463 prolixo
2480 5403 2718 5461 tempore
2749 5404 2872 5450 tunc
2899 5397 3177 5464 vivebant,
3223 5401 3406 5468 procul
3449 5400 3612 5455 dubio
3660 5406 3837 5458 serius

2240 5484 2442 5539 fiebant
2473 5486 2543 5538 ita
2572 5485 2851 5556 decrepiti,
2876 5498 2935 5543 ut
2959 5489 3025 5544 ad
3052 5492 3396 5547 concubitum
3428 5494 3636 5549 moveri
3661 5496 3837 5550 omni-

2241 5593 2311 5634 no
2336 5593 2441 5632 non
2472 5591 2687 5648 possent
2708 5598 2722 5636 :
2747 5582 2790 5635 si
2818 5591 2993 5638 tamen
3015 5585 3260 5655 cuiquam
3287 5586 3400 5641 viro
3424 5601 3555 5642 sano
3587 5595 3763 5660 potest
3784 5589 3837 5642 id

2242 5785 2261 5828 ³
2307 5718 2320 5747 ¹
2359 5715 2505 5825 Βάὶὲξο
2536 5722 2666 5778 I.ov.,
2690 5720 2909 5779 Quamvis
2943 5721 3011 5772 ad
3045 5719 3133 5772 hoc
3166 5719 3544 5788 bdelligendum,
3585 5722 3653 5775 sic
3680 5735 3837 5776 emor-

2264 5790 2406 5828 uum.
2485 5793 2526 5820 ιι-

2264 5790 2406 5838 uuln,
2434 5790 2526 5825 em.
