4118 6516
348 405 457 464 ’113

352 528 600 586 accidere
625 540 720 598 per
742 532 974 581 aetatem.
1005 521 1138 578 Nam
1167 535 1286 576 cum
1317 520 1420 576 hoc
1446 533 1580 590 opus
1608 518 1660 574 iu
1692 516 1936 573 manibus

355 619 630 682 haberem,
658 616 930 672 nuntiatus
956 622 1040 670 est
1065 613 1220 668 nobis
1244 626 1410 668 senex
1433 609 1703 681 octoginta
1731 616 1785 663 et
1805 604 1940 678 qua-

353 720 478 766 tuor
501 723 664 780 agens
689 720 878 771 annos,
901 707 991 778 qui
1017 705 1268 776 religiose
1287 719 1408 760 cum
1435 703 1662 774 conjuge
1691 699 1938 770 religiosa

350 802 464 876 jam
485 801 666 873 viginti
690 799 922 870 ouinque
939 813 1110 854 annos
1125 797 1332 853 vixerat
1351 795 1708 858 continenter,
1732 793 1798 848 ad
1821 792 1942 847 libi-

354 895 532 951 dinem
565 887 673 944 sibi
699 889 889 947 emisse
917 877 1258 962 Lyristriam;
1279 888 1369 960 qui
1384 887 1568 958 utique
1589 901 1686 958 pro
1704 883 1938 949 modulo,

303 989 310 994 ”
354 1000 464 1058 quo
493 985 598 1040 isto
619 993 860 1054 tempore
879 983 1065 1038 vivunt
1083 982 1348 1050 homines,
1372 980 1634 1052 gravioris
1653 977 1946 1034 senectutis

355 1084 441 1132 est
460 1091 626 1147 quam
653 1074 825 1130 fuerat
849 1074 1120 1130 Abraham
1146 1074 1200 1129 in
1225 1073 1381 1128 annis
1403 1079 1640 1137 centum,
1669 1069 1842 1126 adhuc
1867 1068 1946 1123 vi-

359 1177 543 1224 cturus
577 1167 714 1222 alios
754 1167 1107 1238 septuaginta.
1147 1164 1303 1239 Unde
1347 1164 1657 1234 prudentius
1683 1161 1942 1228 creditur,

359 1259 738 1316 fecunditatem
767 1275 886 1330 quae
911 1257 1112 1325 defuit,
1139 1259 1251 1314 suis
1282 1258 1452 1313 Deum
1489 1255 1703 1313 famulis
1743 1253 1950 1326 praesti-

361 1351 511 1407 tisse.
528 1350 653 1406 Duae
667 1349 864 1422 quippe
882 1364 1057 1406 causa:
1072 1350 1344 1417 dicuntur,
1365 1355 1583 1419 prepter
1601 1360 1736 1419 quas
1757 1359 1949 1417 parere

361 1440 524 1498 Sarra
562 1457 670 1496 non
718 1449 957 1512 poterat,
986 1449 1041 1497 et
1067 1450 1183 1496 erat
1212 1440 1365 1496 vulva
1391 1440 1508 1510 ejus
1533 1447 1778 1496 emortua
1803 1456 1818 1494 :
1846 1453 1950 1493 una

361 1531 683 1598 sterilitatis,
711 1547 830 1602 quae
853 1530 922 1586 ab
945 1531 1059 1602 ipsa
1087 1531 1260 1587 iuerat
1283 1531 1600 1602 juventute;
1627 1529 1794 1585 altera
1823 1536 1950 1584 teta-

363 1623 462 1688 tis,
487 1620 592 1678 no'n
627 1623 751 1694 quia
793 1623 1078 1693 nonaginta
1107 1637 1276 1678 annos
1311 1622 1534 1693 agebat,
1563 1621 1656 1677 sed
1686 1621 1807 1691 quia
1838 1619 1951 1691 jam

363 1712 682 1769 destiterant
705 1712 753 1768 ei
783 1711 897 1767 fieri
927 1711 1228 1767 muliebria.
1261 1711 1486 1768 Constat
1510 1711 1653 1767 enim
1683 1710 1727 1766 si
1758 1709 1950 1765 mulie-

361 1822 483 1862 rum
509 1814 782 1862 menstrua
805 1814 1014 1860 secreta
1041 1804 1370 1860 cessaverint
1395 1805 1413 1836 ⁸
1455 1820 1549 1874 per
1568 1812 1779 1858 tetatem
1800 1843 1814 1868 ,
1845 1817 1952 1857 non

362 1916 456 1958 eas
477 1899 588 1972 jam
617 1913 774 1970 posse
799 1899 1106 1968 concipere,
1132 1899 1232 1954 etsi
1261 1895 1503 1954 fecunda:
1529 1897 1777 1962 fuerunt,
1802 1903 1954 1950 antc—

355 2007 522 2064 quam
561 1990 651 2046 illa
685 1997 1006 2046 cessassent.
1056 1989 1126 2044 Et
1169 1988 1290 2044 ideo
1331 1987 1604 2058 Scriptura
1642 1987 1814 2042 noluit
1851 1985 1955 2040 hoc

363 2090 572 2148 tacere,
603 2092 661 2138 ut
687 2091 971 2153 augeretur
995 2079 1235 2135 miraculi
1265 2078 1470 2150 gloria,
1501 2077 1645 2148 quod
1670 2086 1786 2132 erat
1809 2076 1954 2132 Deus

366 2174 422 2230 in
449 2189 633 2230 eorum
671 2173 821 2244 prole
843 2172 1098 2228 facturus.
1127 2171 1352 2240 Quando
1387 2181 1565 2226 autent
1598 2184 1696 2224 suo
1719 2170 1837 2224 viro
1861 2183 1956 2222 an-

367 2265 544 2320 cillam
569 2263 750 2330 dedit,
782 2263 850 2319 de
877 2277 979 2347 qua
1003 2263 1202 2328 voluit,
1227 2263 1350 2334 quia
1375 2261 1444 2318 de
1478 2277 1536 2316 se
1566 2275 1673 2317 non
1710 2268 1952 2331 poterat,

367 2354 642 2426 suscipere
671 2353 843 2420 filios;
875 2370 981 2409 non
1009 2364 1167 2409 aetate
1196 2353 1388 2420 fuerat,
1422 2353 1516 2408 sed
1549 2369 1644 2408 sua
1675 2351 1957 2408 sterilitate

365 2454 630 2517 permota.
669 2443 760 2501 Sic
797 2445 939 2501 enim
979 2444 1256 2516 Scriptura
1296 2445 1531 2516 laquitur
1556 2463 1568 2497 :
1595 2442 1759 2498 Sarra
1787 2451 1958 2496 autem

367 2555 502 2594 uxor
519 2538 776 2594 Abraham
795 2555 896 2592 non
917 2537 1142 2608 pariebat
1163 2538 1258 2592 illi.
1283 2537 1352 2592 Et
1373 2537 1537 2592 verba
1557 2535 1673 2607 ejus
1695 2535 1763 2591 ad
1785 2535 1956 2589 virum

368 2632 472 2687 ista
508 2639 672 2687 sunt:
698 2629 830 2686 Ecce
874 2629 1121 2685 conclusit
1167 2645 1246 2684 tne
1280 2628 1453 2694 Deus,
1491 2639 1549 2682 ut
1594 2643 1696 2682 non
1734 2626 1952 2698 pariam.

369 2721 522 2782 Tunc
545 2730 723 2777 autem
751 2722 796 2778 si
822 2729 1033 2776 mtatem
1069 2719 1476 2776 consideremus
1517 2717 1801 2772 amborum
1821 2758 1836 2784 ,
1863 2715 1959 2772 de-

366 2812 556 2886 crepiti
581 2820 782 2879 essent,
803 2812 848 2866 si
871 2811 1037 2866 nostri
1068 2811 1323 2884 temporis
1346 2810 1587 2864 homines
1606 2819 1808 2866 essent.
1829 2806 1960 2862 Erat

367 2922 512 2964 enim
539 2904 813 2964 Abraham
857 2919 1120 2958 annorum
1153 2903 1366 2958 circiter
1390 2902 1658 2972 octoginta
1689 2901 1953 2973 quinque,

365 2999 528 3056 Sarra
553 3007 730 3055 autem
757 3010 1020 3054 annorum
1042 2995 1380 3066 septuaginta
1404 2995 1659 3064 quinque.
1687 2991 1962 3062 Scriptum

367 3101 454 3150 est
477 3093 622 3149 enim
646 3110 660 3147 :
685 3093 940 3148 Abraham
967 3097 1137 3146 autem
1164 3097 1272 3142 erat
1297 3103 1546 3141 annorum
1570 3085 1824 3156 octoginta
1847 3099 1958 3152 sex,

367 3200 486 3240 cum
515 3185 707 3256 peperit
735 3185 874 3255 Agar
902 3181 1094 3239 Ismael
1125 3180 1344 3234 Abrahae
1369 3177 1520 3250 (Gen.
1544 3193 1661 3245 xvr,
1686 3179 1738 3244 I,
1760 3175 1816 3245 2,
1841 3175 1957 3248 l6).

370 3276 607 3333 Proinde
631 3285 758 3333 aute
785 3293 985 3330 annum
1012 3276 1184 3332 ferme
1210 3271 1408 3326 mixtus
1429 3270 1700 3324 invenitur
1726 3267 1958 3333 ancillae,

369 3369 584 3441 quando
609 3379 899 3440 conceptus
919 3378 1002 3424 est
1023 3365 1225 3423 lsmael.
1263 3363 1362 3436 Qui
1386 3361 1601 3416 tandem
1628 3360 1886 3431 conjuges
1906 3359 1961 3414 in

372 3460 474 3518 hac
498 3469 655 3516 aetate
676 3469 938 3532 generant
965 3459 1297 3530 temporibus
1327 3454 1547 3517 nostris,
1577 3452 1679 3508 nisi
1705 3450 1962 3506 divinitus

372 3554 468 3610 fiat
492 3555 598 3609 tale
623 3553 972 3630 miraculum?
1002 3552 1069 3606 Et
1097 3561 1274 3607 tamen
1309 3551 1390 3606 illi
1419 3553 1667 3620 poterant
1685 3585 1702 3612 ,
1729 3543 1778 3598 si
1801 3543 1958 3598 Sarra

371 3648 571 3705 sterilis
596 3663 704 3703 non
725 3646 940 3713 fuisset;
967 3646 1088 3718 quia
1110 3653 1166 3700 et
1195 3645 1285 3700 ille
1317 3644 1489 3714 potuit
1511 3643 1580 3698 de
1601 3644 1762 3712 Agar,
1786 3645 1841 3697 et
1868 3636 1959 3696 illa

373 3741 610 3798 nondum
640 3750 754 3798 erat
779 3741 857 3796 sic
879 3724 1366 3809 mtate‘progressa,
1387 3744 1446 3790 ut
1467 3735 1515 3790 ei
1536 3742 1812 3791 cessarent
1838 3732 1957 3788 fieri

371 3833 674 3888 muliebria.
711 3833 795 3888 Ad
837 3831 940 3887 hoc
977 3845 1107 3902 ergo
1146 3837 1262 3885 erat
1297 3828 1527 3883 Abrahze
1556 3825 1750 3897 corpus
1775 3839 1958 3881 emor-

375 3932 550 3991 tuum,
578 3923 728 3980 ut-de
756 3923 913 3980 Sarra
937 3923 1047 3994 jam
1073 3935 1331 3994 generare
1361 3935 1466 3975 non
1491 3927 1713 3990 posset,
1748 3918 1960 3974 etiamsi

373 4025 522 4092 esset
553 4017 652 4072 illa
700 4017 773 4070 ita
812 4015 1072 4084 fecunda,
1105 4025 1164 4069 ut
1209 4021 1384 4068 tamen
1424 4011 1534 4082 jam
1578 4011 1960 4081 propinquaret

371 4109 540 4176 aetati,
571 4123 672 4179 qua
701 4123 861 4164 cruor
885 4107 974 4162 ille
996 4105 1284 4162 menstruis
1323 4104 1618 4160 intervallis
1653 4103 1837 4158 venire
1866 4101 1962 4157 dc-

367 4200 607 4256 sisteret.
633 4198 834 4266 Quibus
863 4197 1005 4254 enim
1031 4197 1140 4267 jam
1183 4197 1402 4252 omnino
1439 4211 1546 4252 non
1589 4195 1741 4263 ﬂuit,
1773 4209 1864 4250 eas
1893 4193 1962 4250 ab

371 4291 683 4348 auctoribus
710 4289 990 4346 medicina:
1015 4289 1289 4344 definitum
1316 4297 1399 4344 est
1437 4302 1545 4342 non
1577 4301 1734 4357 posse
1772 4286 1960 4341 conci-

373 4398 524 4456 pere.
564 4382 717 4452 Quod
747 4382 790 4437 si
822 4381 1012 4436 l'alsum
1045 4389 1207 4443 esset,
1237 4379 1382 4433 nullo
1415 4377 1576 4433 modo
1603 4377 1785 4432 dicere
1810 4375 1959 4432 Scri-

373 4485 529 4546 ptura
551 4481 785 4537 curaret,
813 4471 1117 4544 Defecerunt
1145 4480 1313 4524 autem
1335 4470 1512 4524 Sarra:
1539 4470 1652 4539 ﬁeri
1673 4468 1960 4523 muliebria:

371 4579 497 4620 cum
535 4565 780 4634 superius
804 4563 914 4632 jam
949 4561 1205 4628 dixisset,
1238 4561 1494 4614 Abraham
1523 4569 1692 4614 autem
1721 4570 1765 4614 et
1797 4560 1962 4616 Sarra

373 4656 597 4711 seniores
636 4654 886 4726 progressi
911 4653 964 4707 in
989 4652 1164 4706 diebus
1191 4653 1296 4706 suis
1327 4650 1449 4723 (Id.
1475 4667 1606 4706 xvut
1625 4693 1642 4716 ,
1677 4653 1738 4706 Η
1766 4651 1806 4712 i.
1855 4651 1960 4707 Pro

373 4746 538 4802 modo
566 4760 695 4814 ergo
724 4746 746 4777 ¹
777 4744 1033 4814 temporis
1056 4785 1070 4806 ,
1098 4743 1249 4812 cujus
1283 4743 1440 4812 longe
1471 4743 1758 4812 prolixiore
1787 4741 1962 4814 spatio

375 4847 504 4894 tunc
528 4836 799 4903 vivebant,
829 4850 1088 4905 generare
1114 4834 1223 4903 jam
1253 4834 1342 4888 illa
1375 4842 1531 4888 :etatc
1557 4849 1662 4889 non
1689 4843 1957 4904 poterant,

372 4941 496 4984 cum
521 4937 662 4982 esset
691 4926 956 4981 Abraham
988 4925 1344 4990 centonarius,
1375 4923 1534 4980 Sarra
1565 4926 1958 4996 nonagenaria;

373 5021 586 5077 etiamsi
613 5021 814 5076 sterilis
839 5035 944 5075 non
973 5018 1194 5086 fuisset,
1225 5026 1278 5072 et
1309 5028 1438 5073 ante
1475 5033 1672 5072 annum
1703 5033 1960 5072 concum-

371 5111 584 5176 berent,
613 5110 824 5180 quando
851 5109 1028 5164 adhuc
1052 5109 1100 5164 ci
1131 5109 1364 5164 fluebant
1391 5107 1620 5164 fortasse
1643 5106 1958 5176 muliebria;

363 5213 428 5260 et
459 5203 582 5258 ideo
603 5203 774 5258 adhuc
795 5203 1076 5271 concipere
1106 5211 1306 5272 posset,
1331 5201 1375 5256 si
1400 5202 1612 5272 juvenis
1633 5209 1776 5257 esset
1799 5203 1962 5256 mari-

372 5306 487 5362 tus;
521 5308 646 5350 tunc
671 5305 849 5350 autem
880 5311 982 5349 non
1014 5303 1228 5366 posset,
1263 5303 1478 5365 propter
1506 5309 1698 5365 corpus
1723 5295 1962 5351 Abrahae

368 5387 450 5442 sic
489 5398 789 5441 emortuum
834 5395 1132 5452 senectute,
1175 5395 1232 5441 ut
1267 5403 1334 5442 ex
1366 5387 1505 5442 illius
1547 5387 1720 5442 aetatis
1764 5388 1959 5444 femina

365 5478 587 5546 gignere
608 5492 713 5531 non
744 5477 972 5542 valeret;
1005 5479 1093 5549 qui
1120 5487 1294 5532 tamen
1325 5487 1376 5533 et
1409 5479 1520 5548 ipse
1545 5479 1612 5534 de
1640 5480 1962 5536 adolescen-

366 5565 480 5622 tula
511 5569 731 5633 valeret,
759 5569 894 5623 sicut
927 5579 1113 5640 postea
1142 5567 1210 5625 de
1241 5567 1472 5625 Cethura
1495 5568 1661 5625 valuit
1691 5568 1802 5642 (Id.
1828 5587 1952 5640 xxv,

433 5751 453 5813 ι
485 5757 536 5802 tu
553 5759 682 5813 Mss,
705 5755 1003 5806 siccaret-tm.

431 5812 457 5846 ³
487 5815 620 5880 Apud
651 5812 782 5876 ων..
819 5817 976 5867 addita
1001 5819 1078 5866 hic
1101 5815 1350 5880 particula,
1371 5832 1497 5870 nunc
1523 5831 1540 5870 :
1563 5819 1652 5872 sed
1671 5821 1816 5872 male.

638 5903 908 5962 ιἈτιιοι.
946 5899 1171 5965 XLIV,

1689 398 1903 457 ἨΒΕιῖ
1937 395 2260 456 TERTIUS.

3533 403 3642 462 7η

2051 515 2108 580 ι,
2137 511 2194 582 2)
2223 532 2236 570 :
2262 511 2505 586 quamvis
2526 523 2578 570 et
2608 513 2712 570 illic
2733 514 2835 570 dici
2868 518 3055 586 possit,
3081 512 3419 576 fecunditatis
3446 538 3644 582 munus

2050 608 2104 664 in
2131 607 2320 663 eodem
2351 621 2744 678 perseverasse,
2769 610 2910 680 quod
2934 621 3213 682 acceperat
3244 623 3300 668 ut
3326 627 3639 672 nasceretur

2051 697 2215 754 Isaac.
2262 699 2370 756 Pro
2411 700 2572 757 modo
2603 710 2778 757 autem
2821 717 2962 758 nunc
3002 707 3288 776 temporis,
3335 723 3443 776 quo
3485 709 3642 780 iunge

2051 789 2300 846 breviore
2326 792 2500 862 spatio
2522 791 2707 847 vivunt
2745 791 3024 862 homines,
3058 794 3196 850 intra
3226 806 3441 854 centum
3471 814 3643 856 annos

2051 883 2328 939 amborum
2349 884 2632 956 coniugum
2657 901 2919 956 generare
2948 877 3110 958 posse
3127 889 3396 946 dicuntur.
3427 891 3486 948 Si
3511 908 3640 950 vero

2053 975 2108 1030 in
2136 991 2398 1032 summam
2423 977 2568 1034 ducti
2598 979 2878 1034 amborum
2903 981 3029 1036 anni
3056 985 3421 1040 centenarium
3450 1001 3644 1044 nume-

2051 1081 2172 1122 rum
2217 1069 2578 1138 excesserint,
2610 1071 2691 1126 sic
2731 1083 3106 1128 asseverantur
3147 1089 3254 1130 non
3299 1091 3458 1146 posse
3501 1077 3644 1133 ﬁlios

2053 1175 2373 1232 procreare,
2400 1163 2611 1218 etiamsi
2655 1163 2877 1221 fecunda
2919 1167 2987 1220 sit
3022 1168 3232 1233 mulier,
3267 1180 3316 1225 et
3349 1169 3640 1226 fluentibus

2053 1252 2228 1308 adhuc
2267 1254 2614 1311 muliebribus
2661 1259 2828 1326 possit
2867 1273 2931 1313 ex
2972 1258 3202 1328 juvene;
3233 1271 3287 1316 ιιι
3330 1261 3452 1332 jure
3481 1263 3644 1318 ftterit

2055 1342 2217 1398 etiam
2244 1345 2622 1413 constitutum,
2651 1361 2719 1402 ne
2746 1347 3024 1418 quisquam
3047 1349 3136 1420 jus
3154 1351 3453 1408 liberorum
3483 1353 3646 1409 habe-

2055 1444 2161 1504 ret,
2188 1436 2287 1492 nisi
2313 1451 2433 1492 cum
2462 1437 2742 1493 amborum
2762 1440 2886 1493 anni
2915 1443 3204 1511 computati
3233 1452 3286 1498 et
3311 1443 3468 1499 simul
3497 1444 3642 1500 ducti

2053 1539 2270 1586 centum
2302 1531 2556 1586 transisse
2579 1531 2596 1563 ί
2627 1531 2971 1590 docerentur.

2127 1619 2218 1675 25.
2256 1619 2568 1676 Miraculum
2595 1637 2724 1691 ergo
2751 1623 2842 1678 Dei
2873 1623 3070 1680 factum
3101 1634 3203 1692 est,
3237 1636 3292 1682 ttt
3317 1628 3637 1699 concipere-

2059 1723 2146 1768 tur
2171 1712 2351 1782 Isaac,
2389 1729 2493 1769 non
2523 1715 2830 1786 parentibus
2860 1717 2974 1787 ejus
3005 1718 3222 1775 libidine
3249 1721 3454 1777 reddita
3480 1765 3495 1789 ,
3543 1723 3640 1780 sed

2057 1802 2384 1860 fecunditate
2423 1805 2618 1861 donata
2646 1825 2658 1862 :
2684 1823 2805 1862 nam
2838 1809 2926 1864 illa
2969 1825 3087 1866 esse
3130 1822 3338 1882 poterat
3377 1815 3538 1872 etiant
3583 1817 3642 1872 iu

2057 1899 2162 1954 illis
2187 1899 2372 1966 annis;
2405 1899 2520 1956 haec
2547 1917 2673 1956 vero
2699 1917 2819 1958 esse
2846 1919 2952 1959 non
2983 1914 3210 1976 poterat,
3244 1917 3321 1962 tot
3350 1909 3647 1980 impedien-

2061 1989 2201 2044 tibus
2228 1992 2428 2046 causis.
2459 1991 2772 2064 Quanquam
2804 2004 2858 2050 et
2883 1995 3068 2063 libido,
3101 1998 3239 2054 sicut
3268 2001 3516 2070 superius
3534 2001 3648 2058 dis-

2057 2081 2346 2146 seruimus,
2371 2083 2418 2138 si
2446 2085 2703 2138 emortuis
2730 2085 2982 2142 membris
3007 2088 3266 2144 senilibus
3297 2106 3517 2147 munere
3545 2093 3642 2150 Dei

2058 2172 2288 2242 quodam
2319 2173 2479 2228 modo
2509 2173 2946 2233 reviviscentibus
2983 2179 3144 2233 etiam
3191 2181 3302 2250 ipsa
3347 2183 3641 2239 revivisce-

2060 2271 2142 2318 ret
2161 2263 2215 2330 ’ς
2239 2263 2597 2321 conditionem
2621 2266 2861 2337 profecto
2875 2269 3050 2324 carnis
3065 2273 3431 2342 corruptibilis
3455 2290 3649 2346 seque-

2059 2363 2225 2421 retur,
2258 2364 2316 2411 ut
2343 2365 2486 2412 esset
2516 2359 2568 2412 in
2596 2373 2825 2430 corpore
2853 2362 3036 2416 mortis
3068 2361 3243 2434 hujus,
3270 2379 3388 2434 quae
3412 2365 3464 2420 in
3493 2383 3651 2438 para-

2061 2447 2178 2503 diso
2207 2463 2328 2504 esse
2353 2464 2459 2504 non
2485 2458 2661 2520 potest
2688 2460 2812 2506 ante
2845 2464 3121 2522 peccatum
3167 2456 3218 2509 in
3258 2471 3486 2527 corpore
3514 2459 3638 2514 vita:

2061 2536 2220 2594 illius.
2261 2539 2567 2596 Secundum
2607 2543 2972 2599 conditionem
3015 2554 3193 2600 autem
3236 2549 3463 2618 poenalis
3490 2549 3648 2621 hujus

2061 2631 2339 2700 corporis,
2376 2648 2570 2689 munus
2615 2633 2953 2690 fecunditatis
2998 2653 3140 2693 nunc
3187 2639 3325 2696 Deus
3364 2643 3648 2712 unicuique

2052 2719 2314 2792 largitur,
2344 2739 2449 2778 tton
2493 2725 2786 2781 secundum
2832 2727 2977 2782 illam
3016 2727 3321 2786 felicitatem
3343 2775 3358 2799 ,
3392 2731 3482 2788 ubi
3513 2734 3650 2788 nihil

2065 2820 2179 2866 erat
2208 2813 2260 2866 in
2291 2827 2473 2882 carne,
2501 2815 2642 2886 quod
2667 2817 2926 2873 adversus
2953 2817 3196 2888 spiritum
3225 2823 3648 2892 concupisceret,

2063 2910 2120 2958 et
2143 2905 2556 2974 concupiscente
2585 2907 2842 2964 adversus
2871 2923 2929 2964 se
2959 2911 3147 2979 spiritu
3171 2912 3503 2968 frenaretur:
3527 2917 3652 2984 quia

2063 2992 2118 3050 in
2137 3004 2325 3050 natura
2351 2997 2580 3054 hominis
2601 3009 2724 3054 ante
2751 3009 3025 3070 peccatum
3057 3017 3238 3072 pacem
3261 3003 3484 3060 decebat
3504 3018 3646 3072 esse,

2063 3102 2170 3142 non
2200 3087 2420 3143 bellum.
2448 3089 2506 3144 lu
2531 3104 2592 3144 ea
2620 3105 2746 3146 vero
2778 3100 2928 3162 parte
2956 3093 3378 3150 ratiocinationis
3401 3104 3504 3152 tua:
3529 3097 3644 3152 fru-

2065 3187 2175 3234 stra
2205 3180 2474 3244 laborasti,
2500 3190 2748 3250 tanquam
2771 3183 2952 3239 dicere
2977 3200 3272 3254 possemus,
3313 3205 3331 3239 ι
3366 3186 3512 3244 lsaac
3533 3189 3653 3245 sine

2063 3273 2495 3343 concupiscentia
2523 3276 2701 3330 carnis
2729 3275 2808 3331 vel
2835 3277 3040 3332 semine
3065 3279 3164 3332 viri
3194 3278 3358 3336 fuisse
3396 3297 3643 3351 procrea-

2065 3373 2199 3419 tum.
2231 3382 2250 3416 )
2278 3364 2390 3420 lloc
2415 3366 2557 3421 enim
2589 3381 2692 3421 non
2719 3366 2945 3421 dicimus
2971 3385 2983 3421 :
3007 3378 3060 3424 et
3092 3369 3214 3425 ideo
3237 3370 3493 3442 quidquid
3525 3373 3650 3428 inde

2063 3454 2364 3525 disputasti,
2396 3457 2766 3526 prmtercundo
2795 3461 3206 3515 contemnimus.

2133 3547 2361 3604 CAPUT
2400 3547 2514 3603 XII.
2538 3548 2708 3604 —2.l.
2732 3549 2884 3616 Quod
2917 3561 3094 3606 autem
3127 3552 3220 3606 tibi
3251 3553 3506 3623 prmelaro
3521 3570 3650 3611 acu-

2065 3639 2211 3694 mine
2237 3639 2384 3694 visus
2405 3655 2464 3695 es
2495 3640 2784 3708 invenisse,
2815 3649 2872 3696 ut
2897 3641 3127 3710 diceres,
3157 3661 3176 3696 t
3207 3645 3430 3700 Etiamsi
3459 3647 3650 3702 diabo-

2064 3730 2149 3789 lus
2177 3740 2387 3786 crcaret
2427 3730 2689 3796 homines,
2723 3731 2866 3786 nulla
2897 3732 3048 3803 culpa
3079 3749 3172 3788 sua
3201 3734 3326 3789 mali
3357 3745 3565 3800 essent;
3597 3747 3652 3792 et

2063 3825 2186 3882 ideo
2218 3820 2330 3894 jam
2375 3835 2475 3876 nec
2514 3821 2640 3876 mali
2684 3831 2896 3889 essent,
2928 3823 3048 3894 quia
3079 3839 3199 3880 esse
3227 3826 3506 3896 quisquam
3548 3828 3650 3882 nisi

2063 3921 2204 3987 quod
2236 3927 2390 3972 natus
2418 3923 2522 3978 εει,
2551 3929 2656 3966 non
2688 3923 2880 3983 potest,
2910 3929 3010 3970 nec
3039 3915 3105 3970 ab
3135 3931 3201 3972 eo
3229 3916 3427 3988 justum
3451 3929 3530 3974 est
3551 3921 3651 3974 ali-

2063 4007 2188 4078 quid
2214 4009 2442 4079 amplins
2467 4005 2708 4080 flagitare
2732 4021 2890 4076 quam
2923 4017 3094 4076 potest
3121 4026 3134 4062 :
3166 4028 3184 4061 ι
3214 4010 3450 4064 solemus
3475 4019 3528 4067 et
3555 4027 3654 4067 nos

2063 4101 2319 4158 adversus
2348 4103 2668 4159 Manichaeos
2689 4105 2788 4159 ista
2817 4099 3017 4166 dicere,
3047 4101 3133 4172 qni
3161 4118 3265 4158 non
3297 4104 3530 4158 vitiatam
3558 4105 3655 4160 ho-

2063 4209 2188 4259 nam
2216 4194 2400 4250 dicunt
2431 4210 2550 4252 esse
2578 4207 2843 4264 naturam,
2875 4191 2969 4252 scd
2996 4193 3110 4248 sine
3140 4193 3290 4249 initio
3317 4203 3370 4249 et
3399 4195 3616 4250 immuta
3635 4227 3652 4238 ο

2064 4285 2244 4342 biliter
2271 4287 2462 4340 malam
2483 4329 2498 4354 ,
2527 4304 2686 4358 quam
2717 4287 3010 4343 secundum
3039 4299 3166 4343 suas
3193 4285 3393 4342 fabulas
3420 4289 3650 4358 Opinati-

2067 4384 2155 4433 ttlr
2172 4360 2606 4436 malam.Natura
2623 4395 2751 4434 vero
2769 4381 2996 4435 humana
3019 4380 3313 4436 secundum
3333 4380 3650 4436 catholicam

2065 4470 2226 4526 fidem
2269 4471 2409 4527 bona
2455 4472 2692 4527 instituta
2714 4514 2730 4539 ,
2763 4473 2854 4528 scd
2889 4461 3068 4528 vitiata
3107 4484 3328 4544 peccato
3355 4472 3654 4547 meritoque

2065 4561 2311 4617 damnata
2343 4573 2446 4616 est.
2491 4561 2603 4617 Nec
2645 4564 2836 4618 mirum
2879 4574 3056 4619 autent
3103 4581 3201 4621 nec
3237 4563 3489 4636 injustam
3532 4581 3648 4634 est,

2065 4651 2206 4721 quod
2226 4652 2414 4706 radix‘
2438 4652 2638 4721 profert
2654 4652 2900 4728 damnata
2923 4653 3223 4720 damnatos,
3245 4655 3344 4708 nisi
3366 4655 3514 4724 cujus
3537 4672 3648 4711 ma-

2066 4759 2167 4798 nus
2214 4761 2320 4799 non
2363 4745 2530 4800 defuit
2557 4747 2788 4800 creantis
2811 4788 2826 4813 ,
2861 4762 2965 4800 non
3011 4747 3148 4802 desit
3186 4757 3241 4802 ct
3282 4750 3649 4806 misericordia

2127 4901 2150 4934 ι
2182 4899 2301 4950 aditi
2325 4933 2340 4958 ,
2385 4904 2572 4948 centum
2599 4911 2698 4962 non
2741 4902 2986 4950 transisse.
3035 4899 3265 4949 Particulo
3297 4914 3485 4962 negans
3511 4907 3654 4957 abest

2064 4975 2093 5012 a
2283 4976 2323 5029 ;_
2347 4974 2446 5025 quo
2493 4960 2824 5024 intelligamus
2870 4963 2952 5024 jus
2996 4961 3268 5029 liberorum
3315 4960 3400 5013 eos
3419 4970 3654 5029 wnjnges

2065 5024 2151 5132 qui
2183 5023 2670 5081 liberis'c:trereut{
2695 5037 2791 5071 non
2838 5023 2953 5072 ante
2996 5023 3240 5081 habuisse,
3279 5039 3423 5132 quam
3456 5023 3652 5080 atatem

2065 5085 2080 5132 i
2104 5085 2196 5132 iam
2213 5085 2666 5132 excessisscttmloc
2681 5085 2766 5132 insi
2782 5085 2910 5132 iuret
2930 5087 3286 5132 muisorliorum
3323 5089 3649 5132 iberahnntnr-

2065 5085 2196 5134 illam
2213 5085 2557 5134 excessissent.
2571 5091 2666 5133 Hoc
2681 5085 2766 5145 ipsi
2777 5085 2910 5151 jure;
2930 5087 3286 5151 mnisorliorum
3299 5085 3650 5151 liberabantur,

2064 5159 2122 5209 ac
2145 5153 2368 5209 poterant
2391 5160 2488 5193 non
2505 5159 2650 5194 secus
2671 5155 2818 5206 atque
2841 5147 2909 5196 illi
2933 5147 3112 5208 quibus
3133 5155 3272 5196 erant
3293 5163 3575 5202 οοιιιιηιιιιοε
3591 5147 3650 5202 Ii;

2063 5206 2192 5278 beri,
2211 5206 2413 5278 solidum
2436 5219 2701 5278 capere__ex
2721 5209 2823 5257 suis
2846 5206 3050 5278 invicem
3075 5212 3392 5278 testamentis.
3421 5214 3535 5278 ttin‘c
3575 5217 3654 5278 lsi-

2064 5269 2432 5332 dorus,50rig.,
2453 5285 2475 5312 κ
2492 5267 2572 5329 jus
2595 5267 2876 5332 liberorum,
2895 5288 2918 5314 ι»
2949 5271 3032 5328 ait,
3059 5287 3081 5315 ι
3103 5278 3178 5320 est
3200 5274 3456 5332 coniugum
3473 5276 3580 5322 sine
3595 5269 3655 5325 li-

2063 5309 2432 5393 bei-isuinvice’m,
2447 5348 2478 5393 ν(
2492 5309 2586 5392 pro
2603 5328 2713 5378 loco
2733 5309 2985 5393 pigiidrum

2065 5393 2278 5465 scriptio.
2300 5407 2322 5436 ν
2359 5391 2598 5465 Filiabus,
2643 5391 2827 5464 liragu't.
2863 5395 2936 5443 tit.
2969 5393 3042 5465 Ili,
3076 5396 3260 5465 scribit,
3303 5403 3402 5465 tum
3428 5397 3556 5446 inter
3593 5412 3652 5448 se

2065 5451 2304 5516 coniuges
2345 5451 2778 5517 solidutnrcclisse,
2819 5469 2930 5504 cum
2975 5455 3090 5517 lege
3143 5451 3278 5517 Papia
3308 5455 3467 5506 finitos
3501 5471 3650 5510 annos

2065 5517 2370 5572 transissent,
2413 5517 2484 5580 vir
2521 5516 2746 5580 nimirum
2789 5519 3076 5580 sexaginta,
3113 5516 3236 5565 uxor
3277 5520 3648 5580 quinquaginta.

2064 5577 2529 5641 Porroaugustinus
2549 5576 2758 5641 habitam
2792 5576 3032 5628 rationem
3071 5586 3207 5641 putat
3239 5576 3350 5640 ejus
3379 5576 3552 5641 aetatis,
3585 5595 3650 5633 ex

2063 5650 2162 5704 qua
2200 5637 2383 5704 liberos
2419 5651 2676 5704 procreare
2695 5639 2928 5704 deinceps
2945 5653 3040 5704 non
3071 5637 3310 5704 valerent.

2118 5701 2148 5810 ἴ
2181 5697 2491 5748 FIoriacertsis
2513 5707 2616 5762 διά,
2656 5697 3048 5754 revirescéutt'bus
3080 5699 3226 5752 etiam
3254 5700 3360 5764 ipsa
3391 5713 3643 5756 reviresce-

2063 5772 2155 5811 τρι.

2129 5821 2150 5856 ³
2173 5831 2271 5874 Am.
2298 5830 2351 5876 et
2373 5828 2468 5887 Er.,
2493 5823 2622 5888 quod
2642 5823 2942 5876 admirabia'is
2959 5822 3124 5874 radix.
3172 5851 3204 5864 κ

2857 5907 3340 5998 {l’ingt—trois.)
