4118 6540
478 418 589 475 ’115

484 527 766 591 iiber-antis
790 540 804 579 :
828 536 987 594 quam
1010 534 1107 575 vos
1134 516 1342 573 miseris
1367 513 1614 570 invidetis
1643 512 1659 544 ⁸
1684 554 1697 577 ,
1724 523 1847 566 cum
1876 504 2077 561 malum

491 618 768 696 parvulos,
791 630 820 669 a
846 628 951 685 quo
977 612 1293 674 liberentur,
1321 623 1425 663 non
1457 605 1657 663 habere
1681 601 1881 696 dicitis.

565 712 656 767 23.
697 708 804 766 Sed
842 715 986 764 certe
1017 719 1114 758 vos
1152 703 1243 775 qui
1286 701 1538 756 miseram
1587 696 1717 771 falsa
1764 690 2079 750 defensione

488 803 739 876 premitis
759 844 772 867 ,
800 811 855 856 et
898 798 1192 870 perniciosa
1236 793 1391 849 laude
1417 789 1734 862 Oppugnatis
1767 785 2040 842 infantiam
2062 821 2078 849 ,

486 875 671 968 lquare
715 893 846 948 nihil
887 889 1011 946 mali
1054 897 1323 944 merentes
1353 893 1431 940 tot
1464 884 1517 938 in
1558 879 1790 952 parvulis
1817 875 2074 945 imagines

506 967 597 1043 Dei
622 1027 637 1049 .
668 985 713 1041 si
745 998 849 1039 non
879 981 1235 1051 baptizentur,
1274 992 1378 1030 non
1410 971 1688 1029 admittitis
1713 971 1734 1001 ’
1756 967 1822 1022 ad
1858 978 2081 1036 regnum

493 1077 634 1133 'Dei?
662 1072 926 1143 Numquid
955 1072 1053 1141 ipsi
1074 1071 1173 1124 sibi
1196 1067 1501 1126 defuerunt,
1522 1071 1581 1117 ut
1603 1060 1878 1130 priventur
1896 1068 2081 1124 regno,

511 1178 570 1226 nt
600 1178 705 1223 tam
738 1160 1299 1233 Iuctnosopuniantur
1326 1153 1546 1218 exsilio;
1573 1166 1694 1207 cum
1722 1148 1773 1204 id
1799 1162 1904 1201 non
1935 1145 2080 1200 fece-

402 1240 409 1247 ’
508 1263 649 1327 rint,
689 1256 830 1329 quod
876 1256 1049 1310 facere
1087 1249 1306 1306 omnino
1341 1261 1447 1302 non
1492 1238 1775 1314 poterant?
1799 1237 1899 1294 Ubi
1926 1235 2083 1329 etiam

494 1325 689 1427 ponis,
708 1325 833 1421 quia
861 1358 916 1405 et
943 1346 1047 1400 vita
1079 1342 1356 1405 carebunt,
1389 1335 1639 1408 quoniam
1668 1325 2089 1427 non-nranduca-

492 1414 701 1513 «verunt
731 1414 950 1495 carnem
972 1476 990 1502 ,
1019 1447 1117 1488 nec
1144 1430 1393 1486 biberunt
1415 1425 1725 1495 sanguinem
1762 1418 1883 1474 Filii
1921 1414 2088 1470 homid

494 1533 595 1589 nis
619 1511 798 1602 (toan.
822 1542 877 1582 Vt
898 1569 913 1589 ,
939 1524 1068 1595 5st)?
1097 1520 1248 1578 Unde
1278 1516 1522 1588 Pelagius
1540 1555 1553 1579 ,
1583 1511 1723 1584 quod
1754 1522 1915 1602 supra
1935 1521 2089 1602 com-

502 1598 812 1679 memoravi
833 1658 850 1685 ,
873 1630 968 1671 eos
1008 1613 1098 1683 qui
1140 1611 1359 1673 dicunt,
1387 1625 1407 1659 ι
1445 1606 1672 1660 infantes
1693 1644 1709 1669 ,
1742 1598 1950 1656 etiamsi
1990 1609 2095 1651 non

508 1712 873 1784 baptizcntur,
897 1705 1093 1759 habere
1113 1702 1273 1755 vitam
1301 1708 1577 1759 a-ternam,
1604 1712 1624 1747 ι
1653 1693 1706 1747 in
1733 1686 2096 1747 ecclesiastico

513 1776 717 1872 judicio
737 1800 817 1870 (α)
845 1797 945 1852 nisi
968 1795 1294 1854 damnasset,
1324 1788 1606 1844 damnatus
1634 1783 1851 1838 exisset.
1878 1780 1990 1872 Qua
2016 1776 2097 1848 ju-

521 1870 687 1959 stitia,
716 1902 916 1960 qumso,
943 1901 975 1941 a
1003 1896 1167 1954 regno
1197 1879 1312 1944 Dei,
1334 1893 1364 1932 a
1395 1878 1499 1932 vita
1532 1875 1625 1930 Dei
1651 1873 1909 1929 alienatur
1928 1870 2099 1938 imago

512 1983 653 2047 Dei,
685 1982 736 2037 in
785 1978 935 2035 nullo
980 1986 1308 2045 transgressa
1353 1970 1521 2041 legem
1570 1966 1697 2022 Dei?
1739 1964 1925 2020 Nonne
1951 1960 2099 2016 audis

515 2070 967 2146 quemadmodum
1000 2065 1296 2121 detestatur
1322 2058 1608 2131 Apostolus
1648 2057 1905 2127 quosdam
1926 2094 1942 2122 ,
1969 2065 2105 2146 quos

518 2144 649 2220 dicit
674 2164 936 2218 alienatos
960 2176 991 2212 α
1017 2158 1115 2212 vita
1154 2155 1251 2209 Dei
1294 2170 1384 2226 per
1422 2150 1762 2224 ignorantiam
1800 2161 1912 2217 qua:
1938 2153 2013 2200 est
2051 2144 2106 2198 in

516 2256 626 2313 illis
646 2301 661 2321 ,
688 2265 894 2329 propter
933 2250 1208 2308 caecitatem
1240 2245 1408 2301 cordis
1442 2258 1613 2298 eorum
1644 2238 1855 2313 (Epltes.
1880 2253 1953 2329 tv,
1981 2233 2107 2306 l8)?

519 2328 813 2405 Tenebitur
846 2345 944 2400 hac
971 2338 1234 2398 sententia
1262 2351 1367 2391 non
1403 2333 1702 2404 baptizatus
1731 2328 2013 2401 parvulus,
2038 2341 2108 2382 an

518 2459 628 2498 non
677 2437 978 2496 tenebitur?
1015 2433 1072 2490 Si
1098 2429 1362 2496 dixeritis,
1393 2426 1510 2482 Non
1539 2423 1848 2480 tenebitur:
1880 2435 2110 2491 evange-

511 2536 625 2592 elira
654 2531 909 2595 veritate,
936 2528 1114 2596 lingua
1157 2517 1563 2590 etiamil‘elagii
1602 2524 1739 2572 teste
1764 2556 1780 2581 ,
1824 2511 2110 2569 vincemini

526 2635 691 2696 atque
721 2620 1031 2694 puniemini.
1057 2616 1159 2674 Ubi
1187 2624 1270 2670 est
1288 2612 1431 2669 enim
1456 2611 1564 2665 vita
1592 2608 1704 2676 Dei,
1730 2606 1834 2667 nisi
1864 2605 1916 2660 in
1945 2618 2113 2676 regno

533 2716 664 2778 Dei,
691 2727 798 2783 quo
826 2710 924 2765 nisi
960 2706 1130 2764 renati
1158 2720 1224 2759 ex
1250 2717 1385 2774 aqua
1420 2707 1476 2757 et
1513 2699 1737 2768 spiritu,
1775 2697 1978 2751 intrare
2005 2710 2114 2763 non

529 2814 753 2878 possunt
777 2800 957 2874 (Joan.
981 2816 1061 2868 ut,
1083 2797 1177 2870 5)?
1206 2795 1261 2851 Si
1293 2803 1469 2850 autem
1498 2789 1762 2857 dixeritis,
1790 2787 2111 2878 Tenebitur:

528 2877 770 2956 fatemini
793 2907 1029 2964 penam,
1053 2888 1264 2958 culpam
1286 2884 1478 2949 dicite;
1508 2881 1743 2937 fatemini
1771 2877 2113 2950 supplicium,

529 2986 778 3043 meritum
821 2982 1001 3037 dicite.
1043 2978 1185 3034 Nihil
1229 2976 1282 3031 in
1329 2983 1509 3030 vestro
1543 2972 1794 3041 dogmate
1833 2969 2113 3039 reperitis,

531 3077 673 3151 quod
702 3073 945 3148 proferre
971 3069 1203 3142 possitis.
1231 3067 1348 3123 1am
1381 3066 1540 3137 igitur
1563 3061 1873 3134 aliquando,
1901 3060 1948 3116 si
1976 3060 2119 3116 ullus

530 3177 620 3226 est
635 3168 955 3226 christianus
974 3176 1166 3218 sensus
1182 3159 1239 3216 in
1260 3158 1433 3222 vobis,
1451 3157 1618 3213 etiam
1644 3156 1695 3210 in
1725 3154 1967 3225 parvulis
1997 3167 2121 3223 pro-

529 3264 775 3332 paginem
806 3255 993 3310 mortis
1020 3265 1074 3308 ct
1097 3250 1457 3306 damnationis
1484 3246 1791 3318 agnoscite,
1813 3244 1991 3300 debita
2023 3243 2118 3315 ju-

532 3352 676 3406 stitia
719 3345 1074 3419 puniendam,
1106 3340 1271 3415 gratis
1314 3342 1485 3412 gratia
1529 3337 1620 3393 Dei
1658 3335 2010 3392 liberandam.
2062 3334 2122 3391 In

534 3455 761 3515 quorum
788 3437 1155 3506 redemptione
1178 3431 1383 3488 laudari
1411 3428 1504 3485 Dei
1527 3425 1893 3483 misericordia
1923 3433 2118 3495 potest,

534 3538 590 3592 in
612 3549 837 3607 quorum
862 3528 1161 3602 perditione
1180 3521 1426 3580 accusari
1452 3520 1547 3577 Dei
1568 3519 1765 3574 veritas
1786 3534 1892 3573 non
1916 3526 2119 3588 potest:

523 3626 655 3696 quia
701 3623 971 3678 universa:
1006 3618 1109 3672 via:
1159 3613 1368 3670 Domini
1416 3608 1784 3669 misericordia
1831 3616 1888 3665 et
1921 3608 2122 3665 veritas

526 3714 706 3789 (Psal.
735 3727 888 3778 XXIV,
921 3709 1034 3779 10).
1890 3711 1893 3714 '

605 3809 831 3868 CAPUT
868 3805 1009 3863 XIII.
1032 3835 1104 3847 --
1121 3803 1211 3860 26.
1236 3801 1461 3866 Dividis,
1485 3798 1699 3866 deﬁnis,
1727 3796 1949 3853 disseris
1970 3793 2122 3866 quasi

526 3901 925 3960 medicinaliter
952 3898 1021 3953 de
1047 3911 1276 3969 genere,
1308 3903 1364 3950 et
1392 3894 1604 3962 Specie,
1633 3900 1689 3946 et
1717 3888 1877 3944 modo
1896 3929 1912 3955 ,
1949 3897 2003 3942 et
2031 3902 2126 3941 ex-

526 4010 691 4053 cessu
718 3988 1199 4061 concupiscentiae;
1236 4004 1256 4040 ς
1293 3986 1450 4055 hujus
1477 3998 1643 4054 genus
1670 3996 1791 4037 esse
1826 3998 1846 4033 ι
1874 3994 2125 4035 asserens

541 4104 564 4138 ι
599 4085 652 4141 in
680 4085 801 4154 igne
824 4080 972 4138 vitali
992 4120 1007 4144 ,
1034 4077 1268 4149 Speciem
1294 4073 1347 4130 in
1371 4083 1515 4128 motu
1540 4070 1790 4145 genitali,
1820 4069 2037 4145 modum
2068 4071 2125 4124 in

511 4182 704 4247 'opere
737 4169 1037 4243 conjugali,
1080 4180 1357 4224 excessum
1403 4162 1458 4219 in
1502 4160 1913 4232 intemperantia
1956 4157 2124 4214 forni-

529 4264 733 4320 candi:
766 4282 786 4317 ι
814 4271 868 4318 et
900 4271 1077 4315 tamen
1105 4265 1240 4329 .post
1280 4256 1435 4311 istam
1482 4259 1646 4309 totam
1683 4251 1833 4322 quasi
1873 4250 2124 4306 subtilem

534 4365 702 4427 atque
731 4352 991 4425 prolisam
1019 4348 1433 4419 disputationem
1460 4353 1627 4408 tuam,
1654 4356 1776 4398 cum
1809 4350 1861 4396 te
1894 4339 2128 4396 breviter

542 4459 592 4500 et
629 4453 815 4516 aperte
852 4443 1252 4509 interrogarem
1270 4478 1285 4502 ,
1307 4452 1403 4493 cur
1432 4437 1569 4506 ignis
1598 4435 1699 4489 iste
1722 4433 1898 4487 vitalis
1925 4431 2127 4487 bellum

543 4541 597 4593 in
629 4536 843 4594 homine
874 4531 1209 4594 radieaverit,
1239 4539 1295 4584 ut
1326 4543 1393 4585 eo
1416 4543 1542 4583 caro
1567 4525 1913 4596 concupiscat
1939 4524 2130 4581 adver-

543 4645 639 4685 sus
683 4629 967 4700 Spiritum,
995 4634 1048 4680 et
1091 4621 1350 4696 spiritui’
1378 4636 1601 4676 necesse
1641 4620 1708 4674 sit
1751 4619 2128 4688 concupiscere

541 4725 802 4779 adversus
825 4734 1040 4775 carnem
1069 4714 1263 4788 (Galat.
1294 4729 1349 4780 v,
1379 4714 1500 4785 l7);
1532 4729 1627 4769 cur
1658 4712 1879 4767 vulnere
1907 4710 2129 4767 feriatur

550 4813 783 4875 mortali,
805 4810 896 4882 qui
918 4807 1148 4864 voluerit
1173 4805 1279 4876 igni
1301 4804 1605 4860 consentire
1626 4803 1802 4870 vitali;
1830 4812 1957 4873 puto
1984 4801 2129 4873 quod

544 4906 723 4975 ipsum
751 4903 870 4959 libri
898 4900 973 4957 tui
1004 4908 1359 4954 atramentum
1390 4894 1758 4953 erubescendo
1781 4904 2129 4951 convertetur

542 4998 600 5052 in
628 4996 867 5049 minium.
895 4993 975 5048 En
1006 4991 1142 5062 ignis
1161 4989 1183 5022 ⁸
1211 4989 1401 5054 vitalis,
1426 4989 1514 5058 qui
1547 4997 1743 5043 nostra:
1767 4988 1983 5054 animm,
2010 5001 2131 5057 quae

545 5094 656 5140 vita
682 5093 764 5138 est
788 5099 911 5138 vera
938 5081 1134 5145 carnis,
1164 5094 1273 5134 non
1295 5078 1469 5134 solum
1497 5077 1562 5132 ad
1592 5078 1868 5133 arbitrium
1900 5093 2006 5132 non
2027 5078 2129 5132 ob-

548 5177 812 5245 sequitur,
841 5172 933 5228 sed
968 5172 1279 5241 plerumque
1308 5179 1492 5224 contra
1521 5168 1636 5240 ejus
1664 5169 1946 5224 arbitrium
1979 5168 2130 5222 inor-

545 5267 743 5322 dinatis
768 5275 820 5319 et
846 5262 1089 5333 turpibus
1117 5261 1346 5316 motibus
1365 5260 1648 5326 excitatur,
1668 5269 1723 5315 ct
1748 5259 1850 5313 nisi
1870 5259 2129 5315 adversus

546 5374 667 5413 eum
695 5356 910 5425 spiritus
935 5353 1295 5424 concupiscat,
1323 5352 1517 5409 bonam
1539 5353 1700 5408 vitam
1728 5362 1967 5408 nostram
1990 5351 2130 5424 ignis

546 5456 647 5508 istc
671 5448 847 5506 vitalis
871 5446 1087 5504 occidit.

607 5606 625 5671 ξ
650 5605 722 5671 sic
743 5610 850 5671 uss.
886 5608 944 5671 At
958 5600 1095 5671 editi,
1297 5599 1538 5653 “ridetis.

607 5669 628 5700 ³
663 5664 975 5716 Floriacensls
998 5670 1099 5724 Ms.,
1118 5662 1319 5714 mittitis.

606 5728 630 5796 ξ
661 5726 876 5796 ι’ξμςαιιί,
891 5721 1101 5796 ευθειωὲ
1120 5733 1245 5796 δέξειν
1260 5721 1506 5796 White

608 5788 629 5820 ⁴ι
661 5790 798 5845 mut,
824 5784 1041 5852 stignis.
1064 5784 1235 5840 Helius
1259 5784 1386 5847 λιες..
1412 5794 1481 5837 ειι
1509 5784 1652 5851 ignis.

608 5854 680 5913 (ιι)
700 5848 1036 5911 υἱυειιυιιῐιιιιο.

1297 400 1572 461 CONTRA
1610 393 1946 456 ιυιιΑΝυιι
1988 385 2450 451 PELAGIA’N‘J’M.
2489 384 2547 443 S.
2591 382 2952 443 AUGUSTINI

3660 380 3762 438 ’116

2253 499 2340 556 91
2383 498 2509 555 Post
2538 499 2747 570 longam
2777 495 3191 569 disputationem
3221 495 3364 551 velut
3400 494 3727 554 concludens
3747 536 3762 561 ,

2191 610 2209 644 ι
2241 589 2428 646 Merito
2456 588 2637 661 igitur,
2671 607 2691 643 ι
2718 589 2915 660 inquis,
2942 606 2964 639 ι
2994 588 3438 658 concupiscentiae
3459 588 3610 659 origo
3632 586 3766 643 defl-

2185 683 2329 739 nitnr
2352 683 2408 738 in
2428 683 2550 753 igne
2570 680 2752 746 vitaii;
2774 697 2882 753 quo
2900 682 3127 739 collecto
3157 696 3379 737 necesse
3403 691 3487 737 est
3511 692 3568 736 ut
3595 682 3647 737 ei
3675 697 3765 739 re-

2186 783 2398 845 pntetur
2436 773 2873 844 concupiscentia
2914 774 3181 838 carnalis,
3215 789 3310 843 per
3331 789 3489 844 quem
3528 774 3768 830 constitit

2186 867 2293 922 vita
2321 868 2551 923 carnalis
2579 868 2619 919 ι.
2650 885 2672 921 ι
2705 866 2778 922 lta
2810 866 2914 922 hoc
2936 865 3101 931 dicis,
3129 865 3279 937 quasi
3310 865 3765 934 τινοὺπσροεείε,

2184 968 2279 1015 aut
2307 974 2433 1016 vere
2460 959 2844 1031 cujuscumque
2870 958 3060 1014 frontis
3084 959 3157 1014 sis
3176 998 3193 1025 ,
3229 957 3429 1013 audeas
3468 958 3726 1029 suspicari
3752 998 3769 1023 ,

2188 1050 2243 1104 in
2272 1049 2441 1119 prima
2467 1048 2740 1104 hominum
2768 1049 3148 1104 constitutione
3168 1091 3182 1113 ,
3217 1049 3525 1120 priusquam
3555 1049 3767 1119 culpam

2188 1138 2366 1196 debita
2395 1140 2667 1194 damnatio
2694 1148 3040 1210 sequeretur,
3071 1139 3226 1195 istam
3262 1140 3532 1194 carnalem
3572 1153 3772 1193 concuo

2194 1231 2504 1302 pisceutiam
2535 1239 2626 1286 aut
2650 1232 2919 1287 exstitisse
2944 1231 2998 1287 in
3028 1231 3296 1300 paradiso,
3322 1239 3414 1284 aut
3440 1229 3769 1295 iuordinatis,

2192 1324 2330 1382 sicut
2369 1340 2486 1380 eam
2536 1339 2680 1380 nunc
2726 1323 2965 1380 videmus
2985 1366 3002 1390 ,
3028 1323 3263 1379 motibus
3293 1338 3493 1394 pugnas
3521 1323 3775 1378 adversus

2194 1413 2436 1482 spiritum
2481 1412 2808 1470 ftBtiiSSimaS
2853 1414 3106 1470 edidisse.
3142 1414 3342 1469 Deinde
3385 1414 3690 1480 subnectis,
3721 1420 3776 1468 et

2193 1506 2366 1562 dicis:
2395 1526 2415 1560 ι
2453 1507 2618 1578 llujns
2646 1508 2827 1579 itaque
2851 1507 3118 1581 appetitus
3165 1521 3269 1561 non
3314 1506 3365 1561 in
3405 1520 3602 1577 genere
3641 1519 3775 1571 suo,

2196 1614 2306 1655 non
2336 1598 2388 1654 in
2414 1599 2615 1668 specie.
2638 1614 2744 1653 non
2771 1600 2822 1653 in
2844 1598 3004 1654 modo
3028 1597 3181 1667 culpa
3208 1606 3313 1659 est,
3331 1597 3424 1651 sed
3447 1596 3499 1651 in
3521 1610 3740 1651 excessu
3762 1613 3779 1656 :

2195 1688 2319 1756 quia
2347 1703 2514 1760 genus
2534 1688 2650 1758 ejus
2669 1698 2724 1745 et
2742 1689 2948 1759 Species
2966 1687 3032 1742 ad
3059 1686 3355 1745 conditoris
3374 1702 3590 1756 operam
3615 1688 3637 1719 ⁸
3661 1701 3782 1756 per-

2199 1778 2392 1841 tinent,
2424 1778 2614 1834 modus
2637 1778 2753 1849 ejus
2780 1776 2848 1834 ad
2874 1778 3152 1834 arbitrium
3182 1778 3503 1844 honestatis,
3530 1789 3781 1832 excessus

2202 1874 2269 1930 ad
2307 1874 2495 1930 vitium
2538 1873 2843 1929 voluntatis.
2889 1891 2910 1927 ι
2956 1872 3127 1943 Quam
3175 1871 3437 1927 concinne
3482 1870 3575 1926 tibi
3619 1869 3782 1925 verba

2201 1964 2378 2021 inania
2419 1973 2745 2028 sonuerunt;
2778 1962 2959 2034 utique
3001 1962 3204 2017 homini
3237 1961 3258 1993 ³
3305 1962 3395 2032 qui
3435 1978 3540 2016 non
3584 1963 3784 2032 cogitas

2205 2056 2329 2129 quid
2369 2056 2545 2112 dicas!
2586 2055 2641 2112 Si
2672 2054 2861 2112 modus
2883 2055 3148 2125 appetitus
3190 2053 3348 2125 hujus
3384 2054 3452 2109 ad
3497 2054 3779 2110 arbitrium

2207 2149 2438 2222 pertinet
2476 2148 2801 2229 honestatis;
2828 2149 2984 2215 cujus
3015 2146 3229 2202 tandem
3258 2146 3468 2202 honesti
3504 2146 3786 2202 arbitrium

2207 2242 2471 2315 cnnjttgati
2496 2242 2618 2297 velit
2642 2241 2783 2298 hunc
2801 2241 3118 2312 appetitum,
3140 2239 3238 2295 nisi
3259 2238 3475 2310 quando
3490 2237 3513 2271 ⁸
3532 2254 3666 2310 opus
3681 2248 3786 2307 est,

2207 2333 2566 2393 commoveri?
2594 2344 2649 2390 et
2690 2343 2868 2391 tamen
2908 2332 3050 2404 quod
3081 2332 3193 2388 vult
3230 2347 3338 2388 non
3385 2341 3577 2401 potest.
3624 2331 3789 2403 Cujus

2210 2430 2420 2486 honesti
2447 2430 2468 2462 ⁸
2494 2428 2818 2485 continentis
2852 2427 3130 2483 arbitrium
3164 2425 3295 2482 velit
3328 2425 3610 2497 aliquando
3646 2429 3790 2482 hunc

2211 2525 2502 2593 appetitum
2543 2521 2779 2577 moveri?
2805 2530 2859 2576 et
2897 2530 3072 2575 tamen
3114 2518 3257 2589 quod
3287 2520 3399 2573 vult
3440 2535 3546 2574 non
3590 2529 3788 2589 potest.

2212 2612 2368 2670 Unde
2387 2613 2579 2669 clamat
2606 2613 2801 2679 homo,
2832 2610 2974 2668 Velle
2996 2612 3196 2682 adiacet
3235 2612 3389 2677 nti/ti,
3429 2613 3670 2682 perﬁcere
3699 2628 3795 2668 au-

2213 2716 2311 2760 tem
2341 2708 2650 2761 bonumnon
2700 2705 2897 2760 invenio
2938 2704 3116 2772 (Rom.
3141 2718 3247 2770 vn,
3273 2704 3385 2773 18).
3411 2704 3541 2759 Cum
3576 2719 3703 2774 ergo
3738 2703 3792 2759 in

2215 2798 2332 2869 ipso
2362 2807 2507 2852 motu
2549 2811 2645 2867 pro
2668 2805 2864 2851 nostra:
2891 2795 3185 2851 voluntatis
3210 2795 3435 2850 arbitrio
3466 2810 3570 2850 non
3600 2795 3794 2851 habeat

2216 2889 2383 2945 ullum
2408 2888 2622 2943 modum
2643 2927 2660 2955 ,
2683 2888 2737 2944 in
2760 2886 2953 2943 effectu
2977 2898 3154 2942 autem
3185 2903 3291 2941 non
3317 2887 3386 2943 sit
3414 2887 3526 2956 ipse
3547 2886 3795 2943 modera-

2218 2987 2326 3047 tus,
2353 2977 2449 3035 sed
2476 2980 2524 3035 ei
2553 2979 2769 3035 modum
2796 2978 2939 3049 vigili
2969 2978 3265 3034 certamine
3291 2978 3513 3047 spiritus
3543 2977 3797 3036 honestus

2217 3070 2489 3142 imponat;
2521 3069 2646 3142 quid
2671 3068 2919 3141 estquod
2955 3069 3178 3125 laudatis
3199 3109 3216 3137 ,
3249 3069 3493 3124 homines
3519 3069 3643 3125 tnali
3669 3069 3713 3135 ⁸,
3742 3078 3801 3126 et

2217 3161 2287 3218 ad
2325 3162 2491 3218 Demn
2532 3177 2637 3218 non
2682 3161 2962 3230 claritatis,
2995 3160 3179 3230 Libera
3216 3178 3310 3217 nos
3344 3178 3379 3217 a
3411 3162 3544 3217 malo
3568 3161 3799 3235 (Matth.

2221 3267 2307 3321 vt,
2337 3253 2483 3323 15)?

2292 3347 2519 3404 CAPUT
2555 3347 2787 3404 XlV.—
2820 3347 2911 3406 28.
2935 3346 3071 3416 Quid
3099 3355 3151 3404 te
3173 3356 3348 3404 autem
3375 3349 3522 3417 juvat
3549 3345 3688 3419 quod
3713 3347 3803 3405 dio

2218 3442 2320 3508 cis,
2344 3461 2364 3495 t
2388 3443 2629 3512 intercipi
2651 3441 2923 3498 debilitate
2942 3438 3213 3497 libidinem
3237 3459 3250 3496 :
3276 3460 3296 3494 ι
3323 3441 3473 3512 quasi
3499 3457 3604 3495 non
3629 3448 3801 3497 morte

2220 3549 2442 3606 prorsus
2466 3536 2854 3605 exstinguatur,
2883 3533 3096 3603 quando
3116 3533 3227 3604 jam
3258 3532 3481 3599 homini,
3508 3533 3596 3604 qui
3619 3533 3685 3587 ab
3712 3531 3801 3587 illa

2223 3624 2382 3680 fuerit
2409 3635 2688 3695 superatus
2720 3634 2772 3679 et
2802 3624 3147 3695 subjugatus,
3178 3638 3282 3677 non
3310 3632 3580 3678 certamen
3613 3622 3804 3677 iudici-

2223 3723 2331 3782 tur,
2362 3714 2457 3772 sed
2486 3716 2624 3770 victo
2651 3714 2892 3770 redditur
2915 3713 3054 3786 quod
3085 3713 3344 3770 debetur?
3374 3713 3485 3769 Hoc
3526 3724 3608 3768 est
3649 3727 3801 3769 ama-

2224 3810 2358 3877 rius,
2385 3809 2486 3863 hoc
2512 3817 2594 3863 est
2623 3807 2709 3865 ubi
2742 3822 2848 3863 non
2879 3806 3132 3877 intelligis
3153 3805 3529 3861 contendentis
3559 3807 3776 3875 prepagi

2225 3915 2349 3955 nem
2390 3899 2607 3967 mortis,
2634 3898 2776 3970 quod
2816 3897 3028 3970 quando
3052 3898 3165 3952 sani
3194 3912 3410 3962 sumus,
3436 3906 3563 3952 tunc
3589 3905 3672 3952 est
3701 3898 3804 3952 iste

2226 3999 2405 4046 motus
2428 3990 2665 4046 insanus.
2697 4007 2717 4041 ι
2746 3992 2852 4044 Aut
2878 3990 2930 4044 in
2956 3988 3304 4059 conjugibus,
3335 4006 3354 4041 ι
3387 3988 3564 4059 inquis
3584 4028 3598 4049 ,
3630 4005 3649 4039 ‹
3677 4002 3803 4043 cum

2228 4082 2509 4137 honestate
2536 4088 2839 4143 exercetur,
2870 4090 2963 4137 ant
2988 4080 3040 4134 in
3069 4080 3233 4135 castis
3267 4080 3462 4134 virtute
3488 4077 3745 4133 frenatur.
3779 4096 3799 4129 ι

2227 4174 2376 4231 Itane
2400 4188 2553 4239 vero,
2580 4173 2652 4230 ita
2673 4174 2695 4207 "
2720 4182 2774 4228 tu
2800 4182 3050 4243 expertus
3075 4172 3171 4227 es?
3201 4171 3412 4242 Ergone
3437 4185 3467 4225 a
3491 4168 3806 4242 conjngibus

2228 4281 2335 4320 non
2360 4262 2598 4319 frenatur
2623 4263 2725 4319 hoc
2749 4263 2970 4329 malum,
2987 4262 3068 4317 vel
3092 4262 3193 4317 hoc
3218 4271 3365 4316 tuum
3395 4261 3589 4316 bonum
3605 4260 3628 4315 τ
3647 4261 3808 4315 Pror-

2228 4371 2321 4412 sus
2349 4372 2469 4412 cum
2498 4354 2702 4411 libitum
2729 4353 2907 4419 fuerit,
2927 4363 3169 4409 sternunt
3196 4368 3258 4410 se
3278 4352 3553 4423 conjuges,
3581 4362 3635 4408 et
3655 4352 3809 4407 inva-
3898 4338 3904 4345 ’

2228 4446 2378 4511 dunt,
2409 4446 2850 4517 quandocumque
2887 4445 3208 4510 titillaverit;
3243 4459 3342 4499 nec
3380 4442 3447 4499 ad
3487 4444 3670 4498 horam
3709 4458 3805 4497 cu-

2229 4537 2389 4594 bandi
2420 4538 2688 4607 appetitus
2715 4538 2814 4593 iste
2842 4536 3103 4600 dilTertur,
3131 4535 3224 4590 scd
3257 4546 3380 4590 tunc
3407 4534 3614 4591 videtur
3638 4532 3810 4604 legiti-

2177 4687 2179 4689 ,
2229 4644 2315 4685 ma
2345 4642 2628 4699 corporum
2654 4642 2776 4684 esse
2797 4626 3140 4692 commixtio,
3163 4626 3377 4695 quando
3405 4624 3541 4679 istud
3568 4623 3811 4681 naturale

2233 4728 2382 4775 tuum
2412 4720 2609 4775 bonum
2641 4716 2800 4773 fuerit
2820 4726 3008 4787 sponte
3029 4726 3375 4773 commotum.
3395 4713 3451 4771 Si
3479 4715 3635 4770 talem
3659 4714 3810 4770 duxi-

2231 4813 2299 4869 sti
2329 4812 2489 4867 vitam
2516 4810 2845 4881 conjugalem
2864 4851 2879 4874 ,
2907 4808 3095 4865 desine
3123 4816 3175 4863 te
3210 4806 3314 4864 tuis
3336 4807 3717 4878 experimentis
3755 4805 3810 4861 in

2233 4902 2591 4974 disputatione
2628 4902 2962 4956 committere
2982 4939 2996 4963 ,
3024 4908 3077 4955 ct
3104 4898 3172 4954 de
3197 4898 3317 4953 aliis
3344 4898 3515 4969 potius
3548 4896 3809 4966 quemad-

2234 4996 2450 5053 modum
2483 4994 2553 5050 sit
2579 4993 2816 5049 ducenda
2838 5031 2855 5058 ,
2884 4992 2966 5045 vel
2997 4989 3236 5045 docenda
3257 5030 3273 5058 ,
3307 4989 3554 5060 perquire
3576 4989 3618 5042 '.
3649 4988 3812 5043 Miror

2237 5095 2412 5141 tamen
2434 5084 2477 5139 si
2499 5070 2793 5139 adtilterina
2821 5081 3009 5137 saltem
3028 5080 3291 5135 desideria
3315 5097 3420 5134 non
3450 5080 3690 5145 frenastt,
3715 5092 3814 5134 nec

2234 5176 2491 5235 frenanda
2522 5175 2756 5232 sensisti.
2786 5173 2841 5230 Si
2872 5188 2997 5230 vero
3026 5174 3187 5229 etiam
3218 5172 3465 5243 pudicitia
3491 5170 3807 5241 conjugalis,

2298 5358 2316 5391 ¹
2350 5358 2423 5427 sic
2443 5354 2660 5427 potiores
2678 5360 2788 5403 Mss.
2802 5357 2977 5427 Att-1.,
3001 5364 3090 5418 per
3110 5363 3255 5417 quam
3278 5362 3297 5401 :
3323 5356 3501 5400 etcum
3522 5348 3630 5401 aliis
3652 5348 3816 5412 editis,

2233 5415 2485 5469 constituta
2505 5422 2573 5465 est
2596 5415 2690 5465 rita
2711 5415 2937 5465 carnalis.

2298 5484 2318 5514 ³
2351 5479 2662 5529 Floriacensis
2683 5485 2781 5533 Ms,
2808 5489 2971 5538 opera.

2298 5542 2320 5575 ³
2351 5550 2449 5590 Am.
2477 5547 2528 5588 et
2548 5551 2719 5588 omnes
2738 5535 2866 5598 Mssl,
2883 5535 3037 5586 homo.

2295 5604 2320 5635 δ
2352 5602 2665 5651 Floriacensis
2687 5607 2787 5657 £115.,
2811 5606 3055 5661 quantum.

2296 5666 2318 5699 ⁸
2351 5664 2486 5721 editi,
2508 5661 2714 5711 honeste.
2740 5658 2904 5723 Melius
2925 5667 3053 5723 Mss,
3074 5658 3273 5712 honesti.

2297 5728 2318 5758 ⁵
2350 5725 2658 5773 Floriacensis
2680 5729 2783 5782 Its,
2806 5721 3002 5772 ntalttm.

2294 5790 2313 5806 ‘
2350 5788 2480 5837 Idem
2507 5794 2601 5843 us,
2626 5783 2733 5834 ista.

2297 5851 2318 5883 ⁸
2352 5848 2518 5899 Plures
2539 5853 2666 5907 uss.,
2689 5844 2899 5908 requiro.

2756 6492 3081 6508 ἀλα-,κ’-
3132 6495 3193 6502 —
3242 6496 3311 6504 —
3352 6497 3415 6506 ‘-
