4088 6546
344 459 443 515 717

342 579 396 627 et
419 573 644 642 propter
662 563 1013 621 immoderata
1039 562 1090 618 in
1118 561 1235 632 ipso
1253 573 1466 631 quoque
1485 558 1758 615 connubio
1776 558 1931 642 volu-

343 660 497 717 tabra
540 655 812 723 libidinis,
851 664 906 710 et
942 662 1161 725 propter
1187 650 1522 708 damnabiles
1546 650 1936 721 concupiscen-

350 750 486 815 tias,
520 762 589 804 ne
628 756 827 819 praeter
867 745 1111 817 conjugis
1147 744 1165 777 ί
1204 742 1502 817 naturalem
1539 757 1695 798 usum
1735 740 1935 811 aliquid

343 848 699 913 perpetretur,
724 837 897 893 frenat
918 835 1056 891 hanc
1081 842 1289 905 pestem
1318 851 1332 888 :
1354 833 1479 905 quid
1508 843 1592 889 est
1616 832 1756 904 quod
1779 832 1933 901 dicis,

264 918 267 919 ⁷
348 950 366 984 ι
399 930 454 987 In
481 929 797 1002 conjugibus
816 943 936 984 cum
961 927 1245 982 honestate
1265 933 1580 991 exercetur;
1611 943 1630 977 ι
1656 924 1808 995 quasi
1835 922 1936 979 ho-

343 1030 531 1078 nestus
554 1019 625 1075 sit
651 1020 919 1092 appetitus
947 1018 1049 1074 iste
1078 1031 1296 1086 semper
1326 1017 1379 1071 in
1401 1015 1629 1086 conjuge
1651 1057 1669 1085 ,
1713 1024 1768 1071 et
1805 1015 1938 1071 nihil

343 1114 391 1169 ei
439 1114 632 1169 saltem
678 1112 973 1169 secundum
1012 1110 1258 1175 veniam,
1304 1109 1444 1165 sicut
1479 1106 1611 1164 dicit
1649 1108 1939 1179 Apostolus

346 1207 399 1280 (I
428 1208 545 1262 Cor.
570 1222 643 1261 vn
667 1247 684 1274 ,
712 1205 816 1278 6),
845 1203 1208 1261 concedatur?
1234 1202 1448 1272 Quanto
1474 1202 1668 1257 melius
1692 1201 1900 1256 diceres
1919 1241 1935 1267 ,

348 1299 401 1355 ln
429 1300 716 1369 conjngum
754 1295 1127 1352 moderatione
1155 1310 1277 1351 eum
1308 1293 1593 1349 honestate
1621 1292 1940 1348 exercetur?

348 1392 427 1446 An
458 1389 677 1445 timuisti
703 1405 772 1445 ne
812 1388 919 1443 illic
957 1402 1174 1458 quoque
1217 1386 1544 1456 intelligatur
1572 1384 1772 1439 malum
1800 1424 1814 1448 ,
1854 1383 1941 1439 cui

345 1482 505 1539 etiam
531 1480 784 1551 conjuges
812 1478 1025 1533 frenum
1049 1494 1176 1533 cura
1203 1476 1590 1533 moderationis
1626 1476 1941 1546 imponunt?

346 1568 629 1628 Postremo
650 1585 791 1625 nunc
807 1569 995 1625 saltem
1013 1570 1124 1639 jam
1145 1568 1485 1624 continenter
1502 1568 1689 1622 vivens
1709 1579 1942 1637 agnosce

353 1663 408 1719 in
436 1662 707 1735 quadrigis
735 1662 841 1717 illis
863 1660 1231 1716 Ambrosianis
1254 1675 1450 1732 equum
1478 1659 1674 1730 malum
1695 1658 1852 1727 (Loco
1870 1659 1944 1713 ci-

351 1762 457 1809 tato
493 1770 682 1826 supra,
712 1770 766 1809 rt.
803 1753 937 1824 12);
967 1761 1023 1808 et
1069 1751 1179 1808 noli
1225 1752 1389 1808 corde
1430 1751 1517 1808 vel
1555 1766 1650 1808 ore
1694 1751 1940 1819 laudare,

349 1861 509 1919 quem
530 1848 552 1879 '
583 1846 795 1917 cogeris
825 1847 1021 1901 virtute
1058 1843 1290 1901 frenare.
1319 1863 1339 1897 ι
1375 1844 1657 1914 Quartum,
1690 1862 1709 1897 ι
1743 1841 1941 1914 inquis,

358 1960 379 1995 σ
407 1958 437 1997 a
463 1940 865 1996 lascivientibus
894 1948 1256 2012 perpetratur,
1281 1938 1333 1995 id
1357 1950 1460 2005 est,
1488 1938 1632 1993 illius
1656 1936 1945 2008 voluptatis

356 2047 628 2098 excessus,
655 2041 710 2089 et
732 2032 854 2104 quia
877 2031 946 2087 de
970 2031 1280 2098 insolentia,
1303 2047 1410 2086 non
1436 2030 1504 2087 de
1525 2041 1713 2086 natura
1738 2029 1964 2102 contini

353 2125 484 2197 git,»
511 2124 705 2194 inquis,
737 2141 758 2176 ί
785 2123 907 2193 jure
926 2122 1264 2179 damnatur.»
1282 2122 1357 2178 De
1375 2121 1548 2193 cujus,
1575 2136 1778 2193 qumso,
1802 2121 1946 2176 inso-

353 2216 518 2273 lentia
562 2215 866 2288 contingit‘l
915 2215 1147 2271 lasciviae
1171 2257 1189 2283 ,
1229 2229 1297 2270 an
1345 2213 1832 2285 concupiscentia)?
1868 2213 1947 2270 Ne

352 2305 593 2364 offendas
607 2314 932 2377 susceptam,
952 2304 1323 2376 respondebis,
1346 2305 1620 2361 Laseiviae.
1636 2304 1743 2361 Sed
1758 2320 1845 2360 om
1853 2320 1947 2361 nes

354 2399 600 2457 homines
640 2398 883 2470 indicant
925 2398 1160 2454 lasciviae
1204 2413 1312 2454 non
1343 2413 1466 2455 esse
1495 2406 1804 2469 peccatum,
1843 2398 1947 2454 nisi

352 2493 479 2565 quia
503 2490 957 2562 concupiscentire
979 2490 1333 2546 consentitur.
1359 2489 1648 2545 Nullumne
1676 2504 1807 2562 ergo
1834 2505 1949 2545 ma-

355 2585 464 2641 lum
505 2593 627 2652 est,
665 2583 752 2639 cui
778 2581 1164 2639 consentiendo
1193 2582 1484 2653 peccatur?
1514 2582 1582 2636 At
1620 2579 1723 2637 hoc
1748 2580 1948 2636 malum

357 2677 495 2734 inest
518 2679 571 2732 in
597 2691 758 2732 carne
786 2684 974 2731 contra
1000 2673 1246 2743 spiritum
1269 2672 1708 2745 coneupiscente,
1736 2670 1949 2729 etiamsi

357 2784 465 2825 non
492 2768 563 2823 sit
597 2768 649 2823 in
689 2767 881 2839 Spiritu
913 2781 1020 2820 non
1048 2765 1456 2832 consentiente,
1488 2772 1543 2820 et
1570 2772 1759 2819 contra
1786 2763 1948 2819 etiam

355 2861 794 2931 concupiscente.
839 2858 1091 2913 Exclama
1126 2871 1277 2928 ergo,
1304 2855 1488 2910 Libera
1517 2871 1608 2910 nos
1633 2873 1667 2909 a
1691 2852 1827 2909 malo
1852 2870 1872 2909 :
1895 2861 1952 2910 et

359 2953 468 3010 noli
497 2953 696 3007 malum
728 2950 876 3005 falsa:
902 2949 1073 3005 laudis
1100 2948 1223 3004 huic
1248 2948 1449 3004 addere
1473 2948 1634 3029 malo.

429 3044 657 3102 CAPUT
692 3042 811 3100 XV.
835 3072 909 3083 -—
940 3042 1033 3099 29.
1059 3041 1269 3097 Diserte
1291 3032 1421 3096 san‘e
1447 3042 1590 3096 inter
1613 3039 1954 3096 lascivientes

358 3150 412 3197 et
428 3140 761 3198 continentes
784 3148 1035 3210 tanquam
1055 3136 1108 3191 in
1134 3135 1313 3192 medio
1336 3134 1645 3207 pudicitiam
1663 3133 1951 3189 constituis

358 3232 692 3306 coniugalem
711 3273 725 3298 ,
754 3250 775 3285 ι
802 3246 922 3304 qum
958 3230 1079 3286 illos
1108 3228 1289 3284 illicita
1330 3226 1667 3284 commisisse
1704 3224 1956 3297 indigna-

362 3336 470 3395 tur,
503 3326 604 3383 hos
639 3326 800 3382 etiam
842 3324 986 3380 licita
1032 3321 1424 3393 contempsisse
1456 3318 1755 3386 miratur’;
1785 3318 1954 3374 ultimi

360 3418 548 3474 limitis
572 3417 762 3473 sortita
793 3416 1070 3487 regionem
1089 3455 1105 3482 ,
1135 3414 1275 3468 ultra
1304 3427 1364 3467 se
1403 3410 1772 3483 proruentium
1801 3423 1958 3464 exse-

365 3520 513 3566 crata
541 3507 865 3572 barbariem,
895 3521 1055 3577 supra
1082 3519 1139 3560 se
1167 3504 1479 3560 micantium
1506 3512 1757 3558 venerata
1785 3501 1954 3573 fulgo-

368 3616 505 3664 rem,
532 3615 651 3669 qnm
675 3596 996 3655 verecundis
1025 3595 1273 3650 manibus
1295 3603 1350 3649 et
1377 3596 1625 3649 confovet
1647 3602 1954 3658 mstuantes,

365 3700 422 3746 et
446 3689 627 3745 laudat
648 3689 738 3744 tali
763 3686 1002 3744 remedio
1022 3703 1128 3742 non
1156 3696 1394 3758 egentes.
1428 3704 1447 3739 ι
1472 3685 1693 3741 Multum
1717 3684 1960 3741 delector

362 3781 805 3854 eloquentissima
834 3780 1061 3836 veritate
1089 3797 1104 3835 :
1131 3778 1227 3835 sed
1251 3780 1479 3835 obsecro
1501 3788 1574 3846 te,
1603 3792 1798 3848 nempe
1821 3780 1961 3834 sicut

364 3873 499 3929 dicis
522 3914 535 3937 ,
563 3880 616 3927 et
674 3870 1028 3953 disertissime
1064 3884 1130 3926 ae
1159 3867 1439 3924 verissime
1475 3868 1610 3925 dicis
1629 3909 1642 3931 ,
1673 3878 1959 3939 propterea

363 3965 703 4020 continentes
728 3963 909 4019 laudat
930 3961 1185 4035 pudicitia
1210 3960 1533 4033 coniugalis,
1575 3960 1719 4032 quod
1750 3960 1841 4015 tali
1875 3975 1962 4015 re-

367 4057 546 4113 medio
569 4072 673 4111 non
700 4064 913 4126 egeant,
944 4070 1051 4126 quo
1073 4068 1133 4110 se
1160 4053 1329 4125 ipsam
1360 4053 1618 4125 penpicit
1643 4054 1880 4124 eguisse,
1907 4053 1960 4109 id

368 4157 486 4215 est,
522 4158 580 4203 ut
622 4146 915 4203 secundum
958 4146 1272 4219 Apostolnm
1295 4185 1310 4210 ,
1352 4144 1531 4216 quise
1558 4158 1666 4200 non
1697 4145 1957 4210 continet,

368 4240 537 4296 nubat
562 4238 609 4311 (Ι
634 4235 752 4294 Car.
776 4253 868 4304 vn,
893 4236 952 4307 9)
984 4254 999 4292 :
1021 4252 1124 4293 cur
1143 4250 1274 4308 ergo
1294 4234 1511 4308 quando
1529 4250 1632 4307 ego
1657 4236 1814 4291 istam
1835 4250 1965 4291 con-

368 4332 755 4402 ειιριεοθιιιῑειιη
787 4330 1032 4385 morbum
1052 4344 1175 4385 esse
1192 4329 1345 4396 dico,
1376 4339 1430 4384 tu
1456 4344 1639 4401 negas,
1665 4331 1754 4399 qui
1784 4339 1962 4385 tamen

370 4423 422 4477 ei
453 4422 813 4477 necessarium
846 4420 1143 4477 remedium
1170 4419 1486 4476 conﬁteris?
1508 4419 1565 4476 Si
1596 4420 1845 4490 agnoscis
1870 4435 1961 4476 re-

371 4515 641 4581 medium,
671 4527 902 4585 agnosce
931 4511 1176 4568 morbum
1200 4529 1216 4566 :
1239 4511 1285 4567 si
1312 4525 1476 4582 negas
1502 4511 1787 4578 morbum,
1825 4524 1963 4581 nega

372 4607 693 4665 remedium.
720 4606 880 4677 Rogo
898 4646 914 4672 ,
938 4604 1074 4661 cede
1096 4603 1388 4677 aliquando
1408 4604 1571 4659 etiam
1602 4618 1700 4674 per
1724 4618 1788 4659 os
1815 4614 1962 4658 tuum

373 4698 467 4754 tibi
508 4697 745 4770 loquenti
774 4696 1025 4754 veritati:
1050 4710 1210 4753 nemo
1255 4694 1501 4767 providet
1541 4694 1839 4751 remedium
1873 4708 1964 4749 sa-

374 4792 548 4847 nitati.

446 4883 670 4941 CAPUT
696 4881 839 4939 XVI.
865 4911 937 4925 -—
955 4880 1049 4939 30.
1074 4880 1214 4938 illud
1243 4880 1402 4937 etiam
1424 4887 1579 4936 recte
1600 4878 1756 4948 dicis,
1785 4897 1805 4933 ι
1835 4893 1967 4936 exa-

372 4975 576 5033 minate
596 4975 619 5007 δ
646 4991 751 5030 non
781 4989 941 5046 posse
968 4974 1181 5045 placere
1208 4973 1563 5036 eonnubium,
1582 4974 1636 5028 ‘si
1665 4973 1790 5027 mali
1816 4987 1967 5027 com-

372 5067 650 5140 paratione
672 5066 942 5122 laudatur.
978 5084 1003 5120 s
1044 5064 1156 5121 lloc
1186 5079 1373 5121 verum
1416 5073 1517 5119 est.
1556 5063 1788 5119 Omnino
1825 5062 1969 5117 enim

374 5158 430 5213 in
463 5171 665 5228 genere
690 5169 789 5210 suo
822 5156 1019 5226 nuptias
1056 5155 1253 5211 bonum
1288 5164 1450 5221 sunt;
1481 5152 1577 5211 sed
1617 5152 1739 5209 ideo
1772 5153 1968 5209 bonum

374 5251 502 5322 quia
523 5249 681 5305 fidem
702 5249 841 5305 thori
863 5257 1098 5314 servant,
1115 5249 1238 5319 quia
1260 5248 1425 5319 prolis
1439 5245 1791 5317 suscipiendae
1810 5259 1972 5301 causa

376 5360 566 5401 sexum
592 5357 874 5414 utrumque
901 5343 1281 5409 commiscent,
1308 5341 1431 5412 quia
1461 5340 1788 5410 impietatem
1819 5352 1973 5407 sepa-

382 5439 602 5494 mtionis
627 5436 935 5494 exhorrcnt.
975 5435 1101 5491 Haec
1133 5445 1259 5492 sunt
1296 5436 1432 5489 bona
1463 5433 1750 5504 nuptialia,
1783 5431 1975 5501 quibus

451 5617 467 5650 ι
503 5614 693 5679 Aliquot
714 5622 843 5671 uss.
871 5610 1099 5678 cadugit'.

421 5680 467 5712 ’ἱ
500 5686 588 5712 lnl
620 5706 631 5712 Α
652 5689 795 5712 annm

832 5743 936 5797 Its,
951 5734 1164 5788 entiam:
1179 5733 1403 5786 oriretur.
1423 5740 1477 5784 Et
1498 5734 1550 5783 in
1572 5733 1791 5796 margine
1807 5730 1976 5790 habet,

382 5801 535 5853 medii
557 5801 737 5853 (inritis.
1443 5857 1454 5867 ι
1752 5853 1763 5865 _

387 5865 710 5977 "5‘2th
750 5875 781 5913 e
822 5862 1054 5912 t'attcanls
1088 5867 1214 5923 Mam,
1244 5856 1367 5909 Illud
1390 5865 1533 5909 etiam
1564 5863 1691 5909 recte
1712 5854 1835 5911 didt
1858 5866 1975 5906 (xa-

473 5939 532 5975 re.

1686 447 1886 502 LIBER
1925 443 2238 523 arcanus.

3533 450 3634 507 7l8

2042 557 2240 628 nuptiae
2267 558 2461 613 bonum
2488 564 2646 613 sunt:
2679 572 2795 629 quas
2821 558 3115 629 smpissime
3137 560 3368 619 diximus
3392 577 3514 620 esse
3540 579 3639 636 pot

2042 650 2226 718 tuisse,
2254 649 2463 705 etiamsi
2491 663 2650 705 nemo
2682 659 2971 724 peccasset.
3000 650 3128 706 Post
3152 662 3426 722 peccatum
3452 665 3628 712 autem

2040 743 2267 799 accessit
2290 742 2389 809 eis,
2418 758 2525 798 non
2553 742 2620 799 de
2646 741 2919 811 felicitate,
2947 744 3041 799 sed
3070 744 3137 801 de
3167 748 3483 803 necessitate
3515 765 3635 805 cer-

2043 844 2239 900 tamen,
2261 843 2319 890 ut
2340 849 2437 889 suo
2459 834 2600 890 bono
2626 843 2860 905 pugnent
2886 836 3045 891 etiam
3075 836 3203 909 ipsae
3223 846 3406 893 contra
3433 854 3636 896 concu-

2041 927 2314 998 piscentia:
2341 927 2560 993 malum,
2592 927 2657 982 ad
2686 925 2815 993 nihil
2842 941 2958 982 eam
2982 927 3217 985 sinentcs
3247 929 3488 985 illicitum
3517 947 3639 1001 per-

2041 1019 2252 1084 venire;
2271 1019 2512 1088 quamvis
2533 1018 2646 1096 ipsa
2669 1022 2721 1074 in
2744 1018 2878 1085 lucc,
2900 1034 3040 1075 nunc
3059 1021 3474 1087 remissioribus,
3495 1037 3641 1080 nunc

2041 1111 2474 1166 concitatioribus
2502 1110 2755 1179 motibus,
2785 1112 3039 1184 instigare
3080 1123 3411 1182 non'ceSset,
3440 1125 3494 1173 et
3523 1116 3641 1187 ejus

2042 1201 2186 1256 malo
2205 1201 2341 1257 bene
2361 1209 2571 1257 utentes
2592 1202 2642 1256 in
2666 1204 3049 1273 propagatione
3077 1203 3327 1260 ﬁliorum.
3353 1205 3488 1261 Illud
3512 1221 3643 1263 vero

2043 1292 2162 1363 quis
2189 1300 2345 1365 neget
2372 1294 2589 1358 malum,
2619 1293 2721 1349 nisi
2747 1296 2836 1366 qui
2865 1311 2969 1350 non
2998 1296 3144 1352 audit
3175 1298 3489 1369 Apostolum
3517 1315 3639 1357 mo-

2042 1394 2278 1450 nentem,
2315 1384 2426 1439 Hoc
2451 1395 2621 1440 autem
2647 1385 2763 1440 dico
2787 1388 3061 1442 secundum
3085 1389 3303 1458 veniam,
3333 1407 3433 1446 non
3460 1407 3644 1448 secuit.
3696 1448 3707 1459 κ

2044 1476 2167 1531 dum
2181 1478 2446 1546 imperium
2464 1476 2507 1552 (l
2520 1478 2636 1533 Cor.
2663 1494 2759 1547 vn,
2775 1479 3084 1551 6)?quando
3110 1482 3367 1553 conjuges
3384 1498 3489 1539 non
3519 1500 3644 1554 pro-

2045 1566 2111 1623 lis
2127 1568 2499 1638 suscipiendw,
2517 1569 2609 1625 sed
2646 1570 2874 1626 carnalis
2895 1571 3182 1643 voluptatis
3197 1573 3476 1644 explenda:
3515 1575 3644 1632 victi

2044 1659 2333 1730 cupiditate
2359 1661 2753 1728 concumbunt;
2787 1660 2889 1718 hoc
2922 1678 3028 1718 non
3060 1664 3325 1733 laudatur,
3356 1666 3453 1723 sed
3488 1667 3644 1739 igno—

2046 1750 2213 1805 scitur
2248 1750 2303 1805 in
2341 1752 2740 1822 comparatione
2780 1752 3036 1825 pejoris',
3076 1755 3553 1814 intervenientibus
3588 1767 3647 1817 et

2045 1840 2457 1912 deprecantibus
2490 1843 2709 1914 nuptiis.

2117 1933 2345 1990 CAPUT
2374 1933 2713 1991 X\'ll.—3l.
2742 1935 2871 1992 Post
2899 1936 3013 1993 haec
3035 1946 3212 1995 autem
3241 1940 3310 1996 ad
3337 1942 3645 2016 exemplum

2048 2025 2278 2082 Abrahae
2306 2037 2360 2083 et
2387 2024 2564 2082 Sarra:
2584 2068 2599 2094 ,
2631 2027 2814 2083 nescio
2838 2044 2944 2100 qua
2981 2032 3189 2089 ratione
3228 2034 3512 2090 reverteris
3532 2076 3548 2100 ,
3574 2034 3645 2091 de

2049 2133 2156 2191 quo
2186 2118 2296 2189 jam
2332 2118 2460 2173 satis
2499 2118 2839 2190 respondisse
2879 2136 2966 2177 me
3005 2122 3280 2179 existimo.
3319 2123 3426 2181 Sed
3460 2124 3647 2182 nescio

2049 2210 2176 2282 quid
2204 2219 2255 2266 te
2282 2209 2508 2282 fugerat,
2535 2212 2676 2282 quod
2704 2211 2903 2268 addere
2928 2212 3162 2278 voluisti,
3184 2230 3306 2272 cum
3337 2225 3520 2287 postea
3548 2231 3645 2275 ve-

2052 2304 2219 2361 nisset
2243 2304 2294 2359 in
2323 2314 2575 2360 mentem.
2611 2305 2910 2361 llnmanum
2937 2316 3040 2373 est,
3065 2308 3202 2364 solet
3230 2307 3444 2366 evenire
3471 2328 3486 2366 :
3515 2310 3647 2384 quid

2051 2410 2180 2467 ergo
2215 2396 2344 2452 illud
2372 2407 2455 2452 est
2482 2397 2782 2454 audiamus.
2824 2398 2996 2465 Dicis,
3028 2418 3049 2453 ι
3083 2397 3280 2455 factum
3319 2400 3484 2458 fuisse
3518 2417 3644 2473 pro-

2053 2489 2324 2561 pheticum
2343 2530 2359 2556 ,
2384 2488 2525 2559 quod
2552 2504 2694 2544 nunc
2714 2490 2736 2522 ⁸
2759 2499 3032 2549 ostensum
3062 2500 3144 2546 est
3169 2491 3223 2547 in
3253 2492 3472 2563 regione
3500 2492 3650 2547 Afri-

2053 2595 2159 2643 ραις
2183 2578 2419 2650 pulchra:
2438 2588 2493 2635 et
2511 2586 2707 2635 sancta:
2725 2580 2987 2649 mulieris,
3006 2597 3125 2651 qua!
3141 2581 3398 2639 Ecclesia
3417 2582 3645 2640 formant

2055 2670 2291 2740 tenebat,
2322 2678 2493 2727 tntum
2523 2686 2628 2726 non
2661 2686 2783 2729 esse
2809 2671 2893 2727 vel
2922 2671 3226 2744 conjugem,
3255 2675 3337 2730 vel
3366 2675 3644 2745 pudorem,

2054 2772 2110 2820 et
2136 2764 2256 2835 quia
2286 2761 2359 2819 ibi
2383 2762 2637 2819 divinitus
2661 2762 2857 2820 intacta
2884 2772 3223 2821 servataest.
3256 2783 3276 2819 ι
3304 2765 3379 2822 Ne
3402 2767 3458 2820 in
3477 2766 3650 2823 omni-

2054 2854 2156 2912 bus
2193 2856 2299 2912 tuis
2327 2855 2507 2912 verbis
2534 2855 2731 2912 frustra
2759 2857 3037 2926 immorer,
3065 2857 3131 2913 ad
3158 2873 3280 2914 eum
3310 2859 3395 2915 cui
3424 2860 3647 2926 scribis,

2057 2955 2110 3003 te
2135 2948 2402 3005 convertis
2426 2956 2482 3004 et
2507 2947 2642 3003 dicis
2670 2965 2684 3003 :
2717 2966 2738 3001 ι
2771 2946 3018 3005 Orandus
3045 2960 3129 3006 est
3167 2949 3253 3007 hic
3278 2950 3454 3017 Deus,
3487 2950 3653 3008 frater

2056 3039 2364 3097 beatissime
2392 3039 2423 3097 Ἰ
2440 3039 2673 3108 urbanti,
2703 3040 3060 3096 consacerdos
3083 3041 3451 3109 dilectissime,
3475 3054 3534 3098 ut
3557 3058 3654 3114 pa-

2057 3132 2205 3190 ribus
2234 3134 2394 3189 etiam
2430 3133 2531 3189 bac
2561 3141 2876 3205 tempestate
2914 3132 3195 3191 virtutibus
3237 3134 3528 3190 Ecclesiam
3557 3150 3651 3189 ca-

2060 3223 2344 3293 tholicam,
2385 3224 2506 3280 Filii
2547 3226 2630 3282 sui
2669 3238 2956 3294 sponsam,
2996 3235 3291 3290 maturam,
3336 3224 3650 3293 fecundam,

2059 3330 2281 3388 castam,
2307 3318 2579 3386 decoram,
2609 3334 2640 3374 a
2668 3318 3083 3374 Maniclnuorum
3111 3319 3567 3389 constuprationc,
3598 3319 3656 3375 iu

2059 3411 2240 3469 Africa
2274 3414 2356 3469 vel
2386 3428 2451 3468 cx
2481 3412 2657 3469 Africa
2694 3412 3122 3469 latrocinantium
3140 3453 3159 3479 ,
3186 3427 3377 3468 eruere
3401 3427 3507 3467 non
3534 3428 3655 3467 mo-

2060 3517 2228 3564 retur.
2262 3525 2282 3560 ι
2318 3506 2445 3563 [huc
2480 3516 2661 3562 nostra
2684 3507 2866 3578 potius
2893 3504 3065 3560 oratio
3092 3513 3172 3561 est
3202 3505 3461 3561 adversus
3484 3502 3655 3559 Mani-

2060 3600 2262 3665 chmos,
2289 3609 2343 3657 et
2368 3601 2687 3664 Donatistas.
2714 3606 2772 3655 et
2797 3599 2932 3655 alios
2957 3598 3260 3664 lucreticos,
3286 3599 3368 3653 vel
3390 3597 3659 3668 quoslibet
3736 3588 3741 3593 ’

2062 3693 2338 3763 christiani
2364 3702 2418 3749 et
2441 3692 2691 3749 catholici
2717 3692 2950 3747 nominis
2974 3691 3218 3747 inimicos
3246 3690 3297 3745 in
3328 3688 3503 3746 Africa
3528 3704 3659 3745 cun-

2064 3787 2298 3841 stitutos.
2324 3784 2524 3841 Contra
2551 3799 2648 3840 vos
2674 3791 2877 3851 autem,
2904 3785 3027 3856 quia
3058 3782 3212 3838 nobis
3230 3782 3369 3838 estis
3397 3782 3656 3852 pestilent-

2065 3878 2136 3933 tia
2176 3875 2562 3943 transmarina,
2595 3876 2807 3932 Christo
2844 3874 3111 3931 salvatore
3138 3872 3396 3929 vincenda
3418 3915 3432 3938 ,
3467 3872 3659 3927 ideonc

2064 3970 2444 4026 latrocinamur
2482 3984 2548 4025 ex
2587 3968 2795 4035 Africa,
2835 3968 2957 4039 quia
3001 3982 3164 4022 unum
3205 3976 3493 4038 martyrem
3535 3962 3661 4021 hinc

2063 4062 2380 4134 opponimus
2404 4060 2747 4133 Cyprianum,
2776 4074 2871 4130 per
2891 4074 3049 4130 quem
3076 4056 3360 4129 probemus
3386 4057 3661 4128 antiquam

2067 4167 2166 4208 nos
2193 4150 2485 4208 defendere
2507 4150 2667 4206 fidem
2695 4149 3032 4214 catholicam,
3050 4158 3245 4205 contra
3272 4148 3434 4203 vestri
3461 4146 3663 4203 erroris

2066 4260 2255 4300 vanam
2300 4244 2683 4316 profanamque
2712 4241 3040 4298 novitatem?
3066 4242 3111 4298 0
3147 4241 3329 4298 nefas!
3368 4241 3664 4297 Dcfuerunt

2069 4336 2324 4394 Ecclesia:
2354 4336 2447 4392 Dei
2476 4352 2594 4408 qua:
2624 4336 2677 4390 in
2710 4334 2889 4391 Africa
2922 4334 3208 4390 constituta
3241 4342 3342 4396 est,
3376 4332 3664 4389 defuerunt

2068 4430 2339 4485 orationes
2366 4436 2490 4494 tum,
2518 4425 2731 4498 quando
2759 4425 2857 4481 ista
2886 4440 3006 4497 qua:
3035 4439 3330 4496 oppugnas,
3362 4423 3662 4497 Cyprianus

2068 4520 2406 4577 beatissimus
2435 4516 2793 4591 praedicabat?
2815 4516 3044 4586 Quando
3071 4517 3161 4573 ille
3184 4517 3414 4580 dicebat,
3444 4534 3463 4569 ι
3496 4515 3662 4571 Multo

2061 4614 2241 4684 magis
2270 4627 2298 4666 a
2330 4611 2658 4682 Baptismate
2696 4610 2968 4682 prohiberi
2999 4625 3105 4664 non
3140 4608 3299 4665 debet
3338 4609 3541 4673 infans,
3573 4609 3665 4680 qui

2070 4718 2260 4759 recens
2280 4710 2436 4757 natus
2457 4700 2587 4756 nihil
2610 4699 2868 4771 peccavit,
2892 4699 2992 4754 nisi
3013 4697 3154 4769 quod
3178 4697 3469 4754 secundum
3493 4698 3666 4754 Adam

1964 4832 1977 4840 -
2071 4794 2358 4851 carnaliter
2384 4801 2560 4858 natus,
2582 4791 2884 4861 contagium
2912 4789 3097 4844 mortis
3116 4789 3348 4859 antiqua:
3374 4789 3544 4860 prima
3568 4805 3668 4844 na-

2074 4886 2279 4943 tivitate
2303 4883 2598 4949 contraxit,
2630 4890 2688 4937 ut
2714 4883 2764 4937 ei
2793 4882 3131 4937 remittantur
3155 4895 3263 4936 non
3297 4880 3540 4951 propria,
3574 4880 3671 4935 sed

2074 4979 2248 5035 aliena
2283 4985 2499 5048 peccata
2535 4995 2554 5029 ι
2586 4973 2792 5050 (Epist.
2822 4974 2890 5030 (il
2913 4973 2982 5028 ad
3012 4972 3238 5045 Fidum)
3269 4990 3283 5029 :
3313 4973 3527 5044 quando
3555 4973 3669 5031 lucc

2076 5071 2373 5144 Cyprianus
2400 5068 2657 5124 didicerat
2682 5077 2737 5123 et
2765 5066 3023 5132 docebat,
3055 5064 3222 5121 defuit
3258 5066 3514 5121 auxilium
3545 5082 3666 5138 pre-

2075 5181 2198 5222 cum
2226 5174 2464 5225 tuarum,
2492 5177 2598 5234 quo
2624 5161 2781 5218 Sarra
2812 5161 2865 5216 in
2894 5160 3114 5232 regione
3142 5159 3335 5215 Africa:
3364 5170 3673 5217 servaretur

2079 5259 2298 5325 intacta,
2320 5266 2374 5312 et
2397 5271 2427 5311 a
2453 5253 2862 5310 Manichaaorum
2889 5252 3342 5322 constupratione,
3365 5254 3454 5324 qui
3478 5268 3671 5309 secun-

2078 5350 2205 5406 dum
2249 5348 2570 5404 intellectum
2612 5355 2791 5412 tuum,
2835 5353 3120 5415 antequam
3163 5343 3435 5399 Manicluci
3476 5359 3672 5399 nomen

2081 5440 2336 5498 Romanis
2364 5440 2632 5494 sonuissct
2661 5438 2713 5491 in
2748 5437 2934 5498 terris,
2960 5437 3123 5492 etiam
3156 5436 3326 5506 ipsum
3354 5434 3675 5505 deceperant

2074 5534 2438 5606 Cyprianum,
2479 5530 2794 5585 liberaretur
2834 5528 3088 5583 Ecclesia:
3132 5525 3507 5598 pulchritudo?
3538 5522 3673 5579 Vide

2082 5639 2200 5697 quae
2224 5631 2560 5679 monstruosa
2580 5630 2633 5675 et
2652 5621 2848 5676 furiosa
2870 5620 3016 5676 dicas
3036 5629 3222 5675 contra
3248 5616 3668 5686 antiquissimam

2106 5850 2132 5861 ..
2149 5788 2164 5819 ¹
2182 5792 2334 5859 ,ων-ν
2354 5782 2408 5835 in
2430 5780 2782 5846 marcum
2804 5779 2921 5831 nuli
2944 5778 3136 5843 rxjaris.
3158 5771 3465 5833 Abestmmli,
3482 5772 3542 5820 ab
3564 5768 3668 5819 alti:

2085 5849 2236 5899 libris.

2151 5915 2170 5945 ί
2202 5922 2299 5961 am.
2329 5915 2402 5960 Er.
2431 5914 2476 5958 et
2504 5914 2631 5967 ηδε..
2656 5911 2783 5955 time.
