4088 6522
547 367 658 424 719

558 486 872 540 mtholicam
904 482 1089 549 fidem,
1119 498 1220 536 non
1253 481 1496 534 habendo
1522 478 1647 549 quid
1678 477 1846 532 dicas.

625 583 712 636 5‘2.
758 579 865 637 Sed
895 575 1282 650 quantumlibet
1311 571 1674 642 tergiverseris
1693 613 1708 639 ,
1741 586 1774 626 ο
1802 569 2022 625 literesis
2052 568 2154 624 Pe-

536 673 790 746 “lagiana,
815 687 937 744 quze
965 678 1151 726 contra
1178 681 1359 722 muros
1388 664 1770 734 antiquissima:
1798 661 2034 716 veritatis
2062 675 2156 714 no-

558 784 653 824 vas
679 767 947 826 construis
967 763 1262 826 machinas,
1291 776 1458 816 novas
1483 760 1685 814 moliris
1709 758 1928 813 insidias
1953 777 1967 812 :
1993 776 2011 808 ι
2040 757 2157 811 Pte-

559 876 662 916 nus
687 859 1007 930 disputator,
1039 875 1058 910 ι
1086 855 1226 926 quod
1253 869 1340 908 me
1363 852 1746 908 contumeliose
1769 859 1888 904 tuus
1908 847 2158 904 defensor

561 952 829 1022 appellat;
863 949 1062 1004 Pmuus
1083 989 1099 1014 ,
1134 947 1350 1016 inquam
1371 985 1387 1010 ,
1419 944 1738 1013 disputator,
1769 957 1872 994 non
1899 956 1999 1011 ego
2018 982 2033 1005 ,
2062 940 2157 995 sed

561 1043 858 1113 Cyprianus
887 1041 1104 1105 Poenus,
1138 1047 1192 1093 te
1215 1037 1318 1092 hoc
1345 1036 1565 1091 vulnere
1597 1036 1790 1089 Ptrnus
1822 1035 2078 1096 immolat,
2106 1043 2160 1088 et

563 1149 778 1202 tmnam
809 1133 1072 1188 scelerato
1101 1146 1166 1185 ex
1201 1129 1449 1199 dogmate
1483 1127 1644 1181 sumit
1679 1125 1776 1197 (α).
1809 1125 1979 1192 Quid,
2013 1131 2055 1179 si
2085 1135 2161 1179 tot

563 1231 846 1298 episcopos
875 1242 942 1281 ex
969 1223 1144 1280 Africa
1176 1222 1534 1277 nominassem
1557 1262 1571 1284 ,
1601 1231 1729 1290 quot
1763 1235 1828 1274 ex
1869 1219 1987 1274 aliis
2015 1219 2160 1274 orbis

566 1319 808 1388 partibus
829 1313 1135 1372 nominavi?
1161 1323 1253 1368 aut
1271 1311 1420 1383 quid,
1448 1311 1493 1366 si
1521 1312 1570 1365 in
1593 1312 1670 1365 eis
1695 1310 1822 1379 ipsis
1848 1309 2025 1379 plures
2047 1308 2159 1364 Afri

563 1409 790 1466 essent?
829 1408 977 1465 Unus
1019 1407 1146 1461 hinc
1182 1416 1296 1470 est,
1326 1403 1510 1459 caueri
1549 1402 1795 1467 aliunde,
1838 1416 2064 1471 quorum
2095 1401 2162 1456 ab

550 1503 786 1557 "Oriente
815 1509 868 1556 et
899 1498 1187 1554 Occidente
1225 1495 1580 1552 consensione
1616 1493 1922 1548 confoderis
1951 1511 1964 1548 :
1998 1504 2052 1548 et
2081 1503 2162 1550 ta-

547 1611 690 1649 men
721 1601 862 1646 tanta
889 1590 1244 1646 obstinatione
1266 1587 1504 1652 cmcaris,
1535 1594 1592 1640 ut
1618 1600 1722 1641 non
1751 1584 1956 1650 videas,
1983 1595 2034 1640 te
2061 1601 2160 1657 po-

563 1685 677 1740 tius
700 1683 835 1738 velle
859 1697 1204 1751 corrumpere
1230 1679 1506 1749 antiquunm
1535 1676 1788 1732 Ecclesia:
1814 1675 2081 1736 decorem.
2111 1673 2163 1732 id

564 1785 670 1842 est,
692 1773 962 1844 antiquam
985 1772 1166 1838 fidem,
1191 1779 1450 1840 tanquam
1479 1771 1655 1823 Sarra:
1675 1767 1898 1822 aniculae
1921 1766 2165 1837 pulcher-

565 1867 719 1923 rima:
747 1865 1068 1921 castitatem.
1099 1863 1156 1918 Si
1185 1863 1332 1918 enim
1373 1877 1468 1932 per
1495 1870 1712 1916 sanctos
1743 1860 2010 1915 antistites
2037 1860 2161 1928 Dei,

561 1957 1047 2026 memorabilesque
1072 1954 1346 2018 doctores,
1380 1954 1660 2019 Irenaeum,
1688 1951 2036 2023 Cyprianum,
2060 1952 2165 2008 Re-

557 2050 777 2115 1icium,
797 2047 1122 2120 Olympium,
1141 2047 1424 2112 llilarium,
1448 2045 1806 2112 Ambrosium,
1825 2043 2162 2116 Gregorium,

560 2139 824 2195 Basiliam
846 2181 861 2204 ,
893 2138 1154 2194 Joannem
1175 2179 1191 2198 .
1224 2136 1590 2192 Innocentium
1615 2179 1627 2196 ,
1661 2145 1714 2190 et
1749 2136 2126 2209 Hieronymum
2147 2179 2164 2206 ,

557 2239 1050 2302 eruistupravcrunt
1088 2229 1382 2285 Ecclesiant
1412 2227 1720 2292 Mauiclimi;
1753 2227 1839 2284 die
1868 2230 1998 2284 mibi
2019 2272 2033 2294 ,
2065 2229 2165 2286 Ju-

553 2324 731 2390 ~liane,
764 2338 885 2392 quze
915 2331 966 2376 te
993 2319 1238 2391 peperit?
1265 2318 1455 2375 Utrum
1486 2327 1538 2372 te
1564 2328 1708 2372 casta
1733 2320 1774 2385 ‘,
1801 2335 1867 2374 an
1899 2335 2028 2376 vero
2057 2337 2170 2375 me-

565 2416 739 2471 retrix
761 2457 776 2482 ,
811 2413 864 2468 in
895 2413 1065 2468 lucem
1094 2427 1253 2481 quam
1283 2410 1596 2474 deseruisti,
1631 2425 1725 2480 per
1749 2421 1954 2465 uterum
1985 2413 2172 2482 gratia:

560 2507 864 2578 spiritualis
891 2505 1048 2560 enixa
1079 2503 1200 2559 est?
1219 2519 1286 2558 an
1315 2509 1373 2558 ut
1397 2501 1646 2573 dogmata
1678 2502 1954 2571 Prlagiana
1985 2503 2170 2558 defen-

553 2603 694 2662 ~das,
719 2593 963 2665 conjugis
989 2592 1186 2649 Christi
1215 2603 1270 2648 et
1297 2593 1486 2648 matris
1521 2601 1623 2646 tua:
1650 2592 1851 2646 viscera
1874 2632 1890 2658 ,
1919 2593 2171 2648 inStinctu

574 2684 786 2757 nefarii,
811 2701 916 2744 non
949 2683 1172 2757 erroris,
1201 2681 1297 2742 sed
1323 2680 1517 2744 furoris
1546 2680 1804 2738 infamas?
1832 2679 2010 2758 Usque
2029 2691 2173 2744 adeo

568 2782 718 2839 enim
746 2791 934 2858 contra
961 2789 1224 2837 vetustam
1263 2777 1711 2849 pulchritmlinem
1741 2777 1915 2833 Sarra:
1945 2795 2049 2833 nou
2081 2781 2168 2834 in-

572 2878 718 2934 venit
757 2877 882 2948 quid
923 2875 1118 2932 novitia
1157 2873 1466 2930 deformitas
1504 2882 1824 2938 mentiatur,
1856 2879 1916 2927 ut
1948 2881 2028 2928 tot
2059 2873 2178 2944 epi-

561 2983 856 3040 scoporum
893 2967 1246 3039 gloriosorum
1277 2964 1663 3021 catholicorum
1695 2963 1746 3018 in
1776 2971 1922 3020 tanta
1956 2977 2170 3020 suarum

575 3059 962 3116 sententiarum
1005 3056 1434 3113 manifestatione
1477 3070 1834 3120 consensum,
1879 3053 1932 3109 in
1980 3056 2174 3126 quibus

571 3151 812 3222 suntqui
838 3150 1109 3206 Manichzei
1145 3165 1243 3205 nec
1280 3164 1475 3205 nomen
1509 3149 1820 3214 audierunt,
1851 3148 2174 3207 Manichato-

574 3259 693 3296 rum
721 3241 1046 3312 blasphemia
1077 3241 1408 3296 criminetur.

649 3336 737 3390 55.
768 3354 786 3388 ι
817 3335 920 3390 Sed
947 3335 1014 3390 ab
1039 3336 1139 3392 hoc
1163 3333 1426 3406 digressu,
1455 3351 1559 3406 quo
1585 3344 1634 3391 te
1660 3335 1910 3406 impetus,
1939 3356 1956 3388 c
1988 3352 2092 3392 non
2113 3344 2176 3394 ut

573 3429 728 3496 dicis,
761 3446 781 3481 ι
814 3429 1032 3496 doloris,
1071 3447 1090 3482 ι
1120 3429 1212 3483 sed
1243 3429 1436 3498 perditi
1464 3427 1682 3499 pudoris
1715 3447 1734 3481 ι
1771 3431 2080 3494 abstulerat.
2107 3429 2174 3486 ad

571 3537 636 3576 ea
663 3538 779 3592 qiue
805 3522 1113 3577 institueras
1142 3541 1160 3574 ι
1187 3521 1352 3577 delira
1374 3523 1396 3554 ¹
1424 3523 1708 3578 reverteris
1734 3540 1747 3576 :
1772 3532 1823 3578 et
1846 3523 2083 3578 adhibito
2109 3541 2173 3579 ex

572 3615 832 3684 Apostolo
856 3614 1163 3670 teStimonio
1185 3612 1358 3688 (Rom.
1386 3629 1459 3676 iv,
1481 3614 1594 3683 l9),
1619 3614 1745 3670 illud
1763 3615 1901 3685 quod
1921 3615 1987 3672 de
2008 3617 2044 3670 Α
2057 3617 2176 3669 bra-

555 3705 662 3758 "lize
694 3713 747 3760 et
785 3704 958 3760 Sarra:
989 3705 1249 3760 emortuis
1285 3704 1542 3760 membris
1573 3705 1816 3770 dixeras,
1857 3708 2177 3763 confirmare

572 3795 806 3850 conaris.
833 3795 985 3853 Unde
1006 3797 1116 3866 jam
1145 3797 1412 3866 superius,
1437 3806 1689 3867 quantum
1720 3798 1850 3852 satis
1873 3800 2041 3854 visum
2071 3810 2173 3865 est,

575 3904 666 3944 me
685 3888 999 3944 disseruisse
1020 3888 1308 3944 suffecerit.
1327 3889 1456 3955 Quis
1477 3888 2009 3945 atttem'Christianus
2031 3893 2180 3963 igno-

575 3988 690 4044 ret,
720 3979 860 4049 quod
893 3999 912 4030 ι
950 3979 1069 4042 ille,
1101 3979 1190 4049 qui
1230 3980 1456 4049 primum
1485 3979 1756 4036 hominem
1799 3981 1922 4037 fecit
1957 3999 2020 4036 ex
2059 3984 2179 4052 pul-

579 4087 739 4137 vere,
771 4085 959 4125 omnes
991 4070 1278 4125 fabricetur
1303 4087 1368 4126 ex
1397 4070 1639 4126 semine?
1673 4089 1693 4124 ι
1731 4070 1836 4126 Sed
1871 4087 1934 4127 ex
1975 4074 2179 4130 Semina

572 4161 688 4235 jam
717 4161 900 4216 vitiato
920 4161 941 4193 ³
969 4170 1128 4232 atque
1154 4160 1426 4229 damnato,
1452 4161 1594 4233 quod
1630 4162 1821 4232 partim
1863 4177 1958 4233 per
1981 4167 2180 4218 verita-

579 4266 690 4310 tem
722 4263 995 4310 remaneat
1022 4253 1074 4308 in
1100 4253 1384 4323 snpplicio,
1413 4253 1605 4323 partim
1635 4268 1731 4324 per
1757 4253 2176 4324 misericordiam

577 4345 840 4404 liberetur
863 4360 892 4400 a
917 4345 1078 4400 malo.
1105 4344 1218 4400 Non
1246 4344 1424 4415 igitur,
1447 4355 1504 4400 ut
1525 4353 1678 4414 putas
1702 4355 1863 4415 atque
1882 4345 2176 4414 concludis,

587 4455 610 4492 ι
645 4437 772 4494 ullis
800 4437 1004 4509 laqueis
1038 4437 1142 4492 tuis
1170 4437 1372 4506 peccati
1403 4437 1660 4492 naturalis
1685 4435 1974 4491 suffocatur
2001 4453 2180 4493 asser-

568 4533 680 4590 'tio.
717 4551 738 4586 ι
775 4533 1124 4604 Depravatam
1150 4532 1346 4602 quippe
1371 4529 1526 4600 primi
1557 4517 1966 4600 transgressoris
1989 4530 2180 4584 volun-

583 4635 694 4684 tate
719 4636 985 4691 naturam,
1013 4640 1118 4680 non
1149 4635 1236 4680 tua
1257 4621 1498 4679 defensio
1524 4621 1700 4677 verbis
1726 4621 1970 4676 inanibus
1996 4631 2183 4692 purgat

583 4737 684 4792 per
703 4720 958 4778 novitium
975 4718 1168 4790 dogma
1187 4725 1446 4784 vestrum,
1465 4714 1560 4772 sed
1579 4713 1746 4787 gratia
1769 4714 1860 4770 Dei
1885 4728 1978 4785 per
1997 4713 2182 4770 Jesum

585 4811 856 4870 Christum
889 4811 1173 4868 Dominum
1204 4816 1467 4864 nostrum.

655 4906 886 4963 CAPUT
926 4901 1109 4960 XVIII.
1135 4933 1208 4944 —
1234 4902 1324 4958 5L
1351 4897 1710 4968 Quamobrem
1740 4911 1839 4952 nec
1868 4905 2014 4966 puto,
2048 4897 2186 4952 sicut

588 4979 965 5064 ealumniaris,
999 4995 1140 5068 quod
1176 5013 1195 5048 ι
1236 4992 1490 5064 conjuges
1532 4991 1648 5045 sine
1687 5003 1969 5058 corporum
2007 4988 2186 5044 calore

589 5091 962 5162 generaverint
991 5107 1003 5142 :
1040 5107 1060 5141 ι
1095 5101 1194 5142 nec
1223 5093 1350 5156 puto
1376 5082 1516 5154 quod
1550 5101 1569 5134 ι
1611 5082 1880 5136 hominem
1913 5080 2051 5135 Deus
2077 5095 2186 5136 non

591 5185 795 5247 fecerit,
815 5181 1131 5238 autdiabolo
1157 5179 1362 5241 fecerit,
1384 5183 1475 5231 aut
1505 5174 1750 5230 diabolus
1772 5173 1988 5238 fecerit;
2021 5192 2040 5226 ι
2063 5173 2186 5243 quia

593 5291 691 5332 nec
711 5274 812 5345 ipsi
839 5280 1090 5344 parentes
1112 5279 1335 5343 possunt
1353 5267 1629 5323 hominem
1659 5263 1854 5331 facere,
1879 5264 1970 5320 sed
1996 5278 2060 5320 ex
2087 5277 2185 5334 pa-

658 5452 676 5483 ι
715 5449 845 5512 Apud
879 5455 1017 5512 Lov.,_
1047 5455 1274 5498 utrumne
1297 5453 1445 5512 costa.

653 5513 677 5544 ⁸
691 5505 792 5561 Am.
810 5518 883 5560 Er.
907 5518 957 5560 et
975 5510 1142 5572 plures
1163 5518 1286 5572 uss,
1307 5507 1594 5559 deliberare.
1615 5513 1748 5572 lo_v.,
1765 5505 1996 5572 delirare.
2013 5514 2187 5557 Alcon-

592 5575 784 5640 cinnius
803 5567 1070 5640 Victorinus
1090 5571 1245 5640 code;
1265 5579 1323 5640 let
1341 5572 1559 5634 quinque
1581 5569 1810 5629 Vaticani,
1835 5567 2010 5620 delira.

659 5637 682 5670 ⁸
711 5634 1026 5685 Floriaceusis
1047 5641 1148 5687 Ms.
1184 5631 1370 5682 riolutol

657 5698 732 5760 (α)
767 5697 982 5746 Imitatur
1003 5693 1268 5760 Virgilium,
1303 5693 1488 5760 .-I-:neid.
1523 5692 1612 5760 lib.
1636 5691 1709 5751 19.,
1735 5693 2005 5760 verm-946,
2031 5693 2123 5742 9:17
2150 5705 2163 5742 :

1154 5755 1302 5806 Pallas
1337 5764 1386 5806 te
1423 5757 1514 5806 hoc
1535 5755 1760 5812 vulnere,
1796 5751 1944 5804 Pallas

785 5815 1012 5880 tmmolat,
1037 5824 1089 5868 et
1104 5830 1294 5882 pomata
1312 5817 1554 5869 scelerato
1579 5830 1643 5868 ex
1664 5820 1902 5879 sanguine
1921 5827 2081 5868 sumit.

1357 362 1633 418 CONTRA
1681 358 2020 417 JULiANUll
2059 353 2529 424 PELAGIANUM,
2570 358 2626 415 S.
2670 357 3036 418 AUGUSTINI
3719 362 3802 418 720

2266 477 2506 531 rentibus
2534 477 2670 532 Deus
2699 496 2711 532 :
2739 477 2892 548 cujus
2920 475 3166 547 potestati
3196 489 3296 531 nec
3321 489 3380 532 se
3408 473 3574 549 ipsum
3601 473 3804 536 diabolus

2262 569 2554 635 subtrahit;
2575 580 2773 641 quanto
2791 571 2962 625 minus
2985 578 3228 624 naturam
3247 569 3548 632 humanam,
3565 585 3706 640 quam
3724 572 3802 627 sibi

2264 677 2359 733 per
2385 665 2584 732 peccati
2612 664 2859 718 meritum
2885 664 2973 718 illo
2993 663 3280 719 damnante
3302 663 3557 734 subjecit?
3574 663 3690 733 Quae
3707 683 3804 721 cum

2264 754 2334 808 ita
2361 755 2486 818 sint,
2517 764 2569 809 tu
2597 757 2789 824 potius,
2815 756 2916 810 etsi
2945 771 3048 810 non
3067 755 3262 822 cultor,
3283 755 3421 826 quod
3441 739 3558 811 esse
3581 772 3659 812 me
3679 758 3804 820 dicis.

2265 857 2442 901 tamen
2483 847 2874 918 quantumlibet
2909 863 3030 902 eum
3074 863 3326 904 accusare
3365 849 3616 915 videaris,
3646 849 3807 906 diaboli

2263 940 2474 1009 adjutor
2509 954 2628 995 esse
2665 941 2998 996 convinceris
3030 958 3043 994 :
3073 942 3162 1011 qui
3196 956 3384 996 omnes
3422 941 3656 1010 parvulos
3679 943 3808 998 abeo

2264 1035 2436 1098 malo,
2472 1049 2564 1102 per
2591 1033 2730 1104 quod
2761 1043 3009 1088 tenentur
3036 1049 3065 1088 a
3092 1033 3307 1090 diabolo
3324 1075 3340 1102 ,
3369 1035 3546 1089 sanari
3575 1050 3660 1106 per
3680 1033 3806 1090 Chri-

2265 1135 2405 1179 stum
2449 1142 2554 1179 non
2592 1126 2788 1179 debere
2827 1125 3138 1190 contendis,
3170 1141 3290 1182 cum
3321 1126 3558 1203 doctrina
3585 1142 3681 1181 non
3705 1143 3808 1182 sana

2265 1233 2425 1273 sanos
2453 1235 2570 1274 esse
2597 1218 2860 1274 defendis.
2895 1219 3008 1290 Ego
3043 1227 3220 1274 autem
3256 1207 3546 1274 secundum
3573 1235 3736 1273 sanam
3758 1221 3808 1273 ft-

2265 1311 2418 1380 dem,
2453 1329 2470 1362 ι
2508 1327 2574 1368 ex
2611 1311 3282 1382 eadem‘concupiscentite
3319 1311 3584 1382 voluptate
3620 1327 3809 1367 concrc-

2269 1413 2378 1458 tum
2399 1403 2557 1458 etiam
2585 1403 2730 1459 Isaac
2759 1423 2777 1457 ι
2799 1403 2940 1465 dico.
2963 1420 3028 1459 ex
3048 1419 3150 1474 qua
3177 1413 3230 1459 et
3257 1403 3498 1459 homines
3521 1404 3706 1471 caeteri,
3724 1419 3811 1460 uno

2267 1496 2382 1550 solo
2402 1505 2625 1566 excepto
2643 1496 2710 1550 ab
2733 1496 2833 1551 hoc
2854 1495 3013 1564 malo,
3039 1512 3132 1566 per
3150 1511 3306 1568 quem
3331 1495 3615 1552 liberamur
3632 1513 3660 1552 a
3679 1498 3810 1552 male.

2273 1605 2293 1638 ι
2329 1586 2671 1642 l’eccatorum
2697 1603 2910 1660 quoque
2937 1587 3254 1658 genitalibus
3279 1603 3493 1643 manum
3513 1588 3694 1644 divinae
3716 1603 3814 1659 pro-

2267 1681 2514 1736 videntiae
2549 1682 2805 1736 interesse
2851 1700 2870 1734 ι
2915 1697 3021 1736 non
3062 1696 3217 1752 nego.
3253 1681 3477 1750 Attingit
3508 1681 3644 1736 enim
3675 1696 3702 1735 a
3732 1680 3813 1736 inte

2269 1789 2437 1844 usque
2475 1773 2542 1829 ad
2585 1773 2742 1829 finem
2783 1771 3020 1840 fortiter,
3053 1782 3108 1828 et
3136 1773 3373 1842 disponit
3409 1775 3584 1828 omnia
3621 1774 3816 1828 suaviter

2270 1864 2427 1936 (Sap.
2444 1881 2559 1934 vni,
2588 1866 2641 1936 1)
2662 1883 2676 1930 ;
2699 1875 2753 1921 et
2775 1864 2902 1920 nihil
2929 1864 3260 1935 inquinatum
3283 1863 3334 1918 in
3356 1878 3473 1917 eam
3501 1863 3709 1918 incurrit
3727 1861 3814 1926 (Id.

2271 1973 2363 2025 vn,
2389 1957 2482 2031 εδ)
2512 1975 2525 2012 :
2553 1969 2608 2013 et
2636 1958 2756 2014 ideo
2780 1959 2938 2013 etiam
2969 1957 3037 2012 de
3065 1955 3358 2012 immundis
3381 1965 3434 2010 et
3462 1956 3815 2019 contaminatis,

2270 2067 2388 2123 qua:
2414 2051 2641 2106 voluerit
2667 2060 2936 2120 operatur,
2969 2049 3164 2104 nntnda
3192 2059 3366 2103 tamen
3399 2047 3512 2116 ipsa
3537 2055 3589 2100 et
3618 2048 3818 2100 incautae

2272 2145 2468 2199 minata
2499 2142 2808 2226 persistens.
2835 2140 2945 2196 Nec
2975 2156 3109 2211 opus
3133 2147 3217 2195 est
3242 2149 3293 2193 ιιι
3317 2138 3639 2194 anfractibus
3661 2137 3818 2205 longis,

2271 2251 2333 2291 ea
2363 2251 2482 2306 qua:
2511 2234 2781 2300 concedo,
2813 2233 2942 2288 mihi
2983 2233 3209 2302 probare
3237 2231 3446 2286 coneris
3479 2248 3494 2285 :
3527 2231 3615 2286 sed
3649 2229 3708 2283 ad
3741 2229 3821 2284 hoc

2274 2328 2572 2397 responde,
2610 2328 2654 2382 si
2697 2335 2874 2396 putes,
2915 2341 3011 2380 cur
3050 2325 3161 2394 ipse
3199 2323 3344 2379 Isaac
3385 2323 3486 2377 nisi
3527 2323 3822 2392 Baptismatts

2272 2416 2470 2474 Christi
2501 2417 2650 2487 signo
2679 2415 3024 2472 circumcisus
3052 2415 3139 2469 die
3168 2424 3356 2468 octavo
3391 2413 3602 2479 fuisset,
3637 2415 3824 2482 perisset

2273 2513 2451 2566 anima
2479 2509 2596 2582 ejus
2619 2509 2686 2566 de
2717 2509 2911 2580 populo
2936 2523 3034 2563 suo
3061 2505 3215 2578 (Gen.
3248 2522 3378 2572 xvn,
3409 2506 3522 2576 14).
3554 2505 3768 2574 Explica,
3789 2503 3821 2558 si

2276 2612 2449 2674 potes,
2478 2611 2621 2657 tanta
2648 2615 2803 2672 pinna
2826 2614 2932 2676 quo
2956 2601 3148 2658 merito
3176 2597 3521 2672 plecteretur,
3551 2596 3646 2650 nisi
3671 2594 3730 2650 ab
3749 2595 3826 2649 hac

2277 2691 2370 2754 illo
2393 2692 2741 2754 Sacramento
2762 2695 3094 2751 liberaretur.
3111 2693 3418 2748 Emortuom
3447 2687 3654 2745 vulvam
3681 2688 3827 2743 Sarra

2276 2789 2342 2843 ad
2369 2788 2708 2844 emissionem
2741 2785 2979 2848 seminis,
3006 2791 3061 2837 et
3088 2795 3387 2838 emortuum
3414 2795 3610 2851 corpus
3637 2777 3828 2834 Abi-alia:

2277 2881 2342 2934 ad
2378 2880 2736 2953 generandum
2767 2878 2903 2934 sicut
2932 2877 3150 2946 iuvenes
3174 2882 3462 2945 generant,
3504 2873 3664 2929 Deum
3689 2870 3829 2925 vivifi-

2277 2987 2462 3038 casse,
2495 2969 2677 3042 negari
2707 2984 2811 3024 non
2843 2975 3052 3038 potest,
3081 2974 3141 3022 ut
3168 2965 3344 3036 proles
3372 2964 3439 3019 de
3469 2965 3559 3019 illa
3589 2970 3830 3034 parentum

2279 3072 2588 3120 nasceretur
2613 3070 2768 3116 aetate
2795 3077 2809 3114 :
2840 3059 2934 3114 sed
2963 3059 3104 3112 Isaac
3131 3065 3384 3128 quantum
3413 3055 3477 3110 ad
3511 3055 3709 3126 propria
3732 3067 3831 3122 pec-

2278 3163 2418 3222 eata,
2445 3153 2650 3211 etiamsi
2682 3169 2748 3208 ex
2777 3150 3031 3206 adulteris
3059 3156 3384 3213 nasceretur,
3413 3147 3665 3202 innocens
3688 3155 3832 3208 natus,

2271 3248 2406 3322 quid
2432 3254 2727 3311 meruerat,
2756 3254 2812 3300 ut
2839 3243 3016 3300 anima
3043 3241 3159 3312 ejus
3183 3239 3248 3295 de
3286 3239 3481 3311 populo
3515 3254 3612 3294 suo
3639 3237 3831 3308 periret,

2280 3343 2382 3400 nisi
2421 3339 2757 3399 circumcisio
2794 3328 3139 3391 subveniret?
3177 3333 3293 3388 Noli
3332 3333 3546 3402 evagari
3587 3327 3834 3402 permulta

2280 3437 2528 3502 obscura,
2557 3432 2832 3504 perplura,
2857 3425 3120 3498 superflua
3151 3445 3164 3482 :
3191 3426 3255 3481 ad
3285 3425 3386 3481 hoc
3417 3443 3582 3480 unum
3607 3432 3834 3494 apertum,

2281 3531 2526 3603 simplex,
2559 3527 3022 3596 necessariumque
3053 3520 3336 3592 responde.

2353 3649 2442 3704 35.
2473 3643 2772 3714 Interponis
2803 3639 3042 3712 Apostoli
3073 3634 3432 3692 testimonium
3451 3676 3466 3697 ,
3497 3649 3608 3687 non
3637 3630 3698 3684 ad
3725 3624 3836 3698 quod

2282 3743 2350 3798 ab
2379 3742 2470 3796 illo
2496 3739 2726 3810 positum
2752 3744 2854 3804 est,
2881 3733 2974 3789 sed
3001 3732 3066 3786 ad
3091 3730 3232 3802 quod
3261 3730 3373 3798 ipse
3395 3727 3691 3782 arbitraris.
3717 3720 3840 3779 Unde

2284 3851 2446 3902 nunc,
2473 3832 2724 3906 quOuiatu
2749 3843 2857 3884 non
2889 3827 3011 3882 inde
3039 3825 3262 3894 agimus,
3285 3831 3338 3876 et
3361 3821 3581 3888 longum
3605 3829 3654 3872 et
3683 3827 3840 3884 super-

2284 3901 2574 3984 Vaeaneum
2604 3934 2684 3978 est
2708 3922 3017 3991 disputare:
3044 3927 3219 3972 tamen
3247 3911 3546 3983 interponis
3574 3911 3661 3968 ubi
3686 3909 3768 3972 ait,
3788 3901 3840 3960 Et

2285 4019 2535 4091 quomodo
2553 4015 2803 4090 judicabit
2836 4011 2972 4066 Dm:
3005 4005 3288 4064 mundum?
3316 4005 3378 4061 Si
3405 4005 3539 4058 enim
3574 4003 3742 4058 veritas
3769 3994 3841 4050 Dei

2284 4087 2338 4168 in
2364 4128 2474 4166 nico
2499 4087 2760 4164 mendacio
2785 4103 3058 4159 abundarit
3087 4101 3140 4154 in
3165 4098 3380 4170 gloriam
3404 4096 3567 4164 ipsius
3585 4137 3601 4163 ,
3627 4091 3740 4165 quid
3763 4087 3840 4140 ad-

2287 4208 2385 4261 huc
2413 4219 2460 4260 et
2489 4219 2578 4276 ego
2607 4212 2847 4270 tanquam
2877 4203 3106 4268 peccator
3124 4192 3332 4265 judicor
3362 4187 3553 4259 (Rom.
3586 4201 3661 4251 ιιι,
3690 4185 3737 4246 6,
3764 4177 3843 4249 7)?

2285 4300 2366 4354 Ac
2389 4273 2584 4354 deinde
2603 4290 2898 4363 subjungis,
2933 4306 2952 4340 ‹
2981 4287 3084 4341 Per
3107 4283 3222 4338 hate
3245 4296 3339 4337 sua
3369 4279 3533 4336 verba
3562 4273 3841 4347 Apostolum

2288 4387 2592 4450 ostendere,
2621 4361 2864 4440 amisisse
2893 4381 3058 4434 Deum
3083 4374 3454 4431 auctoritatem
3494 4366 3782 4442 judicaudi,
3807 4361 3842 4416 si

2288 4480 2506 4537 modum
2531 4493 2638 4533 non
2667 4475 2836 4537 tenuit
2861 4468 3180 4542 imperandi.
3220 4485 3240 4520 ο
3274 4465 3330 4522 Si
3359 4478 3493 4534 ergo
3519 4463 3659 4519 sicut
3685 4467 3841 4542 putas,

2295 4593 2314 4628 ε
2350 4570 2416 4627 ad
2443 4569 2546 4626 hoc
2571 4569 2668 4624 ista
2695 4566 2830 4623 dixit
2857 4561 3162 4635 Apostolus,
3198 4568 3254 4614 ut
3279 4572 3401 4614 sese
3423 4555 3753 4615 cohiberent,
3774 4541 3842 4616 qui

2289 4661 2602 4720 asserebant
2645 4655 2787 4714 laudi
2834 4655 2928 4710 Dei
2975 4650 3235 4724 proficere
3281 4655 3497 4719 peccata
3537 4641 3844 4698 mortalium.

2290 4773 2520 4830 eumque
2558 4753 2679 4811 ideo
2716 4749 3063 4822 impossibilia
3101 4743 3455 4816 praecepisse,
3495 4750 3555 4794 ut
3593 4725 3844 4792 misereth

2291 4851 2394 4908 sibi
2432 4827 2708 4906 materiam
2749 4849 3073 4916 prmpararet
3099 4855 3114 4892 :
3144 4847 3201 4894 et
3227 4851 3322 4908 per
3356 4835 3494 4889 lianc
3529 4827 3839 4902 aposmlican

2291 4945 2609 5002 sententiam
2629 4982 2644 5008 ,
2683 4959 2704 4995 ι
2738 4939 2878 4995 sicut
2909 4935 3213 4996 existimas,
3249 4929 3720 4987 «demonstratur,
3747 4931 3848 5008 pro-

2292 5049 2474 5109 pterea
2505 5006 2653 5091 recte
2681 5028 2909 5103 judicari
2939 5025 3218 5089 homines,
3250 5021 3370 5092 quia
3409 5024 3674 5090 prmeepta
3705 5006 3847 5109 possi-

2294 5103 2416 5184 bilia
2457 5142 2562 5182 non
2597 5123 2870 5184 fecerunt;
2901 5118 3096 5190 injuste
3123 5125 3302 5170 autem
3328 5111 3711 5182 iudicarentur,
3739 5103 3776 5157 si
3803 5112 3852 5190 ea

2293 5237 2400 5277 non
2429 5218 2696 5279 fecissent,
2725 5229 2845 5284 qure
2869 5188 3213 5281 impossibilia
3237 5203 3548 5276 iuberentur
3572 5218 3585 5253 :
3617 5217 3636 5252 ι
3666 5193 3780 5266 quid
3798 5188 3854 5244 de

2296 5317 2440 5370 Isaae
2461 5311 2701 5366 dicturus
2718 5322 2800 5373 es,
2823 5305 2908 5362 cui
2933 5302 3219 5374 quidquam
3242 5312 3340 5352 nec
3366 5292 3637 5366 possibile,
3661 5302 3753 5343 nec
3775 5285 3855 5336 im-

2295 5405 2548 5478 possibile
2570 5411 2652 5457 est
2679 5400 3032 5470 imperatum;
3063 5402 3116 5447 et
3146 5401 3322 5446 tamen
3355 5382 3666 5458 perditionis
3689 5376 3854 5478 animat

2295 5468 2406 5554 suae
2434 5510 2589 5566 poena
2619 5468 2890 5556 feriretur,
2916 5487 2963 5544 si
2987 5496 3176 5541 octavo
3205 5482 3292 5537 die
3334 5494 3437 5534 non
3475 5468 3857 5566 circumcidere-

2299 5591 2424 5648 tur?
2453 5593 2530 5644 An
2560 5601 2688 5641 vero
2713 5599 2814 5640 nec
2851 5583 2928 5638 sic
2957 5578 3171 5635 tandem
3200 5572 3452 5644 respicis,
3484 5565 3610 5624 illud
3639 5558 3856 5634 primitus

2299 5688 2354 5742 in
2377 5682 2618 5756 paradiso
2635 5679 2816 5736 datum
2836 5673 3089 5748 possibile
3108 5685 3173 5726 ac
3190 5667 3342 5724 facile
3363 5665 3521 5720 fuisse
3536 5661 3856 5754 praeceptum,

2300 5752 2406 5859 quo
2429 5785 2736 5849 contempto
2764 5783 2924 5846 atque
2959 5767 3173 5837 violato,
3204 5775 3392 5821 omnes
3419 5773 3490 5818 ex
3515 5767 3619 5814 uno
3645 5752 3855 5808 homine:
