4088 6526
297 521 394 576 7ίέί

223 625 232 636 ’
299 648 550 707 tauquam
575 630 629 691 in
655 647 827 688 massa
852 631 1072 702 originis
1091 641 1375 685 commune
1397 624 1525 680 illud
1548 625 1744 680 habere
1768 639 1891 693 pec-

295 741 504 792 catum;
534 735 590 783 et
615 726 738 784 hinc
760 738 881 780 esse
897 725 1084 795 jugum
1112 735 1262 792 grave
1289 735 1440 789 super
1470 717 1606 786 ﬁlios
1631 717 1796 770 Adam
1813 756 1827 781 ,
1859 732 1892 768 a

297 823 378 874 die
404 820 564 874 exitus
592 817 656 870 de
682 827 852 870 ventre
879 813 1054 868 matris
1079 827 1270 876 eorum,
1299 799 1454 880 usqbe
1479 809 1532 861 iu
1561 807 1694 860 diem
1719 806 1892 878 sepul-

298 925 426 965 tura
451 910 504 964 iu
528 919 740 963 matrem
765 906 988 960 omnium
1010 901 1198 973 (Ereti.
1223 917 1316 966 ιιι,
1341 899 1431 972 l)?
1457 898 1525 954 Et
1553 897 1807 968 quoniam
1829 911 1902 952 ex

297 1005 396 1060 ista
417 1003 472 1056 in
494 1001 662 1056 Adam
684 999 1028 1073 generatione
1047 997 1296 1052 damnata
1319 1009 1477 1049 uento
1499 993 1774 1058 liberatur,
1795 991 1896 1046 nisi

298 1105 644 1169 regeneretur
664 1094 718 1149 in
738 1093 981 1156 Christo;
1007 1101 1288 1162 pr0pterea
1314 1089 1524 1158 signum
1547 1086 1788 1156 ejusdem
1813 1101 1898 1141 re-

299 1185 660 1256 generationis
675 1183 820 1240 lsaac
841 1182 942 1238 nisi
960 1183 1275 1250 accepisset,
1300 1180 1560 1251 perisset:
1586 1193 1682 1232 nec
1704 1177 1896 1232 imme-

302 1281 404 1334 rito
427 1279 684 1349 perisset,
709 1277 830 1348 quia
858 1293 924 1331 ex
952 1275 1052 1330 hac
1077 1274 1181 1328 vita
1199 1315 1216 1340 ,
1245 1287 1351 1344 quo
1379 1286 1472 1342 per
1495 1269 1896 1341 generationem

302 1369 604 1426 damnatam
635 1370 919 1424 damnatus
947 1368 1254 1431 intraverat,
1287 1363 1404 1419 sine
1433 1363 1584 1433 signo
1613 1376 1898 1433 regenera-

301 1463 462 1516 tionis
487 1462 707 1517 exisset.
738 1463 845 1516 Aut
872 1459 918 1516 si
944 1475 1052 1514 non
1079 1465 1167 1514 est
1190 1458 1290 1512 ista
1316 1470 1474 1510 causa
1495 1497 1512 1522 ,
1539 1453 1626 1509 die
1651 1453 1894 1508 alteram.

300 1553 482 1610 Bonus
509 1564 591 1609 est
621 1554 786 1621 Deus,
813 1551 990 1624 justus
1015 1560 1099 1607 est
1123 1551 1267 1606 Deus
1295 1567 1308 1602 :
1342 1558 1516 1620 p0test
1545 1547 1752 1618 aliquos
1781 1547 1898 1604 sine

300 1644 458 1702 bonis
495 1645 702 1701 meritis
738 1646 1001 1712 liberare,
1037 1645 1160 1716 quia
1200 1643 1382 1698 bonus.
1410 1650 1529 1707 est;
1575 1655 1680 1696 non
1724 1649 1898 1710 potest

302 1752 622 1808 quemquam
652 1737 769 1792 sine
797 1735 955 1792 malis
979 1736 996 1766 ³
1027 1733 1234 1790 meritis
1260 1733 1552 1798 damnare,
1579 1730 1702 1802 quia
1725 1730 1900 1804 justus

303 1837 404 1884 est.
435 1829 648 1886 Nullum
687 1829 934 1885 meritum
974 1827 1175 1882 malum
1213 1838 1335 1881 octo
1371 1823 1578 1880 dierum
1621 1822 1794 1878 infans
1831 1821 1900 1877 de

303 1920 534 1990 propriis
581 1921 813 1991 peccatis
859 1919 1122 1984 habebat;
1169 1932 1334 1988 quare
1379 1914 1754 1980 damnaretur,
1796 1913 1898 1968 nisi

227 2005 234 2012 ’
303 2011 798 2078 circumcideretur,
830 2011 877 2068 si
905 2027 971 2067 ex
1001 2009 1208 2081 origine
1235 2024 1338 2065 non
1371 2003 1650 2062 trahebat?

375 2102 598 2160 CAPUT
639 2096 780 2158 XIX.
803 2132 872 2143 —
895 2102 984 2158 56.
1013 2101 1182 2171 Perge
1206 2099 1272 2154 ad
1301 2110 1518 2162 extera,
1543 2105 1596 2152 et
1623 2094 1776 2150 vanis
1804 2110 1898 2148 va-

307 2196 460 2251 niora
487 2205 715 2251 contexe
748 2212 762 2248 :
795 2209 900 2249 non
937 2193 1331 2262 Scripturarum
1361 2197 1663 2244 sanctarum
1690 2185 1897 2256 eloquia

305 2303 424 2358 qua:
453 2301 864 2354 commemoras,
891 2285 1031 2348 dico,
1061 2282 1156 2339 sed
1183 2298 1248 2337 ex
1277 2280 1361 2336 his
1384 2296 1504 2350 qua:
1528 2278 1794 2334 coniicere
1821 2277 1900 2330 ni-

307 2380 457 2435 teris.
487 2379 928 2451 Quandoquidem
957 2377 1112 2443 dicis,
1151 2395 1168 2428 ι
1201 2375 1276 2430 Ex
1309 2374 1412 2428 hoc
1453 2371 1675 2443 intelligi
1703 2370 1900 2426 debere

305 2469 596 2540 perfectam
629 2469 980 2540 ignorantiam
1005 2467 1264 2539 justitiam
1295 2463 1580 2531 nominari,
1607 2460 1729 2532 quia
1767 2460 1901 2516 dixit

308 2561 453 2618 Deus
472 2560 538 2616 ad
564 2559 896 2626 Abimelecb,
923 2560 1014 2630 qui
1053 2573 1174 2614 cum
1202 2555 1361 2612 Sarra
1393 2555 1563 2610 fuerat
1582 2552 1899 2608 concubitu-

306 2668 400 2708 rus
423 2696 439 2721 ,
465 2653 718 2725 ignorans
747 2651 890 2724 quod
919 2666 1052 2707 uxor
1079 2659 1226 2706 esset
1251 2648 1444 2714 aliena,
1475 2644 1545 2700 Et
1571 2662 1660 2716 ego
1683 2643 1901 2698 sciebant

305 2745 424 2815 quia
451 2745 503 2799 iu
531 2745 683 2800 corde
709 2743 897 2823 mundo
926 2742 1090 2816 fecisti
1113 2742 1209 2796 hoc
1237 2739 1258 2813 (
1282 2738 1412 2795 Gen.
1448 2753 1540 2805 xx,
1569 2736 1658 2808 6).
1686 2735 1753 2791 Et
1781 2733 1901 2790 ideo

309 2841 641 2894 nascentium
671 2847 891 2902 statum,
917 2835 1285 2908 generantium
1308 2833 1578 2888 voluntate
1596 2844 1703 2884 non
1732 2827 1853 2884 laedi
1881 2843 1897 2884 :

305 2930 428 3002 quia
459 2930 560 2986 etsi
605 2930 744 2986 mala
773 2937 955 2991 esset.
990 2947 1010 2981 ι
1047 2927 1255 2998 inquis,
1306 2943 1326 2977 ι
1357 2935 1533 2980 tamen
1576 2921 1642 2977 ad
1690 2921 1901 2975 illorum

305 3021 454 3076 nullo
479 3037 678 3092 genere
701 3021 980 3078 scientiam
1007 3018 1327 3090 perveniret.
1361 3036 1379 3069 ι
1406 3015 1512 3070 Cur
1533 3030 1660 3084 ergo
1679 3027 1774 3070 eos
1795 3026 1902 3067 non

305 3114 554 3170 nominas
573 3115 770 3186 justos,
798 3115 843 3170 si
867 3113 1102 3184 perfecta
1130 3111 1427 3183 ignorantia
1447 3109 1668 3180 justitia:
1688 3109 1904 3164 nomine

305 3207 661 3277 nuncupanda
683 3207 804 3262 est?
825 3206 965 3262 Nihil
993 3215 1074 3261 est
1099 3219 1328 3275 namque
1350 3201 1634 3276 perfectius
1655 3201 1916 3272 ignoran-~

306 3297 379 3352 tia
408 3299 749 3367 parvulorum
783 3316 798 3354 :
828 3297 959 3352 nihil
980 3313 1110 3370 ergo
1138 3305 1357 3352 vocetur
1380 3304 1434 3350 et
1451 3293 1668 3366 justius.
1700 3291 1796 3348 Ubi
1821 3301 1906 3348 est

304 3392 449 3462 quod
479 3392 728 3462 superius
749 3390 1097 3447 asserendum
1122 3388 1344 3461 putasti,
1377 3405 1396 3439 ι
1424 3387 1534 3442 Nec
1554 3385 1730 3457 justos
1756 3385 1905 3440 nasci

305 3483 580 3552 parvulos,
611 3498 712 3539 nec
740 3483 992 3552 injustos,
1017 3480 1160 3552 quod
1187 3479 1352 3536 futuri
1379 3487 1505 3534 sunt
1527 3477 1732 3533 actibus
1759 3477 1902 3544 suis;

305 3572 405 3627 sed
435 3573 808 3627 tantummodo
833 3573 1109 3627 infantiam
1141 3571 1467 3626 innocentia:
1496 3568 1623 3624 dote
1663 3568 1907 3639 locuple-

307 3665 458 3718 tem?
488 3683 507 3716 ι
534 3666 616 3718 Αιι
641 3681 748 3720 ιιοιι
779 3665 937 3720 verba
962 3672 1050 3720 tua
1075 3672 1218 3730 sunt,
1248 3663 1336 3718 ubi
1357 3662 1492 3718 dicis
1518 3679 1534 3718 :
1567 3680 1586 3715 ι
1613 3661 1786 3718 Homo
1813 3662 1908 3734 igi-

307 3767 400 3814 tur
427 3759 734 3814 innocentia
763 3759 979 3830 quidem
1008 3758 1218 3829 plenus,
1249 3756 1346 3818 sed
1376 3755 1588 3810 virtutis
1615 3770 1783 3826 capax
1809 3771 1905 3812 na-

305 3855 499 3916 scitur,
527 3859 620 3907 aut
645 3850 856 3905 laudem
875 3892 891 3918 ,
919 3858 1012 3904 aut
1038 3847 1513 3920 reprehensionem
1541 3861 1608 3902 ex
1633 3845 1908 3918 proposito

305 3943 602 4001 accedente
627 3984 643 4009 ,
675 3944 1000 3998 meriturus?
1034 3961 1054 3996 ι
1089 3941 1358 4012 Numquid
1387 3940 1640 3996 virtutem
1669 3940 1908 3996 dicturus

307 4049 370 4088 es
391 4050 495 4088 non
525 4049 646 4090 esse
665 4035 966 4104 justitiam?
987 4033 1266 4104 Quomodo
1293 4033 1454 4104 igitur
1479 4033 1650 4089 infans
1673 4032 1909 4089 nondum

311 4127 507 4196 plenus
537 4137 622 4182 est
663 4127 896 4194 virtute,
927 4126 1023 4182 sed
1059 4141 1224 4197 capax
1249 4167 1264 4192 ,
1295 4141 1416 4181 cum
1447 4125 1633 4194 plenus
1657 4126 1728 4182 sit
1755 4127 1906 4196 igno-

307 4217 506 4283 rantia,
538 4232 698 4288 quam
725 4217 857 4272 dicis
881 4232 1002 4274 esse
1025 4217 1322 4287 justitiam;
1350 4216 1452 4271 nisi
1483 4215 1728 4271 virtutem
1749 4231 1910 4288 neges

310 4324 438 4364 esse
464 4309 768 4379 justitiam?
792 4308 941 4364 itane
967 4308 1204 4363 nondum
1231 4298 1508 4378 evigilabis
1537 4307 1636 4362 hac
1661 4307 1909 4363 absurdi-

308 4407 422 4453 tate
451 4413 752 4468 percnssus,
785 4408 840 4454 et
863 4407 916 4455 te
946 4398 1048 4455 hoc
1071 4399 1271 4454 dixisse
1299 4398 1618 4469 ptenitebit?
1645 4399 1776 4453 Nam
1804 4399 1912 4453 Do-

311 4488 448 4544 mini
494 4488 654 4543 verba
685 4489 940 4559 vigilant,
978 4489 1072 4545 sed
1104 4497 1158 4546 tu
1205 4489 1429 4544 dormis.
1457 4489 1639 4560 Neque
1667 4489 1808 4544 enim
1838 4489 1913 4544 ait

310 4580 452 4650 regi,
487 4577 732 4635 Sciebam
777 4580 900 4651 quia
928 4595 1023 4635 cor
1050 4579 1220 4636 habes
1245 4581 1448 4650 justum
1475 4595 1493 4647 ;
1526 4591 1639 4646 aut,
1669 4581 1791 4652 quia
1817 4596 1912 4637 eor

312 4671 482 4729 habes
507 4672 764 4728 mundutn
797 4691 811 4728 :
846 4687 968 4730 cum
999 4673 1257 4742 scriptum
1284 4673 1387 4740 sit,
1424 4672 1570 4727 Beati
1607 4674 1692 4744 qui
1721 4673 1912 4728 mundo

310 4774 434 4818 sunt
461 4765 633 4832 corde,
665 4767 906 4834 quoniam
933 4765 1032 4834 ipsi
1053 4763 1221 4821 Deum
1246 4764 1482 4820 videbunt
1510 4763 1722 4835 (Matth.
1751 4781 1804 4832 ν,
1831 4764 1909 4836 8).

311 4853 397 4909 Tu
424 4843 603 4910 autem
643 4856 802 4910 istum
832 4855 1142 4911 Abimelech
1178 4855 1246 4910 ad
1277 4856 1569 4924 peccatoris
1601 4857 1622 4888 ³
1660 4857 1912 4926 proponis

313 4946 647 5014 exemplum.
673 4945 801 5009 Sed.
848 4946 1100 5012 sciebant,
1143 4947 1317 5018 inquit
1343 4947 1516 5014 Deus,
1545 4947 1664 5019 quia
1689 4948 1742 5002 in
1763 4947 1915 5003 corde

310 5035 504 5090 rixando
536 5037 698 5107 fecisti
737 5037 854 5091 hoc.
885 5036 1000 5092 Non
1035 5036 1245 5106 omnia,
1283 5038 1366 5093 vel
1394 5053 1744 5110 quascumque
1773 5037 1908 5104 alia;

311 5127 414 5182 sed
462 5127 588 5194 hoc,
634 5129 687 5183 in
732 5143 840 5201 quo
873 5127 1125 5184 adulterii
1170 5129 1553 5186 conscientiam
1598 5145 1704 5186 non
1750 5129 1914 5186 habe-

310 5218 430 5273 bat.

391 5310 480 5364 '57.
509 5309 672 5364 Miror
699 5319 875 5367 tamen
902 5311 1046 5382 quod
1069 5313 1174 5368 isto
1195 5313 1442 5384 exemplo
1460 5327 1490 5368 a
1520 5322 1570 5368 te
1590 5329 1915 5371 commemo-

312 5412 436 5457 rato
459 5444 474 5468 ,
505 5402 650 5473 quod
682 5420 788 5458 non
833 5415 986 5475 potes
1011 5447 1027 5473 ,
1053 5406 1269 5464 conaris
1309 5407 1559 5473 efficere;
1603 5417 1658 5463 et
1697 5424 1802 5464 non
1845 5408 1915 5465 ibi

312 5493 466 5549 vides
495 5493 639 5566 quod
667 5511 774 5550 non
801 5497 881 5552 vis
909 5496 1094 5553 audire
1123 5497 1424 5556 '..Conaris
1457 5500 1600 5556 enim
1646 5509 1703 5555 ut
1727 5501 1916 5556 creda-

320 5594 428 5650 tur,
461 5595 650 5642 orante
678 5586 971 5655 Abraham,
997 5589 1164 5645 libido
1187 5591 1394 5648 reddita
1421 5608 1542 5648 esse
1581 5594 1914 5661 mulieribus,

314 5679 442 5747 quia
467 5679 724 5750 scriptum
752 5691 856 5748 est,
888 5679 1214 5784 Cou'duserat
1238 5683 1378 5740 Deus
1403 5687 1562 5756 aforis
1583 5703 1780 5742 omnem
1803 5687 1916 5742 vul-

386 5855 402 5918 ε
437 5856 519 5918 Hic
539 5855 665 5918 apud
685 5863 792 5908 ιον.
821 5861 1050 5909 omissum
1077 5870 1169 5918 est,
1199 5863 1354 5914 malis.

387 5917 406 5984 ξ
438 5915 752 5984 floriaccnsis
774 5929 874 5984 διδ..
901 5915 1188 5984 peccatores.

386 5976 407 6011 ³
437 5981 488 6029 in
511 5985 641 6044 ιω..
663 5983 790 6045 quod
811 5976 912 6035 non
929 5985 1068 6038 vultis
1085 5987 1274 6038 tttult'rc.

1655 510 1859 568 LIBER
1899 509 2218 568 TERTlUS.

3486 511 3594 567 Τ.νὲ

2006 641 2118 679 vam
2145 627 2195 678 iu
2223 626 2374 680 domo
2398 625 2704 689 Abimeleclt,
2733 634 2937 695 prapter
2959 624 3171 681 Sat-ram
3195 640 3401 680 uxorem
3431 628 3595 680 Αυο-αο

2002 717 2083 772 lue
2109 716 2127 789 (
2152 715 2278 771 Gen.
2309 733 2400 780 xx,
2434 717 2544 787 18).
2589 715 2737 772 l-lanc
2779 716 2920 772 enim
2961 714 3355 771 conclusionem
3394 716 3472 771 sic
3515 719 3592 771 vis

2003 810 2256 880 intelligi;
2290 822 2539 880 tanquam
2570 809 2734 864 libido
2759 808 2918 864 fuerit
2947 809 3052 864 illis
3078 809 3287 863 fetniuis
3319 807 3426 862 Deo
3459 810 3596 862 indi-

2001 911 2196 972 gnante
2221 901 2457 956 detracta
2487 919 2501 956 :
2529 917 2646 955 cum
2683 900 2852 970 magis
2879 899 3140 955 indicetur
3165 899 3246 953 his
3273 899 3468 967 verbis,
3495 900 3595 953 ali-

2003 1008 2108 1063 qua
2132 993 2435 1048 valetudine
2463 991 2616 1046 vulva
2652 993 2905 1048 conclusa
2929 1033 2942 1056 ,
2983 1002 3044 1046 ut
3083 1000 3176 1046 aut
3213 990 3596 1061 itnpreguanda

2001 1082 2360 1138 concumbere
2387 1081 2606 1148 femina,
2633 1093 2724 1138 aut
2751 1098 2943 1156 parere
2971 1083 3313 1152 impra‘gnata
3345 1099 3448 1135 non
3473 1098 3595 1153 pos.

2005 1184 2088 1230 set
2117 1194 2130 1230 :
2163 1185 2218 1230 et
2244 1191 2349 1230 non
2379 1175 2654 1232 attendisti
2679 1217 2694 1242 ,
2735 1176 2898 1230 homo
2929 1175 3016 1246 qui
3044 1190 3151 1228 non
3178 1175 3256 1229 vis
3281 1171 3482 1244 judicio
3511 1173 3595 1228 dis

2003 1265 2129 1322 vino
2165 1281 2484 1338 quemquam
2509 1309 2526 1336 ,
2557 1281 2664 1322 non
2703 1267 2846 1334 suis,
2882 1267 2978 1322 sed
3015 1265 3205 1321 alienis
3243 1266 3398 1336 plecti
3439 1281 3598 1336 posse

2004 1357 2262 1428 peccatis,
2287 1357 2558 1429 quomodo
2586 1357 2699 1414 ﬁeri
2722 1358 2956 1429 potuerit
2983 1365 3038 1412 ut
3065 1357 3375 1412 Abimelech
3409 1372 3598 1426 pecca-

2004 1457 2109 1518 ret,
2139 1451 2386 1522 quamvis
2412 1466 2512 1507 nec
2538 1451 2653 1522 ipse
2677 1449 2980 1506 adulterino
3004 1449 3167 1506 corde
3192 1450 3513 1522 peccaverit,
3543 1459 3606 1505 et

2006 1544 2148 1600 Deus
2175 1545 2721 1617 quantulumcumque
2749 1555 3024 1616 peccatum
3058 1544 3174 1614 ejus
3207 1543 3260 1599 in
3287 1544 3597 1600 mulieribus

2004 1635 2220 1692 ad'eum
2256 1637 2648 1707 pertinentibus
2677 1637 2990 1692 vindicaret.
3031 1635 3196 1692 Vides
3219 1636 3595 1707 eontagionem

2007 1729 2234 1786 transire
2263 1731 2467 1800 peccati
2493 1729 2563 1786 de
2589 1731 2705 1786 viro
2746 1731 2800 1786 in
2832 1729 3080 1795 feminas,
3108 1729 3300 1800 quibus
3329 1729 3597 1784 misceba-

2007 1831 2113 1890 tur,
2145 1824 2231 1880 vel
2255 1824 2448 1895 quibus
2477 1823 2887 1891 dominabatur;
2917 1834 2972 1880 et
2996 1825 3050 1880 in
3079 1823 3284 1895 prolem
3311 1823 3377 1878 de
3402 1839 3597 1894 paren-

2007 1915 2146 1970 tibus
2169 1931 2274 1970 non
2305 1915 2406 1984 vis,
2434 1931 2500 1972 ex
2521 1931 2748 1986 quorum
2773 1915 3065 1972 seminibus
3090 1924 3429 1986 propagatur.
3457 1912 3598 1971 Con-

2007 2007 2181 2062 sidera
2209 2009 2370 2078 igitur
2392 2051 2407 2076 ,
2436 2025 2594 2081 quam
2621 2008 2693 2064 sit
2716 2008 3076 2064 inscrutabilis
3113 2008 3338 2064 altitudo
3366 2007 3599 2079 judicio-

2005 2118 2123 2156 rum
2168 2103 2444 2174 sapientiae
2483 2111 2538 2158 et
2580 2103 2820 2158 scientiae
2860 2102 2956 2158 Dei
2991 2101 3179 2176 (Rom.
3222 2119 3308 2167 ιι,
3351 2103 3497 2174 53);
3541 2115 3604 2160 et

2006 2195 2213 2266 garrire
2241 2195 2429 2251 desine
2457 2204 2644 2252 contra
2670 2196 2945 2266 originalis
2971 2207 3177 2251 secreta
3207 2197 3430 2266 peccati.

2077 2285 2306 2342 CAPUT
2344 2285 2464 2341 XX.
2502 2317 2574 2328 —
2601 2287 2690 2342 38.
2743 2287 2946 2343 Deinde
2986 2287 3176 2357 incipis
3218 2287 3489 2359 disputare
3531 2287 3602 2344 de

2005 2392 2228 2432 excessu
2253 2379 2901 2450 concupiscentim,.quem
2925 2379 3399 2448 reprehensibilcnt
3423 2381 3558 2435 dicis
3583 2399 3598 2436 :

2005 2470 2154 2538 quasi
2182 2469 2234 2524 in
2264 2470 2381 2540 ejus
2409 2469 2794 2538 moderatione,
2824 2485 2944 2526 cum
2975 2486 3036 2526 ea
3059 2472 3196 2526 bene
3222 2472 3384 2526 utitur
3413 2472 3602 2541 Cuttj'J-

2005 2571 2180 2632 gntus,
2229 2577 2398 2633 equus
2441 2562 2556 2634 ipse
2583 2564 2672 2634 qui
2719 2563 2892 2618 malus
2933 2573 3055 2632 est,
3101 2573 3289 2620 etnon
3324 2565 3498 2634 potius
3533 2560 3604 2620 δή

2007 2654 2126 2724 ejus
2153 2657 2333 2728 auriga
2366 2656 2666 2712 laudandus
2693 2656 2792 2730 (a).
2824 2657 2962 2724 Quid
3001 2673 3129 2728 ergo
3157 2667 3208 2714 te
3244 2657 3496 2728 adjuvant
3524 2671 3602 2713 te-

2007 2746 2256 2802 stimonia
2284 2746 2354 2804 de
2391 2747 2715 2820 Scripturis,
2759 2749 2952 2820 quibus
2990 2749 3312 2817 ostenditur,
3345 2752 3602 2822 quemad-

2005 2837 2223 2894 modum
2254 2839 2394 2894 Deus
2425 2840 2508 2896 vel
2554 2838 2836 2918 prohibeat
2873 2839 3106 2896 libidinis
3146 2841 3226 2896 vel
3259 2841 3476 2895 damnet
3503 2859 3602 2894 cx-

2008 2945 2240 2986 cessum.
2270 2929 2404 2986 illud
2431 2932 2607 3001 potius
2633 2931 2859 2998 intuere,
2889 2931 3145 3002 quidquid
3171 2931 3222 2986 in
3245 2931 3604 3002 quorumlibet

2007 3023 2328 3092 ﬂagitiorum
2379 3023 2748 3094 turpitudine,
2801 3039 2921 3094 qua:
2965 3023 3288 3095 genitalibus
3345 3023 3604 3077 membris

2007 3128 2369 3188 perpetratur,
2403 3116 2687 3172 horremus
2713 3159 2728 3183 ,
2756 3116 3242 3186 concupiscentiam
3273 3116 3470 3178 carnis,
3500 3115 3606 3170 nisi

2008 3218 2274 3275 teneatur,
2305 3207 2524 3264 efﬁcere
2551 3206 2684 3276 ipsis
2713 3206 2946 3262 motibus
2967 3207 3099 3273 suis,
3132 3221 3266 3278 quos
3291 3206 3341 3261 in
3364 3207 3612 3274 corpori-

2008 3298 2110 3354 bus
2129 3300 2286 3355 etiam
2310 3308 2579 3354 castorum
2601 3313 2766 3371 usque
2787 3297 2852 3354 ad
2877 3298 3328 3370 ingemiscendutn
3357 3298 3602 3354 effectum

2011 3390 2257 3462 perducit
2281 3391 2335 3446 in
2362 3394 2588 3446 somnis.
3090 3438 3094 3442 .

2081 3480 2170 3536 39.
2205 3480 2294 3536 Sic
2321 3489 2497 3536 autem
2516 3481 2679 3550 dicis,
2715 3499 2735 3534 ι
2765 3483 2879 3550 Qua
2903 3481 3112 3538 ratione
3139 3491 3406 3553 quaereret
3429 3482 3602 3553 justos

2011 3576 2065 3632 in
2095 3575 2342 3632 Sodomis
2373 3577 2516 3634 Deus
2543 3575 2707 3648 (Gen.
2734 3593 2880 3644 xvm,
2922 3575 3042 3648 26),
3071 3576 3116 3631 si
3146 3576 3267 3630 illos
3297 3576 3430 3631 tales
3453 3577 3470 3608 ¹
3503 3592 3604 3630 na.

2011 3674 2129 3723 tura
2161 3667 2421 3724 faciebat?
2449 3687 2468 3722 ι
2501 3675 2750 3740 tanquam
2777 3683 2875 3724 nos
2903 3667 3142 3722 dicamus
3161 3708 3176 3734 ,
3199 3668 3390 3722 mentis
3420 3667 3605 3722 excel-

2011 3755 2240 3817 lentiore
2287 3771 2473 3818 natura
2523 3761 3016 3832 concupiscentiam
3069 3761 3245 3816 carnis
3294 3775 3400 3814 non
3447 3775 3606 3830 posse

2011 3851 2234 3907 frenari.
2259 3849 2365 3907 Sed
2395 3851 2645 3918 dicimus,
2673 3866 2841 3922 usque
2865 3850 3002 3906 adeo
3036 3851 3236 3906 malum
3263 3866 3403 3916 esse,
3433 3858 3489 3903 ut
3515 3864 3608 3904 re-

2013 3956 2258 4014 pugnans
2285 3941 2642 4013 expugnando
2669 3942 2934 4010 vincatur,
2965 3940 3138 3997 donec
3164 3942 3304 3998 sicut
3334 3941 3522 3996 vulnus
3551 3941 3605 3996 in

1962 4049 1965 4052 '
2013 4049 2256 4102 corpore,
2290 4033 2362 4088 ita
2387 4032 2622 4104 perfecta
2649 4034 2924 4089 curatione
2955 4043 3198 4088 sanetur.

2085 4123 2174 4179 40.
2207 4122 2262 4178 Si
2307 4135 2488 4180 autem
2519 4133 2696 4195 putas,
2733 4142 2754 4176 ι
2776 4123 3092 4195 Apostolum
3119 4139 3182 4180 ex
3223 4123 3325 4179 hoc
3363 4123 3610 4178 laudasse

2013 4214 2324 4282 libidinem,
2356 4215 2478 4287 quia
2515 4229 2666 4270 usum
2705 4213 2920 4271 femina:
2949 4214 3082 4270 dixit
3121 4230 3240 4270 esse
3279 4215 3606 4278 llitllil‘iliCl“,

2015 4308 2105 4380 ubi
2132 4309 2226 4374 ait,
2267 4307 2525 4378 quosdam
2553 4307 2740 4363 relicto
2767 4307 2992 4362 naturali
3040 4323 3138 4364 usu
3183 4306 3413 4375 fontium,
3441 4323 3612 4362 exar-

2015 4399 2150 4454 sisse
2181 4400 2232 4453 in
2261 4399 2554 4470 appetitum
2581 4414 2737 4455 suum
2767 4399 2821 4454 in
2853 4399 3079 4454 invicem
3118 4418 3136 4452 ι
3165 4398 3348 4470 (Rom.
3382 4415 3422 4466 I,
3451 4398 3554 4469 27)
3587 4413 3607 4428 ·

2015 4505 2230 4546 omnem
2275 4492 2516 4561 profecto
2546 4505 2700 4546 usum
2736 4490 2950 4546 femina:
2983 4489 3202 4546 laudare
3229 4489 3610 4561 compelleris!

2015 4599 2078 4640 ac
2102 4600 2200 4656 per
2226 4583 2329 4639 hoc
2351 4593 2406 4640 et
2430 4599 2492 4640 ea
2521 4601 2640 4655 qua:
2667 4599 2788 4639 cum
2816 4583 3030 4639 feminis
3064 4583 3471 4638 committuntur
3493 4591 3586 4635 stu-

2017 4692 2110 4746 pra
2142 4675 2402 4743 laudabis,
2433 4676 2554 4747 quia
2585 4684 2640 4731 et
2681 4675 2788 4731 illic
2827 4689 2954 4730 usus
2982 4676 3166 4745 utique
3190 4673 3448 4729 naturalis
3487 4685 3566 4727 est
3592 4689 3606 4727 :

2017 4769 2258 4839 quamvis
2284 4766 2640 4835 damnandus,
2671 4766 2794 4837 quia
2818 4765 3084 4835 legitimus
3109 4780 3216 4820 non
3245 4774 3363 4830 est;
3392 4762 3532 4820 unde
3557 4776 3613 4820 et

2005 4845 2116 4913 'filii
2151 4874 2260 4913 non
2305 4857 2560 4928 legitimi,
2599 4857 2694 4912 sed
2724 4856 2994 4912 naturales
3025 4865 3314 4922 vocantur,
3357 4855 3445 4926 qui
3486 4855 3611 4912 inde

2020 4960 2334 5006 nascuntur.
2376 4948 2494 5004 Non
2538 4949 2718 5020 itaque
2755 4949 3240 5020 concupiscentiam
3300 4949 3478 5005 carnis
3521 4949 3613 5006 illo

2018 5043 2184 5099 verbo
2223 5041 2460 5098 laudavit
2504 5042 2839 5114 Apostolus:
2873 5041 2969 5098 sed
2999 5043 3295 5098 naturalem
3325 5042 3615 5114 appellavit

2019 5152 2173 5191 usum
2197 5177 2212 5203 ,
2249 5133 2393 5190 unde
2422 5142 2612 5190 natura
2655 5133 2884 5190 humana
2922 5142 3098 5204 potest
3139 5134 3408 5190 nascendo
3433 5135 3616 5190 subsi-

2019 5239 2180 5285 stere.

2091 5321 2180 5375 41.
2231 5319 2371 5374 Dicis
2395 5361 2410 5386 ,
2463 5337 2483 5372 ι
2513 5319 2674 5376 etiam
2705 5316 3013 5374 Sodomitas
3042 5327 3094 5373 et
3124 5319 3176 5374 in
3221 5323 3370 5390 patris
3400 5333 3462 5374 ac
3503 5319 3614 5374 vini

2022 5427 2276 5484 peccasse
2302 5420 2546 5467 creatura
2577 5429 2592 5466 :
2632 5428 2652 5462 ι
2687 5419 2846 5480 atque
2873 5411 2944 5464 ita
2991 5413 3068 5464 vis
3109 5411 3464 5482 intelligamus
3492 5407 3614 5464 libi-

2021 5505 2200 5560 dinem
2226 5505 2445 5571 bonam,
2470 5502 2562 5558 sed
2593 5503 2838 5558 homines
2862 5501 2952 5574 qui
2974 5517 3034 5558 ea
3061 5505 3202 5559 male
3228 5512 3466 5568 utttntur,
3496 5518 3617 5557 esse

2023 5595 2345 5666 culpabiles;
2392 5594 2542 5649 sicut
2573 5593 2712 5648 bona
2759 5604 2844 5648 est
2885 5602 3129 5649 creatura
3173 5593 3326 5664 panis
3369 5601 3422 5644 et
3465 5589 3613 5654 viai,

2023 5681 2266 5758 quamvis
2293 5702 2356 5742 ea
2398 5686 2538 5742 male
2578 5685 2776 5742 utendo
2807 5697 3074 5756 peccetur.
3107 5686 3182 5740 ita
3209 5685 3350 5740 enim
3393 5697 3495 5734 non
3530 5679 3612 5732 in-

2089 5867 2103 5897 ⁸
2142 5872 2248 5915 Lov.
2271 5900 2285 5924 ,
2317 5872 2457 5923 Imus,
2499 5862 2593 5914 nisi
2637 5861 2788 5924 tales;
2833 5858 3188 5922 refragantibus
3226 5853 3368 5904 editis
3411 5849 3514 5898 aliis
3543 5856 3593 5897 et

2025 5936 2160 6050 ab?!)
2198 5989 2370 6040 Alludit
2388 5989 2445 6038 ad
2473 5989 2621 6038 verba
2642 5986 2872 6038 ambrosii
2895 5994 3040 6048 supra
3059 5981 3220 6040 citata,
3247 5989 3293 6024 ιι.
3325 5972 3394 6021 t3.
