4088 6522
528 484 634 542 723

530 597 728 671 telligis
750 593 877 668 quid
902 588 1156 662 loquaris.
1190 593 1243 639 ut
1270 598 1374 638 non
1407 578 1604 640 videas,
1637 581 1935 630 creaturam
1960 565 2113 636 panis

532 701 588 748 ct
639 656 751 744 vini
801 700 905 742 non
959 680 1338 750 concupiscere
1381 673 1640 727 adversus
1688 665 1972 736 spiritum,
2021 656 2116 712 sed

537 785 707 855 ipsam
736 780 912 850 potius
956 775 1234 829 inhoneste
1263 784 1292 822 a
1323 765 1461 821 male
1486 759 1753 817 utentibus
1778 748 2080 820 concupisei
2101 789 2115 812 ,

538 887 595 937 et
611 889 728 932 eam
751 871 1044 926 forinsecus
1064 865 1118 920 in
1143 870 1380 917 nostrum
1403 869 1602 926 corpus
1621 853 1841 906 intrare.
1866 844 1977 913 Qua
1999 841 2120 896 ideo

536 969 752 1040 parcius
786 973 842 1021 et
866 960 1163 1019 restrictius
1191 963 1274 1011 est
1317 950 1603 1012 utendum,
1643 960 1710 1000 ne
1753 942 1868 1012 ipsa
1911 949 2123 1008 quoque

539 1033 968 1127 concupiscentia
990 1094 1005 1119 ,
1045 1046 1195 1120 quod.
1228 1043 1422 1099 malum
1469 1041 1610 1094 intus
1649 1049 1710 1088 ac
1736 1039 1976 1086 nostrum
2003 1033 2121 1091 est,

542 1123 778 1206 mentem
809 1141 1136 1211 corruptibili
1168 1147 1392 1206 corpore
1430 1147 1498 1186 ex
1532 1123 1918 1183 abundantiore
1954 1125 2126 1172 mate-

539 1241 619 1303 ria
642 1239 811 1295 multo
834 1209 1061 1305 amplius
1079 1234 1418 1300 aggravante,
1446 1221 1702 1276 adversus
1723 1228 1820 1269 nos
1841 1209 2130 1266 vebemcn-
2154 1258 2158 1262 ,

541 1334 648 1388 tius
675 1339 731 1385 ct
756 1301 1002 1383 invictins
1029 1321 1341 1378 concitetur.
1372 1314 1483 1370 llnc
1505 1311 1664 1382 igitur
1691 1305 1853 1369 malo,
1883 1301 2021 1374 quod
2051 1301 2129 1354 in-

541 1425 686 1480 dicat
727 1420 921 1474 tnalum
965 1429 1123 1481 esse,
1164 1412 1277 1466 sive
1317 1407 1405 1478 qui
1437 1404 1690 1460 adversus
1717 1395 1845 1454 illud
1875 1392 2127 1457 dimicat,

543 1518 660 1579 sive
689 1529 846 1585 quem
875 1509 1152 1578 subjugat;
1181 1513 1234 1559 et
1263 1514 1457 1572 parens
1490 1497 1624 1550 bene
1654 1491 1851 1553 utitur,
1881 1501 2003 1542 cum
2033 1497 2133 1552 pu-

547 1610 668 1666 dice
708 1579 878 1660 iilium
907 1601 1108 1674 gignit;
1139 1606 1196 1654 et
1235 1595 1393 1658 Deus,
1434 1605 1554 1646 cum
1601 1582 1818 1657 provide
1861 1579 2131 1636 hominem

543 1699 750 1756 (endit.

620 1787 847 1845 CAI'UT
876 1783 1094 1840 XXl.—
1113 1779 1202 1836 42.
1229 1777 1380 1834 Nunc
1409 1788 1537 1846 ergo
1567 1769 1868 1834 considera,
1891 1779 2021 1836 rogo
2047 1769 2134 1827 te;

547 1895 714 1945 nunc,
738 1880 973 1947 inquam,
996 1881 1055 1928 ut
1081 1880 1133 1928 te
1157 1869 1444 1926 salubriter
1466 1864 1662 1920 veritas
1681 1861 1872 1924 vincat,
1898 1852 2140 1926 deposita

546 1970 798 2027 vincendi
829 1966 1116 2038 cupiditate
1143 1961 1456 2023 considera,
1488 1964 1664 2011 utrum
1695 1961 1911 2016 nosti-aa,
1939 1962 2006 2002 an
2037 1955 2139 2001 tuae
2165 1998 2188 2011 ,

549 2063 835 2123 sententia:
878 2059 1077 2116 debeas
1101 2056 1462 2126 acquiescere.
1491 2051 1656 2117 Bene,
1685 2047 1826 2119 quod
1860 2063 1878 2097 ι
1907 2042 2142 2100 breviter

549 2155 844 2212 admonere
887 2161 938 2207 te
965 2170 985 2204 ι
1019 2149 1154 2204 dicis
1176 2188 1192 2213 ,
1241 2163 1260 2198 ι
1290 2153 1346 2200 ιιι
1392 2141 1608 2200 lectoris
1639 2137 1856 2211 pectori
1904 2136 2159 2203 barreat,

549 2251 699 2320 quod
726 2255 836 2302 toto
867 2244 1000 2299 libro
1030 2244 1126 2297 abs
1154 2251 1206 2296 te
1245 2248 1452 2310 gestum
1482 2243 1582 2292 est.
1615 2253 1634 2287 ι
1665 2234 1733 2290 Ει
1761 2247 1879 2304 qua:
1923 2231 1994 2287 sit
2031 2231 2142 2300 ipsa

548 2339 734 2396 brevis
760 2334 1076 2412 admonitio,
1104 2329 1447 2386 subinferens
1476 2345 1490 2383 :
1525 2345 1543 2379 ι
1568 2322 2026 2394 Concupiscentia:
2050 2335 2144 2376 m-

550 2432 739 2488 turalis
778 2429 867 2500 qui
896 2425 1114 2484 modum
1146 2431 1324 2488 tenet,
1359 2439 1378 2474 ι
1415 2421 1608 2491 inquis,
1646 2437 1664 2470 ι
1691 2418 1834 2473 bono
1865 2415 2001 2470 bene
2043 2413 2146 2468 uti-

552 2531 677 2588 tur;
708 2521 798 2593 qui
843 2518 1060 2574 modum
1103 2531 1209 2572 nou
1243 2522 1410 2581 tenet,
1441 2513 1586 2568 bono
1631 2511 1772 2565 male
1802 2509 1967 2564 utitur
1998 2524 2012 2560 :
2053 2506 2146 2577 qui

554 2622 734 2668 autem
756 2612 916 2668 etiam
940 2611 1111 2681 ipsum
1135 2606 1376 2673 modum,
1403 2613 1602 2660 sancta:
1621 2601 1935 2673 virginitatis
1965 2613 2148 2655 amore

557 2701 943 2774 contempserit
967 2743 981 2766 ,
1029 2699 1174 2756 bono
1213 2697 1406 2753 melius
1444 2711 1550 2750 non
1588 2693 1784 2759 utitur;
1828 2689 2147 2746 conlidentia

557 2798 758 2871 quippe
781 2810 893 2851 sua:
922 2794 1131 2861 salutis,
1166 2811 1184 2846 ι
1218 2790 1413 2861 inquis,
1447 2807 1465 2841 ι
1491 2796 1546 2845 et
1571 2786 1800 2848 roboris,
1831 2781 2151 2850 contempsit

561 2888 824 2955 remedia,
846 2895 901 2942 ut
927 2885 1158 2957 gloriosa
1185 2890 1365 2954 posset
1383 2895 1632 2936 exercere
1651 2876 1962 2934 certamina.
1992 2892 2010 2927 ι
2039 2874 2150 2944 Ego

564 2995 698 3038 vero
725 2980 803 3035 sic
826 2977 894 3034 ad
922 2987 1009 3033 tua
1040 2977 1140 3032 ista
1166 2973 1465 3045 respondeo
1499 2990 1513 3028 :
1550 2967 2006 3039 Concupiscentize
2029 2979 2151 3020 car-

566 3071 708 3128 nalis
729 3071 818 3142 qui
841 3069 1056 3124 modum
1082 3076 1247 3132 tenet,
1271 3067 1412 3120 malo
1431 3063 1568 3118 bene
1597 3061 1786 3126 utitur;
1813 3059 1904 3130 qui
1935 3056 2152 3113 modum

564 3179 674 3221 non
708 3173 872 3230 tenet,
901 3162 1042 3218 malo
1071 3159 1210 3214 male
1236 3159 1402 3213 utitur
1430 3175 1443 3211 :
1471 3155 1559 3227 qui
1590 3164 1766 3209 autem
1790 3153 1948 3207 etiam
1978 3152 2153 3222 ipsum

567 3254 810 3319 modum,
833 3262 1032 3310 sanctae
1053 3249 1371 3321 virginitatis
1391 3263 1574 3301 amore
1593 3243 1991 3315 contempserit,
2011 3241 2155 3296 malo

565 3347 763 3404 melius
807 3360 913 3400 non
945 3345 1142 3408 utitur;
1175 3339 1496 3397 conﬁdentia
1522 3337 1717 3409 quippe
1759 3335 1950 3390 divina:
1976 3333 2156 3405 opitu-

563 3436 784 3495 lationis
813 3443 872 3491 et
897 3435 1138 3490 muneris
1178 3431 1500 3501 contempsit
1541 3429 1722 3485 infima
1751 3428 1766 3459 ¹
1797 3424 2031 3482 remedia
2052 3465 2068 3492 ,
2098 3431 2157 3479 ut

564 3527 878 3601 gloriosiora
920 3534 1104 3598 posset
1141 3538 1394 3581 exercere
1435 3521 1746 3578 certamina.
1797 3519 1852 3574 lu
1882 3518 1982 3574 bac
2027 3531 2158 3573 cou-

567 3620 832 3677 troversia
864 3619 931 3674 de
959 3617 1096 3673 bene
1124 3615 1322 3671 utendo
1351 3616 1476 3681 isto,
1508 3622 1688 3668 utrum
1716 3611 1857 3666 bono
1883 3624 1948 3664 an
1974 3609 2116 3664 malo
2139 3647 2155 3674 ,

569 3719 684 3768 tota
729 3711 868 3766 inter
896 3725 994 3764 nos
1033 3723 1194 3765 causa
1219 3714 1480 3761 versatur.
1509 3704 1568 3759 ln
1592 3719 1694 3774 qua
1720 3702 1911 3758 vellent
1943 3699 2158 3771 quidem

571 3801 1043 3875 egregios-judices
1073 3813 1178 3854 non
1205 3796 1534 3866 repudiares,
1560 3808 1694 3864 quos
1721 3792 1813 3848 tibi
1842 3791 1976 3846 meis
2001 3803 2161 3859 supe-

571 3897 807 3955 tioribus
835 3894 984 3949 libris
1013 3907 1141 3948 sana
1167 3891 1406 3946 doctrina
1431 3886 1690 3953 eruditos,
1716 3887 1832 3940 sine
1852 3883 1962 3938 ullo
1982 3880 2160 3936 studio

571 3989 805 4063 partium
834 3988 898 4042 de
926 3986 1026 4041 bac
1068 3999 1228 4040 causa
1261 3981 1554 4038 sententias
1590 3978 1872 4049 protulisse
1897 3983 2161 4030 monstra-

572 4081 652 4140 vi.
680 4079 787 4137 Sed
813 4079 1087 4150 quoniam,
1120 4076 1163 4131 si
1193 4083 1244 4130 te
1270 4089 1375 4128 non
1404 4070 1725 4135 correxeris,
1767 4068 2004 4139 ipsorum
2031 4081 2164 4138 quo-

574 4189 682 4247 que
708 4174 1124 4232 accusationem,
1154 4167 1260 4236 vel,
1291 4174 1351 4221 ut
1379 4164 1557 4219 mitius
1586 4161 1838 4228 dixerim,
1866 4159 2161 4231 reprehen-

574 4267 785 4324 sionem
815 4264 930 4318 sine
958 4261 1120 4316 dubio
1151 4256 1510 4330 praeparabis;
1541 4263 1591 4310 te
1614 4253 1792 4326 potius
1817 4260 1936 4307 utar
1959 4250 2160 4322 judice,

573 4374 678 4432 pro
703 4371 820 4412 mea
849 4353 1108 4409 sententia
1133 4359 1317 4406 contra
1340 4358 1481 4403 tuam
1509 4362 1652 4403 :non
1679 4344 1870 4401 alicubi
1901 4343 2048 4409 alibi,
2070 4341 2166 4397 sed

575 4426 633 4508 in
662 4449 861 4507 eodem
880 4446 1024 4501 libro
1051 4453 1170 4510 tuo;
1202 4457 1300 4498 nec
1326 4441 1442 4512 ejus
1475 4441 1602 4506 alio,
1629 4438 1722 4494 sed
1750 4439 1865 4509 ipso
1891 4426 2032 4493 loco'.
2072 4434 2166 4490 Di-

578 4541 705 4600 xisti
745 4539 911 4605 enim,
964 4555 984 4590 ι
1017 4545 1255 4591 sanctam
1299 4532 1655 4604 virginitatem
1695 4529 2012 4586 conlidentia
2055 4541 2167 4582 sua:

567 4628 770 4694 salutis
799 4643 852 4689 et
878 4631 1089 4687 roboris
1127 4627 1516 4697 contempsisse
1559 4623 1828 4687 remedia,
1857 4631 1914 4676 ut
1938 4620 2169 4692 gloriosa

580 4734 763 4801 posset
785 4737 1038 4780 exercere
1057 4718 1369 4776 certamina.
1396 4736 1414 4770 ι
1437 4715 1630 4785 Quaero
1649 4728 1766 4784 quae
1787 4710 2020 4768 remedia
2041 4723 2172 4765 con-

583 4817 886 4888 tempscrit.
918 4811 1309 4884 Respondebis,
1339 4809 1582 4879 Nuptias.
1611 4805 1825 4873 Quzero,
1857 4803 1962 4859 Ista
1991 4815 2172 4858 reme-

583 4911 668 4966 dia
695 4919 880 4964 contra
907 4922 1063 4978 quem
1086 4904 1330 4960 morbum
1353 4907 1475 4956 sunt
1497 4894 1833 4953 necessaria?
1856 4891 2172 4949 Remedium

585 5002 785 5072 quippe
814 5015 841 5052 a
873 4995 1157 5062 medendo,
1187 4994 1238 5050 id
1268 5002 1352 5048 est
1379 5007 1408 5046 a
1436 4986 1772 5053 medicande,
1802 4999 1997 5040 nomen
2023 4996 2178 5036 acce-

586 5097 687 5169 pit.
710 5093 877 5151 Simul
897 5093 1074 5163 itaque
1095 5088 1336 5143 videmus
1352 5084 1508 5140 ambo
1529 5079 1820 5138 remedium
1843 5078 2139 5146 nuptiarum
2161 5090 2174 5126 :

588 5205 687 5246 cur
713 5197 767 5243 tu
800 5185 982 5241 laudas
1013 5181 1245 5238 libidinis
1271 5177 1538 5242 morbum,
1577 5189 1684 5244 quo
1710 5168 1974 5242 perveniri
2003 5165 2179 5222 cernis

591 5283 658 5338 ad
690 5288 942 5344 mortem,
968 5277 1012 5332 si
1038 5291 1144 5331 non
1173 5274 1222 5330 ei
1253 5272 1468 5328 resistat
1493 5279 1580 5324 aut
1609 5263 1950 5322 continentia:
1978 5261 2179 5317 retina-

591 5380 792 5442 culum,
818 5381 904 5428 aut
927 5367 1206 5439 conjugale
1227 5363 1523 5420 remedium
1543 5361 1567 5416 ?
1587 5359 1703 5415 Jam
1734 5357 1836 5413 hoc
1860 5364 1912 5411 et
1936 5352 2183 5424 superius

593 5473 678 5544 egi
718 5482 930 5532 tecum,
979 5463 1066 5519 ubi
1113 5458 1464 5516 disertissime
1503 5453 1810 5527 pudicitiam
1851 5446 2182 5519 conjugalem

595 5541 737 5624 inter
781 5558 1121 5617 lascivientes
1159 5563 1214 5610 et
1257 5549 1592 5606 continentes
1637 5545 1707 5600 ita
1739 5541 1981 5614 posuisti,
2020 5558 2040 5592 ι
2067 5552 2184 5608 qua:

597 5654 914 5715 verecundis
945 5647 1189 5706 manibus
1217 5652 1270 5700 et
1297 5641 1544 5696 coiifovet
1568 5645 1856 5693 :estuantes
1880 5674 1894 5694 .
1928 5641 1982 5688 et
2007 5627 2188 5686 laudat

599 5752 692 5808 tali
735 5745 975 5806 remedio
1020 5756 1126 5796 non
1172 5746 1412 5809 egentes.
1446 5754 1462 5786 ι
1497 5731 1696 5788 Eadem
1743 5730 1918 5799 itaque
1955 5732 2184 5794 repeto:

602 5844 791 5899 iterum
837 5835 958 5893 attdi
990 5832 1130 5905 quod
1163 5830 1267 5885 illic
1313 5827 1403 5883 tibi
1453 5823 1684 5880 breviter
1727 5817 2062 5887 dilucideque
2101 5827 2186 5869 re-

670 5975 686 6004 ⁶
727 5971 889 6019 Plures
915 5975 1038 6025 \tss.,
1064 5960 1272 6020 inﬁnita.

1311 462 1581 524 CONTRA
1619 452 1954 517 JULIANUM
1996 440 2463 505 PELAGIANUM,
2507 439 2565 494 S.
2608 429 2978 494 AUGUSTlNI
3679 424 3769 483 794

2225 556 2437 628 spondi.
2489 575 2508 608 ι
2535 552 2756 620 Quando
2796 563 2896 621 ego
2933 551 3088 606 istam
3131 545 3610 618 concupiscentiam
3646 561 3771 601 mor-

2225 652 2352 706 bum
2376 661 2496 703 esse
2521 645 2660 709 dico,
2694 657 2857 715 quare
2900 651 2956 696 tu
2996 655 3180 710 negas,
3213 639 3300 709 qui
3333 649 3504 693 tamen
3533 636 3580 693 ei
3603 649 3769 692 neces-

2227 741 2424 799 sarium
2455 739 2749 814 remedium
2778 734 3088 791 conﬁteris?
3122 733 3176 789 Si
3203 732 3445 804 agnoscis
3471 729 3769 794 remedium,

2227 848 2455 906 agnosce
2472 831 2715 886 morbum
2738 848 2751 884 :
2776 828 2819 884 si
2845 842 3005 897 negas
3032 826 3297 891 morbum,
3328 839 3458 895 nega
3484 822 3773 878 remedium.

2226 928 2418 997 Rogo,
2458 924 2589 981 cede
2633 920 2918 994 aliquando
2963 920 3124 976 etiam
3157 934 3252 989 per
3297 932 3358 973 os
3400 924 3546 973 tuum
3576 917 3662 970 tibi
3702 916 3773 970 lo-

2229 1003 2411 1089 quenti
2459 1015 2886 1073 veritatiznemo
2935 1009 3178 1082 providet
3219 1008 3508 1064 remedium
3533 1007 3724 1063 sanitati
3751 1023 3768 1058 ι

2233 1108 2455 1189 (Supra,
2485 1125 2538 1162 η.
2567 1106 2686 1175 29).

2302 1201 2391 1256 45.
2431 1200 2558 1268 Qua:
2596 1204 2721 1253 sunt
2765 1203 2941 1252 autem
2985 1202 3285 1250 sanctarum
3329 1191 3586 1263 virginum
3610 1232 3625 1257 ,
3664 1189 3783 1246 sicut

2233 1292 2500 1364 appellas,
2533 1309 2552 1342 ‹
2586 1289 2814 1361 gloriosa
2839 1285 3131 1342 certamina
3159 1301 3175 1351 ;
3210 1303 3230 1337 ι
3265 1285 3367 1340 nisi
3410 1283 3530 1354 quia
3560 1297 3657 1336 non
3685 1281 3783 1336 vin-

2235 1393 2427 1441 cuntur
2468 1398 2496 1437 ιι
2528 1382 2701 1446 malo,
2747 1379 2838 1435 sed
2883 1379 3102 1433 vincunt
3144 1377 3195 1431 in
3224 1375 3365 1430 bono
3403 1373 3642 1428 malum?
3674 1371 3786 1440 Quze

2237 1491 2344 1532 non
2387 1473 2616 1546 gloriosa
2632 1486 2750 1542 ego.
2775 1468 2868 1526 sed
2897 1467 3208 1540 gloriosiora
3233 1465 3410 1521 dicere
3433 1463 3608 1518 malui.
3635 1461 3783 1516 llabct

2238 1568 2381 1625 enim
2432 1566 2662 1638 palmam
2705 1562 2772 1618 de
2820 1561 2974 1631 hujus
3013 1559 3136 1614 mali
3175 1556 3535 1627 subjectione,
3575 1551 3788 1624 quamvis

2239 1661 2520 1723 minorem,
2553 1653 2803 1726 pudicitia
2834 1653 2994 1708 etiam
3025 1649 3339 1721 conjugalis.
3370 1647 3644 1716 Belligerat
3668 1643 3789 1698 enim

2240 1752 2398 1810 etiam
2443 1748 2554 1820 ipsa
2584 1755 2770 1802 contra
2797 1744 3065 1800 carnalem
3091 1737 3608 1810 concupiscentiam,
3637 1751 3698 1790 ne
3734 1733 3791 1788 li-

2241 1849 2398 1906 mites
2424 1848 2560 1900 tbori
2591 1840 2840 1913 nuptialis
2880 1837 3103 1895 excedat
3138 1852 3154 1891 :
3187 1834 3494 1905 bclligerat,
3537 1844 3602 1886 ne
3628 1825 3793 1884 deﬁni-

2243 1951 2353 1998 tum
2377 1955 2442 1996 ex
2466 1951 2732 1994 consensu
2759 1932 3040 2004 conjugmn
3065 1928 3250 1985 orandi
3293 1937 3502 1998 tempus
3544 1923 3793 1995 irrumpat.

2244 2035 2314 2090 Et
2356 2034 2401 2088 si
2442 2039 2617 2086 tantas
2667 2027 2808 2082 vires
2857 2025 3020 2080 habet
3064 2024 3164 2079 ista
3206 2020 3454 2093 pudicitia
3496 2017 3794 2089 coujugalis,

2246 2133 2556 2194 tantumque
2585 2119 2677 2176 Dei
2703 2119 2899 2174 donum
2923 2124 3024 2184 est,
3053 2123 3111 2170 ut
3131 2113 3287 2168 faciat
3313 2110 3454 2183 quod
3479 2107 3799 2180 praescribunt

2246 2216 2438 2274 tabulae
2480 2209 2898 2270 matrimoniales
2922 2249 2936 2275 ,
2979 2207 3032 2262 in
3067 2207 3184 2278 ipso
3211 2218 3422 2276 quoque
3456 2201 3611 2256 tboro
3641 2197 3805 2266 conju-

2246 2310 2350 2382 gali
2379 2307 2627 2364 conﬂictu
2655 2303 2874 2360 fortiore
2895 2301 3174 2372 belligerat
3192 2339 3208 2365 ,
3235 2312 3302 2352 ne
3325 2296 3458 2350 ultra
3487 2307 3640 2364 quam
3663 2304 3804 2361 gene-

2247 2399 2429 2457 randis
2454 2398 2576 2455 filiis
2600 2403 2686 2452 sat
2709 2403 2792 2450 est
2814 2436 2828 2460 ,
2858 2393 3018 2449 etiam
3051 2392 3221 2462 ipsum
3249 2385 3495 2457 conjugis
3531 2398 3711 2452 corpus
3736 2389 3806 2434 at-

2251 2499 2458 2548 trectet.
2495 2488 2638 2544 Talis
2666 2485 2918 2559 pudicitia
2961 2497 3060 2538 nec
3089 2478 3451 2544 meustruatis,
3485 2490 3582 2531 nec
3603 2469 3806 2545 gravidis

2250 2585 2415 2640 utitur
2456 2579 2671 2637 feminis
2695 2621 2711 2647 ,
2754 2592 2853 2633 nec
2896 2577 3013 2647 ejus
3054 2574 3228 2630 mtatis
3257 2587 3360 2643 qua
3388 2576 3595 2626 certum
3629 2572 3706 2621 est
3728 2575 3806 2618 eas

2246 2675 2356 2746 jam
2382 2673 2665 2742 concipere
2694 2684 2800 2725 non
2821 2668 3000 2723 valere
3027 2683 3040 2720 :
3072 2680 3172 2720 nec
3188 2679 3306 2719 eam
3338 2675 3560 2732 prorsus
3579 2669 3806 2714 concum-

2253 2765 2414 2823 bendi
2449 2763 2612 2819 vincit
2640 2761 2896 2826 affectus,
2935 2757 3030 2814 sed
3062 2764 3187 2811 tunc
3224 2755 3497 2810 relaxatur
3518 2794 3534 2820 ,
3569 2765 3682 2806 cum
3709 2760 3809 2818 spe-

2252 2868 2402 2914 ratur
2421 2853 2777 2927 generationis
2797 2849 3038 2906 eil'ectus.
3061 2847 3118 2903 Si
3139 2845 3266 2917 quid
3287 2860 3414 2899 vero
3435 2843 3499 2898 fit
3521 2843 3571 2896 in
3593 2840 3804 2909 conjuge,

2255 2965 2362 3006 non
2387 2949 2603 3019 quidem
2631 2954 2813 3000 contra
2845 2952 3084 2997 naturam
3103 2983 3118 3008 ,
3148 2939 3240 2994 sed
3272 2947 3450 2993 tamen
3477 2935 3614 3008 quod
3645 2931 3809 2988 tabula-

2255 3055 2373 3096 rum
2418 3033 2886 3092 matrimonialium
2914 3032 3135 3086 limitem
3167 3038 3438 3094 transeat,
3471 3026 3670 3082 veniale
3694 3020 3809 3093 apud

2256 3130 2571 3202 Apostolum
2600 3125 2864 3197 reperitur
2882 3124 2899 3188 (
2920 3123 2939 3178 1
2963 3122 3082 3178 Cor.
3108 3137 3201 3187 vu,
3225 3119 3299 3193 6)
3323 3136 3338 3186 ;
3362 3118 3484 3189 quia
3508 3125 3809 3188 nequaquam

2255 3223 2413 3281 limes
2433 3218 2724 3290 conjugalis
2744 3216 2917 3272 carnis
2939 3212 3218 3270 exceditur
3243 3231 3256 3267 :
3285 3211 3382 3266 sed
3405 3219 3584 3265 tamen
3607 3207 3811 3262 utetiam

2257 3315 2373 3385 ipse
2412 3327 2518 3368 non
2563 3308 2851 3364 execdatur
2873 3348 2890 3374 ,
2926 3315 3111 3362 contra
3164 3302 3362 3358 malum
3399 3295 3812 3371 concupiscentia:

2258 3405 2560 3462 dimicatur.
2588 3399 2740 3469 Quod
2788 3412 2957 3468 usque
2981 3411 3012 3450 a
3034 3395 3136 3451 deo
3166 3393 3361 3450 malum
3406 3401 3532 3462 est,
3564 3401 3620 3446 ut
3649 3389 3694 3446 ci
3714 3428 3729 3454 ,
3754 3399 3811 3441 ne

2259 3505 2479 3559 noceat,
2514 3489 2778 3565 pudicitia:
2807 3487 3101 3546 certamine
3128 3485 3428 3541 resistatur.

2331 3590 2420 3645 44.
2462 3587 2529 3643 Et
2567 3594 2658 3652 tu,
2707 3582 2810 3638 nisi
2850 3581 3031 3646 fallor,
3075 3577 3127 3633 in
3159 3577 3261 3632 isto
3300 3590 3360 3631 es
3383 3572 3674 3630 certamine
3710 3581 3816 3625 con-

2261 3684 2478 3740 stitutus
2511 3697 2525 3735 :
2561 3689 2613 3735 et
2639 3676 2760 3748 quia
2791 3683 2844 3731 te
2870 3673 3100 3729 ﬁdeliter
3127 3684 3362 3742 pugnare
3387 3668 3677 3731 existimas,
3703 3658 3816 3716 vinci

2263 3777 2439 3832 times.
2473 3774 2518 3828 A
2560 3785 2698 3841 quo,
2754 3781 2935 3837 qu:rso
2980 3774 3064 3830 te,
3103 3762 3242 3817 vinci
3291 3760 3446 3815 times
3470 3759 3495 3810 ?
3523 3774 3554 3812 a
3599 3758 3729 3812 bene
3762 3765 3818 3805 an
3853 3753 3856 3755 λ

2264 3869 2406 3926 malo
2433 3867 2458 3920 ?
2488 3865 2570 3920 An
2599 3863 2736 3917 forte
2763 3860 2842 3916 sic
2868 3873 2896 3912 a
2926 3872 3011 3912 me
3035 3855 3174 3911 vinci
3209 3854 3363 3909 times
3387 3894 3402 3918 ,
3436 3860 3495 3906 ut
3531 3850 3698 3907 adhuc
3722 3858 3818 3898 ma-

2263 3962 2373 4016 lum
2402 3972 2565 4029 neges
2585 3997 2600 4024 ,
2623 3963 2676 4009 et
2703 3961 2950 4022 tanquam
2988 3951 3183 4004 bonum
3212 3945 3395 4000 laudes
3431 3959 3460 3996 a
3489 3958 3595 4014 quo
3621 3937 3746 3994 vinci
3769 3934 3821 3989 ti-

2264 4052 2428 4111 mes?
2466 4050 2610 4107 Inter
2643 4047 2777 4102 duos
2815 4041 3152 4098 adversarios
3185 4038 3509 4094 constitutus
3547 4036 3600 4090 in
3633 4039 3821 4100 magna:

2266 4143 2555 4202 coarctaris
2576 4137 2848 4212 angustias
2866 4178 2881 4203 ,
2908 4144 2964 4192 et
2992 4148 3079 4190 me
3105 4133 3197 4191 vis
3226 4131 3442 4186 vincere
3474 4143 3569 4198 per
3597 4125 3822 4193 eloquen-

2267 4240 2394 4295 tiam
2416 4278 2431 4303 ,
2457 4246 2511 4292 et
2537 4211 2808 4290 libidinem
2842 4244 2936 4299 per
2971 4225 3354 4284 continentiam
3385 4241 3399 4277 :
3435 4221 3531 4278 sed
3573 4211 3822 4291 pugnando

2268 4331 2524 4386 adversus
2546 4341 2662 4382 eam
2683 4322 2954 4380 confiteris
2981 4319 3202 4384 malum,
3227 4314 3490 4370 laudando
3515 4327 3631 4368 eam
3650 4303 3824 4364 deseris

2268 4421 2509 4478 veritatis
2534 4418 2751 4488 bonum.
2781 4413 2888 4470 Sed
2916 4425 3014 4482 ego
3049 4418 3102 4465 te
3131 4409 3287 4463 vinco
3313 4449 3328 4474 ,
3359 4413 3415 4460 et
3438 4407 3824 4473 expugnatorem

2271 4522 2325 4571 et
2343 4510 2672 4568 laudatorem
2699 4505 2853 4571 mali,
2887 4504 3219 4558 constituens
3245 4506 3300 4553 te
3320 4505 3446 4551 ante
3466 4494 3718 4566 judieem,
3739 4497 3826 4541 non

2272 4608 2433 4664 alium
2457 4646 2472 4672 ,
2504 4601 2599 4658 sed
2627 4610 2678 4656 te
2715 4600 2910 4670 ipsum.
2939 4596 3031 4651 Vis
3067 4595 3211 4650 enim
3235 4591 3452 4647 vincere
3479 4585 3828 4655 concupiscen-

2273 4702 2402 4757 tiam
2442 4693 2836 4767 expugnatione
2879 4689 3035 4762 cjus,
3089 4702 3177 4743 me
3221 4699 3351 4740 vero
3379 4682 3538 4738 laude
3576 4679 3725 4750 ejus:
3750 4667 3827 4727 sed

2275 4807 2374 4864 ego
2416 4759 2717 4858 respondeo
2741 4825 2755 4849 ,
2806 4782 2874 4839 Ut
2901 4759 3144 4835 vincatur
3183 4777 3272 4847 qui
3303 4773 3515 4840 laudat,
3543 4769 3733 4842 judicet
3756 4759 3828 4832 qui

2277 4859 2478 4958 pugnat
2505 4882 2546 4934 ¹.
2576 4879 2631 4935 Si
2659 4877 2798 4932 enim
2831 4875 3030 4930 malum
3057 4880 3178 4937 est,
3207 4884 3305 4925 cur
3335 4865 3558 4921 laudat?
3587 4863 3628 4916 si
3658 4859 3829 4914 bonum

2278 4986 2382 5042 est,
2412 4990 2509 5032 cur
2533 4967 2840 5042 expugnat?
2866 4967 2925 5022 Si
2960 4973 3138 5019 autem
3171 4977 3270 5017 nec
3303 4960 3501 5015 bonum
3535 4969 3634 5010 nec
3661 4950 3830 5006 malum

2279 5041 2393 5134 est,
2427 5041 2610 5136 utquid
2641 5059 2863 5117 laudat?
2883 5056 3067 5129 utquid
3089 5051 3400 5125 expugnat?
3425 5045 3682 5118 Quamdiu
3701 5041 3834 5112 igitur

2281 5165 2611 5231 expugnator
2666 5150 2900 5207 libidinis
2956 5147 3102 5214 eris,
3156 5143 3357 5199 tamdiu
3400 5155 3497 5211 pro
3549 5151 3636 5192 me
3677 5137 3835 5187 contra

2283 5223 2559 5321 te'ipsum
2591 5243 2754 5316 judex
2801 5241 2929 5298 eris.
2977 5239 3060 5294 An
3113 5235 3253 5292 forte
3299 5233 3554 5289 adversus
3593 5223 3833 5284 libidinem

2283 5318 2674 5403 non'certabis,
2723 5349 2791 5390 ne
2830 5333 2883 5389 in
2934 5331 3038 5386 isto
3065 5326 3205 5400 quod
3251 5339 3458 5381 mecum
3503 5320 3665 5376 habes
3688 5318 3836 5369 certa-

2285 5435 2430 5491 mine
2464 5427 2736 5502 supereris
2757 5468 2774 5492 ,
2811 5424 2995 5480 dicens
3022 5421 3115 5478 tibi
3144 5420 3278 5491 ipsi,
3305 5417 3489 5473 Melius
3521 5427 3626 5470 non
3652 5415 3833 5502 pugno:

2478 5487 2712 5580 ostendo
2755 5487 3038 5590 pugnando
3088 5487 3282 5568 malum
3331 5523 3450 5566 esse
3486 5502 3626 5577 quod
3665 5487 3836 5554 laudo?

2288 5593 2432 5684 ficii,
2473 5615 2702 5670 obsecro
2737 5619 2808 5666 te.
2857 5606 2995 5676 Quid
3024 5605 3164 5661 enim
3213 5616 3330 5657 sum
3376 5614 3510 5670 ego,
3563 5603 3713 5684 quem
3759 5593 3837 5684 prii

2293 5721 2485 5779 magno
2513 5703 2786 5760 desideras
2812 5675 3026 5754 vincere
3046 5697 3070 5751 ?
3091 5696 3268 5750 vincat
3295 5701 3346 5747 te
3371 5688 3544 5762 potius
3569 5680 3770 5740 veritas.
3795 5675 3840 5724 ιιι

2295 5810 2349 5856 ιιι
2383 5773 2674 5853 libidinem
2717 5793 2920 5848 vineas.
2950 5788 3078 5844 Nam
3115 5786 3160 5842 si
3199 5784 3453 5839 adversus
3490 5790 3608 5833 eam
3639 5773 3840 5846 pugn!"

2363 5938 2379 5970 ί
2416 5942 2515 5984 nuo
2541 5945 2568 5982 e
2594 5928 2826 5980 Vaticanis
2848 5931 2972 5985 uss,
2995 5926 3255 5987 expugnat.
