4088 6528
332 452 437 509 725

331 561 633 627 destiteris,
665 558 892 617 vinceris
912 600 928 628 ,
965 557 1214 615 vinciet-is
1240 565 1297 614 et
1322 556 1391 613 ad
1420 557 1695 614 immunda
1734 559 1914 615 omnia

333 653 678 728 pertraheris.
706 651 858 721 Quod
877 666 1000 707 cum
1022 651 1090 704 sit
1118 647 1442 705 horrendum
1470 649 1692 716 malum,
1722 665 1823 706 nec
1850 649 1918 706 ad

335 749 436 803 hoc
461 745 601 817 quod
629 743 901 800 desideras
928 743 1017 798 tibi
1040 740 1277 813 proderit
1306 757 1321 806 ;
1351 741 1510 796 etiam
1537 742 1615 797 sic
1636 742 1777 796 enim
1799 743 1918 797 vin-

332 838 474 893 ceris
499 853 528 891 a
559 852 675 903 me,
706 837 814 891 imo
841 835 909 890 ab
937 835 1050 904 ipsa
1085 849 1240 904 quam
1280 832 1512 902 praedico
1540 833 1784 889 veritate.
1814 831 1921 888 Sed

336 927 779 998 concupiscentiae
807 925 1048 982 laudator
1073 933 1129 980 et
1159 924 1174 956 ‘
1213 924 1658 993 concupiscentia:
1687 922 1922 979 debella-

337 1030 422 1076 tor
445 1021 606 1075 etiam
637 1018 948 1090 tuojudicio
979 1017 1224 1084 vinceris,
1254 1032 1374 1072 cum
1403 1016 1454 1071 id
1484 1016 1681 1071 malum
1711 1016 1918 1082 laudas,

338 1115 404 1170 tle
423 1113 574 1184 cujus
594 1113 955 1170 debellatione
972 1112 1240 1183 gloriaris.
1264 1111 1321 1167 Si
1343 1121 1523 1168 autem
1548 1127 1614 1166 ne
1631 1112 1924 1167 certamine

339 1203 639 1260 dimicantis
683 1205 925 1259 vincatur
967 1204 1144 1274 lingua
1186 1202 1449 1258 laudantis
1474 1242 1490 1268 ,
1535 1217 1774 1274 pugnare
1812 1202 1924 1271 jam

337 1294 534 1351 desinis
564 1311 581 1361 ;
619 1294 884 1364 captivum
921 1294 1365 1364 concupiscentia:
1385 1333 1399 1357 ,
1423 1292 1756 1348 desertorem
1787 1307 1924 1348 con-

339 1386 573 1444 tinentim.
595 1387 823 1454 vincam,
855 1403 957 1441 n-au
980 1387 1089 1456 jam
1120 1403 1238 1447 suo.
1265 1386 1357 1440 sed
1375 1386 1576 1455 judicio
1601 1386 1897 1453 sapientiae.

406 1481 496 1534 45.
536 1477 706 1533 Causa
751 1479 930 1548 itaque
968 1488 1154 1533 nostra
1198 1479 1343 1533 [inita
1387 1487 1492 1533 cst.
1525 1476 1928 1546 Quantumlibct

337 1570 482 1627 enim
512 1570 698 1625 laudes
721 1571 1210 1640 concupiscentiam
1235 1570 1431 1631 carnis,
1454 1569 1703 1634 quamdiu
1728 1583 1929 1639 pugnas
1979 1590 1986 1597 δ

337 1659 593 1715 adversus
617 1675 735 1715 eam
769 1676 785 1726 ;
817 1662 995 1716 cernis
1024 1677 1184 1731 quam
1214 1677 1400 1715 verum
1431 1659 1500 1716 de
1529 1660 1616 1714 illa
1635 1701 1650 1723 ,
1694 1673 1793 1714 nec
1828 1660 1929 1713 nisi

336 1752 406 1807 de
433 1753 520 1808 illa
557 1752 750 1808 dixerit
776 1753 1065 1824 Apostolus
1100 1753 1365 1818 Joannes,
1387 1749 1530 1822 quod
1557 1760 1744 1806 nonest
1770 1767 1800 1802 a
1826 1748 1932 1803 Pa-

338 1853 416 1900 tre
444 1843 499 1917 (l
524 1843 681 1899 Joan.
721 1861 780 1907 lt.
813 1844 937 1916 16).
977 1845 1108 1900 Nam
1141 1846 1207 1908 si,
1247 1855 1307 1900 ut
1332 1846 1498 1910 dicis,
1537 1863 1557 1898 ι
1593 1845 1681 1916 qui
1714 1844 1929 1899 modum

339 1939 458 2009 ejus
488 1955 591 1994 non
623 1947 807 2006 tenet,
849 1939 991 1994 bono
1019 1939 1158 1994 male
1195 1939 1403 2002 utitur;
1442 1957 1460 1990 ι
1509 1938 1667 1993 etiam
1699 1938 1753 1992 in
1793 1936 1933 1992 male

339 2033 613 2088 utentibus
652 2032 849 2088 bonum
893 2042 977 2088 est
1006 2033 1138 2102 ipsa.
1168 2033 1299 2098 Quae
1335 2031 1494 2102 igitur
1521 2039 1604 2086 est
1643 2031 1728 2085 illa
1755 2073 1769 2096 ,
1813 2045 1933 2100 qu:e

341 2140 449 2182 non
477 2135 560 2180 est
583 2140 613 2179 a
635 2123 844 2180 Patre?
874 2125 956 2180 An
983 2125 1144 2179 etiam
1177 2124 1378 2193 ipsam,
1405 2122 1673 2193 quomodo
1699 2122 1830 2178 libet
1853 2123 1934 2177 in-

343 2216 552 2286 telligas
577 2258 592 2280 ,
623 2215 843 2271 laudare
869 2215 1111 2284 disponis
1138 2215 1162 2270 ?
1188 2214 1358 2270 Porro
1392 2215 1436 2268 si
1463 2214 1660 2269 malum
1683 2223 1763 2268 est
1797 2213 1932 2283 ipsa,

343 2309 433 2364 ubi
475 2308 625 2363 erit?
653 2308 866 2379 quando
899 2308 1001 2364 erit
1025 2308 1049 2363 ?
1073 2306 1516 2377 Quandoquidem
1565 2307 1664 2362 ista
1685 2347 1700 2370 ,
1729 2305 1935 2362 etiamsi

343 2399 484 2456 male
509 2400 732 2470 quisque
757 2408 940 2454 utatur
961 2440 976 2465 ,
1011 2398 1208 2453 bonum
1260 2399 1363 2454 erit
1407 2414 1421 2450 :
1468 2411 1566 2452 nec
1591 2396 1705 2468 ipsa
1725 2439 1739 2461 ,
1769 2404 1828 2451 ut
1851 2395 1934 2452 di-

343 2491 423 2546 cis
445 2533 462 2557 ,
491 2491 584 2546 sed
612 2491 700 2546 ille
724 2491 825 2546 erit
846 2491 1038 2556 malus,
1069 2490 1162 2560 qui
1184 2491 1326 2546 bono
1352 2490 1518 2545 utitur
1547 2489 1708 2545 male.
1737 2491 1815 2546 Ac
1845 2505 1939 2560 per

346 2580 448 2638 hoc
501 2580 696 2638 frustra
737 2581 869 2636 dixit
915 2580 1187 2644 Joannes,
1233 2581 1721 2650 concupiscentiam
1760 2580 1938 2638 carnis

346 2688 452 2727 non
483 2687 602 2728 esse
638 2687 668 2726 a
695 2672 850 2727 Patre
882 2689 896 2726 :
939 2672 1075 2726 hanc
1101 2671 1242 2727 enim
1275 2682 1328 2729 tu
1356 2672 1580 2738 bonam,
1607 2681 1660 2728 et
1689 2672 1758 2728 ob
1784 2672 1886 2728 hoc
1905 2687 1941 2728 a

344 2764 504 2821 Patre
525 2779 645 2820 esse
671 2764 970 2827 contendis,
995 2766 1156 2820 etiam
1181 2780 1301 2821 cum
1329 2781 1390 2821 ea
1412 2766 1639 2836 quisque
1667 2766 1805 2822 male
1833 2767 1937 2822 uti-

346 2866 488 2922 tur;
533 2859 657 2929 quia
705 2857 848 2913 bono
899 2857 1036 2912 male
1087 2858 1270 2914 utitur.
1319 2858 1428 2914 Nec
1479 2857 1660 2914 dicere
1707 2860 1936 2930 poteris,

345 2947 569 3014 Quando
602 2948 875 3006 moderata
905 2957 1016 3011 est,
1053 2964 1081 3004 a
1111 2949 1267 3004 Patre
1294 2960 1376 3004 est
1401 2966 1415 3015 ;
1447 2949 1661 3021 quando
1683 2952 1940 3008 immode-

346 3050 460 3095 rata
485 3050 567 3096 est
593 3083 608 3107 ,
631 3057 739 3096 non
766 3050 850 3097 est
871 3057 900 3095 a
927 3041 1086 3096 Patre
1114 3058 1126 3094 :
1156 3042 1278 3112 quia
1308 3051 1363 3097 et
1387 3050 1511 3098 tunc
1531 3084 1546 3104 ,
1572 3053 1629 3097 ut
1658 3043 1815 3109 dicis,
1846 3044 1941 3099 bo-

347 3148 475 3187 num
495 3143 596 3196 est,
626 3148 732 3204 quo
757 3133 900 3188 bono
923 3133 1064 3188 male
1085 3134 1251 3187 utitur
1279 3133 1474 3188 malus.
1506 3133 1612 3192 Sed
1639 3135 1708 3189 ab
1737 3135 1819 3190 his
1846 3151 1941 3191 an-

348 3225 540 3295 gustiis
564 3226 903 3291 Iiberaberis,
937 3227 980 3280 si
1007 3226 1322 3291 credideris,
1347 3242 1451 3281 non
1481 3227 1672 3296 lingua:
1695 3237 1820 3295 tuae,
1847 3229 1942 3286 sed

312 3329 540 3385 -pugn:e
577 3326 700 3372 tuae.
737 3318 1079 3372 Continentia
1110 3329 1191 3372 est
1218 3319 1360 3372 enim
1387 3333 1417 3372 a
1449 3319 1643 3386 Patre,
1687 3335 1788 3390 qua
1833 3337 1940 3376 non

349 3419 746 3478 expugnaretur
779 3409 1210 3479 concupiscentia
1233 3451 1250 3477 ,
1280 3411 1380 3465 nisi
1406 3425 1510 3464 non
1536 3421 1679 3466 esset
1707 3427 1736 3465 a
1763 3412 1940 3469 Patre.

349 3499 479 3558 llaec
521 3503 630 3570 ipsa
665 3517 815 3572 ergo,
841 3513 1026 3558 contra
1071 3518 1231 3572 quam
1254 3544 1270 3568 ,
1309 3503 1352 3556 si
1397 3505 1736 3560 continenter
1769 3504 1940 3572 vivis,

351 3594 550 3646 acriter
571 3608 795 3662 pugnas,
821 3609 924 3646 non
949 3604 1030 3648 est
1050 3609 1080 3647 a
1103 3594 1279 3649 Patre.
1310 3593 1422 3648 Non
1445 3595 1587 3648 enim
1615 3604 1799 3650 contra
1823 3611 1943 3652 eaut

350 3697 616 3753 pugnares
635 3725 648 3746 ,
691 3685 790 3738 nisi
821 3694 1176 3755 repugnaret:
1209 3701 1308 3742 nec
1338 3701 1468 3742 vero
1493 3697 1812 3757 repugnaret
1849 3688 1943 3744 tibi

349 3778 526 3844 agenti
567 3776 708 3847 quod
738 3777 966 3833 donatur
998 3787 1053 3834 et
1089 3788 1302 3834 amatur
1341 3793 1372 3834 a
1419 3779 1578 3840 Patre
1602 3822 1618 3848 ,
1648 3781 1695 3836 si
1721 3791 1870 3839 esset
1911 3797 1940 3839 s

349 3865 528 3923 Patre.
1099 3933 1104 3937 ,

419 3957 510 4013 46.
541 3957 620 4014 Ek
651 3961 749 4015 ista
780 3969 978 4016 etcum
1009 3960 1108 4017 ista
1135 3962 1376 4018 nascitur
1405 3961 1588 4027 homo,
1618 3964 1817 4020 bonum
1851 3967 1943 4022 Dei

350 4061 506 4121 opus,
536 4066 641 4106 non
668 4053 784 4107 sine
805 4053 950 4108 malo
967 4095 982 4120 ,
1016 4053 1156 4123 quod
1184 4053 1348 4111 trahit
1376 4055 1526 4126 origo
1549 4059 1942 4126 generationis,

351 4150 406 4195 et
435 4153 588 4196 sanat
609 4145 779 4214 gratia
806 4147 1248 4221 regenerationis.
1274 4149 1350 4202 Ac
1379 4165 1471 4217 per
1498 4149 1600 4205 hoc
1626 4161 1772 4207 recte
1801 4167 1828 4205 a
1857 4165 1945 4209 me

351 4231 550 4288 dictum
566 4242 668 4301 est,
695 4255 713 4287 ι
737 4236 808 4291 Ita
832 4237 1136 4307 nuptiarum
1162 4238 1360 4296 bonum
1385 4241 1528 4296 malo
1547 4243 1944 4314 originaliquod

352 4322 476 4378 inde
503 4325 730 4379 trahitur
754 4342 859 4381 non
893 4338 1066 4398 potest
1093 4330 1366 4395 accusari,
1397 4331 1533 4387 sicut
1561 4333 1943 4390 adulteriorum

351 4423 408 4469 et
433 4414 838 4473 fornicationum
870 4420 1065 4474 malum
1093 4421 1236 4476 bono
1261 4424 1487 4478 naturali
1516 4424 1657 4494 quod
1691 4426 1811 4482 inde
1846 4443 1943 4482 na-

353 4508 519 4562 scitur
539 4525 644 4564 non
673 4519 846 4580 potest
884 4513 1129 4568 excusari
1175 4531 1194 4566 ι
1233 4512 1342 4578 (De
1387 4513 1600 4584 Nuptiis
1625 4527 1668 4569 et
1694 4516 1946 4588 Concupi-

351 4598 564 4665 scentia,
587 4600 675 4654 lib.
707 4617 745 4666 ι,
771 4619 814 4656 c.
845 4603 920 4670 i).
958 4603 1162 4659 Bonum
1179 4604 1322 4659 enim
1354 4607 1596 4662 naturale
1629 4607 1771 4676 dixi,
1803 4609 1944 4680 quod

350 4702 561 4744 mecum
593 4690 708 4760 ipse
737 4693 1010 4748 collaudas
1040 4711 1054 4760 ;
1084 4695 1278 4750 malum
1305 4706 1481 4751 autem
1514 4700 1774 4769 originale
1799 4701 1940 4768 dixi,

349 4781 503 4850 cujus
533 4782 764 4839 motibus
804 4799 1016 4839 meeum
1057 4802 1350 4858 repugnas,
1384 4797 1432 4843 et
1459 4789 1614 4859 cujus
1638 4800 1823 4847 contra
1857 4809 1945 4850 me

350 4867 602 4926 laudibus
629 4888 850 4944 pugnas.
882 4875 996 4931 Non
1022 4885 1107 4934 est
1133 4878 1332 4933 malum
1360 4879 1500 4950 quod
1531 4890 1688 4937 natus
1718 4898 1806 4950 es,
1849 4885 1945 4940 sed

349 4975 473 5015 cum
500 4979 606 5032 quo
628 4973 784 5021 natus
819 4981 880 5022 es
899 5009 915 5033 ,
946 4977 1209 5027 et.contra
1237 4971 1378 5041 quod
1408 4972 1758 5042 spiritualiter
1783 4975 1944 5031 dimi-

348 5064 445 5106 cas
483 5054 605 5123 quia
632 5065 849 5112 renatus
873 5073 952 5113 es.
976 5058 1128 5129 Quod
1156 5072 1312 5116 natus
1331 5076 1391 5117 es
1418 5103 1434 5127 ,
1475 5063 1708 5133 pertinet
1741 5065 1810 5121 ad
1849 5066 1944 5124 Dei

348 5142 735 5227 conditionem,
757 5155 813 5202 et
834 5160 1113 5218 parentum
1139 5151 1518 5210 fecunditatem
1549 5172 1562 5208 :
1593 5165 1780 5212 contra
1801 5158 1944 5227 quod

348 5243 529 5290 autem
560 5235 781 5294 dimicas
804 5241 924 5310 quia
952 5251 1170 5297 renatus
1196 5257 1256 5298 es
1275 5285 1290 5311 ,
1337 5247 1568 5314 pertinet
1599 5246 1664 5301 ad
1695 5251 1947 5317 praevari...

347 5323 633 5392 cntionem,
660 5343 818 5399 quam
839 5329 1036 5387 diaboli
1055 5334 1248 5388 astutia
1272 5336 1571 5404 seminavit,
1598 5338 1738 5394 unde
1759 5349 1810 5397 te
1835 5357 1947 5412 grav

350 5416 422 5472 tia
443 5417 641 5475 Christi
678 5421 958 5490 liberavit;
990 5435 1047 5480 ut
1075 5427 1220 5496 prius
1239 5426 1342 5485 hoc
1380 5429 1522 5486 malo
1544 5429 1678 5488 bene
1715 5435 1945 5493 utereris

349 5508 406 5566 in
436 5511 692 5585 conjuge,
725 5530 865 5572 nunc
892 5517 965 5572 illi
988 5517 1291 5576 adverseris
1314 5521 1365 5575 in
1396 5533 1484 5587 te;
1529 5538 1633 5580 non
1664 5525 1774 5594 jam
1814 5543 1942 5586 reus

348 5615 415 5656 ex
445 5601 536 5658 illo
558 5645 574 5672 ,
616 5605 754 5661 sicut
790 5623 911 5664 eras
955 5619 1142 5678 natus,
1179 5613 1273 5670 sed
1318 5613 1386 5670 ab
1411 5615 1600 5672 eodem
1640 5629 1791 5675 reatu
1831 5637 1939 5680 non

346 5705 566 5764 erutus,
597 5698 702 5756 nisi
741 5700 864 5772 quia
893 5711 1110 5760 renatus
1135 5744 1150 5772 ,
1192 5713 1249 5760 ut
1289 5707 1461 5777 possis
1509 5709 1818 5782 redemptus
1859 5729 1938 5770 re-

414 5831 430 5861 ‘
572 5845 640 5904 es
699 5836 986 5889 Floriaceusi
1024 5845 1106 5890 Ms.
1147 5841 1447 5892 restituimus
1467 5877 1484 5904 ,
1547 5857 1696 5896 conca

352 5850 640 5946 “amre;
700 5850 986 5889 uenaceas:
1025 5850 1106 5890 sis.
1147 5850 1447 5892 resutuimus
1467 5877 1484 5904 ,
1547 5850 1943 5912 concitpzscentiae

1676 440 1881 497 LIBER
1918 440 2234 498 TERTIUS.

3517 447 3624 504 ’1ῐῦ

2023 575 2189 632 gnare
2215 576 2338 618 cum
2377 559 2628 620 Christo:
2659 564 2702 619 si
2731 572 2910 620 tamen
2937 563 3038 620 ista
3065 563 3301 619 hairesis
3323 577 3429 618 non
3465 573 3515 618 te
3537 564 3621 618 fa-

2025 654 2131 710 ciat
2169 656 2343 725 perire
2362 670 2496 711 cum
2519 655 2752 722 diabolo,
2781 655 2878 712 sed
2901 696 2918 722 ,
2957 655 3098 727 quod
3127 655 3306 726 potius
3337 656 3603 724 cupimus,

2025 745 2327 801 conﬁtearis
2341 747 2556 811 malum,
2575 757 2762 802 contra
2779 746 2920 818 quod
2941 746 3138 802 bellum
3154 746 3318 816 geris.
3338 754 3394 800 ut
3415 759 3481 800 eo
3501 761 3624 799 non-

2029 834 2101 889 ita
2127 845 2372 906 separato
2401 836 2478 908 (α)
2525 837 2674 907 quasi
2709 837 2809 891 alia
2851 846 3038 892 natura
3064 837 3165 899 sit,
3190 833 3365 892 sedin
3398 844 3450 891 te
3468 849 3615 889 omni

2027 940 2095 981 es
2128 939 2276 995 parte
2302 936 2490 982 sanato
2509 967 2526 993 ,
2557 927 2608 982 in
2640 937 2900 998 perpetua
2928 942 3059 998 pace
3079 926 3300 982 hetcris.

2101 1017 2191 1072 47.
2219 1016 2334 1072 Νοιι
2365 1019 2526 1088 igitur
2553 1036 2572 1071 ι
2620 1033 2737 1072 sum
2781 1017 3205 1088 pharmac0pol-.e
3240 1016 3462 1079 similis,
3499 1034 3519 1069 ι
3566 1025 3638 1070 ιιι·

2037 1108 2196 1178 dicis,
2221 1129 2240 1162 ι
2269 1111 2356 1182 qui
2377 1111 2717 1181 promittebat
2743 1111 2969 1167 bestiam
2991 1153 3005 1175 ,
3033 1126 3154 1182 qum
3191 1126 3250 1166 se
3276 1110 3444 1180 ipsam
3471 1125 3622 1163 com-

2032 1213 2175 1259 esset
2221 1205 2260 1257 ¹.
2313 1223 2332 1257 ι
2369 1204 2473 1260 Sed
2512 1207 2760 1272 observa,
2793 1221 2860 1262 ne
2881 1205 3120 1260 bestialis
3146 1207 3245 1260 iste
3272 1212 3466 1263 "totus,
3491 1219 3622 1259 eon-

2033 1300 2114 1351 tra
2160 1312 2318 1366 quem
2365 1298 2562 1354 videris
2601 1299 2656 1354 in
2698 1308 2784 1354 tua
2824 1313 2986 1354 carne
3027 1297 3350 1367 conﬂigere,
3395 1301 3533 1351 sicut
3576 1305 3629 1353 te

2033 1390 2286 1457 pervertit
2308 1390 2551 1444 laudatus
2574 1434 2588 1455 ,
2620 1392 2697 1447 sic
2721 1403 2772 1447 te
2797 1403 3078 1447 consumat
3109 1399 3290 1461 postea
3324 1390 3616 1444 relaxatus.

2033 1479 2149 1544 Non
2174 1483 2314 1537 enim
2340 1494 2357 1548 ,'
2379 1493 2437 1537 ut
2460 1485 2804 1539 raluntniaris
2831 1527 2846 1551 ,
2876 1501 2976 1557 ego
3002 1485 3110 1539 dixi
3144 1503 3164 1538 ι
3203 1484 3415 1552 nuptias
3441 1492 3493 1537 et
3515 1499 3630 1536 ma-

2035 1586 2195 1642 gnum
2219 1572 2414 1628 bonum
2442 1585 2496 1629 et
2527 1591 2773 1646 magnum
2802 1578 3021 1641 malum,
3052 1594 3072 1628 ι
3106 1585 3352 1644 tanquam
3376 1591 3440 1628 eo
3463 1575 3623 1627 ιιιοιιι)

2037 1661 2150 1730 ipsa
2197 1678 2257 1718 se
2301 1665 2546 1720 comedat
2574 1667 2673 1720 ista
2701 1667 2962 1722 sententia
2993 1683 3010 1732 ;
3039 1666 3133 1722 sed
3165 1665 3272 1720 dixi
3305 1665 3355 1718 in
3394 1681 3500 1718 uno
3532 1667 3630 1717 ho-

2038 1752 2181 1807 mine
2209 1764 2452 1809 naturam
2482 1755 2706 1823 bonam,
2743 1757 2928 1813 vitium
2973 1757 3170 1810 malum
3200 1773 3213 1809 :
3242 1755 3384 1825 quod
3410 1770 3532 1810 esse
3577 1764 3632 1809 tu

2039 1842 2154 1914 ipse
2186 1854 2331 1900 certe
2366 1845 2418 1900 in
2462 1846 2718 1902 adulteris
2745 1847 3048 1913 conﬁteris,
3081 1861 3182 1902 nec
3207 1857 3424 1916 propter
3447 1860 3646 1901 eorum.

2039 1935 2224 1990 vitium
2252 1937 2555 2006 improbans
2576 1948 2817 1994 naturam
2837 1980 2852 2004 ,
2888 1953 2987 1995 nec
3013 1949 3232 2008 propter
3255 1953 3440 1993 eorum
3472 1945 3641 1991 natu-

2039 2035 2154 2075 ram
2183 2023 2483 2091 approbans
2524 2024 2729 2078 vitimn.
2768 2024 2972 2078 Bonum
2999 2023 3107 2078 dixi
3139 2021 3387 2091 nuptias,
3418 2036 3482 2076 ex
3514 2020 3635 2089 qui-

2041 2110 2142 2168 bus
2172 2129 2230 2168 es
2259 2123 2415 2168 natus
2448 2129 2463 2180 ;
2494 2115 2690 2170 malum
2717 2125 2895 2172 autem
2934 2130 3042 2170 non
3082 2113 3151 2169 de
3180 2113 3377 2184 nuptiis
3400 2153 3416 2180 ,
3447 2113 3539 2168 sed
3570 2111 3654 2168 do-

2041 2204 2221 2260 vitiata
2249 2206 2452 2278 origine
2488 2217 2772 2264 attractum
2795 2249 2812 2275 ,
2855 2217 3041 2263 contra
3065 2204 3209 2278 quod
3247 2205 3393 2278 geris
3433 2204 3638 2261 bellum

2042 2307 2280 2353 renatus.

2113 2388 2204 2444 i8.
2245 2387 2546 2444 Ridiculum
2586 2397 2669 2445 est
2700 2397 2877 2444 autem
2898 2430 2913 2455 ,
2952 2387 3095 2459 quod
3125 2393 3213 2444 me
3236 2386 3372 2443 dicis
3394 2429 3410 2455 ,
3447 2403 3467 2439 ι
3504 2385 3638 2456 Epi-

2044 2480 2157 2535 curi
2187 2479 2300 2535 vias
2326 2478 2656 2550 gradientem
2687 2479 2923 2552 habenas
2958 2493 3152 2536 omnes
3171 2519 3185 2544 ,
3215 2479 3406 2550 quibus
3429 2477 3642 2546 cupidi-

2047 2577 2181 2626 tates
2226 2570 2500 2626 frenantur
2523 2613 2539 2639 ,
2585 2571 2841 2627 incidere.
2875 2589 2895 2624 ι
2945 2571 3118 2639 Quid,
3154 2573 3200 2626 si
3237 2586 3336 2642 ego
3369 2571 3642 2626 laudarem

2044 2663 2286 2733 corporis
2310 2664 2631 2734 voluptatem
2653 2663 2677 2718 ?
2704 2663 2814 2720 lioc
2836 2663 2978 2719 enim
3002 2673 3057 2718 tu
3078 2664 3208 2718 satis
3226 2663 3540 2734 eloquenter
3561 2661 3644 2718 fa.—

2045 2756 2145 2822 cis,
2167 2754 2309 2826 quod
2338 2756 2602 2813 inerudite
2629 2766 2790 2827 atque
2811 2756 3050 2826 impolite
3077 2755 3306 2812 faciebat
3333 2757 3596 2825 Epicurus.
3623 2773 3638 2808 :

2046 2847 2198 2916 quasi
2216 2855 2498 2917 propterea
2515 2848 2590 2902 sis
2601 2848 2716 2917 ejus
2729 2846 3087 2911 adversarius,
3105 2847 3224 2916 quia
3243 2847 3444 2901 diserte
3460 2845 3654 2902 dicere»

2047 2953 2154 2992 non
2176 2947 2397 2993 noverat
2421 2938 2508 2992 ille
2533 2975 2548 3005 ,
2574 2955 2692 3008 qua:
2713 2938 2868 2994 dicis.
2891 2937 3094 2992 Rursus
3119 2979 3132 3003 ,
3158 2946 3217 2992 ut
3245 2938 3418 2992 sentio
3437 2977 3450 3002 ,
3494 2936 3642 2990 labo-

2047 3037 2260 3085 raturus
2285 3043 2366 3091 es,
2394 3028 2660 3098 quomodo
2688 3038 2740 3084 te
2767 3028 3020 3084 ostendas
3048 3037 3102 3082 et
3134 3027 3458 3083 laudatorem
3491 3027 3647 3083 voitb

2049 3122 2210 3192 ptatis
2237 3135 2356 3175 esse
2378 3159 2396 3186 ,
2438 3131 2492 3174 et
2526 3119 2854 3190 Epicureum
2895 3136 3000 3174 non
3043 3135 3184 3175 esse.
3219 3119 3323 3175 Sed
3355 3119 3460 3174 noli
3492 3118 3648 3175 labo-

2049 3229 2200 3281 rare,
2241 3228 2341 3284 ego
2380 3222 2432 3267 te
2477 3213 2576 3268 ista
2617 3212 3042 3269 cura'libcrabo.
3084 3212 3198 3266 Non
3229 3226 3288 3266 es
3317 3211 3645 3276 Epicureus,

2049 3306 2172 3376 quia
2205 3306 2292 3360 ille
2321 3314 2491 3361 totum
2522 3305 2756 3360 hominis
2776 3304 2972 3360 bonum
3001 3306 3052 3360 iu
3081 3307 3324 3375 corporis
3355 3305 3527 3373 posuit
3550 3319 3651 3359 v0-

2051 3396 2295 3467 lnptate,
2362 3407 2416 3451 tu
2466 3406 2645 3452 autem
2697 3411 2943 3467 magnam
2997 3403 3204 3475 partem
3257 3394 3473 3449 humani
3523 3393 3650 3450 boni

2051 3504 2252 3560 ponere
2279 3491 2330 3544 in
2356 3489 2554 3544 virtute
2583 3489 2816 3554 conaris,
2845 3505 3004 3558 quam
3045 3504 3248 3550 veram,
3282 3486 3333 3541 id
3362 3497 3466 3552 est,
3508 3502 3649 3542 vera:
3736 3525 3738 3528 μ

2051 3578 2266 3649 pietatis
2297 3580 2530 3650 ignoras.
2566 3579 2705 3634 Dixit
2731 3578 2874 3634 enim
2904 3578 3106 3632 homini
3143 3577 3281 3632 Deus
3305 3578 3347 3639 ⁸.
3381 3575 3513 3630 Ecce
3539 3578 3646 3645 pie-

2053 3681 2130 3726 tas
2158 3681 2232 3726 est
2267 3673 2515 3743 sapientia
2545 3670 2675 3742 (Job
2730 3685 2894 3726 xxvtu
2914 3714 2929 3735 ,
2958 3670 3029 3727 28
3060 3668 3100 3741 ).
3131 3671 3195 3726 Et
3240 3669 3354 3724 haec
3386 3669 3525 3724 unde
3555 3669 3650 3724 bo-

2053 3763 2222 3830 mini,
2250 3764 2350 3818 nisi
2379 3764 2468 3819 ille
2493 3764 2581 3819 det
2606 3763 2676 3820 de
2704 3779 2810 3835 quo
2839 3763 3098 3834 scriptum
3124 3771 3206 3818 est
3229 3805 3244 3830 ,
3277 3761 3525 3816 Dominus
3557 3779 3649 3816 sa-

2053 3856 2242 3927 pientes
2285 3856 2406 3926 [acit
2435 3872 2596 3911 cazcos
2637 3856 2656 3927 (
2686 3855 2832 3911 Psal.
2859 3870 3015 3918 chv,
3039 3854 3114 3927 8)
3145 3871 3160 3918 ;
3205 3865 3258 3910 ct
3285 3855 3487 3925 dc-quo
3515 3855 3643 3910 item

2053 3949 2250 4019 legitur
2272 3991 2287 4015 ,
2316 3949 2379 4006 Si
2416 3950 2529 4020 quis
2566 3951 2756 4020 indiget
2789 3951 3060 4020 sapientia,
3085 3950 3298 4020 postulet
3323 3965 3355 4002 a
3382 3947 3490 4002 Deo
3512 3947 3646 4020 (In.

2051 4043 2163 4097 cobi
2205 4058 2240 4106 ι,
2271 4037 2328 4114 5)
2355 4042 2380 4096 ?
2410 4043 2603 4097 Verum
2626 4042 2670 4098 si
2703 4053 2756 4096 tu
2788 4058 2895 4097 non
2926 4057 2986 4098 es
3014 4042 3325 4112 Epicureus,
3353 4041 3442 4111 qui
3469 4057 3531 4096 cx
3557 4041 3646 4097 illo

2053 4135 2284 4206 aliquam
2313 4143 2516 4204 partem
2541 4135 2595 4189 in
2615 4135 2902 4204 voluptatis
2924 4133 3082 4190 laude
3107 4134 3384 4204 sumpsisti
3411 4152 3426 4190 :
3449 4143 3650 4204 quanto

2053 4224 2232 4279 minus
2256 4239 2390 4295 ego,
2422 4225 2510 4294 qui
2543 4225 2611 4280 de
2640 4226 2910 4295 voluptate
2938 4225 3116 4281 carnis
3146 4224 3473 4308 hocsentio,
3504 4225 3644 4296 quod

2051 4318 2212 4373 sentit
2242 4317 2555 4378 Ambrosius
2585 4315 2605 4391 (
2627 4316 2778 4372 Libro
2804 4318 2868 4372 de
2889 4315 3144 4374 Paradiso
3179 4360 3194 4384 ,
3232 4334 3348 4389 cap.
3376 4317 3444 4374 12
3462 4361 3477 4382 ,
3501 4327 3546 4371 et
3580 4317 3650 4371 li-

2049 4409 2141 4464 bro
2165 4411 2228 4464 de
2260 4409 2597 4480 PlrilosOpltia
2615 4453 2630 4476 ,
2655 4412 2807 4465 citato
2831 4428 2990 4481 supra
3009 4453 3025 4478 ,
3048 4411 3136 4467 lib.
3161 4410 3228 4475 2,
3255 4429 3343 4466 rm.
3373 4413 3468 4476 15,
3497 4413 3515 4460 Ι
3530 4412 3561 4464 5
3587 4416 3603 4480 j
3625 4430 3647 4478 ε

2055 4499 2323 4555 inimicam
2348 4501 2552 4557 scilicet
2575 4517 2694 4556 esse
2717 4501 2970 4572 justitiaz,
2999 4511 3055 4558 et
3082 4502 3224 4573 quod
3257 4502 3417 4556 homo
3443 4517 3648 4556 concu-

2050 4594 2326 4664 piscentia:
2364 4593 2636 4666 voluptate
2677 4605 2960 4652 concretus
2988 4638 3003 4661 ,
3049 4597 3357 4666 priusquam
3407 4597 3647 4651 nascitur

2052 4684 2242 4740 subeat
2288 4685 2532 4756 contagia
2563 4685 2902 4742 delictorum.
2945 4687 3097 4756 Quod
3141 4697 3319 4742 autem
3359 4686 3425 4741 ad
3473 4703 3648 4742 mores

2043 4778 2282 4849 pertinet
2316 4788 2563 4845 nostros,
2593 4777 3037 4848 quemadmodum
3069 4779 3308 4834 vivamus
3328 4819 3346 4845 ,
3377 4779 3429 4833 in
3468 4793 3647 4847 prom-

2049 4881 2145 4943 ptu
2185 4880 2270 4927 est
2295 4872 2376 4926 eis
2405 4887 2526 4926 cum
2555 4872 2748 4940 quibus
2787 4872 3036 4928 vivimus.
3083 4871 3236 4928 Nunc
3272 4871 3340 4927 de
3383 4871 3648 4928 catholico

2049 4966 2228 5036 agitur
2262 4965 2512 5037 dogmate
2553 4981 2615 5021 ac
2644 4966 2750 5022 ﬁde
2781 4983 2794 5020 ε
2825 4965 3046 5036 perﬁdia
3091 4982 3196 5020 non
3244 4967 3314 5021 sit
3357 4966 3650 5023 desertoris

2051 5059 2106 5115 in
2139 5069 2209 5115 te.
2237 5059 2370 5115 Nam
2397 5069 2484 5115 tua
2515 5074 2603 5116 me
2632 5073 2737 5115 non
2770 5068 2968 5124 terret,
3000 5061 3145 5116 velut
3176 5059 3352 5133 lingua
3379 5061 3645 5116 censoris.

2053 5154 2246 5210 Fateor
2286 5169 2373 5210 me
2406 5153 2602 5210 docere
2631 5153 2878 5211 homines
2900 5196 2916 5221 ,
2944 5153 3086 5226 quod
3114 5155 3166 5209 in
3197 5155 3514 5225 Apostolieis
3539 5153 3651 5210 Lit-

2050 5247 2184 5301 teris
2207 5239 2400 5310 didici,
2441 5247 2561 5316 quia
2592 5247 2636 5300 si
2671 5233 2945 5301 dixerimus
2968 5245 3105 5318 quod
3134 5257 3392 5316 peccatum
3427 5265 3526 5300 non
3557 5247 3649 5301 Ita-
3689 5241 3692 5244 ’

2052 5339 2243 5405 bemus,
2274 5357 2366 5395 nos
2387 5341 2526 5410 ipsos
2553 5340 2865 5412 decipimus,
2909 5349 2956 5393 et
2991 5341 3174 5396 veritas
3200 5341 3252 5395 in
3283 5339 3424 5394 nobis
3450 5357 3550 5393 non
3573 5349 3649 5395 est

2051 5431 2073 5500 (
2105 5430 2301 5486 lJoan.
2349 5448 2386 5498 l,
2414 5430 2507 5500 8).
2533 5432 2728 5486 Fateor
2748 5447 2836 5487 me
2883 5433 2935 5486 in
2987 5431 3183 5502 populo
3212 5441 3266 5487 et
3299 5447 3418 5488 cum
3450 5431 3648 5501 populo

2053 5522 2146 5578 Dei
2179 5535 2362 5591 peetus
2393 5521 2621 5578 tundere
2643 5563 2659 5588 ,
2701 5530 2756 5579 et
2788 5522 3052 5579 veraciter
3073 5523 3288 5590 dicere,
3321 5521 3531 5578 Dimitte
3555 5537 3646 5574 no-

2053 5615 2126 5670 bis
2152 5614 2318 5669 debita
2356 5624 2528 5669 nostra
2555 5615 2574 5687 (
2597 5614 2784 5671 Matth.
2809 5631 2862 5670 vr
2883 5658 2899 5682 ,
2930 5615 3051 5687 l2).
3079 5615 3190 5672 Nec
3222 5614 3488 5671 insultetis
3518 5613 3642 5668 hinc

2117 5729 2132 5794 ξ
2169 5727 2378 5794 Vaticani
2403 5728 2620 5794 quinque
2655 5735 2707 5778 et
2734 5727 2831 5794 duo
2852 5726 3074 5794 Gallicani
3114 5735 3240 5783 iussa
3264 5724 3561 5794 comedisset.

2113 5791 2134 5820 ⁸
2165 5789 2385 5857 Quinque
2407 5780 2614 5839 vatieani
2640 5799 2690 5840 et
2713 5789 2933 5840 Gallicani
2962 5798 3063 5839 tres
3078 5796 3203 5848 uss,
3227 5780 3360 5837 hixit
3380 5783 3520 5833 homo
3535 5780 3638 5840 uel.

2051 5859 2168 5902 Ecce
2187 5856 2354 5912 pietas,
2381 5859 2475 5901 etc.

2114 5913 2186 5972 ta)
2219 5917 2374 5975 Forte,
2395 5925 2487 5965 non
2511 5929 2539 5964 a
2560 5921 2604 5966 te
2627 5922 2861 5977 septimm.
