4118 6512
471 431 577 488 727

473 548 629 604 nobis
655 566 667 601 :
700 544 823 602 inde
848 545 1043 616 quippe
1065 544 1193 598 estis
1220 540 1477 605 haeretici,
1503 541 1622 609 quia
1646 539 1761 594 haec
1782 538 2064 608 displicent

470 639 642 693 vobis.
684 636 797 691 Nos
845 637 898 689 in
930 634 1022 689 Dei
1068 648 1191 688 vera
1231 631 1592 686 misericordia
1617 671 1632 694 ,
1676 644 1770 684 vos
1808 628 1861 682 in
1889 636 2063 683 vestra

470 732 606 787 falsa
652 732 847 785 virtute
889 727 1175 785 confiditis.
1218 726 1326 781 Vos
1369 725 1592 795 gratiam
1640 723 1731 777 Dei
1770 720 2063 777 secundum

478 823 670 877 merita
712 830 894 876 nostra
923 822 940 852 ¹
974 818 1090 874 dari
1140 818 1362 883 dicitis;
1421 815 1559 886 quod
1606 824 1781 869 tamen
1825 813 1926 868 nisi
1968 810 2064 866 da-

481 922 723 969 mnasset
749 911 993 981 Pelagius
1015 951 1032 977 ,
1055 924 1085 963 a
1129 908 1405 964 catholicis
1436 906 1700 976 episcopis
1722 905 2065 960 damnaretur

479 1003 559 1074 (a)
584 1019 598 1056 :
628 1016 726 1057 nos
759 1016 886 1057 vero
914 1016 1033 1056 eam
1062 1000 1228 1070 gratis
1256 997 1371 1052 dari
1397 1039 1410 1061 ,
1448 1005 1502 1051 et
1532 1003 1809 1066 propterea
1839 994 2064 1065 gratiam

474 1094 806 1162 nuncupari,
842 1100 897 1147 et
926 1108 991 1146 ex
1032 1091 1123 1146 illa
1152 1104 1271 1144 esse
1312 1088 1489 1142 omnia
1532 1097 1834 1140 sanctorum
1874 1085 2064 1140 merita

471 1186 793 1241 conﬁtemur
813 1228 826 1252 ,
857 1186 1068 1240 dicente
1103 1181 1361 1253 Apostolo
1381 1222 1395 1246 ,
1439 1179 1616 1234 Gratia
1656 1178 1752 1232 Dei
1790 1194 1904 1231 sum
1928 1177 2065 1247 quod

473 1295 587 1332 sum
617 1281 637 1311 ¹
666 1278 860 1349 (ιϐογ.
889 1293 986 1345 xv,
1020 1276 1146 1348 10).
1176 1275 1299 1331 Ideo
1321 1289 1418 1329 nos
1439 1273 1678 1329 iridetis
1702 1313 1719 1339 ,
1750 1281 1806 1327 et
1832 1287 1941 1342 prat
1970 1287 2064 1326 vo-

472 1370 561 1426 bis
601 1371 707 1425 alta
753 1371 963 1426 cervice
1009 1369 1370 1425 contemnitis.
1411 1367 1557 1423 Facti
1585 1366 1728 1420 enim
1756 1380 1938 1421 sumus
1963 1380 2063 1435 op-

476 1460 757 1531 probrium
805 1461 870 1516 iis
913 1460 1002 1531 qui
1045 1458 1345 1526 abundant,
1395 1466 1451 1513 et
1492 1455 1768 1526 despectio
1819 1455 2065 1527 superbis

475 1548 649 1619 (Psal.
678 1568 843 1619 cxxu,
872 1550 950 1621 4).
969 1550 1258 1605 Consilium
1285 1548 1663 1619 quippeinOpis
1687 1546 1997 1602 confudistis
2018 1545 2061 1613 ³,

472 1643 727 1715 quoniam
765 1643 1020 1698 Dominus
1049 1657 1173 1714 spes
1201 1643 1316 1713 ejus
1354 1649 1437 1697 est
1463 1638 1651 1713 (Psal.
1680 1655 1796 1705 xm,
1826 1638 1919 1709 6).

467 1747 476 1788 ι
543 1733 634 1790 49.
675 1735 732 1789 In
777 1733 877 1789 hac
916 1745 1092 1789 tamen
1140 1748 1239 1799 re,
1290 1731 1433 1787 unde
1479 1745 1621 1786 nunc
1663 1730 1901 1801 agimus,
1953 1742 2061 1783 non

472 1826 654 1893 video,
686 1842 782 1882 cur
809 1826 978 1894 dicas,
1016 1844 1035 1877 ‹
1065 1841 1153 1881 me
1180 1824 1415 1881 habenas
1442 1838 1631 1879 omnes
1651 1865 1666 1891 ,
1694 1821 1887 1893 quibus
1910 1820 2063 1890 cupi-

471 1916 665 1972 ditatcs
691 1918 980 1981 frenantur,
1007 1917 1276 1982 incidere;
1308 1935 1327 1968 ι
1354 1916 1443 1986 qui
1473 1915 1620 1970 omni
1645 1914 1840 1968 virtute
1869 1926 2063 1968 secun-

472 2008 599 2063 dum
653 2008 876 2078 gratiam
929 2007 1059 2074 Dei,
1108 2022 1227 2078 qua:
1273 2006 1433 2061 datur
1483 2005 1825 2069 hominibus,
1874 2016 2062 2059 omnes

470 2101 789 2170 cupiditates
811 2099 1097 2156 frenandas
1120 2114 1240 2155 esse
1261 2099 1514 2154 decerno.
1541 2097 1646 2153 Sed
1665 2096 1761 2151 abs
1782 2105 1834 2152 te
1853 2109 2057 2167 quzero,

467 2200 648 2243 utrum
674 2190 826 2245 bona:
853 2205 921 2243 an
948 2188 1105 2244 mala:
1125 2188 1232 2243 sint
1259 2188 1373 2243 ista:
1397 2187 1735 2258 cupiditates,
1764 2200 1898 2257 quas
1921 2200 2073 2257 pro»

469 2281 620 2337 dicas
647 2297 768 2337 esse
797 2281 1104 2348 frenandas,
1133 2289 1187 2337 et
1212 2280 1357 2336 velut
1384 2295 1415 2334 a
1443 2295 1528 2334 me
1556 2279 1880 2343 relaxentur,
1912 2292 2063 2332 accu-

469 2386 581 2426 sas.
623 2372 758 2426 Puto
787 2372 928 2426 enim
971 2387 1075 2426 non
1115 2386 1207 2427 eas
1253 2385 1512 2442 equorum
1543 2370 1628 2425 vel
1670 2384 2002 2440 quorumque
2036 2367 2060 2399 ⁵

468 2462 776 2516 animalium
816 2472 1011 2531 prmtcr
1052 2477 1150 2516 nos
1180 2476 1335 2531 esse,
1381 2459 1476 2516 sed
1524 2468 1754 2516 nostras.
1805 2460 1862 2514 ln
1905 2459 2058 2516 nobis

468 2561 595 2607 sunt
620 2568 748 2624 ergo
786 2553 941 2608 malas
981 2552 1324 2622 cupiditates,
1353 2568 1486 2623 quas
1521 2553 1657 2608 bene
1681 2552 1913 2609 vivendo
1947 2550 2059 2608 fre-

468 2658 681 2698 uamus.
736 2643 982 2698 Habenas
1030 2644 1218 2714 igitur,
1267 2642 1458 2713 quibus
1504 2659 1612 2698 non
1661 2643 1850 2710 beate,
1906 2642 2001 2699 sed
2034 2643 2056 2675 '

468 2734 626 2789 malae
652 2733 928 2789 frenantur
950 2734 1287 2804 cupiditates,
1312 2748 1398 2789 me
1420 2733 1708 2804 prmcidere
1733 2732 2054 2788 criminaris.

471 2822 671 2877 llarum
701 2833 780 2877 est
810 2838 916 2879 una
942 2823 1372 2892 concupiscentia
1403 2822 1601 2889 carnis,
1628 2838 1693 2877 cx
1722 2837 1825 2893 qua
1854 2830 1909 2878 et
1933 2836 2057 2877 cum

468 2930 572 2984 qua
603 2924 930 2982 nascuntur,
963 2922 1017 2969 et
1047 2922 1265 2984 propter
1291 2929 1450 2983 quam
1482 2923 1835 2968 renascuntur
1878 2912 2055 2967 infano

469 3018 575 3061 tes.
604 3006 683 3060 Eo
707 3006 847 3060 malo
870 3005 1124 3076 conjuges
1145 3012 1322 3060 castos
1347 3004 1471 3058 dico
1497 3004 1572 3058 uti
1599 3004 1755 3071 bene,
1786 3003 2057 3059 adulteros

467 3099 643 3165 male;
686 3105 744 3153 tu
782 3106 966 3153 contra
1006 3113 1071 3152 eo
1112 3096 1253 3152 bono
1293 3096 1569 3151 adulteros
1606 3096 1740 3151 dicis
1779 3095 1856 3151 uti
1893 3095 2052 3164 male,

466 3197 647 3243 castos
675 3188 931 3259 conjuges
970 3188 1108 3243 bene
1141 3205 1153 3241 :
1196 3187 1580 3243 continentiam
1622 3186 1818 3243 melius
1845 3200 1911 3243 eo
1946 3200 2055 3241 non

466 3279 544 3332 uti
567 3318 582 3345 ,
621 3279 778 3334 ambo
807 3279 1072 3344 dicimus;
1119 3277 1213 3333 sed
1243 3292 1347 3348 ego
1387 3291 1455 3333 eo
1492 3276 1667 3344 malo,
1701 3284 1758 3331 tu
1796 3291 1863 3333 eo
1891 3276 2053 3332 bono.

464 3373 545 3427 Ac
572 3386 669 3442 per
694 3371 829 3439 hoc,
875 3370 1118 3442 quamvis
1151 3370 1260 3426 Deo
1290 3379 1469 3426 nostra
1512 3369 1872 3437 conscientia,
1920 3384 2053 3425 cou-

463 3463 698 3517 versatio
725 3477 852 3518 vero
887 3462 1047 3517 etiam
1088 3460 1394 3516 hominibus
1414 3502 1429 3529 ,
1454 3461 1617 3516 inter
1641 3475 1776 3531 quos
1804 3459 2052 3526 vivimus,

465 3562 592 3609 nota
634 3555 741 3620 sit;
785 3566 960 3611 tamen
991 3555 1149 3609 ambo
1187 3553 1572 3610 continentiam
1602 3552 1958 3623 proﬁtemur:
2001 3560 2057 3607 et

462 3646 511 3703 si
542 3646 683 3717 quod
725 3648 1036 3716 proﬁtemur
1076 3646 1314 3716 agimus,
1362 3646 1517 3699 istam
1564 3641 2054 3714 concupiscentiam

461 3735 708 3806 profecto
735 3736 893 3791 ambo
920 3736 1192 3791 frenamus
1211 3778 1226 3803 ,
1250 3735 1505 3791 adversus
1543 3734 1660 3804 ejus
1697 3740 2055 3805 repugnantes

464 3838 645 3884 motus
687 3829 845 3884 ambo
887 3829 1184 3893 bellamus;
1237 3827 1395 3882 ambo
1439 3843 1593 3893 eam,
1635 3828 1679 3881 si
1723 3826 2052 3897 proﬁcimus,

465 3919 823 3975 debellamus.
853 3920 1053 3975 Verum
1084 3919 1186 3975 hoc
1213 3920 1457 3984 interest,
1489 3917 1633 3989 quod
1670 3933 1769 3988 ego
1804 3917 1926 3974 dico
1966 3932 2055 3974 me

465 4013 666 4068 malum
697 4011 909 4066 frenare
928 4053 943 4079 ,
972 4019 1029 4066 tu
1055 4019 1233 4066 autem
1274 4018 1327 4065 te
1356 4010 1556 4066 bonum
1587 4025 1600 4062 :
1630 4023 1730 4079 ego
1766 4009 1886 4063 dico
1925 4008 2054 4062 mihi

467 4104 672 4158 malum
704 4108 999 4173 repugnare
1034 4120 1048 4159 :
1089 4110 1146 4156 tu
1174 4101 1264 4156 tibi
1297 4102 1494 4157 bonum
1523 4117 1537 4155 :
1566 4115 1666 4171 ego
1693 4099 1833 4155 bello
1866 4098 2056 4155 adver-

464 4210 560 4250 sus
588 4194 786 4248 malum
807 4233 822 4260 ,
870 4201 926 4248 tu
968 4193 1223 4248 adversus
1264 4192 1461 4247 bonum
1491 4208 1504 4245 :
1536 4206 1636 4262 ego
1669 4191 1828 4260 cupio
1857 4190 2053 4245 malum

465 4285 757 4350 debellare,
795 4293 849 4340 tu
878 4285 1096 4339 bonum.
1128 4282 1283 4340 Unde
1312 4283 1483 4354 putari
1511 4289 1691 4354 potest
1714 4281 1856 4353 quod
1897 4281 2052 4336 istam

464 4378 956 4448 concupiscentiam
996 4378 1164 4448 magis
1197 4376 1419 4433 incitare
1443 4375 1738 4444 laudando,
1767 4389 1925 4446 quam
1963 4390 2051 4431 re-

460 4470 679 4526 frenare
707 4469 925 4525 studeas
962 4467 1304 4524 continendo.

536 4557 626 4620 50.
669 4562 911 4620 Gloriosa
954 4572 1006 4618 te
1042 4578 1140 4633 per
1172 4562 1557 4618 continentiam
1596 4560 1865 4632 proﬁteris
1893 4574 2050 4617 exer-

463 4672 590 4713 cere
631 4656 923 4712 certamina
956 4673 969 4710 :
1011 4664 1197 4710 contra
1237 4653 1362 4726 quid
1384 4696 1398 4721 ,
1428 4653 1599 4724 rogo?
1636 4652 1773 4721 Quid
1811 4650 2052 4707 dicturus

461 4766 544 4819 es,
588 4751 688 4806 nisi
726 4758 913 4806 contra
951 4749 1128 4805 carnis
1165 4745 1698 4817 concupiscentiam?
1741 4743 1848 4800 Sed
1874 4752 2051 4799 utrum

462 4843 709 4907 amicam,
738 4857 805 4897 an
830 4838 1236 4896 adversariam?
1269 4837 1535 4909 Numquid
1561 4836 1664 4892 nisi
1689 4834 2050 4892 adversariam

461 4934 851 5005 respondebis?
878 4934 1008 4990 Caro
1033 4934 1167 4988 enim
1192 4931 1501 5003 concupiscit
1525 4931 1764 4985 adversus
1789 4928 2047 4999 spiritum,

465 5035 511 5080 et
539 5026 747 5093 spiritus
784 5025 1022 5080 adversus
1048 5040 1253 5078 carnem
1281 5039 1301 5078 :
1330 5023 1436 5077 haec
1462 5023 1596 5076 enim
1623 5022 1843 5075 inuicem
1865 5018 2049 5072 adver-

465 5124 665 5180 santur,
694 5114 831 5168 sicut
854 5114 1315 5184 Apostolusstestis
1342 5122 1426 5168 est
1453 5111 1648 5184 (Galat.
1677 5126 1732 5175 v,
1762 5110 1874 5180 l7).
1913 5107 2049 5163 For-

466 5206 624 5259 tassis
666 5220 793 5274 ergo
836 5219 954 5259 eam
992 5205 1209 5260 laudare
1255 5214 1307 5259 te
1349 5203 1525 5273 ﬁngis,
1572 5202 1616 5257 si
1662 5214 1899 5272 pugnare
1940 5213 2048 5254 non

464 5297 644 5367 ﬁngis.
686 5296 819 5351 Nam
854 5294 1122 5365 quomodo
1162 5295 1386 5351 ﬁdeliter
1425 5294 1582 5350 simul
1619 5307 1746 5363 agas
1784 5291 1890 5347 duo
1927 5293 2046 5358 ista,

462 5403 573 5444 non
598 5387 775 5451 video,
811 5394 870 5442 ut
904 5395 960 5442 et
998 5385 1181 5441 laudes
1218 5387 1364 5441 velut
1399 5386 1647 5451 amicam,
1686 5391 1742 5440 et
1777 5397 2050 5454 expugnes

526 5504 544 5534 ι
581 5501 719 5561 Editl,
736 5504 911 5550 vestra.
937 5505 993 5549 At
1013 5505 1140 5560 Mss,
1162 5504 1342 5561 nostra.

525 5565 549 5596 ³
583 5571 657 5613 Er.
681 5557 828 5626 tgugd.
855 5570 973 5611 ven.
997 5568 1090 5610 Lov
1112 5557 1133 5621 ,⁷
1152 5558 1318 5609 Gratia
1352 5557 1441 5609 Dei
1471 5571 1579 5609 sum
1599 5557 1653 5608 id
1676 5558 1804 5622 quod
1826 5571 1950 5610 sum.
1975 5559 2049 5612 sic

464 5626 610 5690 etiam
632 5624 853 5687 Vulgata.
916 5630 970 5671 Μ.
1130 5682 1149 5690 Δ
1197 5680 1228 5690 __
1260 5679 1289 5690 λ,

527 5688 548 5719 ³
580 5699 678 5735 am.
704 5681 777 5734 ΡΞ.
804 5694 854 5734 et
876 5691 1005 5740 Mss.,
1030 5681 1303 5745 confudisti.

525 5748 547 5777 ⁸
570 5750 642 5796 Sic
667 5758 765 5796 Am.
791 5754 843 5795 et
864 5755 968 5793 .uss.
990 5745 1233 5808 Editioues
1252 5749 1325 5791 Er.
1343 5750 1403 5808 et
1418 5749 1551 5802 Lor.,
1575 5756 1992 5808 quantuscumque.

525 5809 548 5841 ⁵
574 5815 622 5856 ιη
649 5816 752 5857 Mss.
788 5808 948 5864 deest,
971 5818 1064 5854 non
1088 5805 1238 5862 batur,
1265 5804 1365 5854 sed.

524 5870 598 5931 (a)
631 5870 745 5920 Vide
771 5869 944 5917 librutn
959 5867 1022 5917 de
1041 5869 1196 5917 Gestis
1214 5865 1407 5929 Pelagii,
1434 5879 1513 5915 un.
1539 5866 1619 5928 50,
1643 5868 1713 5917 l5.

1644 5961 1653 5987 ι

1285 427 1560 482 CONTRA
1598 423 1937 482 JULIANUM
1978 424 2442 495 PELAGIANUM,
2481 425 2538 483 S.
2579 426 2947 486 AUGUSTINI

3652 431 3768 491 728

2174 541 2318 594 velut
2354 540 2641 596 inimicam.
2695 541 2866 598 Unum
2908 559 3096 600 eorum
3142 546 3452 605 credimus:
3483 553 3578 607 sed
3618 555 3759 626 elige

2173 630 2301 701 quid
2339 630 2638 687 credamus.
2684 632 2739 688 Si
2777 649 2844 687 ex
2869 636 3049 690 animo
3091 652 3323 709 pugnas,
3352 655 3459 695 non
3485 656 3550 696 ex
3576 644 3758 699 animo

2172 722 2375 776 laudas.
2415 722 2469 805 Si
2502 732 2679 779 autem
2706 724 3018 794 simpliciter
3040 727 3154 796 agis
3184 730 3238 783 in
3264 732 3556 799 praeconio,
3585 733 3758 789 collu-

2172 811 2254 867 dis
2274 813 2326 866 in
2355 814 2537 883 przelio
2564 816 2604 867 ί.
2638 815 2753 885 Ego
2778 832 2906 871 sane
2931 818 3052 887 quia
3082 820 3327 876 inimicus
3359 823 3450 877 tibi
3479 840 3583 879 non
3611 840 3753 892 sum,

2171 903 2309 958 sicut
2347 904 2618 960 inimicum
2647 907 2740 962 tibi
2784 916 2867 962 est
2905 909 3035 964 illud
3077 912 3217 980 quod
3258 912 3461 970 habitat
3503 916 3558 971 in
3596 931 3759 973 carne

2173 1003 2262 1050 tua
2310 998 2542 1065 malum,
2593 999 2834 1067 quamvis
2879 1002 3212 1071 potissimum
3258 1006 3502 1075 cupiam,
3550 1015 3609 1061 ut
3654 1007 3759 1063 hoc

2173 1087 2372 1142 malum
2411 1097 2467 1143 et
2506 1087 2764 1145 doctrina:
2801 1092 3029 1147 sanitate
3053 1093 3338 1164 vituperes,
3380 1106 3435 1151 et
3472 1098 3592 1153 vita:
3632 1113 3758 1154 san-

2172 1179 2358 1234 ctitate
2384 1178 2618 1235 debelles
2651 1198 2664 1234 :
2698 1188 2874 1237 tamen
2902 1198 2969 1238 ex
3011 1183 3092 1239 his
3120 1185 3349 1254 duobus,
3378 1203 3607 1258 quorum
3654 1205 3755 1260 pu-

2174 1268 2272 1322 tari
2310 1278 2464 1340 potes
2499 1286 2663 1326 unum
2705 1287 2772 1328 ex
2795 1275 2975 1330 animo
3014 1274 3213 1346 facere,
3245 1278 3473 1334 alterum
3514 1280 3752 1352 ﬁngere;

2172 1360 2355 1415 malim
2402 1371 2453 1416 te
2492 1361 2755 1420 fallaciter
2781 1366 3001 1422 laudare
3041 1369 3566 1440 concupiscentiam,
3595 1387 3759 1442 quam

2170 1451 2432 1510 fallaciter
2476 1471 2803 1527 expugnare.
2848 1459 3378 1519 Tolerabilius-enim
3424 1464 3600 1535 lingua
3644 1474 3752 1529 tua,

2169 1559 2328 1615 quam
2371 1548 2479 1602 vita
2521 1550 2774 1604 mentitur
2824 1568 2837 1605 :
2886 1552 3211 1610 tolerabilius
3255 1555 3544 1623 sententia,
3594 1571 3755 1627 quam

2169 1640 2494 1695 continentia
2541 1641 2840 1697 simulatur.
2896 1642 3078 1715 Fingis
3121 1646 3317 1717 quippe
3361 1647 3606 1715 laudem,
3653 1663 3755 1717 qua

2169 1730 2244 1785 sis
2267 1729 2605 1787 adversarius
2645 1734 2926 1790 sententia:
2953 1750 3127 1803 mete;
3178 1737 3225 1792 si
3269 1753 3374 1792 non
3402 1738 3558 1809 ﬁngis
3595 1739 3757 1794 casti-

2169 1827 2356 1887 tatem,
2399 1838 2502 1893 qua
2540 1837 2599 1879 es
2636 1824 2975 1882 adversarius
3012 1828 3458 1898 concupiscentiae
3498 1837 3627 1884 tuae.
3679 1829 3755 1884 lta

2168 1912 2262 1969 ﬁet
2295 1923 2355 1970 ut
2390 1929 2491 1971 nec
2517 1926 2704 1973 contra
2730 1933 2818 1974 me
2841 1918 3041 1974 diutius
3080 1919 3320 1990 proferas
3360 1920 3618 1977 fallaciter
3637 1936 3756 1977 ver-

2167 2008 2326 2077 bum,
2371 2010 2418 2066 si
2460 2011 2723 2068 veraciter
2770 2013 2912 2083 geris
2965 2021 3154 2069 contra
3204 2014 3478 2069 libidinem
3529 2013 3753 2070 bellum.

2166 2100 2273 2158 Sed
2316 2102 2430 2158 sive
2457 2114 2622 2159 unum
2657 2104 2847 2160 borum
2879 2104 3068 2176 ﬁngas,
3107 2106 3223 2161 sive
3262 2114 3545 2176 utrumque
3581 2104 3757 2178 (quod

2166 2192 2349 2249 nesc'io
2376 2195 2822 2265 quemadmodum
2860 2211 2929 2253 ex
2964 2198 3144 2253 animo
3181 2197 3380 2264 facias,
3425 2198 3479 2253 id
3516 2209 3600 2254 est
3638 2200 3757 2255 sine

2167 2283 2273 2339 ulla
2308 2284 2676 2353 simulatione,
2703 2293 2761 2342 et
2797 2301 3003 2359 pugnes
3042 2296 3228 2343 contra
3267 2288 3407 2360 quod
3450 2288 3670 2355 laudas,
3698 2299 3754 2345 et

2164 2375 2350 2433 laudes
2376 2386 2557 2433 contra
2585 2380 2727 2449 quod
2765 2378 2990 2454 pugnas)
3020 2399 3033 2436 :
3062 2396 3162 2453 ego
3196 2390 3372 2437 tamen
3410 2382 3463 2437 id
3502 2382 3645 2453 quod
3672 2392 3753 2439 est

2164 2468 2347 2524 mitius
2383 2468 2453 2525 de
2487 2478 2539 2526 te
2562 2470 2811 2539 credens,
2840 2473 2985 2529 velut
3004 2488 3128 2530 cum
3155 2473 3486 2530 debellatore
3516 2472 3753 2529 libidinis

2164 2575 2304 2632 ago;
2346 2569 2402 2617 et
2427 2563 2638 2633 nuptias
2675 2579 2785 2619 non
2809 2566 2932 2621 dico
2964 2567 3133 2622 malas
3151 2608 3167 2635 ,
3197 2567 3291 2623 sed
3317 2567 3457 2623 bene
3482 2567 3559 2622 uti
3588 2568 3750 2636 malo,

2162 2666 2296 2722 quas
2323 2660 2380 2708 tu
2406 2652 2539 2709 dicis
2567 2654 2706 2711 bene
2732 2657 2808 2711 uti
2833 2656 2976 2712 bono
2994 2699 3009 2724 ,
3038 2658 3236 2713 bonum
3261 2672 3382 2715 esse
3408 2659 3595 2715 dicens
3619 2673 3752 2714 cou-

2162 2745 2542 2814 cupiscentiam
2584 2748 2783 2815 carnis,
2825 2763 2986 2820 quam
3032 2758 3211 2805 tamen
3252 2750 3309 2805 in
3352 2758 3407 2806 te
3433 2750 3752 2808 debellanda

2162 2838 2360 2893 malum
2407 2854 2528 2897 esse
2570 2842 2870 2898 convincis.
2922 2841 3204 2909 Quomodo
3248 2853 3428 2900 autem
3468 2860 3593 2901 cum
3636 2845 3746 2911 illa,

2162 2928 2323 2984 etiam
2369 2930 2463 3000 qui
2507 2945 2571 2986 ea
2612 2931 2751 2988 bene
2792 2942 3048 3003 utuntur,
3090 2934 3409 3008 belligerent
3457 2936 3747 3010 conjugati,

2156 3020 2266 3091 jam
2298 3023 2541 3092 superius
2582 3024 2869 3095 disputavi.

2231 3112 2459 3171 CAPUT
2496 3115 2664 3172 XXII.
2691 3148 2764 3159 —
2792 3119 2881 3175 5|.
2907 3119 3038 3188 Quae
3074 3136 3196 3177 cum
3228 3122 3453 3192 itasint,
3483 3131 3539 3181 et
3563 3124 3749 3196 conju-

2161 3204 2305 3276 gium
2330 3205 2529 3261 bonum
2554 3217 2641 3264 est
2666 3209 2717 3264 in
2745 3220 3002 3280 quantum
3031 3214 3338 3284 coniugium
3376 3223 3479 3281 est,
3507 3224 3571 3271 et-
3588 3215 3749 3270 homo

2160 3296 2274 3352 sive
2301 3296 2368 3352 de
2390 3298 2657 3369 conjugio,
2685 3301 2802 3356 sive
2823 3301 2893 3357 de
2916 3301 3178 3359 adulterio
3202 3315 3471 3372 nascatur,
3496 3307 3548 3361 in
3578 3322 3748 3377 quan-

2162 3393 2275 3442 tum
2312 3386 2475 3443 homo
2514 3397 2624 3457 est,
2658 3391 2856 3447 bonum
2886 3402 3007 3460 est;
3045 3395 3170 3465 quia
3196 3395 3249 3449 in
3285 3405 3539 3466 quantum
3584 3398 3748 3455 homo

2160 3486 2272 3546 est,
2298 3493 2433 3548 opus
2461 3480 2552 3535 Dei
2588 3489 2672 3536 est
2698 3498 2712 3536 :
2741 3491 2795 3537 et
2822 3492 2997 3539 tamen
3028 3486 3151 3556 quia
3179 3502 3300 3541 cum
3344 3487 3436 3543 illo
3473 3497 3535 3544 εις
3562 3504 3627 3543 ex
3658 3490 3748 3545 illo

2159 3569 2303 3625 malo
2324 3579 2633 3640 generatur,
2661 3588 2769 3643 quo
2793 3574 2932 3631 bene
2960 3576 3208 3646 pudicitia
3235 3579 3528 3649 conjugalis
3554 3580 3743 3648 utitur,

2160 3663 2522 3718 necessarium
2550 3664 2628 3719 illi
2653 3675 2753 3731 est,
2787 3675 2844 3721 ut
2879 3668 2948 3723 ab
2974 3668 3089 3738 ejus
3114 3670 3239 3724 mali
3276 3687 3419 3726 nexu
3457 3686 3746 3743 regenera-

2161 3755 2306 3811 tione
2347 3756 2601 3813 solvatur.
2648 3758 2787 3825 Quid
2831 3775 2960 3831 ergo
3000 3776 3031 3815 a
3077 3777 3164 3817 me
3198 3764 3414 3833 qumris,
3468 3782 3489 3817 r
3541 3764 3631 3819 ubi
3678 3766 3749 3820 sit

2161 3848 2421 3918 originale
2449 3851 2684 3917 malum;
2723 3871 2742 3904 ι
2774 3865 2896 3908 cum
2924 3854 2979 3908 in
3006 3862 3056 3909 te
3084 3855 3198 3925 ipso
3218 3858 3396 3912 verius
3434 3857 3527 3912 tibi
3563 3859 3747 3930 loqua-

2161 3947 2248 3995 tur
2272 3940 2438 3996 libido
2458 3982 2472 4006 ,
2499 3952 2687 3999 contra
2711 3959 2869 4014 quam
2897 3961 3126 4016 pugnas,
3151 3964 3311 4018 quam
3340 3960 3394 4004 tu
3421 3951 3554 4019 ipse,
3578 3966 3747 4024 quan-

2160 4030 2231 4087 do
2270 4046 2389 4088 eam
2426 4033 2655 4089 laudas?
2694 4035 2831 4103 Quid
2868 4039 3082 4108 quaeris,
3112 4059 3133 4093 ι
3166 4041 3307 4097 unde
3341 4042 3410 4097 sit
3446 4027 3625 4098 homo.
3644 4044 3747 4099 sub

2159 4123 2390 4191 diabolo,
2419 4140 2577 4196 quem
2600 4127 2740 4183 Deus
2770 4128 2936 4184 fecit?
2963 4148 2982 4182 ι
3008 4130 3164 4187 Unde
3189 4134 3329 4187 enim
3358 4142 3441 4188 est
3467 4134 3522 4189 in
3547 4144 3742 4201 morte.

2159 4230 2317 4284 quam
2347 4216 2485 4271 Deus
2509 4232 2620 4272 non
2658 4219 2823 4274 fecit?
2855 4239 2877 4273 ‹
2907 4220 3045 4287 Quid
3073 4221 3147 4277 ibi
3172 4225 3466 4293 cognoscit,
3496 4243 3516 4277 ι
3547 4226 3742 4297 inquis,

2164 4325 2184 4358 ι
2219 4307 2464 4364 diabolus
2510 4325 2700 4375 suum,
2751 4312 2797 4367 si
2846 4328 2945 4369 nec
2990 4315 3133 4386 quod
3177 4315 3413 4381 factum,
3463 4333 3563 4374 nec
3605 4322 3745 4375 unde

2158 4395 2355 4452 factum
2389 4407 2505 4466 est,
2532 4399 2648 4470 ipse
2674 4402 2959 4459 condidit?
2989 4422 3010 4457 ι
3039 4405 3204 4462 Plane
3228 4407 3367 4477 quod
3402 4408 3602 4464 factum
3641 4418 3742 4476 est,

2158 4489 2320 4547 homo
2364 4500 2483 4558 est;
2528 4493 2671 4549 unde
2717 4493 2914 4550 factum
2959 4504 3061 4564 est,
3106 4505 3292 4555 semen
3335 4510 3418 4555 est
3466 4500 3741 4569 hominis;

2157 4592 2443 4653 utrumque
2457 4583 2665 4639 bonum
2689 4595 2774 4641 est
2799 4603 2814 4641 :
2843 4587 2975 4642 nihil
3001 4587 3190 4644 horum
3217 4589 3459 4647 diabolus
3482 4593 3741 4662 condidit,

2156 4673 2255 4729 sed
2278 4674 2465 4729 vitium
2495 4676 2714 4732 seminis
2739 4678 2854 4748 ipse
2881 4681 3182 4737 seminavit.
3224 4682 3340 4738 Non
3373 4684 3445 4739 ibi
3470 4687 3747 4757 cognoscit

2154 4778 2314 4821 suum
2349 4766 2569 4836 bonum,
2609 4770 2731 4839 quia
2759 4784 2865 4825 non
2899 4782 2983 4828 est
3019 4774 3156 4844 ejus,
3188 4775 3329 4845 quod
3362 4776 3522 4833 ambo
3561 4777 3746 4833 lauda-

2155 4872 2310 4925 mus;
2351 4858 2449 4914 sed
2469 4862 2745 4931 cognoscit
2772 4877 2926 4918 suum
2952 4864 3171 4934 malum,
3197 4876 3380 4921 contra
3406 4867 3549 4938 quod
3586 4869 3746 4924 ambo

2156 4964 2495 5021 pugnamus:
2528 4966 2628 5007 nec
2671 4962 2817 5009 recte
2860 4954 3120 5021 laudatur,
3156 4957 3229 5013 ab
3264 4957 3434 5013 altero
3473 4966 3740 5023 nostrum,

2155 5050 2343 5098 contra
2368 5042 2510 5114 quod
2537 5043 2606 5098 ab
2632 5054 2858 5116 utroque
2893 5057 3176 5118 pugnatur.
3202 5048 3336 5105 Vide
3366 5064 3517 5118 sane,
3550 5065 3743 5125 quem-

2155 5131 2443 5188 admodum
2483 5150 2692 5205 quaaras
2725 5150 2756 5190 a
2791 5151 2912 5205 me,
2946 5156 2966 5189 ι
3008 5138 3148 5194 inter
3183 5147 3263 5195 tot
3298 5140 3466 5207 bona,
3492 5141 3637 5197 unde
3677 5143 3742 5195 sit

2156 5223 2211 5278 in
2244 5226 2478 5294 parvulis
2519 5226 2758 5294 malum;
2798 5247 2817 5280 ι
2851 5237 2907 5283 ει
2950 5237 3128 5286 taceas
3170 5231 3312 5302 quod
3351 5246 3451 5302 ego
3489 5233 3645 5303 posui
3688 5234 3739 5286 in

2156 5316 2347 5372 eodem
2376 5317 2510 5373 libro
2535 5318 2620 5373 cui
2658 5319 2974 5390 respondes,
3001 5329 3056 5376 et
3094 5322 3234 5376 inter
3267 5322 3381 5392 ipsa
3419 5322 3581 5379 verba
3620 5325 3739 5395 qui-

2156 5409 2257 5466 bus
2280 5426 2423 5467 nune
2460 5412 2757 5482 respondes
2775 5452 2790 5477 ,
2819 5412 2962 5483 quod
2985 5414 3060 5469 ait
3080 5414 3368 5485 Apostolus
3396 5433 3411 5471 :
3443 5413 3549 5471 Per
3582 5432 3739 5469 unum

2155 5506 2407 5559 hominem
2432 5515 2690 5577 peccatum
2718 5507 2926 5561 intravit
2955 5510 3009 5561 in
3040 5508 3285 5562 mundum
3303 5548 3320 5575 ,
3349 5518 3397 5562 et
3430 5525 3520 5579 per
3559 5525 3736 5578 pecta-

2156 5605 2266 5651 tum
2289 5613 2468 5662 mors;
2505 5607 2551 5652 et
2576 5598 2646 5651 ita
2677 5598 2732 5651 in
2764 5614 2935 5653 omnes
2959 5600 3189 5653 homines
3212 5601 3521 5669 pertransiit,
3553 5600 3607 5653 in
3639 5614 3737 5667 quo

2154 5705 2326 5743 omnes
2365 5698 2691 5758 peccaverunt
2726 5690 2901 5761 (Rom.
2928 5706 2981 5757 v,
3036 5689 3148 5759 l2).
3177 5690 3288 5745 Hoc
3328 5690 3471 5745 enim
3512 5703 3618 5744 non
3658 5688 3734 5742 vis

2191 5802 2231 5873 ,ί
2252 5800 2587 5926 ,Σιεςη
2604 5800 2848 5854 concludis
2869 5800 2919 5853 in
2942 5800 3128 5866 pretio.
3146 5802 3475 5861 Floriacensis,
3486 5800 3736 5854 concutie-

2191 5877 2260 5915 I8!
2377 5880 2390 5912 ι
2438 5877 2453 5913 ι
2489 5897 2500 5909 .

2153 5877 2222 5915 ηδ
2244 5877 2292 5914 ιη
2317 5877 2500 5915 immo.
