4118 6524
340 437 445 494 729

339 560 400 605 ιιι
430 548 650 606 audiant
674 549 758 606 vel
788 548 966 622 legant
993 549 1238 607 homines
1271 550 1376 606 isto
1403 549 1542 616 loco,
1574 548 1662 605 ubi
1691 548 1925 605 maxime

335 657 476 714 opus
496 654 644 713 erat,
674 659 743 699 ne
768 654 1059 715 agnoscant
1087 643 1245 699 fidem
1275 657 1452 707 suam,
1494 651 1549 697 et
1580 650 1928 697 contemnant

334 737 855 808 argumentationem
897 748 1063 793 tuam.

408 827 634 884 CAPUT
673 827 861 884 XXIII.
882 858 954 870 —
981 829 1070 885 52.
1102 828 1363 885 Deﬁnisse
1391 843 1478 884 me
1512 827 1666 893 dicis,
1696 844 1716 879 ι
1739 824 1925 882 Ηοιιιίδ-

332 933 484 984 nem,
523 920 570 974 si
612 920 681 976 de
724 920 1072 976 fornicatione
1111 930 1379 985 nascatur,
1421 936 1573 976 reum
1616 935 1723 974 non
1763 933 1920 984 esse;

332 1008 381 1063 si
424 1007 495 1065 de
532 1010 811 1081 conjugio,
852 1012 1194 1067 innocentem
1232 1025 1339 1065 non
1379 1026 1520 1066 esse.
1566 1028 1586 1063 ι
1629 1011 1756 1064 llaec
1797 1022 1924 1064 vero

261 1126 278 1141 ι
332 1100 501 1156 nimia
537 1112 622 1158 est
657 1112 711 1158 et
749 1112 930 1174 aperta
984 1102 1268 1163 calumnia.
1324 1102 1451 1191 Imo
1487 1100 1702 1191 deﬁqivi
1742 1101 1920 1156 homi-

332 1205 459 1249 nem
507 1191 875 1261 undecumque
930 1201 1213 1257 nascatur,
1262 1190 1556 1247 secundum
1602 1190 1920 1245 catholicam

334 1281 496 1337 ﬁdem
537 1298 695 1352 quam
740 1293 918 1352 patres
957 1294 1144 1338 contra
1185 1298 1300 1348 vos,
1341 1291 1623 1352 antequam
1668 1295 1922 1336 nascere.

332 1374 497 1440 mini,
516 1373 915 1428 evidentissime
944 1372 1316 1439 defenderunt,
1346 1382 1401 1428 et
1436 1373 1772 1427 innocentem
1801 1385 1921 1427 esse

332 1480 433 1536 per
469 1466 670 1519 nullum
706 1467 977 1534 pr0prium
1010 1466 1050 1531 ι,
1075 1474 1130 1520 et
1170 1481 1322 1521 reum
1367 1481 1461 1535 per
1497 1464 1756 1535 originale
1790 1479 1919 1534 pec-

330 1562 510 1611 catum
541 1572 555 1610 :
585 1564 790 1610 natura:
822 1564 999 1611 autem
1033 1556 1408 1621 substantiam,
1442 1554 1593 1624 cujus
1624 1564 1813 1610 auctor
1835 1564 1921 1610 est

330 1642 506 1708 Deus,
532 1646 693 1700 etiam
722 1647 774 1700 in
801 1646 1089 1716 grandibus
1116 1660 1236 1703 esse
1271 1647 1640 1717 peccatoribus
1676 1646 1869 1701 bonam
1898 1662 1915 1712 ;

329 1736 424 1806 qui
471 1736 653 1807 utique
694 1748 912 1807 propter
953 1748 1167 1808 peccata
1200 1740 1361 1794 etiam
1398 1753 1494 1793 sua
1535 1740 1747 1809 propria
1790 1740 1916 1795 mali

327 1839 477 1894 Sunt,
508 1844 626 1899 qua:
663 1831 737 1885 illi
765 1832 907 1886 malo
943 1847 1067 1886 cum
1105 1846 1213 1903 quo
1256 1832 1366 1887 nati
1412 1841 1538 1886 sunt
1573 1831 1912 1889 addiderunt.

324 1919 435 1975 Cur
466 1930 648 1977 autem
691 1923 971 1990 timerem,
996 1940 1062 1980 ne
1099 1924 1249 1978 mihi-
1271 1924 1625 1993 objicerctur,
1665 1932 1725 1979 ut
1757 1924 1911 1992 dicis,

333 2030 353 2064 ι
390 2013 512 2082 quia
541 2023 758 2083 peccata
790 2016 1029 2071 omnium
1069 2028 1348 2086 parentum
1384 2017 1631 2073 omnibus
1671 2018 1790 2073 ﬁliis
1816 2018 1916 2073 im-

324 2112 604 2173 putarent;
640 2124 658 2157 ι
686 2120 807 2160 cum
850 2105 1058 2161 etiamsi
1100 2106 1203 2162 hoc
1225 2122 1409 2162 verum
1453 2108 1531 2163 sit-
1556 2106 1698 2179 (non
1740 2123 1913 2177 quan-

324 2202 439 2248 tum
467 2194 658 2249 attinet
690 2194 757 2249 ad
802 2205 1014 2252 utentes
1040 2198 1059 2228 '
1085 2196 1194 2267 jam
1224 2213 1336 2253 suae
1361 2199 1647 2253 voluntatis
1670 2199 1910 2265 arbitrio,

321 2282 420 2339 sed
443 2292 699 2353 quantum
726 2287 917 2341 attinet
953 2287 1020 2342 ad
1047 2290 1377 2359 nascentes),
1406 2289 1553 2345 nullo
1578 2290 1738 2345 modo
1760 2300 1914 2345 natu-

320 2391 401 2431 rae
440 2376 732 2432 substantia
773 2381 969 2435 malum
1012 2391 1189 2449 esset,
1219 2381 1371 2451 cujus
1399 2391 1587 2438 auctor
1623 2393 1707 2438 est
1748 2384 1909 2451 Deus,

320 2465 416 2521 sed
458 2480 522 2521 ea
562 2481 680 2536 qua:
722 2468 903 2524 insunt
934 2470 986 2526 ei
1023 2472 1172 2539 vitia,
1211 2480 1396 2527 contra
1424 2488 1544 2543 quin
1582 2482 1636 2529 tu
1676 2488 1905 2545 quoque,

320 2565 381 2613 ut
414 2560 594 2615 verbis
630 2560 733 2615 tuis
767 2570 905 2628 utar,
939 2579 958 2614 t
988 2576 1208 2618 exerces
1249 2563 1480 2634 gloriosa
1518 2565 1851 2620 certamina?
1884 2584 1906 2619 ι

390 2652 481 2707 55.
521 2652 673 2708 Sicut
707 2661 907 2718 autem,
949 2653 1405 2723 quemadmodum
1444 2655 1614 2721 dicis,
1647 2674 1667 2709 ι
1697 2656 1912 2726 quando

317 2743 547 2799 adulteri
577 2745 829 2815 gignunt,
860 2747 1094 2801 nascitur
1115 2748 1277 2803 homo
1303 2748 1370 2805 de
1394 2749 1591 2805 virtute
1622 2750 1907 2819 seminum,

317 2850 426 2889 non
453 2835 519 2889 de
544 2837 864 2905 turpitudine
889 2837 1207 2908 flagitiorum
1234 2858 1247 2894 :
1276 2859 1297 2893 ι
1327 2840 1397 2895 ita
1422 2841 1636 2911 quando
1657 2841 1910 2912 conjuges

315 2926 563 2997 gignunt,
590 2928 827 2981 nascitur
864 2927 1026 2983 homo
1051 2929 1119 2985 de
1145 2930 1339 2986 virtute
1377 2932 1665 2999 seminum,
1694 2948 1801 2986 non
1840 2932 1909 2988 de

316 3016 603 3073 honestate
644 3019 969 3089 nuptiarum.
1006 3021 1115 3075 Aut
1143 3022 1187 3076 si
1232 3022 1319 3076 hic
1356 3022 1425 3078 de
1464 3032 1710 3093 utroque,
1746 3031 1801 3078 et
1836 3023 1908 3078 ibi

314 3109 382 3164 de
413 3118 638 3180 utroque
664 3128 677 3166 :
703 3110 905 3166 fructus
939 3121 1117 3167 autem
1158 3114 1464 3183 nuptiarum
1501 3122 1618 3180 est,
1649 3122 1907 3184 quantum

315 3202 383 3257 ad
415 3202 561 3273 ipsas
590 3218 811 3272 prorsus
835 3205 1025 3259 attinet
1048 3206 1280 3275 nuptias,
1311 3221 1416 3261 non
1442 3206 1714 3261 hominum
1743 3197 1908 3277 gene4

320 3292 482 3360 ratio,
509 3293 598 3363 qui
629 3303 851 3362 possunt
877 3295 1036 3349 etiam
1067 3294 1134 3349 de
1157 3295 1412 3352 adulteris
1439 3296 1616 3362 nasci;
1648 3297 1744 3352 sed
1764 3297 1913 3353 ordi-

315 3390 459 3453 nata,
482 3385 755 3454 susceptio
799 3385 1050 3442 ﬁliorum.
1096 3384 1202 3441 Cur
1239 3402 1367 3456 ergo
1399 3405 1418 3439 ι
1454 3388 1730 3442 sententiae
1772 3403 1906 3443 mete

317 3488 443 3543 pars
469 3474 751 3530 falsissiina
780 3486 881 3541 cst,
912 3492 1014 3547 qua
1045 3478 1174 3546 dixi,
1200 3478 1513 3548 Nuptiarum
1539 3480 1738 3535 bonum
1765 3480 1907 3535 malo

313 3563 597 3635 originali,
616 3566 757 3636 quod
789 3566 912 3621 inde
945 3568 1203 3635 trahitur,
1234 3584 1340 3623 non
1371 3577 1551 3639 potest
1572 3570 1844 3637 accusari;
1879 3589 1899 3625 ι

312 3668 432 3710 cum
457 3671 525 3712 eo
551 3657 714 3725 malo,
739 3668 922 3713 contra
945 3659 1085 3729 quod
1115 3675 1333 3739 pugnas,
1357 3670 1412 3716 et
1433 3662 1569 3717 bene
1596 3663 1675 3717 usi
1703 3662 1904 3719 fuerint

313 3746 580 3817 conjugati
625 3757 685 3802 ut
711 3751 1008 3805 nascereris
1027 3790 1043 3816 ,
1074 3760 1129 3805 et
1170 3751 1274 3806 hoc
1301 3751 1425 3807 inde
1454 3752 1549 3807 abs
1593 3760 1646 3808 te
1677 3762 1901 3809 tractum

313 3852 464 3893 reum
496 3846 547 3894 te
577 3847 784 3894 teneret
827 3841 929 3895 nisi
960 3842 1361 3897 renascereris?
1408 3842 1589 3913 Itaque
1616 3859 1717 3899 nec
1744 3860 1905 3900 accu-

313 3930 469 3985 sandi
499 3939 625 3985 sunt
658 3930 913 4002 conjuges
941 3932 1030 4003 qui
1060 3933 1196 3989 bene
1223 3942 1447 3990 utuntur
1475 3935 1644 4000 malo,
1672 3943 1725 3990 et
1756 3951 1908 4006 rege-

306 4020 539 4076 nerandi
590 4030 714 4076 sunt
760 4022 853 4076 ﬁlii
903 4031 963 4078 ut
1015 4023 1313 4079 liberentur
1360 4040 1390 4080 a
1444 4025 1608 4080 malo.
1662 4026 1716 4082 Si
1761 4028 1905 4082 enim

304 4102 620 4182 nuptiarum
664 4112 859 4168 bonum
906 4128 1016 4168 non
1058 4125 1205 4170 esset
1242 4113 1345 4169 nisi
1388 4114 1561 4170 bonus
1589 4129 1717 4171 usus
1754 4116 1901 4184 boni,

306 4206 442 4261 tunc
470 4204 769 4260 mirandum
796 4213 971 4272 esset,
1003 4205 1271 4276 quomodo
1296 4205 1423 4261 inde
1457 4205 1757 4262 traheretur
1781 4222 1901 4262 ma-

305 4296 427 4352 lum
472 4312 486 4349 :
529 4310 654 4353 cum
693 4311 822 4351 vero
862 4296 933 4351 sit
970 4295 1170 4351 bonum
1214 4296 1518 4366 nuptiarum
1564 4296 1736 4352 bonus
1777 4312 1904 4353 usus

306 4389 478 4457 mali,
508 4388 636 4460 quid
673 4388 869 4444 mirum
898 4388 943 4444 si
983 4387 1050 4443 de
1090 4389 1209 4460 ipso
1239 4388 1381 4442 malo
1400 4429 1414 4455 ,
1446 4403 1551 4458 quo
1581 4387 1716 4443 bene
1740 4388 1905 4444 utitur

310 4481 530 4536 bonitas
557 4480 882 4549 nuptiarum,
906 4478 1130 4533 trahitur
1156 4478 1356 4533 malum
1378 4477 1523 4548 quod
1541 4486 1624 4534 est
1648 4478 1905 4549 originale

308 4572 639 4643 peccatum?
668 4570 805 4627 Illud
831 4570 1074 4627 mirabile
1101 4578 1204 4639 est,
1234 4570 1373 4641 quod
1402 4585 1522 4625 cum
1551 4580 1732 4626 essent
1760 4572 1905 4641 Apo-

308 4663 438 4719 stoli
482 4662 656 4717 bonus
698 4661 833 4718 odor
878 4660 1113 4727 Christi,
1159 4659 1467 4715 trahebatur
1513 4660 1638 4715 inde
1680 4661 1902 4728 bonum,

310 4756 628 4813 trahebatur
661 4763 717 4812 et
754 4754 975 4810 malum.
1007 4753 1142 4809 Aliis
1170 4754 1312 4808 enim
1346 4761 1500 4808 erant
1540 4753 1674 4808 odor
1698 4754 1819 4808 vita:
1848 4754 1905 4808 in

309 4847 501 4913 vitam,
530 4847 650 4901 aliis
675 4845 808 4901 odor
838 4844 1027 4901 mortis
1066 4843 1120 4898 in
1137 4850 1362 4898 mortem
1397 4842 1464 4914 (II
1491 4841 1609 4898 Cor.
1633 4859 1702 4909 ιι,
1738 4844 1824 4906 15,
1856 4851 1905 4898 et

314 4938 462 5007 l6);
504 4951 630 4993 cum
666 4935 801 4991 odor
841 4935 932 4992 ille
960 4950 1066 4990 non
1094 4942 1238 4990 esset
1279 4946 1407 4987 usus
1437 4932 1599 5000 mali,
1631 4932 1725 4987 sed
1754 4932 1899 4987 boni.

315 5026 445 5082 Ideo
471 5026 669 5096 quippe
692 5025 866 5080 bonus
895 5023 1030 5079 odor
1053 5030 1207 5078 erant
1229 5021 1445 5088 Christi,
1473 5021 1596 5092 quia
1627 5022 1761 5076 bene
1788 5030 1905 5078 utea

315 5115 515 5175 bantur
544 5116 712 5188 gratia
737 5115 956 5172 Christi.
986 5114 1202 5171 Falsum
1227 5123 1312 5170 est
1338 5114 1497 5185 igitur
1529 5113 1672 5184 quod
1700 5113 1902 5182 dixisti,

320 5227 341 5261 ι
376 5207 433 5263 Si
465 5206 664 5262 malum
706 5198 830 5261 inde
860 5204 1123 5271 trahitur,
1161 5205 1399 5260 accusari
1429 5211 1640 5274 potest,
1664 5203 1905 5260 excusari

319 5314 425 5355 non
473 5306 655 5370 potest
686 5317 699 5353 :
736 5317 755 5352 ι
789 5298 911 5369 quia
950 5297 1176 5353 trahitur
1218 5295 1343 5351 inde
1383 5296 1641 5367 originale
1682 5297 1903 5364 malum,

317 5404 438 5446 cum
486 5390 729 5444 trahatur
774 5389 897 5445 inde
935 5389 1095 5444 etiam
1141 5388 1363 5452 bonum,
1411 5387 1653 5442 ordinata
1703 5388 1907 5443 scilicet

320 5481 631 5552 propagatio
658 5479 910 5534 ﬁliorum.
960 5478 1068 5534 Nec
1095 5478 1292 5532 malum
1319 5476 1449 5532 illud
1478 5477 1600 5532 inde
1642 5476 1763 5532 ideo
1793 5486 1904 5532 tra-

320 5574 484 5643 hitur,
531 5574 655 5647 quia
700 5574 855 5633 bonre
896 5580 1022 5627 sunt
1065 5572 1302 5641 nuptiae;
1348 5568 1443 5627 sed
1479 5570 1612 5642 quia.
1649 5569 1704 5624 in
1751 5568 1907 5624 bonis

1490 5710 1517 5721 ,ρ

385 5754 401 5785 ι
438 5761 539 5804 Arn.
567 5760 619 5803 et
663 5758 760 5810 Er.,
805 5755 851 5802 et
902 5750 1197 5802 innocentem
1240 5760 1341 5799 esse
1385 5746 1637 5812 parvulum
1673 5760 1760 5811 per
1796 5760 1906 5811 pro-

320 5813 495 5871 prium.
524 5815 770 5865 amendati
793 5821 906 5863 sunt
927 5826 954 5862 a
977 5812 1348 5920 Ιυνιιιιὶιιιιδὶιῖἶδ
1369 5813 1652 5861 auctoritate
1676 5816 1783 5860 Mss.

385 5880 404 5908 ι
436 5880 506 5920 sit!
528 5878 711 5920 alimmt
733 5883 837 5920 Mss.
865 5876 980 5920 aliti
1006 5888 1141 5920 vero.
1166 5886 1280 5920 ure:
1318 5886 1383 5920 cs.

385 5880 404 5908 ‘
436 5880 506 5929 sic
528 5878 711 5938 aliquot
732 5883 837 5927 Mss.
864 5877 981 5925 Εύὶιί
1006 5888 1141 5936 vero,
1166 5877 1383 5923 t‘tt't’tl'tcs.

1709 432 1911 490 LIBER
1948 434 2265 493 TERTIUS.

3525 451 3628 506 730

2037 564 2222 604 earum
2248 559 2329 607 est
2354 552 2514 607 etiam
2543 567 2673 609 usus
2696 554 2843 610 mali.
2875 557 2992 613 Non
3022 559 3172 614 enim-
3192 562 3379 630 copula
3412 565 3626 633 nuptia-

2036 640 2120 705 lis,
2152 640 2288 697 ticut
2319 651 2469 712 putas
2488 685 2503 710 ,
2536 653 2756 714 propter
2780 648 2960 704 carnis
2985 653 3487 720 concupiscentiam,
3521 660 3618 711 sed

2034 739 2251 801 propter
2275 732 2471 788 bonum
2501 735 2644 803 quod
2682 735 2749 791 de
2793 738 2898 793 isto
2943 740 3083 794 malo
3128 741 3203 805 fit,
3252 743 3488 797 instituta
3515 754 3619 800 est.

2031 821 2184 889 Quod
2221 823 2435 893 quidem
2467 825 2665 881 bonum
2702 828 2820 884 sine
2849 829 2951 885 isto
2980 832 3120 885 malo
3152 833 3336 898 ﬁeret,
3370 833 3414 887 si
3457 846 3622 891 nemo

2032 923 2323 983 peccasset.
2341 915 2493 971 Nunc
2519 932 2649 987 ergo
2673 920 2791 975 sine
2833 920 2935 974 isto
2963 923 3102 975 malo
3136 938 3256 977 esse
3284 940 3387 978 non
3420 935 3619 994 potest,

2032 1004 2125 1059 sed
2152 1020 2257 1059 non
2300 1005 2420 1061 ideo
2456 1008 2653 1062 malum
2685 1020 2786 1065 est.
2830 1010 2977 1065 Sicut
3008 1028 3038 1067 e
3078 1016 3346 1068 contrario
3366 1056 3381 1079 ,
3414 1017 3619 1072 nullum

2028 1096 2227 1150 malum
2257 1098 2374 1153 sine
2402 1099 2581 1169 aliquo
2607 1100 2747 1155 bono
2772 1117 2895 1158 esse
2921 1112 3114 1172 potest,
3147 1120 3247 1159 nec
3273 1105 3392 1159 ideo
3417 1106 3616 1162 bonum

2029 1196 2129 1242 est.
2175 1187 2320 1258 Opus
2349 1190 2492 1244 enim
2525 1192 2619 1247 Dei
2646 1193 2844 1248 bonum
2887 1203 2970 1249 est
3009 1196 3062 1249 in
3105 1206 3328 1261 natura,
3357 1197 3472 1252 sine
3510 1215 3619 1268 quo

2028 1287 2205 1336 tamen
2249 1296 2367 1337 esse
2410 1298 2514 1338 non
2552 1293 2726 1354 potest
2755 1288 3000 1341 voluntas
3044 1288 3208 1340 mala.
3254 1291 3330 1343 Ac
3375 1304 3470 1358 per
3513 1290 3618 1346 hoc

2027 1370 2163 1425 sicut
2189 1371 2505 1428 adulterium
2537 1390 2644 1430 non
2676 1386 2852 1445 potest
2893 1393 3013 1432 esse
3042 1378 3159 1433 sine
3200 1378 3343 1433 bono
3384 1390 3610 1444 naturae,

2026 1476 2125 1516 nec
2150 1461 2271 1517 ideo
2298 1464 2493 1519 bonum
2522 1475 2606 1521 est
2633 1484 2649 1521 :
2678 1471 2749 1520 ita
2785 1470 3109 1522 et-nnubium
3146 1483 3251 1524 non
3294 1480 3465 1539 potest
3491 1486 3616 1526 esse

2025 1552 2140 1606 sine
2167 1554 2307 1608 malo
2333 1555 2797 1625 concupiscentiae,
2828 1573 2926 1613 nec
2954 1559 3074 1614 ideo
3106 1560 3305 1614 malum
3336 1571 3439 1617 est.
3470 1561 3613 1628 Qua-

2024 1654 2242 1716 propter
2287 1647 2495 1702 etiamsi
2540 1649 2633 1703 tibi
2680 1651 3040 1716 concedatur,
3078 1671 3097 1705 ι
3136 1668 3349 1708 omnem
3393 1669 3606 1709 causam

2023 1737 2148 1791 mali
2188 1753 2308 1794 esse
2348 1748 2622 1807 expertem
2665 1741 2828 1807 boni;
2867 1762 2887 1794 ι
2921 1744 3050 1798 nihil
3102 1744 3226 1799 hinc
3268 1746 3499 1800 refertur
3540 1745 3606 1802 ad

2022 1829 2263 1897 nuptias,
2287 1844 2405 1898 qua:
2430 1846 2535 1883 non
2575 1840 2700 1885 sunt
2725 1848 2885 1887 causa
2915 1835 3057 1887 mali.
3090 1834 3273 1903 Neque
3310 1836 3451 1890 enim
3479 1851 3615 1890 con-

2020 1919 2361 1989 cupiscentia:
2402 1922 2598 1976 malum
2639 1925 2835 1992 nuptize
2882 1925 3157 1993 fecerunt;
3208 1927 3301 1982 sed
3333 1943 3437 1997 quo
3469 1928 3606 1984 bene

2019 2019 2317 2076 uterentur,
2348 2022 2590 2081 paratum
2624 2014 2960 2071 invenerunt.

2088 2100 2314 2159 CAPUT
2352 2103 2617 2160 XXIV.-—
2632 2106 2721 2161 54.
2757 2124 2775 2158 ι
2812 2107 2928 2162 Νοιι
2956 2108 3151 2173 evadit,
3183 2127 3202 2160 ι
3229 2109 3425 2179 inquis,
3458 2128 3477 2162 ι
3508 2125 3598 2166 res

2018 2195 2107 2249 illa
2144 2196 2482 2265 supplicium,
2508 2198 2665 2266 cujus
2701 2199 3109 2269 participatione
3145 2200 3305 2254 etiam
3346 2202 3445 2254 alia
3489 2210 3600 2256 tra~

2018 2285 2154 2339 bunt
2182 2295 2407 2340 reatum.
2453 2306 2473 2339 ι
2511 2287 2622 2341 Iloc
2653 2287 2699 2342 si
2728 2288 2796 2342 de
2822 2289 3251 2359 concupiscentia
3278 2293 3455 2345 carnis
3479 2306 3605 2345 seir-

2020 2376 2113 2441 tis,
2139 2391 2243 2430 non
2272 2377 2503 2432 absurde
2533 2379 2719 2433 sentis.
2746 2379 2858 2434 Iloc
2881 2380 3023 2434 enim
3053 2381 3195 2435 malo
3224 2381 3359 2436 bene
3388 2390 3608 2436 utuntur

2017 2466 2201 2521 ﬁdeles
2228 2468 2518 2537 conjugati,
2569 2478 2624 2525 et
2667 2484 2736 2524 ex
2771 2469 2875 2525 hoc
2902 2471 2991 2540 qui
3040 2480 3364 2540 generantur
3399 2482 3615 2527 reatum

2018 2557 2252 2624 trahunt,
2293 2558 2521 2629 ideoque
2545 2568 2599 2615 et
2625 2560 2724 2629 ipsi
2756 2562 3103 2629 regenerandi
3151 2572 3294 2617 sunt.
3333 2562 3388 2616 Id
3425 2573 3602 2618 autem

2015 2648 2216 2703 malum
2257 2664 2363 2702 non
2404 2649 2580 2703 evadit
2617 2652 2974 2719 supplicium:
3025 2650 3127 2706 hoc
3177 2661 3259 2707 est
3300 2652 3441 2707 enim
3490 2653 3606 2722 ejus

2022 2740 2364 2810 supplicium,
2395 2747 2455 2795 ut
2477 2757 2598 2796 cum
2623 2745 2912 2812 generatis,
2942 2744 2987 2798 si
3018 2745 3315 2814 rcgencrati
3348 2760 3451 2799 non
3483 2745 3603 2800 fue-

2018 2830 2149 2896 rint,
2198 2832 2480 2900 puniatur;
2531 2833 2581 2887 iu
2614 2835 2941 2903 rcgeneratis
2970 2845 3169 2901 autem,
3199 2852 3318 2890 cum
3349 2852 3416 2891 ex
3456 2839 3607 2891 omni

2020 2932 2173 2990 parte
2200 2922 2369 2976 sanati
2398 2922 2612 2987 fuerint,
2644 2934 3009 2979 consumatur.
3049 2944 3067 2977 ι
3100 2924 3156 2980 Si
3188 2926 3432 2993 trahitur,
3469 2942 3489 2978 ι
3521 2926 3602 2979 in-

2013 3012 2152 3081 quis,
2217 3029 2237 3062 ι
2270 3011 2418 3066 etde
2464 3013 2661 3083 nuptiis
2707 3014 2965 3084 originale
3006 3015 3228 3082 malum,
3260 3030 3418 3068 causa
3465 3016 3592 3069 mali

2012 3110 2095 3155 est
2119 3102 2399 3155 conventio
2429 3103 2753 3171 nuptiarum.
2787 3122 2805 3155 ι
2829 3103 2963 3170 Quid
2987 3104 3031 3158 si
3053 3104 3187 3157 alius
3215 3104 3375 3171 dicat,
3401 3105 3455 3161 Si
3481 3115 3593 3159 tra-

2013 3192 2155 3246 hitur
2182 3192 2248 3247 de
2273 3201 2460 3247 natura
2490 3194 2733 3249 voluntas
2763 3196 2919 3260 mala,
2944 3211 3102 3250 causa
3131 3197 3253 3250 mali
3282 3206 3364 3250 est
3391 3197 3594 3251 consti-

2011 3285 2144 3339 tutio
2171 3285 2517 3339 naturarum?
2548 3300 2724 3340 nonne
2754 3286 3092 3340 falsissimum
3120 3287 3241 3342 est?
3278 3288 3367 3342 Sic
3388 3302 3517 3358 ergo
3542 3298 3595 3343 et

2010 3376 2153 3447 quod
2207 3376 2321 3445 ipse
2370 3376 2584 3442 dixisti;
2637 3377 2879 3447 quamvis
2935 3378 3192 3448 originale
3239 3380 3440 3433 malum
3488 3395 3596 3433 non

2010 3466 2079 3522 de
2104 3467 2301 3536 nuptiis
2328 3467 2601 3534 trahatur,
2648 3468 2742 3522 sed
2788 3468 2855 3523 de
2892 3470 3091 3523 carnali
3129 3470 3601 3539 concupiscentia;

2010 3565 2194 3612 contra
2248 3557 2390 3626 quod
2445 3558 2641 3612 malum
2695 3566 2750 3613 et
2794 3559 2907 3628 ipse
2957 3560 3249 3631 conﬁigis:
3294 3575 3400 3630 quo
3453 3562 3597 3616 malo

2011 3651 2279 3723 conjugati
2335 3652 2474 3707 bene
2522 3659 2783 3720 utuntur,
2832 3652 2876 3706 si
2932 3654 3043 3707 sola
3097 3654 3351 3723 conjuges
3407 3669 3598 3723 propa-

2010 3742 2235 3811 gationis
2266 3742 2435 3812 gratia
2467 3742 2822 3806 misceantur;
2853 3752 2905 3797 et
2932 3743 2974 3795 si
3009 3753 3282 3812 peccatum
3314 3758 3420 3796 non
3453 3759 3594 3813 prte-

2009 3836 2261 3889 cessisset
2303 3834 2444 3903 quod
2494 3834 2547 3888 in
2589 3850 2774 3888 omnes
2821 3834 3065 3888 homines
3111 3840 3438 3904 pertransiit.
3494 3850 3595 3891 nec

2009 3923 2195 3979 fuisset
2220 3925 2456 3995 profecto
2483 3926 2678 3979 malum
2702 3940 2809 3995 quo
2838 3926 2973 3980 bene
2998 3935 3292 3993 uterentur,
3322 3936 3376 3981 et
3411 3936 3588 3981 tamen

2009 4025 2069 4070 ut
2091 4024 2438 4087 procrearent
2466 4015 2602 4069 ﬁlios
2626 4016 3002 4070 miscerentur.

2080 4108 2171 4163 55.
2213 4107 2289 4163 De
2338 4107 2618 4161 arboribus
2662 4116 2840 4161 autem
2883 4106 3019 4161 bona
3048 4116 3103 4161 et
3131 4108 3288 4172 mala,
3335 4117 3591 4178 quantum

2008 4197 2298 4263 erraveris,
2331 4207 2458 4267 puto
2487 4212 2573 4251 me
2611 4197 2739 4251 satis
2768 4196 3164 4252 demonstrasse
3188 4198 3252 4251 οἰιι
3298 4199 3468 4267 primo
3499 4200 3596 4252 liu-

2004 4291 2093 4363 jus
2120 4289 2297 4361 nperis
2323 4288 2458 4344 libro
2484 4286 2632 4360 (Cap.
2659 4289 2713 4351 8,
2743 4306 2796 4342 η.
2828 4289 2991 4343 58-41
3028 4290 3047 4360 )
3090 4306 3104 4342 :
3135 4298 3190 4344 et
3218 4304 3338 4343 cum
3378 4289 3595 4343 eosdem

2008 4381 2179 4437 nodos
2205 4390 2435 4451 repetas,
2477 4381 2566 4450 qui
2610 4380 2721 4449 jam
2766 4380 2925 4434 soluti
2967 4388 3113 4449 sunt,
3154 4394 3260 4435 non
3290 4390 3373 4434 est
3401 4394 3592 4449 super-

2007 4470 2128 4526 ﬂuis
2158 4471 2568 4525 immorandum.
2614 4469 2819 4537 Quaaris
2864 4489 2883 4522 ι
2916 4485 3012 4539 per
3040 4470 3165 4541 quid
3200 4478 3477 4540 peccatum
3511 4470 3593 4524 in-

2008 4562 2253 4617 veniatur
2277 4559 2329 4614 in
2363 4561 2635 4630 parvulis;
2674 4578 2692 4611 ι
2724 4569 2778 4614 et
2803 4575 3087 4615 enumeras
3118 4559 3281 4613 multa
3310 4560 3471 4626 bona,
3515 4567 3593 4614 ta-

2007 4668 2135 4709 cens
2167 4652 2235 4708 de
2263 4652 2427 4718 malo,
2472 4660 2655 4706 contra
2696 4651 2839 4721 quod
2867 4666 3069 4721 pugnas
3097 4666 3111 4703 :
3145 4650 3237 4706 sed
3268 4666 3390 4705 cum
3423 4659 3591 4712 taces.

2008 4744 2228 4798 clamas.
2283 4760 2302 4794 t
2348 4741 2641 4805 Parentes,
2666 4759 2686 4793 ι
2732 4741 2943 4810 inquis,
2997 4759 3018 4792 ι
3060 4740 3151 4810 qui
3188 4750 3454 4794 conventu
3494 4754 3595 4793 suo

2008 4848 2222 4890 causam
2251 4830 2425 4887 fecere
2446 4840 2684 4900 peccato,
2712 4830 2833 4899 jure
2855 4829 3219 4894 damnabiles;
3254 4845 3482 4899 quorum
3512 4830 3596 4883 la-

2008 4916 2139 4978 bore
2153 4929 2331 4976 actum
2352 4929 2434 4975 est
2456 4928 2512 4975 ut
2531 4919 2595 4975 ad
2613 4919 2944 4974 dominatum
2961 4919 3319 4974 exercendum
3339 4919 3389 4973 in
3409 4918 3587 4973 homi-

2008 5029 2103 5069 nes
2133 5011 2376 5067 diabolus
2404 5010 2728 5080 perveniret.
2772 5028 2792 5062 ι
2834 5011 2995 5065 Potes
3023 5010 3124 5065 hoc
3148 5019 3202 5066 et
3240 5011 3339 5081 ipsi
3363 5012 3472 5066 Deo
3501 5012 3593 5066 di-

2008 5119 2153 5170 cere,
2181 5117 2287 5157 uon
2315 5100 2435 5156 dico
2455 5100 2577 5171 quia
2595 5109 2741 5154 creat
2765 5099 3010 5155 homines
3041 5101 3313 5157 trahentes
3334 5102 3594 5173 originale

2008 5202 2306 5266 peccatum,
2323 5194 2445 5263 quia
2462 5191 2512 5245 id
2537 5200 2592 5246 tu
2612 5205 2803 5261 negas;
2832 5191 2925 5247 sed
2944 5192 3064 5265 quia
3086 5190 3252 5249 nutrit
3266 5202 3321 5249 et
3337 5195 3495 5248 vestit
3512 5194 3596 5248 in-

2009 5285 2366 5342 numerabiles
2387 5285 2599 5355 impios,
2619 5285 2779 5340 etiam
2797 5299 2931 5356 quos
2955 5287 3099 5341 novit
3116 5287 3167 5341 in
3186 5287 3299 5357 ipsa
3321 5288 3594 5358 impietate

2011 5391 2287 5434 mansuros
2307 5393 2320 5429 :
2340 5375 2482 5446 quod
2507 5374 2745 5446 profecto
2769 5377 2813 5430 si
2841 5392 2946 5431 non
2964 5376 3198 5446 fecisset,
3216 5393 3402 5435 servos
3422 5378 3598 5434 homi-

2011 5486 2108 5526 nes
2127 5468 2367 5524 diabolus
2389 5483 2497 5523 non
2522 5469 2763 5524 haberet.
2800 5469 2905 5526 Sed
2933 5470 3151 5526 forsitan
3176 5471 3343 5540 dicas,
3379 5474 3518 5528 Deus
3541 5472 3597 5528 in

2012 5563 2092 5620 eis
2114 5561 2393 5634 pascendis
2420 5577 2524 5617 non
2552 5562 2776 5618 attendit
2806 5564 2907 5619 nisi
2939 5564 3157 5630 bonum,
3186 5565 3337 5635 cujus
3362 5565 3475 5634 ipse
3501 5580 3599 5619 au-

2013 5666 2129 5712 ctor
2154 5664 2257 5722 est,
2289 5655 2429 5725 quod
2464 5655 2709 5711 homines
2738 5666 2883 5712 sunt.
2911 5656 2999 5713 Sic
3027 5671 3161 5725 ergo
3183 5664 3238 5712 et
3275 5666 3520 5726 parentes
3542 5656 3597 5711 in

2015 5749 2137 5803 filiis
2151 5747 2427 5818 gignendis
2445 5762 2550 5802 non
2581 5747 2861 5802 attendunt
2890 5747 2990 5801 nisi
3018 5747 3236 5809 bonum,
3266 5745 3405 5813 quod
3426 5745 3598 5800 homi-

2015 5853 2110 5893 nes
2127 5846 2268 5905 sunt,
2289 5838 2517 5893 maxime
2534 5839 2831 5893 nescientes
2845 5837 3030 5908 quales
3042 5836 3202 5891 futuri
3213 5846 3353 5892 sunt.
3372 5836 3601 5907 Nempe,
