4118 6536
470 442 567 502 751

469 557 612 632 quod
642 557 802 614 etiam
831 563 887 622 tu
914 552 1186 611 conﬁteris
1207 593 1224 620 ,
1255 562 1534 623 peccatum
1561 549 1764 604 nullum
1802 555 1983 613 esset,
2011 544 2058 600 si

470 652 613 708 nulla
641 648 1007 720 praecessisset
1047 646 1294 701 voluntas
1318 644 1460 699 mala
1500 661 1516 697 :
1567 643 1690 712 quia
1717 648 1772 696 et
1797 636 2058 709 originale

473 752 752 815 peccatum
787 739 948 811 (quod
976 754 1074 794 nos
1093 738 1324 793 dicimus
1341 777 1356 801 ,
1379 749 1476 790 vos
1495 733 1722 805 negatis)
1747 732 1948 786 nullum
1976 745 2062 786 es-

477 847 559 892 set
591 835 772 905 utique
797 874 812 898 ,
842 832 942 888 nisi
970 841 1156 886 natura
1185 846 1248 886 ex
1281 829 1435 900 primi
1460 826 1694 882 hominis
1713 823 1850 879 mala
1874 823 2064 878 volun-

479 935 590 981 tate
619 927 819 980 vitiata.
861 923 966 978 Sed
999 923 1142 978 nulla
1181 930 1323 976 esset
1356 921 1516 976 etiam
1539 918 1786 972 voluntas
1825 915 1986 978 mala,
2015 913 2060 968 si

478 1018 619 1071 nulla
667 1015 1029 1086 prmeessisset
1067 1022 1274 1078 natura,
1311 1011 1394 1067 vel
1431 1009 1667 1080 angelica
1698 1008 1780 1063 vel
1806 1005 2060 1061 humana.

477 1107 741 1178 Numquid
769 1115 982 1175 propter
1011 1104 1112 1159 hoc
1141 1105 1303 1160 Deum
1331 1117 1548 1158 causam
1573 1101 1812 1154 dicturus
1838 1113 1898 1154 es
1929 1112 2062 1169 pec-

478 1209 740 1257 catorum,
766 1198 886 1265 quia
911 1197 1156 1250 voluntas
1179 1195 1294 1264 eius
1315 1208 1472 1250 causa
1498 1202 1580 1247 est
1604 1191 1940 1246 mutabilium
1963 1205 2063 1244 na-

479 1289 756 1344 turarum?
783 1287 929 1342 Sicut
956 1302 1085 1356 ergo
1112 1287 1312 1341 creanti
1343 1285 1454 1339 Deo
1479 1299 1584 1338 non
1607 1285 1892 1352 imputatur
1919 1280 2063 1351 quod

481 1382 770 1434 rationales
799 1389 999 1433 natm-zu
1023 1396 1051 1430 ει
1083 1380 1222 1434 bono
1248 1378 1534 1441 deﬁciunt,
1565 1375 1660 1430 sed
1691 1375 1831 1445 quod
1867 1373 2062 1429 bonum

481 1485 606 1529 sunt
638 1492 651 1526 :
699 1477 775 1528 sic
821 1475 1132 1545 parentibus
1160 1474 1496 1545 gignentibus
1525 1481 1583 1527 et
1623 1465 1763 1526 malo
1805 1471 2063 1539 concupi-

480 1567 698 1618 scentia:
737 1565 873 1620 bene
917 1568 1182 1620 utentibus
1233 1580 1337 1619 non
1381 1563 1748 1633 imputandum
1793 1571 1872 1617 est
1922 1561 2064 1632 quod

479 1671 600 1709 cum
629 1671 695 1710 eo
723 1657 863 1712 man
892 1656 982 1710 ﬁlii
1009 1667 1318 1723 nascuntur,
1359 1655 1453 1710 sed
1493 1654 1634 1725 quod
1675 1655 1870 1709 bonum
1915 1661 2060 1706 sunt.

479 1746 596 1802 Non
625 1760 799 1803 autem
841 1747 980 1810 ideo,
998 1749 1135 1803 sicut
1159 1757 1330 1817 putas,
1356 1765 1374 1799 ι
1397 1747 1656 1801 adiabolo
1688 1745 1898 1800 ducitur
1913 1743 2066 1813 origo

480 1843 815 1897 nasccntium
840 1883 854 1904 ,
887 1861 906 1894 ›
941 1843 994 1896 in
1021 1851 1274 1912 quantmn
1323 1841 1566 1895 homines
1591 1849 1736 1902 sunt,
1771 1857 1792 1891 ε
1835 1837 1957 1908 quia
1984 1837 2065 1892 di-

479 1933 618 1986 citur
651 1949 680 1987 a
718 1933 930 1987 diabolo
959 1948 1078 1990 esse
1120 1933 1270 2002 origo
1305 1931 1534 2002 peccati,
1577 1925 1692 1985 siné
1739 1945 1846 2000 quo
1889 1929 2068 1984 nullus

479 2024 721 2078 nascitur
749 2023 1044 2078 hominum.
1081 2042 1100 2076 ι
1136 2023 1320 2092 Neque
1347 2024 1488 2078 enim
1533 2021 1654 2092 quia
1695 2022 1848 2092 origo
1876 2019 2066 2076 mortis

476 2130 509 2170 a
535 2115 748 2172 diabolo
771 2125 872 2178 est,
909 2116 1028 2171 ideo
1053 2117 1120 2171 ab
1149 2115 1240 2170 illo
1266 2124 1348 2170 est
1375 2115 1524 2184 origo
1551 2113 1874 2168 mortalium.

547 2208 638 2263 56.
685 2227 705 2260 ι
737 2209 940 2265 ltimam
965 2212 981 2244 ³
1013 2230 1032 2264 ι
1060 2210 1254 2282 (ιιιωι-ἰς
1281 2227 1300 2260 ι
1333 2209 1469 2264 inter
1487 2215 1564 2262 tot
1587 2206 1904 2262 innocentia:
1927 2219 2059 2276 prte-

477 2297 634 2372 sidia,
689 2319 790 2375 qua
848 2303 1078 2374 pomerit
1117 2301 1318 2357 intrare
1363 2307 1686 2370 peccatum:
1728 2316 1746 2348 ι
1803 2311 1924 2351 cum
1969 2294 2066 2350 tibi

477 2397 722 2454 ostendat
753 2395 1025 2466 apostolus
1047 2393 1260 2458 Paulus,
1286 2407 1391 2446 non
1419 2390 1631 2455 rimam,
1668 2388 1764 2444 sed
1791 2388 2070 2458 apertissi-

480 2504 626 2547 mum
661 2487 899 2558 januam,
941 2485 1146 2552 dicens,
1189 2482 1295 2538 Per
1321 2499 1482 2537 unum
1523 2481 1776 2535 hominem
1806 2489 2068 2550 peccatum

476 2580 682 2636 intravit
723 2580 778 2633 in
825 2577 1089 2640 mundum,
1117 2587 1164 2630 et
1203 2592 1292 2647 per
1321 2585 1580 2644 peccatum
1619 2587 1790 2636 mors;
1831 2580 1877 2625 et
1906 2571 1978 2624 ita
2013 2571 2069 2624 in

479 2687 654 2726 omnes
690 2671 914 2725 homines
948 2668 1256 2740 pertransiit.
1297 2665 1402 2722 Sed
1433 2665 1552 2719 hrcc‘
1569 2673 1752 2718 tacens
1778 2663 1958 2730 verba,
1983 2661 2068 2717 di-

481 2763 560 2818 cis
587 2771 695 2828 tua,
729 2780 748 2814 ι
775 2761 908 2828 Quia
927 2775 1170 2831 peropus
1193 2758 1283 2814 Dei
1313 2772 1448 2828 opus
1475 2755 1670 2810 diaboli
1694 2755 1922 2809 transire
1961 2768 2068 2809 non

477 2857 714 2911 sinitur:
748 2873 766 2906 ι
800 2868 921 2908 cum
952 2853 1197 2907 homines
1225 2850 1332 2905 sint
1355 2863 1491 2920 Opus
1520 2848 1634 2914 Dei,
1669 2857 1943 2920 peccatum
1974 2861 2070 2902 att-

477 2957 589 3003 tem
620 2961 753 3016 opus
779 2945 994 3010 diaboli,
1025 2942 1164 3016 quod
1191 2943 1318 2998 dicit
1344 2941 1628 3012 Apostolus
1659 2941 1710 2994 in
1735 2953 2072 3021 omnespcr—

481 3039 758 3094 transisse.
785 3037 1016 3098 Clamas,
1051 3055 1069 3088 ι
1105 3033 1160 3090 Si
1193 3044 1378 3089 natura
1405 3049 1501 3103 per
1525 3031 1691 3088 Deum
1713 3041 1814 3095 est,
1846 3047 1950 3086 non
1973 3045 2072 3103 po-

485 3139 592 3186 test
621 3133 674 3186 in
701 3146 764 3186 ea
794 3145 914 3185 esse
942 3129 1202 3201 originale
1231 3129 1428 3183 malum
1468 3145 1481 3182 :
1531 3145 1551 3180 ι
1597 3127 1748 3198 quasi
1784 3142 1892 3181 non
1935 3128 2072 3182 alius

484 3223 786 3294 religiosius
813 3221 915 3277 sibi
941 3221 1174 3278 clamare
1201 3219 1460 3286 videatur,
1491 3218 1548 3273 Si
1583 3229 1766 3273 natura
1795 3235 1888 3288 per
1906 3219 2071 3276 Deum

481 3325 587 3384 est,
627 3331 732 3371 non
785 3323 959 3386 potest
1001 3331 1065 3371 ex
1095 3329 1158 3370 ea
1187 3313 1332 3369 nasci
1359 3313 1526 3368 ullum
1573 3311 1794 3378 malum,
1837 3321 1932 3366 aut
1965 3325 2072 3366 non

479 3417 660 3478 potest
704 3407 756 3461 in
795 3422 860 3462 ea
901 3421 1022 3462 esse
1067 3405 1230 3460 ullum
1274 3405 1491 3459 malum.
1539 3403 1606 3458 Et
1652 3414 1833 3458 tamen
1880 3402 2072 3456 falsum

482 3507 567 3553 est
609 3515 622 3553 :
672 3497 794 3568 quia
837 3512 938 3553 nec
976 3496 1106 3551 oriri
1143 3496 1338 3550 malum
1371 3502 1566 3566 potest,
1599 3493 1702 3549 nisi
1740 3509 1806 3548 ex
1848 3504 2071 3558 natura;

483 3603 586 3644 nec
613 3589 700 3643 ubi
731 3589 796 3643 Sit
826 3589 1004 3652 habet.
1031 3589 1074 3643 si
1116 3603 1222 3642 non
1253 3585 1413 3641 fuerit
1451 3586 1504 3640 in
1545 3593 1754 3640 natura.
1800 3583 2076 3640 Conﬁteor

487 3681 646 3750 igitur
671 3694 806 3749 npus
836 3679 928 3734 Dei
961 3693 1086 3734 esse
1109 3677 1202 3749 qui
1240 3677 1497 3743 nascitur,
1527 3677 1687 3730 etiam
1716 3675 1935 3730 trahens
1960 3675 2073 3730 ori-

481 3773 659 3844 ginale
709 3773 940 3838 malum;
981 3771 1232 3843 quoniam
1271 3769 1412 3842 quod
1451 3769 1506 3824 in
1545 3769 1636 3824 illo
1675 3769 1767 3825 Dei
1795 3783 1930 3839 opus
1968 3777 2072 3836 est,

485 3865 684 3920 bonum
735 3874 818 3919 est
861 3881 876 3918 :
920 3863 1042 3934 quia
1087 3864 1285 3918 bonum
1316 3873 1398 3918 est
1436 3877 1571 3932 opus
1617 3863 1709 3918 Dei
1747 3863 1908 3918 etiam
1953 3877 2076 3917 cum

486 3959 651 4023 malo,
680 3973 785 4012 non
808 3957 982 4010 solum
1009 3956 1062 4009 in
1093 3955 1348 4026 parvulis,
1366 3969 1550 4010 verum
1581 3955 1742 4010 etiam
1773 3956 1824 4010 in
1855 3954 2077 4026 quibus-

484 4036 616 4105 libet
643 4049 908 4114 aetatibus,
953 4047 1054 4104 hoc
1079 4057 1179 4113 est,
1220 4047 1536 4114 substantia,
1570 4047 1759 4116 forma,
1788 4048 1916 4114 vita,
1948 4063 2078 4104 sen-

486 4159 598 4208 sus,
633 4142 787 4204 ratio,
821 4149 1122 4210 cmteraque
1150 4141 1330 4195 omnia
1359 4139 1520 4205 bona,
1548 4139 1710 4195 etiam
1738 4139 1789 4194 in
1817 4155 2078 4210 quocum-

485 4251 592 4307 que
645 4235 860 4289 homine
909 4233 1070 4288 malo.
1121 4233 1252 4300 Quis
1295 4242 1475 4289 autem
1529 4242 1781 4304 operatur
1826 4241 1887 4290 ut
1936 4234 2080 4290 vivat

491 4327 676 4388 homo,
731 4323 832 4379 nisi
885 4324 936 4378 in
986 4339 1092 4396 quo
1135 4324 1382 4391 vivimus,
1433 4339 1733 4390 movemur,
1790 4333 1845 4380 et
1895 4339 2080 4382 sumus

495 4415 634 4490 (Act.
661 4432 792 4479 xvu,
827 4415 958 4486 28)?
995 4415 1052 4470 ld
1089 4425 1270 4470 autem
1311 4424 1563 4486 operatur
1597 4416 1808 4472 occulto
1848 4417 2079 4487 quodam

494 4523 660 4578 Opere
689 4503 1053 4562 beneﬁcentiae
1078 4508 1100 4539 ⁸
1129 4521 1241 4561 suae
1261 4548 1276 4572 ,
1305 4507 1548 4576 exceptis
1573 4507 1840 4563 alimentis
1867 4509 2079 4578 ρει-ερί-

493 4603 610 4658 cuis
638 4601 833 4673 quibus
859 4601 1194 4657 extrinsecus
1221 4601 1568 4656 sustinemur.
1597 4601 1696 4669 Qui
1728 4616 1856 4672 ergo
1882 4615 2080 4672 opera-

493 4705 582 4750 tur
623 4703 680 4749 ut
707 4695 849 4748 vivat
893 4694 1071 4759 homo,
1111 4692 1354 4763 quamvis
1397 4692 1806 4747 conversatione
1849 4693 2078 4760 vitiosa;

495 4787 612 4858 ipse
639 4795 894 4858 operatur
915 4792 973 4840 ut
999 4793 1253 4840 nascatur
1279 4782 1463 4850 homo,
1500 4787 1744 4854 quamvis
1773 4783 1978 4856 origine
2005 4783 2084 4839 vi-

491 4878 642 4932 tiata.

563 4965 791 5024 CAPUT
821 4965 990 5021 XXV.
1037 4993 1112 5007 —-
1149 4965 1242 5021 57.
1273 4962 1410 5031 Quid
1439 4972 1522 5019 est
1549 4971 1749 5030 autem,
1781 4963 1923 5035 quod
1953 4978 2080 5034 pro-

493 5058 684 5128 positis
725 5054 842 5112 aliis
894 5072 960 5112 ex
999 5057 1134 5112 libro
1181 5071 1302 5111 meo
1338 5057 1516 5111 verbis
1560 5057 1696 5111 meis
1739 5055 1894 5126 ﬁngis
1937 5055 2082 5126 quod

495 5145 772 5212 dixerim,
831 5165 850 5198 ι
890 5146 1062 5202 Aliam
1119 5145 1284 5202 fuisse
1327 5147 1634 5218 nuptiarum
1688 5145 2080 5202 institutionem

498 5247 622 5293 ante
655 5249 930 5308 peccatum
959 5238 1107 5306 Adae,
1149 5255 1268 5310 qua:
1311 5239 1428 5294 sine
1470 5237 1924 5308 concupiscentia,
1966 5239 2083 5295 sine

501 5340 648 5385 motu
677 5346 984 5402 corporum,
1016 5332 1132 5386 sine
1161 5331 1479 5386 necessitate
1501 5347 1721 5387 sexuum
1741 5347 1860 5387 esse
1887 5333 2087 5401 potuis-

499 5425 655 5480 sent?
689 5443 706 5471 ι
759 5423 986 5480 Detrahe
1033 5425 1230 5494 nuptiis
1276 5425 1763 5494 concupiscentiam
1808 5441 1911 5496 qua
1956 5440 2084 5480 caro

499 5517 826 5588 Concupiscit
855 5515 1111 5570 adversus
1137 5515 1401 5584 spiritum,
1433 5515 1652 5571 detrahe
1679 5517 1874 5571 malum
1896 5525 2085 5572 contra

501 5610 642 5680 quod
697 5621 901 5680 pugnas
943 5607 1171 5677 gloriosa
1215 5623 1472 5662 exercens
1513 5611 1853 5665 continentia:
1892 5611 2088 5667 virtute

500 5699 823 5763 certamina;
857 5705 910 5752 et
959 5710 1064 5750 non
1109 5711 1244 5767 Opus
1288 5708 1372 5753 est
1414 5708 1472 5754 ut
1515 5711 1708 5758 caetera
1736 5699 2009 5772 detrahas,
2041 5701 2087 5759 si

567 5831 580 5861 ¹
623 5839 720 5878 Am.
749 5836 798 5879 et
819 5835 950 5882 Mss.
981 5827 1152 5878 Rimas.

565 5893 587 5922 ⁸
623 5898 673 5940 tn
699 5899 823 5953 3155.,
847 5888 1198 5952 bene/trimum

1246 434 1522 494 CONTRA
1561 431 1900 491 JULIANUM
1939 429 2400 498 ΡΕιΑϐιΑΝωι,
2441 432 2498 489 S.
2539 433 2907 495 AUCUSTINI

3647 447 3754 508 73!

2175 546 2386 615 nuptias
2419 548 2614 618 quazris
2641 551 2825 621 quales
2863 562 2988 609 ante
3018 564 3292 626 peccatum
3333 559 3628 631 primorum
3659 564 3756 622 ho-

2169 639 2372 692 minum
2400 652 2520 694 esse
2548 651 2851 709 potuerunt.
2883 643 3012 702 Sine
3041 658 3187 704 motu
3213 651 3357 708 enim
3383 668 3670 726 corporum
3691 665 3750 714 et

2170 731 2285 786 sine
2315 733 2634 788 necessitate
2677 749 2900 790 sexuum
2929 739 3049 808 quis
3087 757 3322 813 unquam
3363 746 3498 802 ullas
3545 750 3756 819 nuptias

2170 823 2458 894 cogitavit?
2487 825 2594 880 Sed
2625 826 2818 883 bellum
2845 831 2990 901 quod
3016 833 3068 888 in
3097 849 3157 890 se
3187 839 3320 893 casti
3354 841 3610 908 sentiunt,
3643 844 3755 901 sive

2169 913 2528 983 continentes,
2549 917 2662 972 sive
2690 919 2850 974 etiam
2874 921 3162 994 conjugati,
3201 925 3303 982 hoc
3327 928 3552 985 dicimus
3577 933 3634 986 in
3667 948 3760 1001 pa-

2169 1004 2367 1070 radiso,
2393 1017 2518 1064 ante
2548 1019 2822 1078 peccatum
2848 1013 2994 1068 nullo
3019 1017 3178 1071 modo
3199 1033 3320 1075 esse
3345 1022 3604 1092 potuisse.
3627 1023 3758 1094 Ipsa:

2169 1109 2300 1166 ergo
2325 1099 2670 1243 etiam‘nuuc
2711 1112 2838 1158 sunt
2863 1107 3062 1177 nuptiae
3085 1149 3101 1176 ,
3147 1109 3240 1164 sed
3272 1112 3324 1165 in
3350 1114 3672 1182 generandis
3699 1116 3760 1168 ﬁ-

2171 1185 2256 1240 liis
2283 1195 2406 1242 tunc
2433 1205 2500 1243 nu
2531 1191 2581 1243 lO
2609 1192 2752 1243 malo
2779 1204 3055 1243 uterentur
3077 1239 3088 1243 -
3133 1216 3278 1243 num-
3305 1205 3760 1243 οηηιιιιηίςρηηιίω

2171 1185 2256 1240 liis
2283 1195 2406 1242 tunc
2433 1185 2581 1244 nudlo
2609 1192 2752 1246 malo
2779 1204 3055 1253 uterentur
3075 1239 3089 1264 ,
3133 1216 3278 1256 nunc
3305 1205 3760 1273 concupiscentia

2171 1277 2313 1332 malo
2341 1279 2479 1334 bene
2505 1289 2742 1337 utuntur.
2769 1283 2886 1352 Quo
2911 1289 3054 1342 malo
3081 1304 3174 1343 sua
3207 1293 3340 1346 bona
3367 1309 3473 1349 non
3503 1297 3754 1365 perdide—

2169 1379 2314 1433 runt,
2363 1370 2416 1425 in
2455 1372 2712 1428 castitatis
2757 1375 2881 1441 ﬁde,
2931 1379 2982 1434 in
3025 1381 3416 1451 eoujunctionis
3447 1385 3671 1454 ﬁndere,
3704 1388 3757 1444 in

2173 1465 2478 1534 propaginis
2514 1468 2776 1536 germine.
2821 1470 3136 1528 Adhmret‘ct
3161 1491 3290 1544 ergo
3331 1486 3458 1532 tunc
3489 1480 3650 1534 etiam
3679 1481 3760 1534 vir

2169 1557 2322 1610 uxori
2345 1567 2397 1610 ut
2423 1558 2698 1626 gignerent
2721 1561 2883 1628 ﬁlios;
2913 1580 3017 1618 non
3043 1573 3218 1620 tamen
3247 1569 3505 1625 haberent
3527 1571 3578 1624 in
3597 1585 3760 1626 carne

2171 1658 2374 1703 motum
2403 1649 2634 1705 libidinis
2661 1653 2906 1720 turbidae,
2932 1656 3025 1712 sed
3057 1661 3358 1730 tranquilla:
3390 1663 3762 1719 tantummodo

2171 1739 2478 1808 voluntatis,
2509 1759 2610 1812 qua
2642 1744 2964 1816 imperamus
2989 1753 3199 1807 creteris
3225 1755 3478 1812 membris
3505 1757 3546 1810 ¹.

2241 1832 2331 1890 58.
2373 1835 2566 1904 Arguis
2596 1851 2682 1892 me
2701 1879 2716 1902 ,
2747 1840 2888 1909 quod
2921 1857 2940 1893 α
2973 1857 3068 1898 eos
3099 1845 3348 1912 parvulos
3371 1846 3464 1918 qui
3505 1847 3761 1905 mundum

2168 1922 2546 1994 impleverunt,
2587 1944 2684 1998 pro
2717 1931 2908 2001 quibus
2948 1932 3193 1990 Christus
3220 1947 3463 1993 mortuus
3490 1949 3595 2006 est,
3641 1941 3762 1996 dia-

2171 2012 2278 2068 boli
2303 2031 2440 2085 opus
2457 2057 2473 2082 ,
2503 2027 2556 2072 et
2581 2019 2648 2073 de
2674 2023 2861 2078 morbo
2886 2033 3070 2091 natos,
3097 2034 3152 2081 et
3178 2027 3246 2082 ab
3273 2028 3494 2084 exordio
3518 2045 3640 2086 reos
3665 2031 3763 2087 de-

2170 2104 2378 2162 ﬁniam.
2417 2127 2438 2161 ι
2491 2109 2703 2167 Parvuli
2745 2129 2882 2184 opus
2929 2115 3125 2172 diaboli
3181 2119 3602 2178 substantialiter
3655 2139 3762 2180 non

2171 2206 2298 2252 sunt
2331 2217 2344 2253 :
2375 2199 2468 2255 sed
2495 2215 2658 2272 opere
2685 2203 2881 2260 diaboli
2911 2207 3242 2276 originaliter
3265 2211 3340 2265 rei
3365 2221 3509 2266 sunt.
3541 2213 3604 2268 Et
3641 2214 3762 2270 ideo

2172 2287 2439 2356 Christus,
2467 2293 2608 2362 quod
2639 2303 2693 2350 et
2733 2294 2850 2365 ipse
2885 2298 3180 2366 conﬁteris,
3216 2301 3378 2356 etiam
3408 2317 3506 2372 pro
3532 2305 3766 2373 parvulis

2173 2393 2416 2438 mortuus
2443 2395 2559 2452 est;
2587 2389 2706 2456 quia
2729 2398 2782 2444 et
2808 2389 2874 2444 ad
2903 2391 3046 2460 ipsos
3071 2394 3298 2462 pertinet
3323 2397 3560 2465 sanguis,
3589 2396 3680 2466 qui
3709 2397 3764 2452 in

2171 2477 2541 2534 remissionem
2570 2479 2717 2537 fusus
2736 2491 2818 2537 est
2845 2494 3181 2556 peccatorum
3211 2484 3424 2558 (Matth.
3453 2503 3599 2556 nvi,
3627 2488 3722 2560 ‘28)
3749 2506 3764 2543 :

2171 2583 2202 2622 a
2231 2584 2338 2639 quo
2365 2569 2483 2626 illos
2511 2573 2766 2642 sanguine
2805 2573 2976 2630 facitis
3004 2575 3231 2644 alienos,
3263 2593 3384 2632 cum
3413 2593 3537 2634 eum
3564 2580 3768 2650 negatis

2173 2659 2393 2716 trahere
2439 2663 2698 2734 originale
2745 2675 3047 2735 peccatum.
3098 2667 3210 2725 Nec
3257 2685 3579 2727 succenseas
3625 2672 3768 2744 quod

2173 2755 2660 2825 concupiscentiam
2688 2758 2798 2814 dixi
2825 2761 3095 2827 morbum,
3132 2762 3216 2817 cui
3243 2772 3300 2818 et
3329 2775 3382 2819 tu
3410 2763 3690 2820 confessus
3711 2779 3772 2820 es

2173 2848 2447 2918 provisum
2479 2847 2644 2906 fuisse
2683 2849 2996 2908 remedium.
3037 2854 3328 2910 Exordium
3361 2871 3492 2912 vero
3519 2861 3768 2927 parvulo-

2174 2955 2314 3002 rum,
2337 2956 2402 2996 ex
2429 2957 2536 3011 quo
2557 2955 2924 3012 nascerentur,
2958 2945 3012 3002 in
3037 2947 3208 3002 Adam
3233 2947 3366 3014 fuit;
3399 2966 3505 3019 quo
3531 2967 3629 3022 per
3651 2967 3771 3024 pec-

2173 3039 2350 3086 catum
2373 3033 2558 3089 vitiato
2578 3047 2738 3107 atque
2763 3037 3035 3108 damnato,
3063 3041 3292 3096 alterum
3311 3041 3392 3098 eis
3411 3037 3679 3114 Christus,
3697 3058 3764 3100 ex

2175 3141 2282 3196 quo
2308 3138 2734 3196 renascereutnr,
2763 3131 3012 3186 instituit.

2248 3215 2472 3272 CAPUT
2517 3217 2709 3273 XXVI.
2758 3250 2831 3260 —
2880 3222 2968 3277 59.
3005 3240 3026 3273 ¢
3059 3221 3114 3277 Si
3145 3231 3270 3279 ante
3299 3232 3598 3294 peccatum,
3633 3243 3654 3279 ι
3685 3228 3770 3282 ln-

2176 3295 2296 3376 quis
2315 3347 2332 3373 ,
2370 3325 2390 3359 ι
2426 3323 2521 3377 per
2553 3309 2716 3364 Deum
2757 3321 2995 3367 creatum
3023 3323 3112 3370 est
3139 3316 3280 3370 unde
3311 3315 3557 3373 homines
3581 3333 3770 3374 nasce-

2177 3407 2384 3463 rentur,
2415 3415 2510 3470 per
2537 3401 2810 3458 diabolum
2835 3413 3014 3460 autem
3051 3406 3190 3462 unde
3235 3419 3486 3480 parentes
3522 3425 3768 3465 coruino-

2177 3500 2465 3558 verentur;
2494 3492 2816 3548 adscribitur
2843 3497 2961 3552 sine
3000 3496 3164 3552 dubio
3203 3497 3457 3555 sanctitas
3501 3500 3772 3557 nascenti-

2177 3581 2312 3647 bus,
2341 3591 2396 3636 et
2420 3583 2574 3652 culpa
2605 3587 3002 3654 generantibus.
3037 3605 3056 3640 ι
3090 3587 3224 3656 Quid
3255 3590 3425 3655 dicis,
3459 3609 3479 3642 ε
3517 3601 3769 3662 parentes

2178 3675 2688 3729 commoverentur?
2726 3694 2746 3728 ι
2805 3677 2864 3731 Si
2905 3677 3100 3748 pietate
3137 3679 3442 3745 voluntatis,
3474 3697 3576 3753 qua
3625 3689 3776 3753 Optat

2181 3763 2320 3818 ﬁlios
2333 3765 2558 3835 quisque
2581 3767 2886 3837 suscipere;
2917 3780 2970 3824 et
2993 3771 3093 3826 hoc
3117 3785 3213 3839 per
3235 3773 3400 3827 Deum
3425 3773 3726 3828 iusﬁtutum
3751 3789 3766 3831 :

2180 3855 2225 3910 si
2266 3865 2444 3910 autem
2477 3857 2879 3926 perturbatione
2915 3860 3182 3928 libidinis,
3227 3864 3310 3918 cui
3347 3879 3448 3920 nec
3478 3865 3774 3922 excitanda:

2179 3962 2283 4003 nec
2310 3947 2617 4004 auferendae
2660 3949 2856 4006 subicit
2889 3953 3179 4009 voluntatis
3217 3957 3528 4022 arbitrium;
3571 3969 3775 4014 natum

2181 4039 2374 4094 vulnus
2401 4049 2488 4100 est
2529 4041 2598 4096 de
2643 4043 3116 4112 praevaricatione,
3161 4063 3320 4118 quam
3350 4049 3596 4104 diabolus
3643 4065 3769 4120 per-

2182 4129 2372 4193 suasit,
2429 4129 2708 4187 inﬁictum.
2763 4133 2929 4190 Recte
2973 4135 3151 4206 itaque
3201 4153 3231 4191 a
3283 4153 3372 4194 me
3419 4143 3618 4194 dictum
3669 4149 3771 4208 est,

2189 4237 2209 4272 ι
2242 4219 2425 4276 Fieret
2451 4222 2568 4277 sine
2597 4223 2702 4278 isto
2735 4225 2928 4279 morbo
2965 4227 3252 4283 seminatio
3295 4229 3526 4284 ﬁliorum
3559 4231 3612 4285 in
3649 4246 3774 4286 cor-

2184 4326 2315 4382 pore
2356 4313 2479 4366 vita:
2520 4313 2681 4380 illius,
2726 4313 2844 4370 sine
2883 4331 2990 4386 quo
3021 4333 3158 4372 nunc
3191 4319 3304 4373 ﬁeri
3348 4333 3454 4374 non
3509 4330 3684 4390 potest
3721 4322 3776 4376 in

2183 4417 2408 4473 corpore
2425 4404 2611 4458 mortis
2637 4403 2833 4475 hujus:
2869 4405 2974 4477 (De
3005 4405 3217 4479 Nuptiis
3253 4417 3300 4464 et
3339 4409 3774 4483 Concupiscentia,

2185 4493 2273 4548 lib.
2307 4495 2359 4560 1,
2391 4511 2506 4565 cap.
2539 4497 2613 4566 Ι).

2257 4587 2346 4644 60.
2387 4589 2538 4657 Quod
2567 4597 2746 4644 autem
2775 4592 3184 4661 argumentaris,
3225 4611 3245 4647 ‹
3279 4593 3344 4649 ad
3371 4593 3570 4650 bonum
3599 4595 3780 4652 fecun-

2185 4679 2364 4735 ditatis
2393 4681 2638 4752 parvulos
2665 4683 2952 4750 pertinere,
2981 4699 3102 4754 quze
3131 4684 3222 4739 Dei
3252 4685 3624 4742 benedictione
3649 4699 3775 4744 ante

2187 4773 2433 4826 morbum
2463 4771 2698 4827 libidinis
2725 4773 2966 4827 instituta
2994 4784 3112 4839 est;
3158 4777 3368 4846 nonad
3399 4777 3572 4846 ipsum
3602 4779 3778 4834 libidi-

2186 4863 2270 4918 nis
2299 4863 2565 4930 morbum,
2610 4863 2656 4917 si
2702 4872 2884 4933 postea
2913 4866 2934 4897 ¹
2965 4867 3307 4934 peccantibus
3345 4868 3572 4934 accidit;
3619 4879 3780 4942 atque

2189 4955 2312 5011 ideo
2353 4955 2690 5011 sanctitatem
2737 4956 3145 5012 adscribendam
3185 4975 3308 5015 esse
3335 4961 3698 5028 nascentibus,
3727 4971 3780 5018 et

2187 5047 2564 5118 generantibus
2587 5048 2796 5118 culpam
2823 5067 2838 5104 :
2875 5067 2895 5101 ι
2927 5065 3033 5105 non
3059 5052 3288 5107 attendis
3314 5063 3534 5122 peccato
3553 5055 3647 5108 illo
3669 5069 3782 5109 ma-

2187 5154 2294 5211 gno
2323 5139 2624 5196 universam
2658 5141 2713 5196 in
2753 5141 2992 5197 deterius
3021 5153 3277 5198 mutatam
3307 5145 3469 5202 fuisse
3511 5155 3778 5212 naturam,

2189 5230 2333 5285 unde
2375 5229 2547 5286 fuerat
2594 5247 2833 5302 propago
2875 5233 3136 5289 ducenda.
3187 5235 3278 5291 Sic
3307 5236 3449 5290 enim
3487 5251 3675 5304 posses
3697 5237 3782 5292 di-

2188 5337 2333 5387 cere,
2363 5321 2528 5377 Evam
2557 5321 2748 5389 solam,
2781 5339 2886 5377 non
2914 5333 3137 5380 caeteras
3165 5327 3390 5382 feminas
3421 5327 3638 5384 dolores
3661 5343 3785 5399 par-

2189 5414 2460 5468 turitiouis
2487 5414 2689 5471 sentire
2717 5415 2968 5471 debuisse
2996 5433 3011 5482 ;
3059 5419 3310 5486 quoniam
3349 5419 3654 5474 benedictio
3681 5435 3786 5488 qua

2189 5505 2390 5560 dictum
2421 5514 2534 5570 est;
2581 5505 2816 5574 Crescite,
2848 5517 2894 5562 et
2921 5509 3334 5578 multiplicamini
3371 5511 3524 5584 (Gen.
3588 5527 3628 5580 t,
3665 5511 3784 5578 28),

2191 5611 2258 5654 cx
2283 5613 2388 5670 qua
2419 5598 2508 5652 ﬁlii
2539 5609 2909 5669 procreantur,
2947 5611 3070 5658 ante
3096 5602 3232 5658 facta
3273 5613 3376 5678 est,
3399 5619 3561 5675 quam
3597 5605 3789 5662 fuisset

2261 5712 2438 5787 trama
2625 5724 2876 5787 speramus
2897 5713 2949 5764 in
2969 5715 3162 5787 (περᾷς
3189 5715 3444 5787 membris.
3469 5725 3545 5768 Er.
3572 5725 3626 5787 et
3653 5726 3788 5778 t.ov.,

2193 5781 2628 5893 [genam
2643 5777 2694 5824 in
2712 5777 2900 5828 caeteris
2922 5777 3162 5830 membris.
3189 5779 3511 5833 Emendantur
3524 5781 3588 5832 ad
3623 5793 3788 5832 mauu-

2276 5849 2286 5881 I
2403 5866 2416 5882 ο

2261 5897 2280 5928 ³
2313 5903 2360 5943 tu
2383 5897 2549 5960 editis,
2573 5896 2655 5962 qui
2675 5905 2848 5962 postea.
2887 5905 2936 5951 In
2960 5907 3084 5966 uss,
3112 5915 3153 5954 si
3173 5913 3350 5967 postea.
