4118 6526
463 579 757 650 indigeret;
793 579 932 636 unde
959 595 1128 651 genus
1171 579 1470 634 humanum
1495 619 1509 645 ,
1553 577 1714 633 etiam
1757 575 1811 628 in
1853 570 1936 626 bis
1966 569 2060 640 qui

463 673 600 726 viam
630 672 719 726 Dei
746 671 1409 738 ambulant,.claudicaret.

532 763 621 818 64.
661 764 726 819 Ει
760 773 937 820 tamen
973 779 1257 820 succenses
1297 763 1424 818 mihi
1453 805 1468 827 ,
1510 763 1632 831 quia
1670 759 1820 825 dixi,
1868 776 1886 808 ι
1929 755 2054 812 Ηιιιο

461 857 604 911 enim
630 875 748 927 qua:
773 859 841 914 ab
872 858 1268 928 impudentibus
1297 856 1632 927 impudenter
1658 852 1918 916 laudatur,
1952 867 2053 922 pu-

460 945 636 1002 denda
669 949 1100 1020 concupiscentia
1132 969 1151 1002 ι
1187 948 1288 1022 (De
1323 947 1492 1018 Nupt.
1528 957 1574 1000 et
1603 944 1962 1015 Concnp.,lib.
1995 945 2048 1007 l,

465 1057 518 1094 η.
550 1041 601 1112 l)
637 1058 650 1095 :
713 1053 767 1097 et
812 1043 976 1098 iratus
999 1043 1360 1115 impudentius
1385 1040 1547 1094 multa
1571 1037 1724 1104 dicis,
1752 1051 1848 1092 vos
1887 1034 2050 1091 extol-

461 1131 598 1198 lens,
635 1151 652 1184 t
695 1143 942 1205 tanquam
973 1137 988 1182 ἓ
1016 1134 1309 1204 Scripturis
1337 1131 1534 1186 sanctis
1557 1139 1610 1184 et
1636 1127 1832 1184 rationi
1859 1127 2064 1220 certis-'

458 1228 610 1280 sima:
645 1237 1031 1296 congruentes,
1074 1243 1142 1282 eo
1167 1227 1439 1298 preposito
1479 1239 1584 1278 non
1624 1236 1744 1276 esse
1773 1221 1825 1274 in
1858 1228 2048 1274 natura

460 1317 658 1370 malum
686 1317 1004 1383 defendatis,
1035 1327 1092 1372 ιιι
1117 1317 1182 1371 ad
1209 1317 1463 1370 virtutum
1489 1313 1662 1368 studia
1690 1311 1934 1400 homines
1961 1311 2047 1364 in-

458 1407 666 1474 citctis;
701 1409 1025 1464 inculcantes
1068 1409 1271 1462 nullum
1302 1406 1514 1462 culmen
1551 1406 1622 1460 ita
1661 1403 1884 1458 arduum
1924 1417 2046 1458 esse

458 1498 691 1567 virtutis,
721 1511 776 1555 ut
807 1517 910 1555 non
941 1501 1008 1556 ad
1046 1501 1172 1556 illud
1211 1499 1498 1570 adiuvante
1545 1499 1652 1554 Deo
1688 1512 1842 1553 mens
1884 1505 2045 1568 queat

460 1593 634 1648 fidelis
672 1593 932 1662 evadere;
985 1605 1144 1664 atque
1183 1593 1252 1650 ob
1291 1593 1394 1649 hoc
1435 1591 1626 1648 dicatis
1673 1607 1781 1646 non
1827 1607 1946 1646 esse
1987 1591 2043 1646 in

457 1701 620 1742 carne
657 1687 783 1741 mali
813 1688 1184 1742 necessitatem
1209 1727 1226 1755 ,
1268 1695 1324 1742 ut
1363 1687 1646 1743 erubescat
1682 1687 2044 1758 unusquisque

456 1776 794 1832 laudabiliter
819 1779 1085 1842 conditus,
1113 1778 1428 1834 deformiter
1454 1779 1652 1844 vivere,
1681 1793 1742 1834 ac
1767 1779 1845 1834 sic
1871 1779 2044 1850 pudor

457 1868 596 1937 turpi
626 1878 870 1923 occurrat
898 1869 1122 1939 ignavia:
1159 1869 1226 1924 de
1253 1870 1718 1926 commendatione
1749 1871 2042 1950 nobilitatis

451 1960 701 2030 ingenitae
727 1979 740 2016 :
781 1980 801 2014 ι
833 1969 886 2016 et
911 1971 1103 2018 caetera
1135 1963 1460 2034 hujusmodi,
1487 1981 1606 2036 qua:
1632 1967 1761 2020 satis
1787 1965 2042 2038 eloquen-

452 2059 536 2105 ter
564 2051 617 2106 in
647 2061 822 2107 vestra
848 2052 1228 2122 praedicatione
1252 2054 1487 2123 jactasti,
1523 2072 1620 2112 nos
1649 2067 1834 2112 contra
1865 2057 2042 2128 depri-

453 2159 628 2208 mens,
655 2154 712 2200 et
738 2145 954 2212 dicens,
992 2165 1012 2199 ι
1046 2147 1187 2218 quod
1218 2148 1435 2202 dubium
1467 2166 1572 2204 non
1603 2151 1672 2205 sit
1703 2151 2039 2206 eversionem

451 2236 750 2290 sanctitatis
770 2277 786 2302 ,
817 2239 1324 2294 contaminationem
1367 2240 1635 2310 pudicitia:
1659 2281 1676 2308 ,
1709 2257 1917 2298 morum
1957 2243 2040 2298 laa-

449 2326 572 2382 bem
604 2329 803 2383 nostris
831 2330 1140 2396 convenire,
1175 2332 1283 2388 imo
1313 2335 1489 2389 inesse
1527 2335 1864 2404 dogmatibus
1892 2354 1906 2391 :
1936 2351 2039 2392 ne-

448 2435 554 2488 que
580 2419 634 2473 id
659 2433 778 2475 esse
805 2436 891 2476 me
918 2431 1233 2492 negaturum
1253 2463 1270 2488 ,
1299 2425 1390 2494 qui
1433 2424 1588 2491 ideo,
1635 2443 1658 2478 ι
1691 2426 1830 2482 sicut
1858 2426 1996 2482 dicis
2017 2469 2034 2496 ,

455 2527 473 2557 ι
510 2509 560 2561 in
589 2517 792 2564 natura:
818 2511 1070 2566 invidiam
1101 2513 1257 2568 mala:
1284 2515 1704 2572 conversationis
1733 2516 1921 2572 sordes
1946 2533 2036 2575 re-

448 2599 637 2666 fundo,
685 2611 743 2656 ut
781 2605 1128 2672 peccantibus
1157 2616 1360 2662 metum
1386 2607 1638 2674 demam;
1679 2625 1905 2679 quorum
1935 2611 2036 2667 ob-

449 2691 734 2746 scenitates
758 2735 772 2758 ,
804 2695 1180 2764 Apostolorum
1208 2705 1264 2752 et
1299 2709 1606 2754 sanctorum
1633 2701 1870 2756 omnium
1909 2719 2041 2758 con-

445 2783 594 2836 solor
622 2783 849 2853 injuriis,
880 2801 946 2841 eo
967 2788 1106 2858 quod
1133 2804 1228 2844 vas
1247 2804 1466 2845 aureum
1494 2793 1792 2861 apostolum
1816 2794 2036 2848 Paulum

448 2889 594 2943 smpe
633 2875 834 2932 dixisse
861 2893 1276 2935 commemorem
1296 2922 1312 2948 ,
1345 2881 1466 2936 Non
1497 2884 1627 2936 enim
1655 2885 1790 2954 quod
1819 2886 1930 2938 volo
1957 2887 2036 2940 bo-

448 2983 589 3034 num,
609 2968 705 3022 hoc
719 2987 853 3041 ago;
878 2972 1110 3043 sedquod
1125 2975 1439 3040 odimalum,
1471 2975 1604 3030 illud
1637 2977 1767 3032 facio
1801 2995 1820 3031 ι
1852 2977 2030 3048 (Rom.

449 3074 560 3127 vn,
593 3061 684 3130 l3)
718 3079 731 3116 :
764 3072 818 3118 et
843 3072 1036 3118 cmtcra
1065 3065 1389 3135 ltujusmodi.

519 3149 606 3206 65.
640 3151 1020 3210 Verumtamen
1047 3171 1142 3210 vos
1167 3157 1410 3224 laudans,
1444 3172 1542 3212 nos
1569 3173 1818 3230 arguens,
1845 3158 2038 3216 adver-

446 3255 540 3296 sus
564 3245 1010 3314 concupiscentia:
1035 3249 1231 3302 malum
1262 3266 1484 3320 pugnas,
1508 3260 1563 3306 et
1591 3251 1872 3322 pugnando
1899 3269 2032 3307 con-

446 3334 615 3390 ﬁteris
637 3336 777 3406 quod
819 3339 1088 3409 loquendo
1126 3357 1308 3412 negas.
1353 3345 1527 3414 Atque
1566 3343 1637 3399 ita
1665 3345 1745 3399 vis
1772 3345 1938 3400 videri
1981 3355 2033 3402 te

443 3426 654 3482 culmen
693 3431 1000 3488 ascendisse
1028 3433 1240 3490 virtutis
1264 3477 1278 3501 ,
1309 3445 1368 3491 ut
1405 3437 1458 3491 in
1489 3437 1606 3508 ipso
1629 3439 1885 3506 culmine,
1925 3456 2033 3511 quo

443 3527 496 3574 te
520 3519 792 3577 existimas
818 3523 1074 3591 evasisse,
1111 3541 1232 3580 cum
1263 3538 1620 3599 persequente
1647 3531 2031 3600 concupiscen-

443 3610 513 3664 tia
537 3652 554 3676 ,
589 3620 836 3683 tanquam
865 3616 918 3670 in
954 3631 1077 3672 arce
1102 3618 1358 3690 confligas
1381 3661 1398 3686 ,
1439 3629 1493 3675 et
1532 3624 1921 3690 quantumlibet
1963 3639 2030 3680 ex

442 3700 562 3756 loco
587 3705 898 3772 superiore,
944 3716 1120 3761 tamen
1159 3723 1281 3764 cum
1323 3709 1476 3765 hoste
1517 3710 1732 3767 interno
1773 3713 2032 3771 dimicare

443 3805 549 3844 non
576 3790 809 3848 desinas.
839 3795 948 3851 Nec
974 3797 1246 3852 erubescis
1270 3801 1755 3870 concupiscentiam
1778 3845 1792 3870 ,
1821 3819 1940 3873 qua:
1979 3813 2032 3861 te

439 3883 669 3953 amplius
709 3885 898 3955 perdet
939 3887 1055 3943 sine
1097 3888 1430 3944 dubitatione
1459 3891 1502 3945 si
1544 3891 1772 3960 vicerit,
1812 3893 2030 3952 laudare

439 3973 698 4030 adversus
723 3991 845 4031 eum
871 4019 887 4043 ,
919 3980 1008 4048 qui
1037 3989 1088 4034 te
1113 3981 1378 4050 perditum
1409 3983 1568 4036 etiam
1596 3999 1716 4038 cum
1749 3986 1915 4040 vincit
1951 3987 2031 4041 in-

438 4063 646 4132 quirit:
690 4067 922 4122 maxime
949 4069 1070 4139 quia
1111 4069 1164 4125 in
1203 4071 1311 4126 ﬁne
1336 4071 1574 4143 ejusdem
1603 4074 1722 4130 libri
1761 4077 1832 4130 tui
1860 4075 2026 4145 dicis,

445 4169 464 4202 ι
503 4153 642 4222 quod
673 4171 780 4210 non
809 4157 880 4236 s_it
905 4158 1008 4213 alia
1040 4161 1144 4215 mei
1170 4176 1360 4216 sensus
1386 4163 1629 4230 intentio,
1663 4181 1822 4236 quam
1847 4167 1918 4222 ad
1946 4167 2031 4224 in-

439 4241 716 4298 ferendum
757 4229 1038 4304 virtutibus
1065 4250 1264 4306 bellum
1306 4251 1361 4307 in
1404 4254 1652 4310 vitiorum
1691 4269 2028 4330 sacramenta

435 4331 638 4402 jnrarc,
668 4345 722 4390 et
749 4336 814 4392 ad
845 4340 1110 4395 excidium
1138 4343 1366 4399 civitatis
1399 4345 1511 4410 Dei,
1543 4349 1688 4402 omni
1710 4358 1850 4417 astu,
1879 4353 2028 4408 omni

437 4423 621 4480 furore
658 4430 857 4484 conniti
885 4472 901 4499 ,
945 4433 1306 4504 adipiscenda:
1349 4439 1610 4495 castitatis
1652 4441 2026 4513 desperatione

435 4527 796 4586 repugnantes
823 4523 1130 4592 turpitudini
1163 4527 1440 4594 territare,
1484 4532 1699 4587 mentiri
1726 4549 1812 4590 me
1854 4544 2026 4594 tantas

438 4605 686 4664 obscena:
717 4609 948 4669 libidinis
978 4615 1153 4684 vires,
1183 4627 1240 4672 ut
1268 4635 1385 4674 eam
1425 4621 1563 4676 ratio
1597 4639 1786 4695 regere
1820 4642 1884 4683 ac
1917 4629 2027 4686 fre-

432 4711 564 4752 nare
587 4713 693 4753 non
720 4703 912 4772 possit,
937 4705 1024 4760 cui
1061 4722 1161 4762 nec
1189 4709 1563 4778 Apostolorum
1587 4713 1727 4786 legio
1755 4733 2022 4791 repugna-

431 4789 588 4843 verit.
631 4809 651 4842 ι
687 4790 813 4848 llaec
839 4793 908 4850 de
934 4811 1019 4852 me
1048 4813 1265 4867 prorsus
1293 4801 1408 4877 ipse
1433 4805 1692 4860 mentiris.
1736 4807 1848 4879 Ego
1878 4789 2022 4868 enim

432 4892 538 4932 non
583 4879 754 4936 infero
791 4883 1074 4942 virtutibus
1119 4889 1348 4958 bellum;
1397 4894 1491 4947 sed
1536 4895 1714 4964 vitiis,
1765 4911 2020 4970 quantum

431 4967 676 5038 atljuvor,
707 4973 898 5042 infero,
939 4987 994 5033 et
1019 4979 1351 5036 inferendum
1385 5000 1503 5040 esse
1535 4967 1825 5057 proclamo.
1867 4992 2020 5060 Quod

428 5073 474 5113 ει
515 5070 571 5116 et
601 5072 655 5116 tu
683 5065 832 5134 facis,
865 5069 988 5138 quid
1019 5081 1102 5126 est
1128 5076 1268 5144 quod
1309 5076 1518 5154 laudas,
1549 5095 1668 5135 cum
1696 5084 1890 5152 quibus
1919 5103 2018 5154 pu-

427 5154 600 5222 gnas?
635 5155 912 5225 Quomodo
940 5163 1132 5221 virtute
1176 5167 1359 5224 hostes
1387 5149 1661 5230 debellare
1687 5149 1737 5230 te
1763 5177 2013 5246 credam,

490 5329 507 5360 ¹
544 5330 626 5382 llic
647 5337 968 5387 Levan‘enses
987 5339 1294 5406 addiderunt,
1318 5345 1416 5408 qui.
2124 5329 2442 5412 ριιοέῖἆξιᾶἰ

1683 5631 1708 5651 Χ
1716 5622 1740 5650 ξι,
2147 5603 2236 5668 ρπβ
2304 5624 2390 5672 fg.

474 468 566 521 755
1272 421 1542 520 caurus
1581 454 1918 518 JUIJANUM
1959 449 2422 533 PELAGIANUM,
2463 459 2518 516 s.
2561 460 2926 520 AUGUSTINI

3643 471 3748 530 756

2164 582 2298 637 quos
2321 571 2486 627 verbo
2513 573 2748 632 lacerare
2775 592 2880 633 non
2901 577 3068 635 audes
3082 581 3106 635 ?
3120 579 3173 638 Si
3193 581 3349 640 ambo
3365 585 3738 655 concupiscen-

2165 663 2287 716 tiam
2311 664 2658 735 dcbellamus,
2681 686 2846 740 quare
2864 688 2968 726 non
2981 664 3554 746 ambo'vituperamus?
3571 678 3737 750 Quam

2162 765 2212 808 te
2227 755 2397 825 jactas
2417 773 2719 829 expugnare
2739 763 3082 832 continentia,
3098 780 3264 836 quare
3291 783 3395 820 non
3419 767 3498 822 vis
3519 763 3740 824 damna-

2160 865 2218 902 re
2258 851 2555 905 sententia?
2591 854 2798 910 Mentiri
2835 872 2921 912 me
2945 857 3078 913 dicis
3107 869 3279 914 tantas
3312 859 3546 916 libidinis
3575 863 3740 927 vires,

2159 950 2212 993 ut
2244 957 2360 995 cant
2393 945 2528 998 ratio
2571 961 2755 1015 regere
2791 961 2852 1001 ac
2881 947 3091 1004 frenare
3123 967 3226 1004 non
3259 953 3444 1022 possit.
3476 952 3616 1008 Ecce
3643 971 3741 1026 ego

2157 1045 2261 1088 non
2291 1031 2412 1088 dico
2441 1042 2614 1090 tantas
2639 1037 2872 1092 libidinis
2900 1040 3061 1108 vires,
3091 1049 3150 1095 ut
3174 1041 3403 1097 humana
3435 1044 3572 1099 ratio
3601 1043 3739 1100 divi-

2156 1121 2298 1177 nitus
2338 1139 2560 1180 accensa
2604 1136 2658 1182 et
2699 1128 2878 1198 adjuta
2910 1147 3028 1184 eam
3074 1148 3259 1202 regere
3296 1150 3358 1189 ac
3388 1134 3602 1193 frenare
3631 1155 3736 1194 non

2153 1215 2322 1280 possit
2351 1233 2364 1269 :
2393 1216 2484 1271 sed
2516 1227 2570 1272 tu
2601 1235 2765 1288 quare
2791 1236 2953 1292 negas
2984 1223 3182 1296 malum
3213 1241 3352 1293 esse,
3385 1228 3526 1298 quod
3556 1229 3599 1282 si
3631 1245 3738 1284 non

2151 1305 2391 1362 frenetur
2420 1311 2653 1366 occidit?
2695 1313 2832 1368 Ecce
2861 1330 2961 1386 ego
2999 1331 3128 1372 voce
3166 1333 3268 1388 qna
3300 1335 3515 1389 possum
3537 1362 3552 1386 ,
3594 1323 3737 1394 quod

2097 1443 2112 1455 .
2153 1416 2237 1454 me
2267 1417 2460 1472 negare
2486 1406 2681 1459 asscris
2707 1405 2880 1460 clamo
2899 1449 2914 1474 ,
2946 1409 3324 1479 Apostolorum
3353 1411 3615 1483 legionem
3645 1430 3736 1470 re-

2152 1508 2414 1562 pugnasse
2459 1495 2698 1562 libidini,
2745 1499 2926 1570 utique
2969 1504 3286 1573 repugnanti
3318 1505 3333 1536 ί
3369 1523 3383 1558 :
3418 1516 3472 1558 tu
3513 1507 3602 1576 qui
3638 1522 3736 1562 nos

2151 1581 2345 1640 fecisse
2375 1587 2646 1656 Apostolis
2673 1591 3014 1648 calumniaris
3040 1601 3095 1648 et
3115 1595 3256 1650 velut
3277 1596 3568 1666 indignaris
3593 1600 3733 1670 inju-

2149 1675 2304 1740 riam,
2329 1691 2425 1731 cur
2445 1688 2498 1732 et
2524 1680 2734 1736 illorum
2763 1691 2816 1736 et
2847 1693 2988 1738 tuam
3015 1701 3243 1743 exornas
3274 1688 3520 1744 laudibus
3551 1692 3730 1747 inimi-

2148 1779 2265 1820 cam
2285 1767 2309 1821 ?
2333 1767 2462 1835 Quis
2488 1785 2607 1824 eam
2638 1770 2925 1842 defendat,
2957 1776 3040 1830 cui
3071 1775 3209 1847 legio
3235 1781 3550 1851 repugnavit
3589 1783 3733 1853 Apo-

2147 1857 2428 1926 stolorum,
2460 1860 2560 1915 nisi
2589 1860 2757 1919 hostis
2783 1865 3202 1935 Apostolorum?
3327 1855 3353 1872 ⁸

2217 1949 2306 2005 66.
2340 1949 2487 2008 Itane
2514 1951 2712 2011 habere
2745 1965 2920 2012 tecum
2956 1958 3120 2014 libido
3151 1968 3204 2015 et
3225 1961 3512 2018 amicitiam
3548 1977 3720 2020 mere-

2146 2049 2232 2096 tur
2258 2051 2311 2098 et
2338 2043 2558 2113 bellant,
2589 2057 2644 2101 ut
2674 2047 2770 2102 abs
2799 2057 2848 2104 te
2870 2061 3199 2120 expugnetur
3221 2052 3270 2106 in
3301 2061 3372 2117 te,
3403 2064 3454 2109 et
3476 2055 3731 2110 defenda-

2147 2144 2232 2191 tur
2260 2135 2518 2192 adversus
2549 2140 2668 2194 me?
2700 2141 2902 2196 Bellum
2931 2155 3168 2198 vestrum
3199 2144 3347 2212 latet,
3374 2146 3606 2201 amicitia
3638 2163 3731 2216 pa-

2145 2235 2220 2282 tet
2251 2245 2264 2281 :
2299 2243 2360 2282 ex
2391 2229 2491 2284 hoc
2519 2231 2663 2300 quod
2713 2242 2890 2301 patet,
2935 2245 3241 2304 suspectum
3275 2234 3405 2291 facis
3435 2251 3556 2292 esse
3582 2238 3730 2308 quod
3809 2266 3824 2280 -

2145 2317 2295 2372 latet.
2325 2318 2462 2386 Quid
2501 2324 2644 2376 enim
2686 2323 2764 2378 \is
2793 2324 3074 2380 credamus
3113 2325 3180 2382 de
3208 2326 3350 2382 bello
3379 2327 3520 2398 quod
3548 2329 3736 2398 geritis

2144 2408 2196 2463 in
2237 2422 2471 2480 operto,
2511 2429 2736 2484 quorum
2775 2417 3062 2472 amicitiam
3102 2418 3373 2473 cernimus
3413 2419 3466 2474 in
3507 2420 3734 2491 aperto?

2143 2503 2422 2568 Quomodo
2449 2506 2528 2560 vis
2569 2517 2626 2560 ut
2653 2507 2976 2564 arbitremur
3010 2509 3268 2566 adversus
3296 2513 3536 2567 aculeum
3571 2523 3620 2570 te
3646 2512 3731 2568 di-

2145 2595 2344 2650 micare
2372 2595 2628 2664 libidinis,
2656 2613 2777 2652 cum
2806 2601 2974 2656 libros
3006 2601 3228 2672 impleas
3265 2603 3422 2658 laude
3451 2604 3732 2659 libidinis?

2149 2683 2340 2740 Verum
2367 2701 2494 2742 ecce
2525 2688 2678 2743 vinco
2707 2691 3064 2760 suspicionem
3095 2709 3268 2748 meam
3305 2711 3319 2750 :
3350 2710 3654 2766 expugnare
3680 2705 3732 2752 te

2142 2775 2306 2830 credo
2335 2777 2477 2846 quod
2507 2779 2720 2846 laudas;
2753 2781 2848 2836 sed
2878 2781 3097 2839 laudare
3129 2791 3179 2838 te
3206 2784 3363 2840 doleo
3389 2787 3530 2855 quod
3559 2803 3730 2857 expu-

2141 2881 2290 2936 gnas.
2325 2869 2400 2922 Ex
2430 2869 2531 2922 isto
2562 2869 2720 2940 igitur
2743 2881 2795 2926 et
2824 2886 2944 2927 cum
2969 2873 3070 2928 isto
3096 2875 3256 2942 malo,
3284 2876 3426 2946 quod
3451 2891 3480 2930 a
3513 2885 3564 2932 te
3591 2892 3726 2948 quo-

2141 2974 2244 3028 que
2273 2959 2540 3014 credimus
2565 2963 2876 3032 expugnari,
2913 2964 3074 3018 homo
3101 2977 3406 3034 gem-ratur,
3439 2983 3598 3036 quem
3637 2984 3733 3023 ne-

2139 3064 2232 3118 gas
2264 3052 2669 3120 regeneratione
2695 3053 2914 3108 salvari.
2953 3055 3064 3110 isto
3101 3057 3244 3111 enim‘
3280 3057 3547 3128 conjugati
3591 3059 3730 3115 bene

2139 3151 2392 3208 utuntur,
2425 3159 2530 3214 quo
2557 3145 2894 3202 continentes
2937 3149 3128 3203 melius
3158 3164 3262 3203 non
3293 3158 3530 3204 utuntur.
3565 3151 3730 3206 Porro

2138 3232 2182 3286 si
2216 3234 2412 3288 malum
2445 3245 2527 3290 est
2547 3277 2562 3302 ,
2593 3251 2700 3307 quo
2722 3252 2850 3292 caro
2875 3239 2896 3270 ²
2921 3241 3253 3309 concupiscit
3279 3240 3538 3296 adversus
3566 3244 3728 3312 Spiri-

2140 3337 2272 3393 tum,
2295 3330 2380 3384 cui
2419 3329 2561 3384 malo
2583 3372 2598 3396 ,
2628 3331 2767 3386 sicut
2800 3331 3021 3401 fateris,
3055 3334 3433 3402 Apostolorum
3464 3333 3604 3403 legio
3639 3351 3727 3390 rc-

2138 3421 2426 3491 pugnavit;
2459 3421 2562 3476 hoc
2601 3431 2812 3479 utentes
2839 3423 3107 3495 coniugati
3132 3465 3146 3490 ,
3189 3427 3376 3495 procul
3413 3426 3576 3482 dubio
3617 3442 3728 3482 non

2137 3512 2282 3567 bono
2306 3511 2443 3568 bene
2470 3522 2722 3580 utuntur,
2755 3515 2851 3570 sed
2877 3517 3040 3572 malo.
3080 3517 3155 3571 Ex
3184 3517 3286 3573 hoc
3317 3517 3476 3589 igitur
3515 3527 3568 3574 et
3603 3535 3728 3574 cum

2139 3601 2242 3658 hoc
2277 3603 2368 3659 filii
2407 3606 2646 3675 generati
2685 3607 3035 3678 regenerandi
3073 3619 3238 3677 sunt,
3283 3619 3340 3664 ut
3365 3610 3658 3666 liberentur
3695 3627 3726 3666 a

2137 3696 2300 3750 malo.
2332 3696 2444 3752 Hoc
2472 3698 2614 3753 enim
2647 3699 2889 3770 originali
2917 3701 3060 3756 malo
3100 3703 3261 3757 etiam
3309 3714 3560 3773 parentes
3603 3704 3726 3758 illo-

2137 3801 2254 3840 rum
2283 3787 2363 3842 rei
2393 3787 2500 3842 nati
2526 3797 2670 3856 sunt,
2709 3790 2812 3846 etsi
2837 3789 2908 3846 ab
2937 3791 3038 3846 hoc
3065 3801 3215 3847 reatu
3243 3793 3574 3849 renascendo
3601 3803 3728 3850 sunt

2139 3877 2368 3933 liberati.
2393 3879 2529 3948 Quid
2557 3891 2737 3938 autem
2763 3882 3027 3939 vellemus
3055 3894 3109 3938 ut
3131 3884 3430 3956 gignerent,
3455 3902 3562 3942 non
3585 3887 3726 3946 unde

2136 3971 2329 4037 renati,
2373 3970 2468 4026 sed
2513 3972 2653 4028 unde
2697 3975 2806 4028 nati
2846 3984 3006 4042 sunt,
3050 3976 3151 4030 nisi
3193 3977 3336 4046 quod
3374 3987 3426 4033 et
3467 3978 3569 4048 ipsi
3614 3980 3725 4034 nati

2135 4063 2294 4118 sunt?
2321 4063 2464 4120 Reos
2487 4080 2616 4136 ergo
2645 4082 2660 4120 :
2691 4067 2814 4138 quia
2841 4075 2897 4122 et
2919 4068 3019 4138 ipsi
3047 4069 3125 4123 rei
3155 4070 3262 4124 nati
3291 4079 3436 4136 sunt,
3478 4079 3532 4126 et
3556 4086 3722 4140 gcnc-

2135 4164 2316 4210 rantes
2339 4155 2462 4212 inde
2488 4157 2628 4212 unde
2651 4159 2756 4213 nati
2779 4168 2921 4224 sunt,
2945 4175 3051 4213 non
3083 4163 3224 4214 aliud
3251 4170 3538 4230 potuerunt
3562 4177 3726 4231 gene-

2133 4265 2256 4306 rare
2275 4265 2432 4322 quam
2455 4251 2566 4306 nati
2585 4259 2728 4306 sunt.
2754 4249 2910 4308 Unde
2934 4259 3112 4308 autem
3139 4251 3334 4320 renati,
3365 4252 3488 4309 inde
3512 4268 3540 4307 a
3570 4264 3747 4324 reatu.

2134 4357 2254 4396 cum
2285 4357 2391 4412 quo
2428 4344 2539 4396 nati
2577 4351 2702 4397 sunt
2728 4342 2957 4398 liberati.
2986 4343 3064 4398 Ac
3098 4359 3194 4412 per
3233 4345 3332 4400 hoc
3366 4353 3422 4400 et
3462 4345 3539 4399 illi
3579 4360 3722 4416 quos

2132 4447 2256 4488 reos
2285 4431 2496 4488 liberati
2523 4441 2914 4503 generaverunt
2939 4432 2994 4500 ³,
3034 4435 3226 4490 eadem
3267 4443 3390 4490 sunt
3433 4451 3720 4506 regenera-

2135 4525 2275 4580 tione
2303 4525 2580 4579 liberandi.
2613 4525 2690 4578 Ex
2721 4524 2823 4580 hoc
2851 4525 2994 4580 enim
3025 4525 3166 4582 malo
3192 4527 3266 4580 rei
3296 4527 3403 4580 nati
3435 4537 3580 4592 sunt,
3614 4543 3722 4598 quo

2131 4615 2270 4670 bene
2295 4623 2513 4670 utuntur
2532 4615 2723 4681 renati,
2747 4624 2802 4670 ut
2822 4623 3110 4672 nascantur
3131 4617 3498 4688 rcgenerandi.
3523 4616 3720 4674 Contra

2131 4706 2275 4778 quod
2317 4707 2516 4762 malum
2557 4708 2602 4762 si
2643 4699 3008 4780 non'pugnas,
3047 4709 3403 4780 pugnantibus
3441 4711 3600 4765 crede
3631 4729 3642 4764 :
3673 4711 3721 4766 si

2131 4813 2335 4868 pugnas
2363 4841 2379 4867 ,
2438 4799 2801 4856 adversarium
2858 4799 3149 4866 confitere;
3194 4810 3247 4856 et
3295 4799 3403 4855 noli
3451 4799 3719 4857 laudando

2131 4889 2399 4957 morbum,
2431 4889 2631 4949 habere
2657 4892 2890 4948 amicum
2914 4933 2931 4962 ,
2953 4909 3112 4964 quem
3152 4892 3434 4964 pugnando
3459 4895 3718 4965 expetitis

2128 4997 2423 5038 tnlmtcum.

2192 5167 2208 5230 ε
2245 5167 2376 5229 Aplld
2400 5173 2532 5227 tom,
2555 5163 2806 5230 pugnanti,

2189 5229 2210 5261 ί
2245 5231 2514 5278 Victorinus
2535 5229 2639 5287 ιιε.;
2664 5230 2790 5288 quod
2815 5238 2949 5283 caro,

2190 5290 2212 5322 ³
2243 5298 2344 5340 Am.
2380 5297 2533 5366 Eruet
2557 5291 2765 5366 ξιιιίωηὶ
2788 5290 2885 5341 duo
2903 5298 3010 5366 Mss.
3035 5304 3146 5341 cum
3181 5291 3424 5342 nonnullis
3444 5293 3716 5366 Campanis,

2124 5364 2242 5412 ths
2262 5359 2399 5402 reatu
2421 5351 2610 5404 liberati
2629 5360 2991 5416 generaverunt.
