4118 6514
332 382 438 438 737

337 504 704 526 -_——_—-—III
743 503 832 516 ...ιο

1662 359 1861 414 Ltmzn
1902 356 2247 424 ausurus.

846 488 3614 516 Μ

1327 543 1806 660 LIBER
1853 541 1954 667 ρ
1979 539 2284 648 ΗΑΒ
2299 539 2619 649 TU'S.

392 731 534 782 um
561 728 728 779 iuuant
762 723 980 776 εεοιιηάο
1009 717 1277 782 respondet
1317 714 1630 782 Augustinus.
1659 703 3012 782 dict“,,iﬁil‘ﬁa‘lhilﬂﬁﬂ.litiﬁ..9°97‘l‘€“l?9¢.'99?"
3036 704 3228 782 δίηςῐιιδ
3249 707 3532 782 excutiens.
3563 710 3635 780 ,ηε

333 765 739 846 ωἶῖιῖίιῖ
762 765 1286 850 imi‘iéi'éiinis'sigdiisﬂ
1302 765 1522 850 alitiiem
1539 765 2548 850 nodumeamagema‘etiictit‘pnertinentis
2569 781 2666 816 non
2690 767 2888 840 habent:
2925 765 3081 840 atque
3117 765 3199 818 hic
3229 765 3628 850 dirupi-metm“

333 825 954 921 EBEE'fHEHquni‘SHI,
979 825 1196 921 virtutes:
1209 825 1474 910 tnﬁdeli'um
1496 846 1640 921 veras
1662 825 3140 921 ηοξ’θεεριφηοημίδορη-ιίῐηη,
3173 829 3302 921 qgod
3332 825 3451 892 ipsis
3486 833 3632 921 emi“

801 917 808 921 ’
989 920 1011 921 ⁷⁷
1069 912 1170 921 ““”’
1213 911 1512 921 “””““”“¹“’“
1545 908 1570 921 ⁸⁸
1607 906 1718 921 "mm
1751 905 1789 921 "‘
2359 920 2362 921 ν
2534 904 2630 921 mm
2683 905 2692 921 ι
2717 903 2771 921 ιν.
2812 903 2972 921 “nume
3014 892 3175 921 ηηςρο,
3248 899 3356 921 Nm.
3391 905 3581 921 "unm
3603 904 3632 921 η

1207 901 1512 971 occasionem
1545 893 1842 971 advergat'ig.
2407 890 2630 971 medium
2664 889 2771 971 Ιίὺςί
2811 889 2974 953 paucis
2998 892 3175 971 Iobiter
3191 889 3367 971 '(‘ioceJt
3391 893 3636 953 quomodo

913 949 1285 1042 Signiam},
1303 974 1404 1012 nec
1425 954 1592 1011 tamen
1612 970 1662 1005 in
1685 955 1835 1004 fatum
1858 951 1922 1000 sit
1942 949 2238 1011 referenda;
2280 957 2434 1014 utque
2469 949 2847 1016 intelligendum
2882 953 3013 1016 quod
3049 949 3456 1016 Αμοδιοιιιςωοῖι,
3483 961 3636 1004 Deum

1771 1075 2194 1144 mm

335 1026 468 1091 me
483 1026 664 1090 omnes
685 1037 908 1086 homines
927 1030 1087 1080 salvos
1115 1026 1242 1077 ﬁeri.

407 1221 636 1280 CAPUT
677 1215 960 1276 PRIMUM.
989 1244 1060 1256 -—
1089 1215 1140 1268 Ι.
1170 1211 1288 1269 Jam
1319 1221 1461 1264 nunc
1487 1205 1556 1262 ab
1584 1199 1806 1256 alterius
1829 1209 1928 1250 vo-

338 1318 554 1374 luminis
601 1296 824 1371 exordio
869 1319 1066 1366 cetera
1111 1291 1430 1368 videamus,
1485 1299 1680 1370 quibus
1727 1293 1921 1348 librum

339 1428 515 1468 meum
535 1409 783 1464 refellere
808 1403 1032 1467 niteris;
1064 1401 1394 1461 omittentes,
1417 1394 1555 1449 sicut
1575 1385 1925 1447 instituimus,

337 1522 400 1562 ea
431 1519 551 1575 quae
589 1499 758 1556 nudos
787 1514 894 1554 non
931 1485 1136 1550 faciunt
1163 1493 1551 1563 quaestionum,
1577 1481 1774 1554 quibus
1815 1475 1926 1531 sol-

337 1595 527 1652 vendis
565 1607 746 1648 curam
794 1603 891 1644 nos
933 1593 1148 1660 oportet
1185 1579 1494 1654 impendere
1515 1618 1530 1644 ,
1562 1589 1661 1630 nec
1691 1573 1706 1604 ¹
1739 1571 1930 1626 immo-

339 1685 510 1744 rando
557 1682 838 1753 superﬂuis
879 1680 993 1750 ipsa
1035 1675 1341 1749 prolixitate
1379 1668 1558 1740 operis
1595 1682 1624 1719 a
1659 1661 1930 1720 laborioso

339 1777 558 1850 negotio
602 1751 876 1830 deterrere
921 1759 1203 1825 lectorem.
1249 1761 1540 1834 Superiore
1586 1757 1748 1828 igitur
1791 1751 1930 1806 libro

341 1871 473 1926 satis
498 1867 706 1938 egimus
729 1904 746 1931 ,
775 1876 881 1933 quo
904 1868 1052 1918 recte
1073 1854 1436 1930 judicantibus
1463 1857 1778 1921 appareret,
1807 1857 1930 1897 cum

342 1963 486 2020 Deus
516 1975 674 2016 verus
699 1967 752 2013 et
772 1957 944 2011 bonus
971 1953 1042 2010 sit
1067 1949 1345 2006 hominum
1371 1943 1639 2006 conditor,
1668 1938 1932 2004 boumque

340 2053 453 2110 sint
492 2051 689 2120 nuptitn
713 2089 728 2114 ,
769 2060 902 2118 quas
937 2051 992 2100 et
1034 2039 1342 2096 conditione
1387 2043 1546 2106 atque
1591 2027 1932 2100 copulatione

345 2118 622 2214 utriusque
661 2154 818 2194 sexus
851 2135 1110 2198 instituit,
1140 2139 1194 2186 ct
1221 2125 1561 2184 fecunditatis
1588 2135 1812 2177 munere
1840 2118 1934 2172 be-

343 2210 583 2300 nedixit;
613 2231 810 2286 malum
855 2237 1033 2282 tamen
1063 2239 1184 2279 esse
1223 2215 1707 2289 concupiscentiam
1753 2210 1932 2266 carnis

343 2345 448 2402 qua
475 2325 804 2395 concupiscit
827 2319 1087 2376 adversus
1118 2314 1398 2394 spiritum,
1429 2323 1600 2379 eoque
1627 2305 1766 2360 malo
1796 2305 1934 2360 bene

345 2396 422 2478 uti
451 2419 736 2492 pudicitam
767 2411 1138 2483 coniugalem,
1169 2406 1468 2474 meliusque
1510 2417 1614 2455 non
1651 2399 1724 2452 uti
1763 2396 1935 2453 couti-

345 2513 584 2571 nentiam
624 2509 946 2564 sanctiorem
987 2523 1002 2560 :
1031 2501 1175 2575 quod
1215 2499 1414 2553 malum
1451 2510 1557 2549 non
1586 2507 1650 2546 ex
1679 2491 1779 2545 alia
1809 2487 1938 2544 sub-

344 2607 539 2664 stantia
579 2620 738 2677 quam
785 2601 927 2656 Deus
968 2613 1075 2652 non
1117 2591 1396 2656 condidit,
1429 2589 1566 2642 sicut
1611 2583 1936 2640 Maniclneus

345 2697 568 2764 insanit,
595 2694 748 2750 nobis
767 2705 888 2746 esse
909 2687 1262 2760 permixtum;
1291 2681 1384 2737 scd
1405 2695 1500 2750 per
1520 2671 1936 2764 inobedieiitiam

347 2789 507 2846 unius
535 2785 768 2842 hominis
794 2789 1038 2838 exortum
1068 2786 1229 2847 atque
1260 2771 1580 2834 traductum,
1610 2779 1664 2824 et
1691 2753 1784 2836 pér
1809 2766 1938 2820 obe-

345 2879 602 2936 dienliam
629 2875 788 2932 unius
815 2871 1048 2927 hominis
1071 2865 1394 2938 expiandum
1417 2869 1576 2932 atque
1601 2857 1897 2916 sanandum
1922 2871 1937 2921 ;

348 2973 504 3044 cujus
545 2955 875 3039 obligatione
911 2961 1148 3033 implicat
1182 2956 1360 3014 debita
1397 2968 1552 3025 paena
1596 2960 1936 3013 nascentem,

349 3043 511 3120 solvit
537 3061 772 3118 indebita
801 3056 971 3128 gratia
997 3058 1392 3108 renascentem.
1435 3047 1547 3100 lloc
1587 3043 1783 3098 malum
1811 3055 1942 3094 con-

351 3165 434 3214 tra
463 3171 548 3210 me
579 3149 845 3208 laudando
867 3190 884 3214 ,
925 3143 1260 3201 adversarius
1301 3153 1454 3194 meus
1484 3135 1682 3190 videris
1714 3149 1730 3187 :
1763 3131 1856 3186 sed
1889 3129 1944 3215 iu

351 3257 405 3303 te
430 3241 782 3304 debellando,
813 3253 967 3295 meus
995 3235 1148 3291 testis
1177 3248 1236 3288 es
1271 3249 1284 3286 :
1315 3231 1360 3285 si
1389 3237 1566 3284 autem
1611 3241 1719 3280 non
1762 3220 1944 3278 debel-

351 3339 454 3402 las,
483 3347 604 3392 tuus
629 3333 801 3389 bOstis
831 3345 912 3388 es.
940 3326 1173 3384 Proinde
1197 3325 1320 3395 quia
1350 3321 1522 3393 primo
1550 3328 1642 3373 tuo
1667 3318 1804 3372 libro
1830 3312 1944 3370 suf-

354 3433 600 3488 ﬁcicnter
627 3443 714 3483 me
743 3422 1088 3495 respondisse
1121 3415 1371 3474 existimo
1390 3455 1406 3481 ,
1435 3411 1679 3484 quamvis
1717 3409 1790 3463 ibi
1835 3415 1944 3462 tota

353 3537 514 3578 causa
546 3519 690 3574 ﬁnita
721 3517 820 3581 sit;
855 3524 1031 3569 tamen
1061 3526 1127 3566 ne
1155 3495 1579 3565 caeteris-tribus
1615 3498 1946 3570 respondere

355 3629 462 3670 non
493 3612 732 3683 potuisse
764 3606 1060 3670 videamur,
1091 3603 1143 3656 in
1169 3601 1248 3656 eis
1267 3599 1429 3655 etiam
1453 3610 1612 3666 quam
1636 3608 1770 3646 vana
1796 3591 1948 3646 dixe-

357 3704 434 3760 ris
459 3705 690 3758 intuere.

429 3793 487 3850 2.
535 3789 832 3863 Propositis
857 3804 923 3844 ex
955 3801 1078 3842 meo
1107 3785 1244 3839 libro
1284 3781 1384 3854 (De
1411 3779 1576 3851 Nupt.
1607 3787 1654 3833 et
1693 3777 1945 3846 Concup.,

360 3887 452 3944 lib.
509 3886 572 3953 I,
623 3901 677 3938 η.
739 3881 808 3952 5)
863 3881 1044 3936 verbis
1087 3877 1222 3932 meis
1259 3874 1506 3938 exultas,
1562 3869 1706 3941 quod
1756 3885 1775 3919 ι
1814 3875 1949 3922 teste

359 3979 622 4052 Apostolo
665 3994 686 4028 ι
723 3973 948 4030 dixerim
971 4013 986 4035 ,
1023 3989 1041 4022 ι
1075 3969 1277 4026 donum
1328 3965 1424 4021 Dei
1469 3978 1592 4020 esse
1633 3960 1950 4032 pudicitiam

359 4050 694 4140 coniugalem
730 4085 748 4118 ο
784 4064 837 4136 (l
863 4063 982 4120 Car.
1013 4077 1114 4127 vn,
1141 4057 1197 4132 7)
1228 4076 1240 4114 :
1270 4056 1422 4128 quasi
1453 4063 1737 4126 propterea
1768 4050 1954 4106 lauda-

363 4162 504 4218 verit
526 4157 814 4230 Apostolus
839 4154 1036 4210 malum
1059 4149 1202 4222 quod
1226 4160 1278 4204 tu
1303 4145 1506 4213 laudas,
1533 4159 1640 4214 quo
1665 4159 1792 4198 caro
1816 4157 1947 4196 cou-

362 4250 592 4322 cupiscit
631 4247 890 4303 adversus
924 4242 1168 4314 spiritum
1203 4237 1399 4313 (Galat.
1427 4252 1490 4301 v,
1520 4235 1639 4306 l7),
1678 4248 1787 4304 quo
1814 4231 1956 4286 malo

365 4343 534 4398 utitur
569 4340 708 4395 bene
748 4335 1000 4407 pudicitia
1042 4331 1371 4402 conjugalis,
1417 4329 1554 4383 sicut
1583 4327 1695 4397 jam
1728 4327 1780 4380 in
1819 4323 1956 4380 libro

367 4433 647 4506 superiore
671 4428 986 4485 monstravi.
1025 4425 1141 4480 Non
1169 4425 1348 4495 itaque
1377 4437 1598 4493 parvum
1631 4419 1832 4474 donum
1862 4418 1956 4474 Dei

367 4538 473 4588 est,
503 4525 575 4578 ita
602 4519 800 4577 frenari
831 4519 933 4574 hoe
953 4517 1175 4582 malum,
1213 4523 1270 4568 ut
1305 4512 1371 4568 ad
1398 4512 1530 4566 nihil
1557 4511 1826 4578 relaxetur
1853 4509 1959 4563 illi-

369 4621 533 4671 citum
554 4653 572 4682 ,
597 4612 693 4668 sed
725 4608 1056 4683 generationi
1087 4614 1290 4661 tantum
1321 4603 1808 4674 regeneraudorum
1837 4616 1960 4657 scr-

373 4707 481 4762 viat
519 4704 771 4759 ﬁliorum.
819 4701 948 4772 Ejus
977 4698 1176 4768 quippe
1218 4696 1450 4764 impetus
1492 4689 1598 4749 rion
1639 4708 1736 4748 sua
1773 4701 1962 4762 Sponte

372 4796 681 4854 moderatus
709 4803 794 4849 est
825 4810 838 4847 :
871 4809 900 4844 a
926 4789 1072 4844 nullo
1095 4801 1323 4856 namque
1349 4785 1535 4840 illicito
1561 4799 1679 4839 sese
1705 4784 1958 4847 abstinet,

372 4889 421 4945 si
445 4888 684 4944 membra
710 4884 978 4942 desiderio
1004 4881 1121 4952 ejus
1149 4879 1462 4934 inserviant.
1493 4879 1570 4933 Ac
1597 4893 1694 4948 per
1715 4878 1816 4932 hoc
1843 4877 1966 4946 ejus

376 4989 582 5044 motus,
607 4993 715 5034 non
751 4977 804 5032 in
843 4976 990 5046 ipso,
1019 4971 1172 5045 cujus
1199 4971 1467 5042 inquietus
1493 4977 1576 5026 est
1617 4979 1828 5035 motus;
1870 4967 1965 5023 sed

375 5071 429 5127 in
463 5071 766 5127 refrenante
791 5083 856 5123 ac
881 5067 1018 5123 bene
1048 5073 1229 5120 utente
1252 5063 1519 5118 laudatur.

449 5164 502 5219 5.
536 5161 718 5233 itaque
759 5161 864 5215 isto
901 5159 1044 5214 malo
1082 5171 1203 5212 cum
1246 5155 1386 5211 bene
1427 5152 1968 5232 utuntur'conjugati

379 5255 586 5322 ﬁdeles,
612 5269 642 5307 a
669 5251 821 5323 cujus
849 5259 1000 5306 reatu
1035 5248 1193 5304 Solllli
1223 5255 1350 5303 sunt
1388 5259 1610 5301 munere
1637 5245 1965 5310 Salvatoris;

382 5346 622 5419 profecto
650 5343 973 5416 quicumque
1001 5341 1125 5397 inde
1154 5347 1446 5394 nascuntur
1475 5337 1712 5408 ejusdem
1743 5352 1968 5419 munere

379 5439 684 5504 Creatoris,
713 5452 820 5492 non
861 5435 1000 5490 sicut
1035 5433 1190 5490 nobis
1214 5431 1425 5500 objicis,
1467 5449 1486 5484 ι
1520 5431 1573 5486 in
1603 5446 1823 5500 regnum
1852 5409 1970 5486 dia-

385 5533 492 5590 boli
535 5537 931 5602 praeparantur;
966 5547 984 5580 ι
1021 5525 1120 5582 sed
1145 5525 1212 5581 ab
1253 5525 1346 5581 illo
1383 5523 1560 5596 potius
1585 5523 1807 5578 eruendi
1835 5533 1889 5579 et
1917 5523 1971 5578 in

448 5686 463 5716 ¹
501 5683 820 5734 tovanienses
847 5682 1177 5732 renitentibus
1195 5679 1549 5742 manuscriptls,
1583 5692 1798 5742 promas
1833 5693 1974 5742 opor-
2059 5703 2064 5710 -

365 5745 769 5860 intremuere,
798 5755 922 5806 nec;
969 5750 1301 5805 aer-rexerant,
1341 5740 1643 5801 morarier
1681 5740 1975 5807 impendere,

2019 1208 2262 1262 regnum
2299 1195 2567 1266 Unigeniti
2613 1196 2969 1255 transferendi
3011 1200 3050 1256 ¹.
3093 1199 3218 1255 [Lee
3261 1201 3405 1256 enim
3437 1209 3548 1266 est,
3576 1211 3631 1256 et

2040 1299 2161 1385 esse
2201 1285 2362 1342 debet
2398 1289 2603 1357 piorum
2645 1291 2932 1361 conjugum
2964 1292 3220 1359 intentio,
3259 1303 3318 1348 ut
3345 1309 3632 1364 regenera-
3669 1316 3676 1326 -

2043 1375 2173 1429 tioni
2221 1377 2497 1446 generatio
2542 1390 2893 1449 praeparetur.
2939 1382 2995 1436 Si
3043 1391 3221 1436 autem
3275 1383 3379 1438 hoc
3430 1383 3633 1437 malum

2041 1465 2182 1535 quod
2214 1467 2264 1520 in
2295 1481 2352 1522 se
2381 1467 2508 1538 ipsis
2540 1479 2785 1538 parentes
2815 1471 3089 1538 sentiunt,
3127 1470 3212 1526 cui
3241 1473 3382 1526 malo
3403 1513 3418 1538 ,
3449 1483 3504 1524 ut
3533 1473 3637 1526 tuis

2043 1557 2218 1612 verbis
2237 1567 2370 1622 utar,
2397 1577 2415 1610 ε
2445 1560 2820 1630 Apostolorum
2849 1561 2987 1630 legio
3010 1563 3321 1632 repugnavit
3345 1581 3362 1613 ι
3389 1563 3502 1632 (Su,
3529 1579 3586 1614 ru
3611 1603 3626 1627 ,

2044 1647 2128 1700 lib.
2167 1648 2201 1702 '5
2225 1689 2238 1712 ,
2271 1665 2324 1700 η.
2359 1648 2450 1718 65)
2476 1689 2492 1714 ,
2531 1668 2550 1700 ι
2585 1666 2690 1704 non
2729 1651 3024 1720 pertineret
3063 1651 3130 1706 ad
3173 1653 3342 1716 ﬁlius,
3385 1653 3500 1706 sine
3547 1653 3637 1705 illo

2045 1739 2228 1808 utique
2272 1750 2658 1795 nascerentur:
2689 1757 2830 1796 nunc
2868 1758 2996 1798 vero
3039 1743 3468 1813 quandoquidem
3511 1758 3636 1796 cum

2047 1829 2148 1883 huc
2175 1840 2462 1885 nascuntur
2483 1873 2496 1895 ,
2529 1833 2655 1902 quid
2683 1833 2922 1900 miraris,
2953 1835 3074 1904 quia
3112 1846 3330 1904 propter
3355 1834 3455 1888 hoc
3483 1849 3640 1887 rena-

2047 1930 2302 1986 scuntur,
2335 1930 2396 1976 ut
2429 1921 2498 1976 ab
2533 1922 2650 1990 ejus
2678 1923 2998 1993 obligatione
3033 1925 3340 1989 solvantur,
3371 1933 3424 1977 ct
3452 1936 3542 1976 aut
3571 1940 3640 1976 ex

2050 2012 2148 2067 ista
2181 2011 2284 2066 vita
2325 2013 2510 2068 abillo
2555 2015 2762 2068 liberati
2808 2015 3120 2084 rapiantur,
3165 2024 3260 2069 aut
3299 2016 3350 2068 in
3393 2015 3491 2068 ista
3532 2015 3642 2069 vita

2048 2103 2307 2159 adversus
2341 2105 2482 2172 illud,
2508 2107 2662 2163 liberi
2699 2107 3042 2178 praebentur,
3087 2109 3424 2179 victoresque
3451 2084 3509 2162 in~
3537 2107 3642 2162 ﬁne

2047 2197 2501 2252 remunerentur?

2122 2288 2176 2342 4.
2204 2287 2334 2356 Quis
2360 2299 2535 2344 autem
2559 2299 2804 2344 nostrum
2827 2291 3126 2360 suspicatus
3145 2301 3248 2354 est,
3277 2309 3296 2342 ‹
3332 2307 3485 2349 usmn
3509 2307 3641 2346 con-

2047 2378 2234 2450 jugqu
2275 2395 2305 2434 a
2335 2380 2548 2436 diabolo
2591 2381 2752 2436 fuisse
2784 2382 3096 2452 repertum?
3137 2384 3267 2448 Quis
3307 2384 3648 2438 conunixtio-

2053 2487 2173 2526 nem
2197 2485 2477 2541 corporum
2507 2487 2602 2541 per
2640 2472 2839 2526 malum
2875 2472 3330 2544 prmvaricationis
3368 2494 3385 2526 I
3422 2474 3650 2529 credidit

2058 2578 2078 2612 ι
2106 2561 2398 2626 accidisse;
2439 2581 2458 2613 ι
2485 2577 2606 2616 cum
2643 2561 2758 2617 sine
2788 2563 2872 2617 bis
2907 2563 3105 2632 nuptim
3147 2580 3364 2634 prorsus
3392 2579 3511 2619 esse
3542 2583 3650 2618 nou

2054 2654 2312 2723 possent?
2341 2653 2448 2708 Sed
2478 2653 2675 2708 malum
2700 2669 2805 2724 quo
2831 2654 2970 2709 bene
2993 2656 3230 2720 utuntur,
3259 2654 3459 2708 nullum
3483 2665 3648 2720 e.-,.set,

2052 2744 2096 2797 si
2127 2757 2286 2798 nemo
2329 2755 2627 2814 peccasset.
2660 2742 2813 2812 Quod
2839 2742 2980 2810 dixi,
3025 2744 3157 2798 milii
3195 2745 3366 2814 objice
3387 2786 3402 2810 ,
3434 2745 3492 2799 ut
3522 2760 3651 2814 pur-

2051 2849 2171 2903 gem
2207 2851 2220 2886 :
2250 2850 2370 2888 nam
2398 2835 2442 2890 si
2472 2845 2526 2890 et
2556 2835 2696 2906 quod
2733 2851 2840 2890 non
2869 2833 3002 2902 dixi,
3031 2833 3162 2890 mibi
3191 2836 3398 2906 objicis,
3437 2835 3653 2907 quando

2053 2923 2305 2980 ﬁnimus?

2127 3017 2180 3072 5.
2220 3034 2238 3068 ι
2277 3015 2622 3087 Consequens
2657 3035 2675 3068 ι
2706 3027 2863 3088 putas
2895 3035 2914 3068 ι
2952 3031 3095 3083 esse,
3126 3028 3178 3071 ut
3205 3033 3396 3071 munus
3426 3016 3518 3072 Dei
3551 3031 3651 3070 no-

2055 3118 2204 3174 ceat,
2245 3111 2291 3165 si
2332 3108 2495 3164 homo
2537 3125 2656 3164 cum
2689 3110 2826 3164 malo
2855 3111 3133 3164 nascitur:
3169 3127 3326 3164 nemo
3366 3110 3508 3164 enim
3551 3109 3652 3163 nisi

2057 3197 2152 3252 Dei
2191 3213 2412 3252 munere
2442 3199 2699 3252 nascitur.
2741 3220 2759 3247 ι
2799 3197 2941 3252 Audi
2971 3214 3098 3270 ergo
3127 3207 3181 3254 et
3219 3199 3456 3268 iutellige
3490 3217 3502 3252 :
3537 3215 3657 3252 mu-

2055 3303 2157 3342 nus
2187 3289 2280 3344 Dei
2313 3289 2443 3342 nulli
2485 3297 2672 3352 nocet,
2721 3306 2827 3358 quo
2865 3290 3090 3360 quisque
3129 3299 3215 3345 est
3257 3302 3312 3346 et
3353 3292 3508 3356 vivit;
3558 3290 3650 3345 sed

2057 3379 2506 3449 concupiscentiae
2536 3379 2730 3432 malum
2776 3395 2882 3434 non
2927 3389 3103 3450 potest
3139 3395 3260 3436 esse
3285 3422 3300 3448 ,
3347 3381 3447 3435 nisi
3487 3381 3540 3435 in
3589 3397 3650 3435 eu

2057 3471 2199 3542 quod
2227 3479 2309 3526 est
2338 3478 2394 3525 et
2419 3469 2567 3524 vivit.
2610 3467 2946 3540 Quapropter
2988 3479 3163 3540 potest
3197 3486 3316 3526 esse
3360 3471 3557 3525 malum
3601 3471 3652 3525 in

2027 3589 2032 3594 -
2059 3577 2283 3618 munere
2299 3561 2414 3628 Dei,
2429 3562 2724 3616 sanandum
2742 3561 2847 3615 alio
2863 3577 3083 3616 munere
3100 3561 3212 3616 Dei.
3227 3561 3410 3617 Potest
3425 3563 3584 3632 igitur
3601 3563 3655 3617 in

2062 3653 2278 3708 homine
2296 3653 2383 3723 qui
2405 3668 2625 3707 munere
2650 3651 2740 3707 Dei
2755 3661 2836 3706 est
2853 3663 2905 3707 ct
2922 3653 3070 3718 vivit,
3091 3653 3285 3708 malum
3307 3669 3426 3708 esse
3441 3670 3660 3724 genera-

2063 3745 2208 3800 tione
2219 3753 2549 3798 contractum
2562 3743 2982 3813 ,rrgeneratione
2995 3745 3315 3798 Sanantium.
3331 3745 3461 3799 Nam
3478 3747 3658 3815 utique

2062 3837 2238 3892 nullus
2260 3835 2434 3892 infans
2453 3851 2574 3890 cum
2593 3835 2838 3890 da‘mone
2856 3847 3185 3902 nasceretur,
3211 3839 3255 3891 si
3279 3853 3382 3891 non
3408 3854 3658 3893 nascere-

2061 3938 2176 3992 tur;
2200 3943 2302 3984 nec
2324 3928 2442 3984 ideo
2463 3929 2588 3982 mali
2611 3927 2771 3998 bujus
2803 3928 2914 3998 ipsa
2943 3939 3225 3994 estcausa,
3249 3931 3370 4000 quia
3401 3931 3656 3984 nascitur.

2062 4019 2310 4076 Nascitur
2324 4035 2452 4091 ergo
2471 4035 2690 4075 munere
2708 4019 2823 4082 Dei,
2837 4033 2960 4074 cum
2978 4020 3224 4075 damione
3242 4031 3441 4088 autem,
3457 4021 3660 4092 judicio

2065 4114 2161 4171 Dei
2191 4129 2318 4168 sane
2347 4113 2576 4180 occulto,
2609 4111 2704 4168 sed
2736 4113 2988 4186 numquid
3017 4111 3254 4183 iniusto?

2136 4203 2362 4261 CAPUT
2401 4204 2465 4260 ll.
2495 4231 2570 4246 ~
2609 4204 2664 4260 6.
2714 4203 2770 4259 In
2815 4219 2881 4260 eo
2927 4221 3055 4260 vero
3091 4204 3234 4276 quod
3259 4192 3410 4271 dixi,
3449 4223 3468 4257 ‹
3500 4206 3661 4262 etiam

2068 4299 2268 4356 bonum
2311 4299 2621 4369 conjugale,
2669 4298 2713 4352 si
2763 4313 2868 4353 non
2916 4297 3165 4362 habetur,
3207 4313 3237 4351 a
3277 4298 3504 4352 Domino
3543 4312 3665 4353 esse

2067 4389 2398 4463 poscendum
2438 4408 2456 4442 ι
2497 4388 2597 4461 (De
2635 4387 2800 4461 Nupt.
2827 4399 2874 4442 et
2911 4387 3178 4460 Concup.,
3221 4389 3310 4442 lib.
3358 4389 3425 4452 1,
3468 4405 3520 4442 n.
3565 4389 3661 4459 3);
3731 4397 3737 4401 ’

2072 4481 2290 4555 (quibus
2316 4481 2532 4552 utique,
2565 4480 2665 4535 nisi
2704 4480 2897 4550 quibus
2933 4489 3018 4535 est
3056 4479 3493 4554 necessarium?)
3523 4481 3667 4534 visus

2071 4587 2191 4628 sum
2224 4572 2318 4626 tibi
2348 4573 2529 4627 dicere
2550 4612 2564 4638 ,
2601 4589 2620 4624 ι
2662 4587 2755 4640 pro
2782 4570 3172 4626 concumbendi
3214 4571 3416 4625 viribus
3457 4571 3663 4642 suppli-

2070 4662 2320 4717 candum.
2362 4681 2380 4715 ι
2417 4661 2522 4717 Sed
2561 4676 2661 4732 ego
2701 4675 2796 4731 pro
2835 4661 2947 4730 ipsa
2978 4661 3231 4732 pudicitia
3259 4661 3525 4730 eonjugali
3557 4662 3664 4716 dixi

2071 4751 2369 4823 rogandum
2403 4751 2607 4817 Deum,
2647 4753 2698 4804 in
2725 4767 2827 4822 qua
2855 4760 2934 4806 est
2963 4751 3354 4806 concumbendi
3393 4767 3498 4805 non
3531 4751 3668 4807 lilicr

2075 4859 2234 4912 usus,
2265 4843 2358 4898 sed
2399 4843 2578 4898 licitus
2616 4842 2829 4896 modus.
2865 4841 2996 4896 Nam
3029 4834 3191 4896 bum’o
3231 4843 3275 4896 si
3309 4843 3670 4900 concumbere

2075 4953 2181 4992 non
2218 4944 2424 5008 potest,
2453 4936 2628 5005 potius
2667 4952 2772 4988 non
2804 4943 3009 5005 qumrat
3039 4951 3257 4990 uxorem
3292 4954 3306 4991 :
3335 4937 3670 5008 quandoqui-

2074 5029 2196 5084 dem
2227 5027 2516 5098 apostolica
2543 5033 2807 5081 sententia
2847 5026 2934 5080 ubi
2975 5026 3048 5080 ait
3073 5069 3088 5094 ,
3119 5027 3179 5082 Si
3203 5045 3256 5080 se
3286 5045 3386 5082 non
3416 5031 3670 5099 continet,

2077 5119 2232 5175 nubat
2257 5119 2313 5190 (ι
2344 5119 2461 5174 Cor.
2491 5121 2564 5174 v'u
2585 5162 2599 5184 ,
2630 5118 2720 5191 9);
2762 5119 3057 5173 remedimu
3087 5122 3251 5175 voluit
3277 5138 3396 5178 esse
3421 5125 3672 5194 nuptias,

2079 5211 2220 5284 quod
2252 5221 2306 5268 et
2343 5213 2457 5282 ipse
2495 5213 2771 5268 conti-mus
2798 5231 2876 5276 es,
2909 5224 3094 5268 contra
3137 5216 3378 5270 morbum
3419 5221 3677 5288 concupi-

2059 5304 2320 5368 scentire,
2353 5303 2494 5375 quod
2522 5304 2765 5360 conﬁteri
2797 5321 2900 5358 non
2929 5305 3030 5368 vis,
3065 5306 3153 5374 qui
3187 5308 3482 5363 remediqu
3509 5311 3675 5364 conii-

2081 5399 2210 5457 teris
2231 5398 2450 5470 (Supra,
2475 5399 2562 5453 lib.
2594 5401 2646 5465 3,
2673 5417 2740 5454 nn
2785 5399 2876 5465 ἓξ),
2904 5397 3015 5472 42).
3044 5400 3154 5456 lloc
3177 5411 3355 5457 autem
3378 5406 3674 5461 remedium

2081 5498 2186 5556 est,
2211 5503 2316 5542 non
2349 5499 2404 5542 ut
2429 5488 2498 5542 sit
2521 5490 2981 5558 concupiscentia,
3011 5493 3054 5546 si
3083 5507 3188 5548 non
3217 5501 3332 5559 est;
3365 5494 3459 5548 sed
3492 5504 3542 5546 ut
3570 5511 3674 5550 non

2083 5581 2254 5652 rapiat
2281 5580 2346 5634 ad
2376 5581 2590 5648 illicita,
2620 5581 2773 5652 cujus
2813 5592 2992 5639 mutus
3033 5585 3256 5640 infrenis
3295 5595 3396 5640 cst.
3441 5585 3680 5640 Pertinet

2149 5744 2166 5774 ι
2201 5749 2296 5790 Hoc
2321 5741 2464 5790 etiam
2499 5739 2604 5789 loco
2625 5737 2754 5788 nulla
2789 5749 3010 5789 veterum
3056 5741 3288 5792 librorum
3325 5747 3613 5792 auctoritate
3649 5755 3675 5791 ι

2087 5803 2458 5856 Lovamcnsibus
2481 5803 2693 5852 additum
2721 5807 2899 5866 iuerat,
2923 5812 3260 5856 renascuntur.
