4118 6550
380 405 480 463 'Ml

373 524 701 581 sanctorum,
738 513 833 570 sed
859 514 1095 585 ipsorum
1122 528 1334 587 quoque
1374 515 1686 585 repugnavit
1739 517 1971 586 Aposto-

376 609 570 662 lorum.
603 607 700 662 Cui
736 607 878 662 malo
907 617 1115 663 tantum
1152 606 1313 662 licere
1340 621 1518 676 posse,
1549 606 1669 677 quis
1692 606 1972 674 crederet,

372 711 433 754 ut
454 700 553 755 sibi
579 698 909 755 laudatorem
935 699 1097 755 etiam
1125 697 1196 755 de
1221 698 1333 754 suis
1357 697 1813 768 expugnatoribus
1837 712 1970 769 pro-

371 791 614 847 videret?
638 791 794 846 Absit
842 789 1083 861 quidem,
1131 800 1191 846 ut
1231 791 1569 861 antiquorum
1607 789 1841 860 aliquem
1888 791 1972 847 vel

370 883 747 954 Apostolorum
770 925 786 952 ,
818 885 904 940 vel
928 899 1261 956 quorumque
1289 894 1598 940 sanctorum
1621 885 1976 940 :mirabiliter

371 985 572 1038 tamen,
602 976 723 1045 quia
753 975 837 1030 vel
862 991 1180 1046 quemquam
1224 975 1595 1031 barreticorum
1637 976 1655 1009 ⁸
1685 989 1970 1042 novorum,

370 1067 460 1136 qui
492 1065 650 1121 simul
692 1076 975 1136 utrumque
1009 1082 1068 1122 se
1103 1081 1222 1122 esse
1248 1067 1558 1137 proﬁteatur
1585 1067 1975 1137 inexplicabili-

370 1159 472 1214 bus
537 1159 755 1222 modis,
811 1167 1228 1230 expugnatorem
1279 1160 1483 1214 scilicet
1531 1157 1975 1227 defensoremque

371 1249 640 1314 libidinis;
665 1258 720 1304 et
737 1260 967 1304 conetur
993 1249 1279 1305 ostendere
1307 1264 1530 1304 manens
1558 1249 1614 1303 in
1645 1248 1836 1304 haeresi
1867 1249 1973 1303 Pe-

373 1340 601 1409 lagiana,
627 1347 683 1394 et
714 1352 779 1394 ex
808 1339 988 1393 animo
1015 1354 1073 1394 se
1097 1339 1312 1394 laudare
1331 1338 1471 1409 quod
1515 1339 1690 1409 ipsum
1714 1339 1832 1408 ejus
1860 1337 1975 1392 ani-

371 1444 518 1485 mum
546 1430 649 1484 nisi
676 1439 1011 1499 expugnetur
1033 1429 1247 1496 occidit,
1279 1439 1336 1485 et
1361 1445 1428 1486 ex
1457 1431 1636 1485 animo
1660 1444 1967 1501 expugnare

369 1518 513 1590 quod
535 1518 650 1588 ejus
673 1518 862 1590 dogma
885 1520 984 1574 nisi
1010 1517 1256 1574 laudetur
1279 1519 1532 1574 absumit.
1557 1538 1565 1545 υ

447 1610 534 1664 to.
568 1609 738 1679 Rogo,
767 1609 812 1662 si
862 1617 946 1663 est
982 1609 1036 1663 in
1083 1608 1234 1664 vobis
1276 1608 1416 1663 ullus
1461 1624 1651 1665 sensus
1690 1608 1972 1677 humanus,

370 1715 502 1756 num
530 1709 700 1770 potest
722 1707 778 1754 et
803 1699 1000 1755 malum
1027 1715 1150 1756 csse
1191 1710 1474 1771 peccatum
1497 1744 1511 1764 ,
1533 1712 1586 1756 ct
1616 1701 1812 1756 bonum
1853 1716 1975 1758 esse

371 1790 680 1847 desiderare
732 1791 1052 1860 peccatum?
1081 1791 1218 1857 Quid
1247 1793 1391 1848 enim
1422 1793 1530 1863 agit
1557 1793 1611 1846 in
1641 1807 1802 1848 carne
1845 1807 1973 1847 san-

371 1893 580 1940 ctorum
595 1884 979 1940 continentium
1002 1883 1102 1938 ista
1128 1885 1580 1954 concupiscentia,
1607 1885 1706 1938 nisi
1739 1898 1970 1953 peccan-

371 1975 427 2032 di
447 1976 744 2041 desideria;
767 1976 962 2049 quibus
1004 1991 1112 2030 non
1151 1977 1549 2032 consentientes
1585 1994 1605 2030 ‹
1640 1985 1912 2040 exercent,
1948 1993 1968 2028 ι

375 2076 433 2123 ut
459 2066 750 2134 conﬁteris,
777 2084 797 2120 ι
819 2067 1049 2142 gloriosa
1073 2067 1367 2121 certamina
1395 2067 1422 2120 ?
1451 2086 1470 2120 ι
1502 2065 1686 2137 Neque
1701 2067 1845 2122 enim
1863 2065 1977 2120 sal-

376 2169 483 2214 tem
503 2158 750 2213 connubii
775 2155 1094 2212 desiderium
1126 2157 1201 2228 in_
1237 2157 1324 2212 illa
1369 2158 1711 2213 continentiae
1763 2154 1975 2227 profes-

376 2251 527 2304 sione
550 2256 724 2318 potest
749 2262 870 2304 esse
902 2263 1007 2303 non
1043 2247 1264 2302 malum.
1293 2246 1431 2315 Quid
1452 2262 1579 2317 ergo
1605 2247 1710 2301 illic
1734 2247 1860 2317 agit,
1885 2244 1975 2299 ubi

377 2341 577 2396 malum
606 2348 687 2394 est
714 2338 969 2410 quidquid
997 2337 1139 2409 agit;
1181 2353 1245 2392 ac
1295 2337 1342 2391 si
1385 2336 1434 2392 ei
1479 2321 1864 2402 consentiatur,
1921 2343 1976 2390 et

378 2433 618 2505 peragit?
643 2433 779 2501 Quid
809 2433 880 2487 ibi
921 2431 1030 2503 agit
1063 2432 1177 2486 haec
1220 2431 1678 2500 concupiscentia,
1711 2430 1798 2486 ubi
1841 2429 1975 2484 nihil

381 2524 507 2579 boni
534 2523 925 2594 concupiscitur
946 2538 1011 2578 ex
1050 2522 1176 2577 illa?
1202 2521 1339 2589 Quid
1382 2521 1453 2577 ibi
1488 2521 1596 2592 agit
1640 2519 1826 2586 libido,
1883 2519 1974 2575 ubi

381 2617 513 2673 nihil
537 2618 660 2673 boni
682 2615 867 2671 libebit
891 2631 956 2671 ex
984 2615 1115 2670 illa?
1137 2613 1250 2670 Non
1281 2614 1582 2684 importune
1600 2613 1653 2667 in
1682 2612 1977 2682 coniugatis

381 2725 504 2767 esse
527 2710 734 2765 dicatur
760 2727 774 2763 :
801 2709 844 2763 si
862 2708 1003 2786 enim
1043 2694 1311 2763 summum
1349 2707 1560 2761 culmen
1598 2706 1840 2761 obtinent
1879 2721 1978 2777 pu-

383 2801 580 2858 dicitia:
621 2800 936 2871 conjugalis,
983 2798 1187 2855 faciunt
1226 2799 1354 2854 boni
1407 2798 1606 2867 aliquid
1661 2813 1756 2868 per
1807 2797 1974 2864 illam,

387 2896 632 2968 quamvis
654 2894 781 2948 nihil
813 2893 1005 2947 faciant
1029 2900 1247 2962 propter
1275 2890 1440 2944 illam.
1469 2888 1526 2944 In
1561 2889 1760 2944 sanctis
1798 2897 1976 2942 autem

386 2986 682 3057 virginibus
701 2993 755 3040 et
773 2983 1164 3039 continentibus
1186 2982 1312 3052 quid
1331 2983 1458 3052 agit,
1483 2981 1707 3036 obsecro
1740 2990 1822 3044 te;
1851 2978 1978 3051 quid

388 3077 497 3148 agit
544 3085 631 3131 tua
685 3077 782 3130 ista
830 3083 1098 3144 suscepta,
1120 3089 1239 3128 cum
1261 3072 1460 3142 desipis
1484 3074 1540 3136 ¹¹;
1572 3071 1898 3136 adversaria,
1931 3070 1977 3124 si

391 3169 566 3238 sapis;
599 3167 724 3238 quid
755 3167 882 3238 agit,
912 3165 1001 3220 ubi
1047 3164 1178 3219 nihil
1203 3164 1324 3218 boni
1356 3163 1463 3234 agit
1498 3163 1634 3232 ipsa,
1668 3161 1800 3216 nihil
1852 3161 1976 3216 boni

391 3260 566 3328 agitur
590 3259 658 3312 de
681 3258 827 3328 ipsa?
852 3243 1124 3327 Quid'agit
1172 3256 1223 3310 iu
1251 3255 1350 3321 eis,
1381 3255 1436 3308 in
1487 3253 1681 3324 quibus
1722 3252 1978 3322 quidquid

391 3350 684 3406 secundum
717 3350 884 3418 ipsam
910 3347 1321 3418 concupiscitur,
1351 3345 1546 3400 malum
1569 3345 1690 3400 est?
1716 3343 1853 3413 Quid
1871 3344 1980 3414 agit

391 3439 446 3497 in
471 3440 571 3504 eis,
601 3454 736 3510 quos
763 3448 946 3493 contra
969 3452 1027 3492 se
1047 3437 1318 3506 compellit
1343 3437 1560 3506 vigilare
1589 3442 1747 3504 atque
1778 3449 1981 3503 pugna-

391 3544 454 3586 re
485 3539 578 3595 ;et
603 3529 646 3584 si
667 3527 880 3600 quando
903 3529 970 3583 ab
995 3527 1073 3582 eis
1102 3527 1268 3580 ullum
1308 3525 1395 3581 vel
1426 3526 1478 3580 in
1520 3524 1722 3579 somnis
1776 3523 1983 3579 furatur

391 3635 691 3685 assensum,
717 3634 838 3674 cum
868 3619 1254 3689 evigilavcrint.
1272 3632 1488 3688 gemere
1516 3625 1572 3671 et
1595 3616 1734 3670 inter
1754 3615 1981 3686 gemitus

392 3712 594 3779 dicere,
649 3710 911 3776 Quomodo
945 3709 1150 3780 impleta
1183 3717 1257 3763 est
1295 3708 1468 3761 anima
1504 3723 1616 3760 mea
1659 3705 1982 3760 illusionibus

394 3802 566 3875 (Psal.
592 3816 795 3864 xxxvn,
823 3799 924 3872 8)?
951 3799 1084 3867 Quia
1107 3813 1229 3853 cum
1259 3797 1460 3867 sopitos
1485 3795 1744 3851 deludunt
1771 3797 1979 3852 somnia

309 3881 312 3884 i
392 3905 584 3948 sensus
610 3891 705 3962 (α),
729 3890 911 3944 nescio
961 3887 1231 3960 quomodo
1277 3888 1436 3942 etiam
1492 3894 1654 3941 casta:
1695 3885 1886 3939 anima:
1927 3885 1979 3939 in

393 3993 579 4056 turpes
619 3983 869 4037 labuntur
892 3995 1177 4045 assensus;
1206 3995 1328 4050 qua:
1355 3978 1402 4034 si
1433 3977 1724 4049 imputaret
1769 3975 1982 4030 Altissi-

393 4093 539 4142 mus,
567 4075 686 4146 quis
716 4075 918 4130 viveret
939 4073 1152 4128 castus?

467 4169 557 4223 Η.
597 4167 710 4222 Hoc
730 4181 858 4237 ergo
878 4166 1096 4232 malum,
1119 4163 1261 4235 quod
1293 4177 1399 4218 non
1414 4161 1655 4218 dicturus
1672 4174 1732 4216 es
1757 4161 1976 4225 bonum,

392 4261 498 4317 nisi
529 4260 789 4314 adversus
817 4273 1030 4313 omnem
1052 4256 1288 4312 veritatis
1311 4255 1488 4310 tubam
1518 4254 1595 4308 sic
1611 4252 1978 4320 obsurdueris,

394 4361 455 4407 ut
476 4352 678 4407 clames
707 4350 904 4405 bonum
931 4364 1048 4404 esse
1077 4347 1453 4418 concupiscere
1483 4345 1702 4412 malum,
1720 4344 1859 4416 quod
1883 4358 1982 4400 nec

395 4442 536 4496 inter
557 4440 747 4496 surdos
773 4439 950 4494 dicere
976 4438 1195 4494 audebis
1223 4455 1237 4492 :
1263 4438 1379 4504 hoc,
1409 4437 1644 4506 inquam,
1668 4437 1864 4490 malum
1881 4450 1979 4490 cur

395 4549 504 4589 non
533 4533 861 4602 cxstirpatur
895 4531 962 4587 de
995 4531 1381 4587 continentium
1426 4544 1589 4585 carne
1632 4529 1982 4584 sanctorum?

395 4623 508 4679 Cur
532 4639 637 4680 non
667 4641 686 4675 ι
713 4633 878 4677 totum
909 4637 1071 4692 opere
1099 4622 1294 4677 mentis
1327 4619 1601 4676 aufertur?
1629 4639 1647 4673 ι
1684 4621 1796 4676 lloc
1837 4622 1980 4676 enim

396 4712 531 4769 dicis
563 4732 582 4766 ι
610 4712 725 4768 ﬁeri
755 4713 1024 4778 debuisse,
1054 4712 1099 4767 si
1139 4713 1335 4766 malum
1363 4721 1526 4768 esset.
1561 4730 1581 4764 ›
1617 4713 1683 4767 Ει
1710 4712 1831 4782 quia
1875 4728 1982 4767 non

397 4808 456 4862 ﬁt
493 4807 546 4862 in
585 4807 900 4876 conjugatis,
931 4805 1021 4861 ubi
1059 4805 1176 4876 ejus
1232 4804 1423 4860 modus
1448 4803 1470 4836 ³
1495 4813 1577 4858 est
1624 4803 1986 4871 necessarius,

397 4899 519 4954 ideo
547 4909 700 4970 putas
719 4898 957 4952 bonum:
987 4910 1106 4951 cum
1123 4894 1322 4960 videas,
1356 4909 1455 4949 nec
1481 4894 1550 4948 ibi
1582 4893 1692 4948 ﬁeri
1725 4893 1815 4948 ubi
1862 4908 1980 4948 mo-

395 4991 498 5048 dus
525 4992 640 5064 ejus
669 4991 844 5048 nullus
863 5000 946 5046 est
973 4990 1328 5054 necessarius,
1360 4997 1414 5060 et
1447 4989 1500 5044 in
1544 4996 1801 5058 quantum
1842 4988 1983 5043 incst

398 5093 576 5151 nocet,
607 5084 706 5139 etsi
732 5098 836 5139 non
859 5083 926 5138 ad
959 5081 1286 5152 perdendum
1313 5080 1380 5136 de
1406 5089 1552 5136 sorte
1576 5088 1902 5139 sanctorum.
1930 5080 1979 5134 si

399 5189 504 5230 non
537 5174 586 5230 ei
626 5174 991 5229 consentiatur
1010 5215 1027 5241 ,
1052 5181 1230 5228 tamen
1260 5172 1326 5226 ad
1353 5170 1692 5226 minuendam
1723 5170 1980 5240 spiritua-

400 5266 502 5320 lem
529 5265 935 5320 delectationem
963 5275 1266 5320 sanctarum
1283 5263 1575 5328 mentium;
1605 5261 1748 5316 illam
1777 5261 1981 5317 scilicet

399 5357 465 5412 de
481 5372 582 5427 qua
599 5357 728 5413 dicit
750 5357 1052 5427 Apostolus,
1069 5354 1396 5413 Condelector
1418 5355 1549 5409 enim
1572 5353 1669 5425 legi
1691 5353 1788 5408 Dei
1805 5370 1982 5408 secun-

400 5447 520 5502 dum
541 5448 829 5502 interiorem
847 5447 1098 5502 hominem
1123 5445 1298 5520 (Rom.
1321 5461 1418 5512 vtt,
1449 5443 1566 5517 2‘2).
1591 5443 1716 5498 Haec
1745 5443 1980 5499 delecta-

464 5583 480 5613 ί
515 5583 588 5632 sic
617 5589 714 5644 Am.
743 5587 795 5644 et
811 5588 918 5644 Mss.
945 5587 996 5630 Αι
1019 5587 1094 5629 Er.
1120 5585 1326 5644 et_t.ov_.,
1350 5575 1425 5628 vel
1452 5585 1984 5644 quorumcumquem

402 5649 584 5710 ctenim
611 5656 629 5692 :
650 5641 931 5710 mirabiliter
943 5647 1122 5710 tamen,
1147 5639 1191 5692 si
1208 5638 1280 5690 uel
1302 5636 1588 5702 quamquam
1620 5636 1976 5688 haereticorum.

465 5707 484 5737 ³
515 5705 682 5754 Plures
707 5712 831 5762 Mam,
853 5702 897 5753 si
918 5702 1114 5762 desipis.

465 5768 485 5798 ³
507 5773 624 5815 Tres
646 5760 842 5815 OVatic.
866 5771 991 5818 Mss,
1017 5760 1095 5812 hic
1118 5760 1323 5818 etinfra,
1347 5765 1517 5810 motus.

465 5830 533 5890 (tt)
565 5826 742 5877 .tllusio
763 5827 821 5876 ad
847 5823 1107 5886 Virgilium,
1135 5822 1318 5872 ,ιι-λιθία.
1353 5822 1423 5884 l0,
1451 5833 1578 5871 vers.
1605 5818 1714 5868 διε.

1698 401 1898 458 LIBER
1936 404 2281 472 QUARTUS.

3568 423 3672 479 7n

2084 517 2158 572 tio
2184 516 2420 587 profecto
2448 519 2721 586 minuitur,
2753 525 2963 592 quando
2983 525 3084 582 etsi
3105 541 3210 583 non
3233 529 3299 586 ad
3319 532 3662 608 explendam,

2079 621 2226 667 certe
2251 610 2316 666 ad
2339 613 2745 683 oppugnandam
2771 617 3000 673 carnalis
3037 624 3523 693 concupiscentiam
3569 643 3667 683 vo-

2080 702 2318 772 luptatis,
2354 703 2602 759 bellantis
2634 706 2843 762 animus
2873 720 3184 778 occupatur,
3233 722 3290 769 et
3336 714 3406 770 ita
3451 729 3668 775 exercet

2079 795 2310 864 gloriosa
2366 797 2681 866 certamina,
2729 809 2788 853 ut
2837 814 2868 854 a
2919 801 3273 860 delectatione
3325 807 3668 880 intelligibilis

2082 884 2490 954 pulchritudinis
2534 888 2663 957 ipsis
2691 892 3070 948 certaminibus
3109 904 3380 950 avocetur.
3407 897 3512 954 Sed
3543 906 3665 971 quia

2082 972 2136 1027 in
2166 975 2265 1029 ista
2294 975 2519 1030 humana
2547 978 2761 1034 miseria
2793 981 2942 1050 pejor
2971 981 3141 1036 hostis
3181 994 3263 1038 est
3301 989 3535 1042 cavenda
3575 1005 3668 1046 su-

2082 1063 2288 1132 perbia,
2327 1065 2449 1120 ideo
2493 1067 2746 1122 nimirum
2797 1085 2901 1124 non
2951 1072 3159 1140 penitus
3203 1076 3559 1144 exstinguitur
3615 1080 3666 1135 itt

2081 1169 2244 1210 carne
2271 1157 2659 1213 continentium
2685 1169 2987 1214 sanctorum
3012 1163 3108 1216 ista
3130 1167 3580 1235 concupiscentia,
3610 1181 3666 1226 ut

2038 1261 2040 1263 ’
2079 1245 2208 1301 dum
2255 1260 2517 1318 pugnatur
2543 1251 2799 1305 adversus
2836 1267 2976 1317 eam,
3029 1255 3389 1321 periculorum
3443 1273 3663 1314 suorum

2080 1338 2291 1392 animus
2335 1339 2685 1393 admoneatur
2705 1381 2720 1402 ,
2755 1355 2822 1394 ne
2845 1356 3066 1397 securus
3095 1343 3340 1411 inﬂetur;
3367 1347 3540 1404 donec
3566 1350 3666 1403 ltu-

2081 1441 2238 1479 mana
2268 1424 2524 1497 fragilitas
2543 1428 2609 1482 ad
2638 1436 2835 1482 tantam
2865 1430 3246 1500 perlectionem
3276 1438 3548 1504 perveniat
3575 1456 3665 1495 sa-

2081 1519 2282 1585 nitatis,
2305 1519 2391 1574 ubi
2411 1521 2551 1575 nulla
2574 1522 2798 1590 putredo
2814 1523 3062 1588 lascivitn,
3085 1526 3260 1582 nullas
3281 1539 3455 1583 tumor
3473 1547 3664 1599 supcr-

2079 1608 2182 1664 bia:
2214 1608 2540 1664 formidetur.
2574 1610 2662 1668 Sic
2681 1613 2849 1668 virtus
2879 1614 2930 1668 in
2958 1614 3262 1673 inﬁrmitate
3297 1620 3567 1687 perﬁcitur
3598 1625 3662 1692 (lt

2079 1698 2312 1764 Cor.xtt,
2344 1701 2399 1768 9)
2435 1719 2449 1757 :
2480 1703 2602 1772 quia
2633 1713 2686 1758 et
2713 1719 2948 1774 pugnare
2985 1706 3306 1763 infirmitatis
3325 1721 3425 1764 est.
3456 1713 3665 1780 Quanto

2079 1794 2221 1847 enim
2237 1793 2457 1864 quisque
2473 1795 2636 1848 vincit
2662 1795 2886 1856 facilius.
2907 1806 3054 1852 tanto
3075 1810 3271 1870 pugnat
3291 1785 3484 1857 minus.
3507 1804 3560 1858 ln
3579 1820 3663 1860 se-

2079 1884 2494 1955 mctipsoautcm
2515 1887 2632 1957 quis
2654 1898 2932 1956 pugnaret,
2963 1889 3007 1943 si
3038 1891 3164 1944 nihil
3192 1907 3256 1947 ex
3285 1896 3666 1963 setnetipsoei-

2079 1974 2200 2030 dctn
2223 1977 2578 2047 repugnaret?
2602 1977 2666 2032 Et
2684 1978 2809 2049 quid
2829 1979 2982 2034 nobis
3002 1994 3259 2051 repugnat
3277 2000 3340 2038 ex
3366 1986 3542 2051 nobis,
3563 1989 3663 2043 nisi

2079 2065 2220 2134 quod
2239 2067 2412 2121 adhuc
2431 2077 2646 2121 curatur
2671 2077 2727 2122 ut
2755 2079 2972 2123 sanetur
3003 2071 3054 2124 in
3101 2072 3291 2126 nobis?
3313 2074 3451 2144 Eth
3489 2077 3538 2130 in
3571 2093 3666 2132 uo-

2078 2155 2402 2226 bismetipsis
2421 2158 2530 2211 sola
2556 2168 2637 2213 est
2658 2157 2939 2214 inﬁrmitas
2963 2176 3122 2215 causa
3150 2165 3448 2230 pugnandi;
3477 2177 3524 2220 et
3543 2183 3662 2221 rur-

2080 2261 2172 2301 sus
2193 2248 2472 2302 inﬁrmitas
2493 2249 2784 2304 admonitio
2806 2260 2888 2304 est
2913 2265 3016 2304 non
3044 2253 3402 2321 superbiendi.
3438 2255 3665 2313 Proinde

2079 2339 2247 2392 virtus
2262 2355 2362 2409 qua
2381 2340 2486 2406 hic,
2509 2341 2599 2395 ubi
2626 2342 2887 2410 superbiri
2910 2352 3084 2412 potest
3107 2344 3147 2411 ί,
3179 2360 3282 2399 non
3305 2347 3663 2418 superbiatur,

2081 2429 2134 2484 in
2160 2429 2467 2496 inﬁrmitate
2489 2431 2777 2500 perﬁcitur.

2156 2523 2240 2576 li.
2281 2523 2635 2592 Quamobrem
2663 2522 2768 2579 hoc
2788 2525 3042 2596 conjuges
3062 2527 3084 2558 '
3106 2525 3241 2582 bene
3273 2537 3492 2584 utuntur
3511 2573 3526 2596 ,
3557 2548 3662 2602 quo

2081 2615 2418 2669 continentes
2461 2613 2652 2670 melius
2682 2631 2786 2671 non
2833 2624 3072 2672 utuntur.
3101 2616 3292 2671 Malunt
3326 2619 3484 2690 igitur
3512 2621 3531 2652 ³
3560 2638 3669 2692 quo

2081 2707 2334 2776 conjuges
2355 2707 2490 2762 bene
2512 2716 2760 2774 utuntur,
2786 2716 2840 2762 et
2870 2709 3009 2764 incst
3033 2710 3348 2780 conjugibtts
3388 2729 3494 2782 quo
3531 2713 3669 2770 liene

2082 2806 2317 2863 utantur,
2345 2798 2483 2852 inest
2509 2807 2564 2853 et
2591 2798 2990 2854 cominentibus
3012 2817 3120 2871 quo
3145 2803 3335 2856 melius
3379 2819 3482 2857 non
3515 2815 3667 2858 utan-

2085 2895 2209 2941 tur:
2240 2885 2360 2942 itlco
2381 2888 2577 2958 quippe
2608 2888 2766 2955 incst,
2812 2900 2866 2944 ut
2913 2905 3016 2945 non
3057 2894 3398 2948 extollantur.
3442 2915 3458 2944 ι
3483 2895 3621 2950 Solis
3644 2915 3662 2948 ι

2081 2994 2209 3050 ergo
2238 2980 2474 3035 libidinis
2508 2999 2526 3033 ι
2551 2981 2860 3037 excessibus
2879 2995 3180 3049 accusatur,
3213 3003 3231 3037 ι
3268 2986 3359 3039 sed
3391 2987 3481 3040 ille
3509 3004 3536 3040 a
3565 3003 3668 3057 quo

2083 3089 2190 3128 non
2237 3075 2571 3128 refrenatur:
2601 3091 2720 3128 nam
2758 3075 2869 3144 ipsa
2920 3091 3012 3143 per
3049 3090 3107 3130 se
3154 3077 3321 3145 ipsam
3373 3079 3670 3136 l'CCllsSlllle

2083 3167 2302 3222 omnino
2325 3167 2434 3220 suis
2463 3166 2592 3235 ipsis
2621 3166 2852 3220 motibus
2879 3175 3178 3226 accusatur,
3207 3169 3400 3237 quibus
3427 3186 3490 3223 ne
3513 3186 3671 3226 (διίδοο

2083 3257 2172 3312 dat
2193 3257 2487 3311 obsistitur.
2517 3256 2629 3310 Non
2649 3257 2847 3326 itaque,
2871 3265 2927 3310 ιιι
2955 3256 3140 3321 dicis,t
3165 3259 3291 3311 nihil
3317 3259 3381 3313 ad
3414 3263 3667 3316 innocen-

2085 3347 2210 3401 tiam
2239 3357 2514 3416 promnvet
2543 3347 2800 3402 modestia
2833 3348 2906 3401 rei
2935 3363 3031 3416 per
3059 3347 3228 3414 ipsum
3260 3364 3429 3418 genus
3466 3367 3665 3405 nocen-

2085 3438 2173 3492 tis.
2203 3457 2222 3490 ι
2246 3438 2526 3492 Promovet
2547 3438 2742 3508 quippe
2762 3437 2826 3490 ad
2856 3437 3215 3492 innocentiam
3243 3455 3346 3492 non
3365 3443 3670 3497 consentire

2085 3530 2268 3584 malo:
2301 3544 2398 3584 nec
2430 3528 2548 3583 ideo
2585 3528 2709 3582 illttd
2754 3528 2841 3583 cui
2885 3544 2990 3582 non
3038 3531 3388 3588 consentitur,
3442 3547 3546 3585 non
3586 3541 3669 3587 est

2085 3620 2313 3685 malum;
2347 3621 2454 3674 imo
2481 3629 2760 3689 prapterea
2801 3619 2918 3674 sine
2961 3618 3289 3684 dubitatione
3334 3621 3530 3674 malum
3561 3630 3664 3687 est,

2085 3715 2206 3784 quia
2238 3727 2342 3767 non
2373 3712 2420 3767 ei
2451 3713 2755 3767 consentire
2785 3711 2985 3765 bonum
3024 3721 3126 3765 est.
3173 3710 3308 3777 Quid
3355 3714 3498 3766 enim
3543 3712 3668 3767 mali

2085 3803 2303 3868 faceret,
2359 3802 2447 3872 qui
2493 3791 2644 3856 bonie
2690 3801 3134 3870 concupiscentiae
3163 3802 3514 3865 consentiret;
3547 3819 3667 3858 cum

2084 3895 2210 3949 mali
2240 3893 2368 3947 nihil
2393 3894 2566 3956 faciat,
2586 3892 2746 3946 etiam
2776 3891 2866 3961 qui
2906 3906 3068 3961 opere
3095 3891 3375 3961 conjugali,
3409 3908 3513 3946 non
3553 3893 3670 3948 sine

2087 3986 2254 4056 ipsius
2281 3983 2423 4039 malo
2463 3983 2688 4038 seminat
2720 3981 3012 4045 hominem,
3048 3983 3138 4052 qui
3171 3992 3254 4036 est
3288 3983 3378 4036 Dei
3407 3998 3541 4053 opus
3571 3983 3669 4037 bo-

2088 4080 2252 4134 num?
2280 4077 2389 4133 Nec
2423 4095 2442 4129 ι
2463 4075 2837 4132 confectricem
2867 4074 3131 4129 seminum
3165 4073 3435 4128 libidinem
3461 4093 3478 4125 ι
3514 4075 3668 4130 dixe-

2085 4171 2180 4226 ris.
2211 4170 2303 4225 llle
2330 4169 2524 4240 quippe
2543 4177 2690 4223 creat
2719 4166 2950 4222 hominis
2973 4181 3176 4227 semen.
3201 4166 3288 4236 qui
3312 4166 3576 4221 hominem
3604 4182 3668 4220 cx

2086 4262 2329 4318 semine:
2361 4259 2456 4315 sed
2493 4258 2654 4324 unde,
2682 4258 2922 4312 interest.
2947 4256 3079 4324 Quia
3105 4255 3229 4310 ntali
3266 4255 3421 4325 hujus
3465 4257 3669 4311 occulta

2087 4361 2212 4408 sunt
2237 4361 2290 4406 ct
2317 4351 2428 4404 dira
2457 4349 2701 4419 contagia
2733 4366 2747 4402 τ
2778 4363 2875 4403 nec
2896 4363 2962 4402 ex
2994 4346 3076 4400 bis
3105 4346 3410 4401 hominibus
3433 4347 3521 4416 qui
3552 4362 3668 4400 ma-

2087 4444 2142 4500 lo
2161 4451 2364 4507 carent,
2391 4441 2530 4496 Dcus
2558 4441 2640 4496 vel
2668 4454 2850 4494 semen
2875 4439 2959 4494 vel
2989 4438 3235 4493 homines
3276 4447 3454 4501 creat;
3495 4439 3665 4492 etiam

2045 4542 2047 4544 ’
2086 4536 2132 4592 si
2162 4533 2374 4607 quidant
2395 4533 2463 4587 ab
2492 4531 2732 4602 ejusdem
2758 4530 2880 4585 ntali
2911 4545 3049 4584 noxa
3077 4529 3482 4598 rcgenerationc
3511 4529 3671 4584 Solnti

2087 4638 2230 4691 sunt,
2263 4625 2653 4682 sicutsolvendi
2682 4632 2804 4678 sunt
2826 4622 2916 4691 qui
2940 4621 3064 4674 inde
3093 4631 3404 4674 nascuntur.

2162 4719 2247 4773 15.
2292 4717 2406 4771 Dixi
2438 4730 2588 4781 sane,
2618 4729 2717 4768 nec
2747 4711 2992 4783 paenitet,
3018 4711 3084 4765 de
3113 4710 3360 4779 pudicitia
3385 4707 3670 4778 conjugali,

2087 4824 2207 4880 quae
2227 4822 2343 4862 mea
2375 4806 2536 4860 verba
2582 4804 2828 4875 posuisti,
2860 4821 2879 4854 ι
2906 4802 3026 4870 quia
3059 4816 3178 4855 cum
3220 4800 3356 4854 dona
3411 4799 3500 4853 Dei
3553 4813 3672 4852 csso

2089 4900 2186 4954 ista
2209 4906 2592 4960 monstrantur,
2622 4910 2651 4948 a
2683 4909 2791 4965 quo
2820 4892 3046 4963 petenda
3079 4899 3202 4944 sunt
3231 4891 3472 4952 discitur,
3495 4890 3538 4943 si
3565 4905 3670 4944 non

2089 4989 2379 5053 habentur;
2434 4997 2489 5043 et
2529 4986 2616 5043 cui
2675 4984 2893 5056 agendae
2957 4983 3162 5054 gratim,
3211 4983 3256 5036 si
3329 4981 3607 5037 habentur.
3647 4999 3666 5034 ι

2088 5086 2331 5157 Aguntur
2372 5083 2514 5138 enim
2569 5083 2755 5154 gratia:
2788 5099 2807 5133 ι
2844 5096 2950 5136 non
3003 5080 3070 5134 de
3095 5080 3320 5150 origine,
3359 5097 3377 5131 ι
3412 5087 3469 5134 ut
3500 5079 3670 5149 dicis,

2097 5197 2115 5231 ι
2147 5175 2609 5246 concupiscentiae,
2651 5192 2672 5228 ι
2701 5173 2852 5244 cujus
2903 5173 3054 5243 origo
3086 5181 3167 5227 est
3204 5172 3429 5241 primum
3476 5170 3672 5225 malum

2089 5270 2355 5334 hominis;
2384 5286 2404 5321 ι
2435 5267 2528 5323 sed
2570 5266 2640 5322 de
2693 5265 2953 5336 regimine
2977 5305 2992 5330 ,
3033 5283 3053 5317 ι
3084 5263 3224 5333 quod
3280 5279 3464 5318 verum
3517 5261 3671 5316 dicis.

2090 5363 2387 5432 Utrumque
2409 5361 2549 5415 enim
2576 5358 2730 5424 dicis,
2767 5375 2784 5409 ι
2810 5356 2896 5412 vel
2942 5356 3202 5427 regimine
3252 5354 3334 5408 vel
3384 5352 3611 5422 origine.
3649 5368 3670 5401 ι

2089 5452 2217 5508 Ideo
2238 5460 2415 5506 autem
2441 5458 2674 5520 aguntur
2697 5448 2880 5519 gratia:
2901 5445 2970 5502 de
2997 5445 3256 5517 regimine
3283 5443 3673 5514 concupiscen-

2152 5632 2168 5663 ί
2197 5631 2281 5680 uic
2303 5630 2351 5678 in
2376 5626 2518 5677 editis
2533 5624 2660 5676 male
2682 5625 2914 5682 additum,
2940 5631 3010 5674 ut.
3322 5680 3329 5682 _
3446 5679 3454 5682 _
3578 5641 3579 5645 ‘

2149 5694 2171 5725 ί
2204 5679 2277 5740 Sic
2295 5697 2400 5740 uss.
2426 5697 2482 5738 At
2506 5698 2603 5736 Am.
2639 5695 2691 5736 et
2722 5694 2816 5745 ετ..
2845 5679 3156 5747 Quamobrem
3189 5680 3409 5745 quorum:
3436 5679 3520 5730 hoc
3557 5689 3669 5728 cort-

2087 5766 2256 5862 "acii.
2282 5813 2422 5863 editis
2443 5811 2520 5861 hic
2545 5810 2750 5871 additur,
2771 5815 2855 5859 est.
