4088 6532
533 365 682 428 at:
1388 355 1666 413 CONTRA
1707 349 2043 410 JL’LI.\NU.\l
2085 347 2556 415 rmacumuu,
2596 350 2654 407 s.
2697 352 3059 410 AUGUSTlNl
3747 363 3813 420 7“

569 482 688 544 tim,
716 475 840 549 quia
872 491 1184 550 repugnans
1210 475 1457 532 vincitur.
1501 472 1655 541 Quod
1704 480 1880 546 autem
1921 473 2177 534 repugnat
2283 463 2469 531 ctrpil,
2503 466 2742 533 perficiat
2767 481 2934 540 usque
2958 468 3009 524 in
3029 469 3182 526 ﬁnem
3203 468 3456 544 (Philipp.
3484 487 3521 535 ι.
3550 473 3622 545 6).
3651 474 3702 532 lu
3729 495 3811 548 quo

580 572 842 630 voluntati
873 571 1051 635 boum,
1092 585 1203 626 non
1252 578 1335 624 est
1375 569 1576 622 bonum
1602 582 1617 628 ;
1666 565 1774 618 imo
1813 559 2011 615 malum
2059 570 2177 610 esse
2284 553 2435 608 enim
2465 556 2546 608 vis
2569 575 2590 608 ί
2612 554 2936 624 Ιιοιιιὶηθιιι,ο
2957 559 3094 615 sicut
3117 560 3365 632 loqueris,
3389 581 3408 615 ι
3435 563 3500 618 ad
3527 565 3704 636 aliquid
3723 570 3814 627 Ian.

577 668 702 736 quis
727 675 906 736 neget,
930 665 1030 721 nisi
1057 664 1151 734 qui
1181 677 1288 718 non
1329 659 1488 716 habet
1517 655 1807 713 voluntatis
1826 653 2021 708 bonum
2044 689 2059 718 ,
2088 647 2174 703 cui
2278 645 2459 702 dabile
2484 649 2732 717 generosi
2760 651 2936 706 cordis
2954 652 3182 708 stimulis
3209 653 3438 718 incitari,
3455 661 3491 707 ἰ
3521 656 3574 710 in
3601 657 3692 714 hoc
3715 676 3811 718 eum

578 755 722 831 quod
749 764 1031 827 repugnat,
1065 753 1296 809 famam,
1319 750 1558 807 malum?
2130 811 2141 817 _
2277 752 2387 831 non
2412 738 2495 831 vis
2525 739 2577 794 in
2605 739 2852 831 Domino,
2885 741 2980 798 sed
3009 743 3062 798 in
3090 743 3259 800 libero
3279 744 3498 802 arbitrio
3519 748 3715 818 gloriari
3737 770 3748 807 :
3767 768 3815 809 ac

645 847 877 902 CAPUT
918 844 1004 899 lll.
1027 873 1103 885 —
1127 845 1214 899 14.
1255 840 1554 910 interponis
1597 837 1700 892 alia
1737 835 1808 892 de
1847 833 1984 890 libro
2022 845 2208 899 meo,.
2272 828 2353 884 sic
2391 828 2628 898 priorem
2675 829 2828 900 dare,
2874 841 2933 888 ut
2974 834 3297 892 retribuatur
3331 836 3440 903 illi;
3491 853 3651 909 eoque
3684 843 3812 898 modo

573 937 664 992 ubi
691 953 813 991 cum
846 935 1106 990 dixissem
1136 934 1334 988 donum
1363 930 1454 986 Dei
1491 927 1800 1000 pudicitiam
1829 939 1948 980 esse
1976 921 2163 991 conju-
2271 923 2441 992 gratia
2466 923 2578 994 jam
2617 939 2723 979 non
2762 926 2831 980 sit
2854 928 3020 996 gratia
3052 925 3226 998 (Rom.
3267 943 3340 994 ιι,
3369 930 3458 994 35,
3489 929 3564 1001 6),
3595 933 3705 1002 quia
3731 950 3814 990 non

574 1031 771 1101 galem,
807 1038 862 1082 et
892 1027 994 1080 hoc
1024 1024 1284 1096 Apostolo
1313 1032 1447 1078 teste
1490 1020 1830 1080 docnissem;
1877 1029 2165 1070 occurren-
2271 1021 2354 1066 est
2391 1013 2645 1084 gratuita.
2695 1033 2714 1067 ι
2744 1016 2941 1072 Bonam
2969 1035 2988 1070 ι
3044 1017 3180 1073 dicis
3223 1036 3244 1070 ι
3272 1018 3543 1076 hominum
3586 1033 3810 1087 naturam,

577 1134 682 1175 tum
714 1119 907 1172 deinde
933 1117 1284 1188 quaestionem
1312 1115 1498 1168 tacitus
1530 1111 1674 1165 nolui
1703 1108 2005 1180 praeterire,
2037 1103 2165 1176 quid
2267 1119 2388 1175 qum
2420 1106 2544 1162 talis
2572 1109 2756 1178 gratim
2779 1109 3178 1179 opitulationem
3206 1121 3460 1168 meretur.
3490 1131 3510 1166 ι
3543 1113 3680 1182 Quod
3713 1132 3811 1186 gra-

574 1212 862 1267 dicendum
886 1211 974 1273 sit,
1007 1223 1128 1262 cum
1161 1207 1404 1260 videntur
1432 1205 1594 1258 etiam
1624 1200 1866 1256 nonnulli
1890 1197 2035 1268 impii
2060 1213 2160 1268 pu-
2269 1206 2444 1254 tanter
2467 1199 2728 1266 audirem,
2765 1202 2811 1256 si
2843 1202 2943 1257 hoc
2982 1213 3260 1273 propterea
3293 1204 3418 1274 quia
3449 1207 3706 1262 rationalis
3739 1224 3812 1263 na-

567 1305 693 1358 dice
730 1317 850 1356 cum
886 1297 1200 1370 conjugibus
1237 1295 1412 1351 vivere
1435 1293 1534 1364 (De
1571 1291 1784 1362 Nuptiis
1820 1301 1868 1346 et
1907 1289 2159 1358 Concupi-
2266 1299 2380 1346 tura
2410 1301 2497 1347 est
2533 1292 2781 1349 diceres:
2814 1310 2987 1365 neque
3023 1296 3168 1351 enim
3209 1297 3376 1366 gratia
3405 1297 3498 1354 Dei
3535 1313 3629 1369 per
3657 1300 3812 1356 Jesum

567 1398 783 1457 arentia.
825 1397 914 1452 lib.
947 1397 996 1458 1,
1047 1410 1100 1446 n.
1145 1392 1220 1462 4).
1268 1409 1288 1446 ι
1317 1389 1534 1456 Soletis,
1571 1406 1591 1441 ι
1636 1387 1801 1452 enim,
1855 1403 1875 1438 ι
1908 1395 2160 1456 negantes
2263 1381 2532 1439 Christum
2557 1385 2836 1442 Dominum
2861 1395 3100 1442 nostrum
3121 1387 3382 1461 lapidibus
3403 1389 3662 1463 autlignis
3683 1408 3812 1461 peco-

576 1488 670 1543 Dei
698 1487 838 1541 dona
881 1500 1002 1540 esse
1040 1484 1264 1538 virtutes
1290 1481 1482 1553 quibus
1523 1488 1672 1534 recte
1711 1478 1926 1543 vivitur,
1972 1485 2025 1530 et
2068 1490 2160 1530 cas
2263 1475 2481 1530 ribnsve
2522 1485 2846 1546 prmstatur:
2879 1477 2975 1534 sed
3005 1479 3128 1550 quia
3157 1480 3333 1550 imago
3359 1480 3452 1536 Dei
3479 1491 3578 1548 est,
3605 1493 3812 1540 meretur

574 1587 780 1634 naturm
819 1575 1184 1645 vtiluntatiqne
1227 1576 1492 1636 humanm,
1541 1585 1648 1625 non
1694 1570 1879 1640 gratim
1926 1567 2016 1621 Dei
2059 1567 2156 1621 tri~
2262 1565 2398 1622 hanc
2413 1569 2682 1638 gratiam;
2712 1585 2820 1624 non
2852 1579 3028 1626 tamen
3065 1579 3124 1626 ut
3151 1571 3266 1642 ejus
3293 1572 3426 1628 bona
3451 1573 3686 1630 voluntas
3707 1589 3810 1644 pos-

574 1672 818 1736 buentes,
849 1669 949 1723 hoc
991 1668 1064 1722 uti
1094 1673 1428 1738 argumento.
1456 1663 1598 1735 quod
1643 1678 1735 1718 eas
1777 1675 2155 1731 nonnunquam
2258 1660 2328 1718 sit
2369 1660 2676 1730 praecedere
2721 1671 2916 1732 praeter
2951 1664 3197 1734 gratiam,
3245 1679 3313 1720 ne
3340 1665 3423 1720 vel
3458 1665 3656 1736 ipsam‘
3690 1666 3812 1736 prior

574 1762 807 1818 habeant
827 1759 1109 1814 inﬁdeles:
1141 1777 1162 1812 ι
1195 1759 1264 1812 ita
1290 1767 1550 1811 conantes
1567 1769 1828 1810 evacuare
1853 1753 1994 1824 quod
2025 1753 2158 1808 dici-
2255 1751 2366 1818 det,
2399 1761 2458 1808 ut
2479 1753 2800 1809 retribuatur
2827 1754 2923 1821 illi,
2945 1769 3008 1810 ac
3053 1755 3132 1810 sic
3169 1756 3332 1826 gratia
3357 1755 3466 1827 jam
3487 1773 3588 1811 non
3614 1757 3680 1812 sit
3710 1772 3809 1828 gra-

571 1868 712 1918 mus,
741 1853 1010 1908 neminem
1049 1860 1196 1906 recte
1221 1852 1421 1916 vivere,
1468 1848 1572 1903 nisi
1611 1863 1676 1902 ex
1707 1846 1811 1902 ﬁtle
1851 1861 1945 1916 per
1971 1845 2153 1902 Jesum
2257 1847 2349 1912 tia,
2386 1846 2516 1902 dum
2569 1863 2676 1904 non
2723 1849 2879 1904 datur
2926 1850 3174 1920 gratuita,
3225 1850 3318 1906 sed
3360 1851 3594 1906 redditur
3635 1851 3806 1908 debita.

569 1945 834 2000 Christum
867 1944 1147 1998 Domimun
1171 1952 1433 2007 nostrum,
1463 1955 1627 1995 unum
1671 1939 1762 1994 Dei
1797 1946 1854 1994 et
1877 1937 2152 1992 hominum
2253 1937 2392 2006 Quid
2419 1947 2502 1994 est
2521 1955 2671 2010 ergo,
2702 1941 2842 2011 quod
2865 1941 3155 1997 secundum
3180 1937 3394 1998 modum
3416 1951 3665 2007 vestrum,
3700 1957 3719 1996 (
3741 1943 3807 1998 ei-

569 2037 950 2100 mcdiatorem;
992 2035 1080 2090 ubi
1129 2049 1224 2089 vos
1266 2035 1384 2102 ejus
1430 2031 1768 2086 adversarios
1812 2029 2152 2098 apertissime
2254 2025 2452 2082 fectum
2497 2030 2782 2086 voluntatis
2825 2030 3071 2086 humanm
3104 2031 3246 2087 dona
3285 2031 3518 2089 coelestia
3554 2047 3639 2088 me
3664 2052 3684 2086 ι
3713 2047 3808 2089 cre-

568 2130 910 2199 proﬁtemini.
954 2129 1192 2198 Denique
1222 2128 1379 2196 longe
1407 2141 1510 2179 non
1553 2139 1740 2179 eamus
1768 2141 1782 2178 :
1809 2123 1854 2178 si
1882 2121 2019 2177 forte
2056 2121 2154 2176 fal-
2250 2118 2498 2176 dideraSt
2518 2136 2883 2194 nuncupasse;
2911 2141 2930 2176 ι
2953 2131 3199 2193 tanquam
3217 2123 3456 2178 voluntas
3471 2123 3693 2178 hominis
3714 2124 3808 2180 sine

567 2221 668 2286 lor,
695 2220 760 2276 ad
788 2221 887 2274 ista
917 2219 1198 2288 responde.
1234 2217 1344 2286 Ego
1365 2215 1496 2282 dixi,
1530 2233 1550 2269 ι
1577 2215 1827 2286 pudicum
1856 2230 1963 2268 non
1992 2228 2150 2268 vera-
2252 2209 2346 2266 Dei
2374 2213 2543 2282 gratia
2574 2223 2878 2268 moveretur
2902 2213 2971 2268 ad
3001 2214 3217 2278 bonum,
3247 2223 3305 2269 ut
3339 2214 3389 2270 ei
3432 2214 3640 2271 debitus
3664 2230 3692 2268 a
3713 2215 3808 2270 Deo

564 2313 696 2366 citcr
721 2311 850 2375 dici,
881 2309 970 2380 qui
1000 2325 1105 2362 non
1135 2318 1352 2378 preptcr
1387 2308 1554 2361 Deum
1597 2321 1781 2361 verum
1817 2305 1976 2360 ﬁdem
2021 2320 2150 2360 con-
2251 2305 2639 2362 rctribueretnr
2667 2306 2925 2362 ell'ectns?
2954 2306 3098 2361 Itane
3136 2307 3330 2362 oblitus
3358 2306 3553 2372 fueras,
3580 2322 3680 2363 nos
3706 2323 3806 2362 cum

566 2404 710 2457 nimii
757 2411 934 2456 servat
981 2400 1153 2453 uxori.
1185 2417 1204 2450 ι
1263 2397 1414 2454 Unde
1463 2407 1642 2452 autem
1683 2395 1736 2450 id
1782 2395 2145 2463 ostenderem,
2249 2395 2521 2468 Scriptura
2562 2397 2740 2452 dicere
2787 2407 2972 2452 contra
3011 2412 3126 2464 vos,
3168 2395 3496 2470 Pra'paratar
3533 2399 3752 2453 voluntas
3781 2414 3807 2451 α

565 2493 723 2560 paulo
753 2501 874 2561 post
910 2487 1149 2555 adhibui,
1175 2487 1319 2558 quod
1349 2488 1478 2541 mihi
1505 2487 1676 2540 visum
1715 2493 1798 2541 est
1819 2485 2020 2555 grande
2045 2485 2146 2540 do-
2249 2487 2469 2545 Domino
2491 2489 2674 2563 (Prov.
2703 2506 2934 2556 νημαι.
2960 2489 3162 2562 LXX);
3187 2491 3420 2561 velquod
3442 2491 3493 2546 in
3513 2491 3667 2546 nobis
3691 2491 3806 2546 Deus

563 2593 868 2638 cutuentum
897 2579 1084 2651 (Ibid.,
1115 2595 1229 2650 cap.
1260 2579 1336 2650 4).
1385 2597 1406 2631 ι
1436 2576 1568 2633 Cum
1614 2577 1757 2632 enim
1785 2577 1951 2632 virtus
1996 2577 2086 2645 sit,
2121 2595 2142 2630 ι
2249 2590 2503 2650 operetur
2528 2591 2584 2638 et
2608 2582 2776 2638 velle?
2796 2583 2840 2638 0
2862 2583 3048 2652 ingrati
3079 2581 3263 2652 gratim
3286 2583 3406 2638 Dei!
3437 2597 3472 2638 o
3493 2581 3688 2638 inimici
3703 2597 3806 2652 gra-

562 2675 801 2744 inquam,
833 2690 852 2725 ‹
882 2671 1152 2742 pudicitia,
1177 2671 1262 2725 cui
1292 2669 1474 2724 vitium
1507 2668 1834 2723 contrarium
1859 2677 1942 2724 est
1970 2667 2148 2739 impuo
2250 2674 2335 2728 tim
2363 2673 2584 2741 CliriSIi,
2615 2685 2668 2730 et
2707 2675 2824 2729 solo
2872 2668 3130 2729 vocabulo
3168 2673 3473 2730 christiani!
3503 2673 3689 2729 Nonne
3727 2690 3807 2744 pro

562 2765 762 2829 dicitia,
793 2778 1088 2834 omnesque
1113 2764 1333 2818 virtutes
1353 2763 1510 2817 etiam
1535 2776 1653 2830 qum
1680 2775 1776 2830 per
1793 2775 1987 2831 corpus
2013 2775 2146 2831 ope-
2248 2767 2477 2821 inimicis
2494 2765 2606 2822 suis
2636 2777 2752 2822 orat
2781 2767 3054 2824 Ecclesia?
3073 2766 3209 2836 Quid
3238 2775 3374 2834 orat,
3402 2767 3663 2822 obsecro?
3688 2767 3730 2822 si
3762 2774 3808 2820 ut

551 2867 768 2920 irautur,
813 2856 864 2910 in
910 2856 1090 2910 animo
1135 2853 1408 2920 habitent;
1454 2851 1722 2923 quomodo
1771 2867 1894 2908 vera
1938 2855 2146 2910 ratione
2247 2862 2329 2916 eis
2356 2875 2466 2914 sum
2496 2861 2780 2916 volunmis
2817 2861 3139 2916 reiribuatnr
3162 2861 3410 2930 pretium,
3436 2859 3561 2930 quid
3590 2860 3667 2918 eis
3686 2868 3804 2925 orat,

563 2949 810 3019 pudicum
841 2962 1034 3016 corpus
1069 2946 1344 3011 asseritur,
1387 2945 1600 3017 quando
1640 2960 1672 2999 a
1707 2959 1836 3000 vero
1877 2945 1988 3001 Deo
2030 2945 2145 3015 ipse
2248 2955 2350 3008 nisi
2398 2953 2598 3023 grande
2635 2952 2998 3024 supplicium?
3035 2952 3186 3022 Quod
3210 2951 3320 3024 jam
3363 2961 3545 3008 contra
3591 2967 3684 3007 eos
3717 2961 3804 3017 est,

561 3041 774 3096 animus
814 3038 1139 3093 fornicatur?
1166 3057 1184 3090 ι
1235 3037 1432 3092 Deinde
1476 3054 1543 3092 ne
1584 3039 1862 3108 quisquam
1905 3048 2142 3093 vestrum
2246 3059 2354 3098 non
2380 3059 2476 3114 pro
2505 3045 2584 3098 eis
2603 3061 2618 3110 ;
2638 3052 2948 3098 oratautcm
2971 3058 3066 3114 pro
3089 3043 3168 3098 eis
3194 3060 3208 3098 :
3232 3057 3338 3098 non
3365 3057 3493 3112 ergo
3515 3043 3640 3112 quia
3659 3050 3733 3096 est
3757 3041 3810 3096 il-

562 3141 778 3202 Itt'gat'cl
815 3131 1048 3184 animum
1090 3131 1380 3185 inlidelidm
1425 3131 1692 3194 fornicari,
1731 3131 1947 3184 adhibui
1993 3130 2142 3184 testi-
2246 3135 2348 3189 lis'
2380 3135 2628 3189 voluntas
2657 3134 2816 3200 bona,
2861 3135 2957 3191 sed
2987 3142 3045 3189 ut
3070 3143 3412 3191 convertatur
3433 3134 3486 3188 in
3511 3131 3703 3188 bonam
3727 3147 3807 3186 vo-

560 3226 794 3278 moninm
837 3224 904 3280 de
929 3224 1200 3294 Scriptura
1235 3232 1438 3288 sancta,
1476 3223 1565 3277 ubi
1605 3223 1812 3294 legitur,
1853 3223 1981 3276 Ecce
2009 3222 2142 3276 enim
2245 3225 2420 3280 luntas
2443 3225 2578 3279 mala
2606 3243 2620 3279 :
2648 3225 2899 3296 quoniam
2923 3232 3243 3296 prmparalur
3263 3223 3494 3278 voluntas
3516 3238 3549 3274 a
3577 3219 3808 3285 Domino;

560 3316 644 3384 qui
673 3315 820 3386 longe
846 3331 900 3368 se
935 3316 1130 3386 faciunt
1165 3329 1198 3367 α
1243 3323 1308 3378 te,
1353 3315 1616 3382 peribunt;
1643 3312 1906 3383 perdidisti
1943 3329 2142 3367 omnem
2242 3325 2314 3380 et,
2347 3314 2485 3370 Deus
2506 3324 2578 3370 est
2603 3316 2755 3382 enim,
2779 3324 2838 3370 ut
2859 3317 2934 3371 ait
2960 3315 3267 3388 Apostolus,
3289 3314 3374 3386 qui
3401 3323 3640 3386 aperalur
3661 3313 3711 3368 in
3732 3329 3806 3366 ro-

558 3407 642 3473 qui
672 3407 955 3478 fornicatur
993 3405 1080 3460 abs
1121 3413 1170 3459 te
1211 3403 1383 3476 (Psal.
1417 3420 1592 3465 Luu.
1632 3403 1748 3475 27).
1801 3404 1906 3458 Sed
1950 3413 2005 3458 tu
2045 3404 2139 3474 qui
2242 3405 2318 3461 bis
2342 3415 2387 3460 et
2417 3408 2545 3461 velle
2570 3405 2832 3478 (Philipp.
2865 3423 2923 3473 ιι,
2959 3407 3068 3479 l5).
3155 3417 3162 3424 ‘

563 3515 584 3548 ι
613 3512 752 3562 mea,
785 3515 802 3548 ι
849 3497 984 3551 sicut
1012 3496 1164 3560 dicis,
1201 3513 1220 3548 ι
1250 3511 1370 3566 qua:
1398 3495 1526 3550 mihi
1553 3495 1801 3550 videntur
1825 3505 1979 3550 acuta
2012 3511 2141 3566 per—
2315 3499 2403 3556 16.
2445 3499 2548 3556 Sed
2587 3500 2916 3556 acerbissimi
2942 3499 3128 3570 gratim
3161 3499 3318 3571 hujus
3351 3499 3550 3554 inimici
3581 3497 3806 3568 exempla

543 3587 814 3657 sequeris,
843 3603 862 3638 ι
905 3587 1005 3641 hoc
1045 3595 1209 3640 totum
1239 3595 1487 3656 tanquam
1517 3585 1647 3640 mihi
1677 3585 1926 3640 obtusum
1965 3586 2136 3640 visum
2243 3591 2396 3647 nobis
2423 3592 2690 3662 opponitis
2728 3591 3014 3660 impiorum
3045 3631 3060 3656 ,
3100 3606 3235 3662 quos
3267 3588 3470 3645 dicitis'
3503 3608 3523 3642 ι
3551 3588 3750 3645 alienos
3776 3601 3807 3640 a

551 3682 712 3735 fuerit
750 3679 1052 3750 przeteristi.
1103 3678 1232 3734 Vide
1272 3692 1404 3749 ergo
1445 3677 1573 3748 quid
1603 3677 1792 3733 horum
1839 3679 2136 3748 negandum
2243 3684 2350 3740 fide
2385 3683 2659 3739 abundare
2706 3682 3009 3747 virtutibus,
3059 3682 3112 3736 in
3159 3681 3353 3752 quibus
3391 3681 3509 3736 sine
3557 3677 3809 3750 adjutorio

555 3773 848 3827 arbitreris.
897 3771 1155 3826 Virtutem
1207 3785 1328 3825 esse
1395 3769 1703 3840 pudicitiam
1758 3770 2134 3840 coniugalem,
2241 3779 2448 3847 gratim,
2477 3778 2648 3832 solum
2683 3784 2766 3831 est
2793 3785 2996 3830 natura:
3023 3775 3243 3841 bonum,
3289 3773 3410 3829 licet
3433 3770 3809 3843 superstitioni-

555 3863 950 3932 promptissime
992 3862 1264 3918 conﬁteris
1292 3879 1305 3916 :
1329 3875 1516 3916 omnes
1546 3861 1768 3916 virtutes
1811 3861 1971 3916 etiam
2018 3877 2138 3932 qum
2243 3868 2341 3922 bus
2367 3868 2749 3937 mancipatum,
2781 3867 2870 3937 qui
2898 3866 3026 3921 solis
3048 3866 3306 3921 libertatis
3325 3865 3570 3936 ingenita:
3598 3864 3804 3926 viribus,

557 3972 652 4024 per
676 3971 873 4024 corpus
897 3963 1208 4024 operantur,
1251 3954 1302 4007 in
1329 3953 1510 4006 animo
1547 3951 1789 4006 habitare
1815 3968 1920 4006 non
1948 3969 2134 4024 negas.
2242 3969 2296 4014 et
2324 3958 2700 4014 misericordes
2725 3959 2936 4022 crebro,
2959 3967 3015 4012 et
3037 3954 3285 4020 modesti,
3313 3963 3370 4011 et
3391 3955 3524 4010 casti
3551 3953 3810 4010 inveniun-

557 4050 644 4102 i‘oi
663 4065 722 4102 ro
753 4049 977 4102 infidelis
997 4048 1230 4101 animum
1258 4043 1509 4100 fornicari
1529 4059 1558 4097 a
1590 4045 1700 4098 Deo
1725 4043 1813 4098 ille
1833 4055 2010 4114 potest
2039 4061 2136 4102 ne-
2242 4061 2349 4120 tur,
2379 4062 2433 4108 et
2480 4052 2666 4108 sobrii.
2696 4069 2716 4104 ι
2753 4051 2878 4106 ιιωο
2915 4049 3098 4105 dicens
3141 4063 3267 4104 ecce
3288 4048 3396 4120 jam
3433 4057 3486 4104 et
3523 4046 3656 4103 illud
3681 4044 3808 4116 quod

553 4156 699 4211 gare,
728 4140 816 4209 qui
847 4155 906 4194 se
935 4139 1106 4210 palam
1138 4145 1439 4192 sanctarum
1463 4134 1858 4205 Scriptor-arum
1883 4135 2136 4192 adversa-
2239 4145 2424 4215 gratim
2447 4144 2541 4199 Dei
2571 4143 2852 4210 tribueras,
2883 4140 3168 4208 abstulisti,
3197 4139 3366 4209 ipsum
3403 4137 3608 4195 scilicet
3637 4137 3809 4193 volun-

555 4232 690 4286 rium
723 4231 1014 4300 proﬁtetur.
1039 4228 1116 4282 Ex
1145 4228 1334 4297 quibus
1361 4225 1610 4280 omnibus
1635 4225 1750 4280 hmc
1775 4241 1981 4282 summa
2006 4242 2136 4282 con-
2242 4236 2366 4290 tatis
2390 4235 2661 4290 eﬂ‘cclum.
2690 4233 2805 4288 Non
2831 4232 2972 4288 enim
3003 4232 3145 4296 aisti,
3172 4230 3308 4285 velle
3344 4244 3438 4285 eos
3463 4243 3582 4284 esse
3610 4226 3808 4282 miseri-

556 4328 751 4391 ﬁcitur,
785 4335 839 4378 ut
873 4323 1031 4377 autin
1059 4323 1238 4376 animo
1259 4319 1554 4374 fornicante
1581 4318 1830 4389 pudicitia
1860 4335 1986 4375 vera
2014 4335 2136 4378 esse
2240 4326 2452 4394 cordes,
2483 4325 2776 4392 modestos,
2807 4333 2861 4380 et
2897 4333 3094 4388 castos,
3122 4331 3176 4376 et
3219 4320 3446 4386 sobrios,
3477 4329 3531 4375 et
3568 4319 3689 4374 ideo
3714 4333 3808 4372 non

556 4418 758 4489 possit;
785 4415 924 4484 quod
946 4415 1121 4469 cernis
1145 4428 1301 4484 quam
1324 4410 1860 4468 sitabsurdum:aut
1883 4411 1934 4466 in
1957 4413 2135 4468 animo
2241 4433 2384 4488 esse,
2429 4418 2574 4491 quod
2622 4417 2858 4474 nondum
2905 4432 3006 4487 per
3044 4415 3265 4486 gratiam
3310 4413 3507 4468 fuerint
3549 4411 3810 4468 consecuti

547 4507 788 4564 inﬁdelis
812 4505 1064 4576 pudicitia
1092 4520 1219 4560 vera
1243 4519 1362 4559 esse
1391 4519 1497 4558 non
1529 4502 1731 4574 possit;
1763 4505 2005 4574 quamvis
2030 4504 2134 4562 hoc
2240 4509 2396 4568 boum
2441 4510 2599 4581 hujus
2625 4507 2917 4565 voluntatis
2953 4505 3198 4562 eli‘ectum
3230 4521 3246 4558 :
3275 4503 3368 4558 sed
3411 4504 3456 4557 si
3499 4511 3554 4557 et
3576 4517 3699 4556 esse
3728 4515 3810 4554 vo-

553 4617 676 4657 cum
715 4615 1033 4665 assererem,
1081 4609 1133 4654 te
1171 4597 1394 4652 ﬁnxeris
1431 4597 1672 4651 surdum.
1709 4595 1824 4652 Non
1866 4596 2042 4668 igitur,
2077 4607 2136 4655 ut
2240 4603 2452 4660 luerunt
2475 4611 2695 4667 etsunt,
2717 4602 2826 4671 jam
2855 4601 2908 4654 in
2932 4600 3011 4654 eis
3029 4599 3352 4652 voluntatem
3373 4605 3427 4650 et
3451 4594 3694 4650 effectum
3723 4607 3812 4645 vo-

543 4693 914 4759 ealumniaris,
963 4709 982 4744 ι
1013 4689 1188 4747 studio
1213 4688 1542 4759 vituperandi
1582 4689 1955 4759 substantiam,
1993 4691 2133 4747 dona
2240 4697 2464 4752 luntatis
2501 4696 2832 4759 invenimus;
2872 4691 2997 4764 quid
3037 4690 3292 4746 remansit
3333 4687 3474 4759 quod
3514 4687 3699 4758 gratim
3741 4698 3812 4738 re-

547 4788 815 4843 collaudo.
843 4805 862 4839 ι
895 4785 1009 4841 Νοιι
1041 4785 1182 4840 enim
1209 4783 1510 4839 divinorum
1537 4780 1798 4836 donorum
1844 4797 2012 4853 capax
2047 4798 2136 4839 es-
2240 4801 2517 4844 servemus
2538 4788 2590 4842 in
2617 4795 2721 4841 tam
2749 4783 3105 4847 evidentibus,
3123 4781 3315 4852 quibus
3339 4779 3516 4834 dixisti
3535 4793 3627 4834 eos
3649 4777 3811 4832 abun-

551 4888 654 4944 set,
687 4879 786 4932 nisi
810 4879 946 4932 bona
974 4885 1116 4932 esset
1145 4876 1372 4929 humana
1400 4873 1710 4938 substantia,
1745 4874 1827 4928 cui
1853 4875 1977 4928 vitia
2007 4890 2136 4944 quo-
2239 4879 2369 4934 dare
2390 4877 2708 4934 virtutibus?
2727 4877 2937 4943 Quanto
2955 4875 3140 4939 satius,
3169 4873 3211 4926 si
3233 4881 3290 4926 te
3307 4871 3497 4939 impios
3517 4869 3588 4924 ita
3605 4867 3812 4922 laudare

551 4985 655 5039 que
685 4969 796 5038 ipsa
835 4969 1086 5022 bonitatis
1126 4965 1414 5036 perhibent
1442 4965 1802 5020 testimonium
1851 4967 2130 5021 naturalis.
2239 4971 2488 5036 delectat,
2534 4980 2724 5023 utnon
2771 4967 2992 5030 audiens
3033 4966 3294 5020 dicentem
3337 4961 3684 5036 Scripturam,
3720 4958 3812 5026 Qui

544 5061 688 5130 Quid
736 5062 877 5115 enim
924 5060 1064 5114 aliud
1114 5060 1165 5113 in
1196 5059 1323 5112 vitio
1371 5065 1518 5112 recte
1556 5057 1820 5126 diSplicct,
1869 5059 1973 5113 nisi
2009 5059 2133 5130 quia
2241 5063 2360 5118 dicit
2384 5063 2597 5132 impium
2625 5061 2821 5132 justum
2849 5075 2975 5126 esse,
3005 5057 3302 5112 maledicta:
3330 5057 3421 5110 erit
3447 5055 3499 5108 in
3529 5052 3739 5125 populo,
3768 5059 3813 5102 ει

551 5152 784 5209 detrahit
813 5151 896 5204 vel
929 5151 1118 5204 minuit
1147 5150 1286 5218 quod
1313 5151 1362 5203 in
1394 5158 1577 5202 natura
1611 5147 1815 5218 placet?
2241 5152 2442 5208 odibilia
2469 5153 2520 5206 in
2545 5151 2773 5223 gentibus
2801 5149 2981 5223 (Prov.
3011 5163 3160 5213 χειν,
3188 5147 3279 5218 24)
3301 5163 3321 5210 ;
3346 5146 3506 5200 etiam
3539 5140 3812 5197 virtutibus

627 5247 713 5302 15.
753 5246 884 5298 Cum
916 5257 1044 5312 ergo
1068 5242 1319 5297 divinitus
1347 5242 1626 5310 adjuvatur
1657 5240 1838 5307 homo,
1872 5257 1978 5297 non
2009 5249 2128 5296 tan-
2239 5245 2382 5300 veris
2406 5260 2498 5299 eos
2524 5244 2782 5314 praedices
2804 5241 3077 5297 abundare
3104 5258 3118 5293 :
3142 5248 3361 5310 quanto,
3388 5239 3616 5307 inquam,
3649 5233 3811 5287 smius

549 5345 664 5390 tmn
689 5354 707 5387 t
733 5335 798 5389 ad
821 5332 1199 5402 capessendam
1224 5332 1604 5403 perfectionem
1623 5331 1920 5402 adjuvetur,
1947 5333 2130 5403 aquod
2235 5336 2357 5391 haec
2395 5335 2506 5406 ipsa
2549 5336 2601 5390 in
2641 5334 2722 5390 eis
2749 5334 2888 5388 dona
2932 5332 3026 5388 Dei
3069 5346 3190 5387 esse
3231 5329 3492 5393 fatereris,
3533 5324 3629 5382 sub
3665 5322 3814 5392 cujus

551 5429 666 5496 ipse
687 5423 935 5496 posuisti,
965 5418 1145 5492 utique
1171 5425 1357 5478 volens
1381 5424 1598 5494 intelligi
1626 5439 1746 5478 eum
1785 5438 1878 5492 per
1910 5438 1969 5479 se
1993 5423 2128 5478 inei-
2241 5430 2451 5486 occulto
2475 5427 2700 5500 judicio,
2739 5442 2838 5482 nec
2866 5425 3083 5497 iniusto,
3109 5423 3200 5478 alii
3227 5421 3376 5486 fatui,
3405 5420 3496 5475 alii
3533 5411 3812 5474 tardissimi

545 5532 678 5588 pere
725 5517 839 5568 sine
889 5514 1080 5581 gratia,
1129 5515 1271 5582 quod
1319 5513 1528 5584 perﬁcit
1566 5514 1735 5584 gratia
1765 5530 1779 5568 :
1807 5513 1902 5568 sed
1954 5515 2130 5583 pctins

539 5608 690 5678 quod
712 5606 1000 5678 Apostolus
1027 5604 1280 5676 loquitur,
1296 5616 1351 5661 ut
1369 5608 1456 5679 qui
1480 5607 1532 5662 in
1561 5607 1743 5662 vobis‘
1771 5621 1905 5678 opus
1930 5607 2128 5663 bonum
2302 5582 2324 5672 ξ
2742 5578 2889 5689 mag,
2905 5635 3020 5690 mis.

2305 5705 2326 5736 ⁸
2357 5678 2553 5776 milia.
2583 5678 2712 5764 Sig:
2745 5678 3140 5762 ἇῧῧίῖίῖιειιιο
3153 5702 3278 5760 post,
3300 5695 3382 5760 qui
3416 5693 3558 5776 solius
3589 5689 3679 5742 lii-'c
3709 5683 3814 5738 tutis

604 5767 630 5800 ι
657 5773 742 5814 ιω]
785 5770 838 5812 et
863 5772 1033 5810 omnes
1055 5768 1180 5820 uss,
1202 5765 1350 5817 nobis.
1793 5797 1818 5804 --
2239 5765 2482 5828 ἱησεηίιω.
