4118 6532
404 391 510 448 ⁸115

401 503 596 575 ingenii
638 508 694 560 et
730 501 798 559 ad
826 501 1229 576 intelligendum
1265 501 1494 575 quodam
1539 502 1700 559 modo
1725 502 1983 574 plumbei,

399 595 489 650 alii
527 594 794 662 obliviosi,
840 595 930 652 alii
973 595 1116 650 acuti
1156 608 1493 651 memoresve
1543 603 1859 663 nascuntur,
1901 593 1993 649 alii

402 694 629 757 utroque
654 700 875 742 munere
905 685 1133 757 praaditi,
1163 694 1218 741 et
1256 695 1410 740 acute
1442 684 1802 756 intclligentes
1824 694 1880 739 et
1909 692 1991 740 te-

400 781 701 836 nacissimae
719 782 743 863 ξ
763 779 1041 837 memoriae
1070 779 1325 834 thesauro
1359 777 1573 849 cognita
1598 776 1988 843 recondentes;

399 873 487 930 alii
532 864 918 940 natura‘lenes,
965 872 1055 927 alii
1082 871 1366 927 levissimis
1400 870 1577 927 causis
1622 870 1700 926 ira
1740 869 1992 925 facillima

398 964 669 1031 ardentes,
698 964 788 1019 alii
818 963 885 1018 ad
914 962 1162 1018 vindictae
1197 961 1543 1033 cupiditatem
1571 961 1713 1016 inter
1737 970 1995 1030 utrosque

398 1056 731 1121 mediocres;
760 1054 850 1109 alii
878 1054 1166 1125 spadones,
1194 1054 1284 1108 alii
1319 1054 1371 1109 in
1398 1053 1683 1110 concubitu
1709 1053 1781 1107 ita
1816 1051 1992 1124 {rigidi

399 1154 458 1201 ut
484 1145 571 1201 vix
609 1145 830 1200 omnino
870 1154 1205 1211 moveantur,
1245 1144 1332 1199 alii
1361 1143 1783 1199 libidinosissimi
1809 1151 1867 1198 ut
1903 1146 1993 1198 vix

399 1238 949 1301 omninoteneantur,
980 1237 1069 1292 alii
1106 1238 1245 1292 inter
1272 1245 1526 1307 utrosque
1546 1244 1601 1292 et
1634 1236 1837 1292 moveri
1857 1232 2016 1291 iaci?

390 1330 481 1387 ‘les
517 1339 572 1386 et
614 1329 818 1396 teneri;
863 1330 953 1385 alii
983 1328 1328 1398 timidissimi,
1373 1329 1466 1384 alii
1503 1328 1863 1394 audacissimi,
1903 1327 1992 1385 alii

400 1431 678 1490 neutrum;
702 1421 792 1476 alii
821 1422 1038 1489 hilares,
1067 1421 1158 1476 alii
1192 1421 1392 1485 tristes,
1421 1420 1509 1475 alii
1535 1418 1602 1475 ad
1637 1420 1769 1475 nihil
1788 1419 1991 1475 horum

399 1515 701 1586 proclives:
728 1529 828 1570 nec
853 1528 1038 1569 eorum
1068 1526 1188 1592 quae
1220 1510 1638 1567 commemoravi
1664 1510 1864 1581 aliquid
1904 1509 1991 1566 in-

399 1604 585 1661 stituto
632 1619 697 1659 ac
736 1604 1031 1675 proposito,
1078 1602 1173 1658 sed
1216 1612 1442 1669 natura;
1488 1601 1628 1657 unde
1662 1601 1855 1657 medici
1892 1617 1991 1656 au-

398 1695 529 1751 dent
558 1696 654 1749 ista
694 1695 930 1750 tribuere
963 1694 1437 1764 temperatiouibus
1477 1692 1801 1763 corporum?
1838 1691 1992 1760 Quod

399 1790 498 1845 etsi
520 1787 797 1859 probari‘,
819 1787 898 1843 vel
924 1787 1066 1843 nulla
1085 1787 1365 1853 existente,
1395 1786 1647 1841 vel'omni
1674 1784 1822 1840 ﬁnita
1845 1800 1993 1856 qure-

397 1881 570 1937 stione
599 1881 890 1952 potuisset;
927 1881 1183 1952 numquid
1209 1881 1308 1936 sibi
1329 1880 1555 1952 quisque
1583 1895 1778 1951 corpus
1800 1879 1990 1935 condi-

397 1974 496 2040 dit,
527 1974 713 2030 ethoc
741 1974 857 2045 ejus
885 1974 1223 2030 tribuendum
1251 1982 1334 2030 est
1364 1974 1644 2038 voluntati,
1675 1973 1815 2045 quod
1851 1974 1993 2030 mala

398 2067 498 2122 ista
531 2067 791 2122 naturalia
831 2058 1001 2138 magis
1038 2069 1281 2123 minusve
1308 2068 1644 2139 perpetitur?
1670 2066 1804 2122 Nam
1832 2082 1991 2138 pror-

398 2172 492 2214 sus
518 2172 581 2213 ea
608 2174 713 2214 non
736 2159 940 2229 perpeti
961 2174 1081 2214 cum
1113 2160 1198 2215 hic
1210 2160 1434 2228 vivitur,
1463 2159 1609 2215 nullo
1635 2158 1815 2227 modo,
1846 2159 1993 2215 nulla

396 2252 615 2308 ratione
647 2253 926 2323 quisquam
956 2260 1155 2324 potest.
1195 2252 1307 2309 Nec
1343 2261 1521 2309 tamen
1565 2254 1678 2309 sive
1718 2253 1989 2322 maximis,

398 2344 513 2400 sive
557 2345 790 2401 minimis
824 2344 846 2377 ⁸
870 2356 1153 2417 urgeatur,
1186 2345 1265 2402 fas
1304 2356 1388 2403 est
1431 2355 1490 2402 ut
1529 2347 1672 2403 dicat
1715 2348 1765 2402 ei
1807 2348 1896 2418 qui
1933 2361 1995 2404 se

400 2435 571 2502 ﬁnxit,
617 2438 865 2508 quamvis
908 2438 1284 2509 omnipotenti,
1310 2439 1478 2510 justo,
1531 2450 1585 2495 et
1627 2440 1788 2505 bono,
1824 2440 1994 2506 Quare

397 2528 472 2582 sic
499 2545 578 2582 me
605 2529 767 2601 fecisti
790 2527 941 2601 (Isai.
961 2545 1089 2593 xcv,
1121 2530 1187 2596 9;
1222 2529 1376 2584 Rom.
1404 2546 1481 2595 rx,
1508 2529 1644 2601 20)?
1675 2531 1740 2585 Et
1774 2529 1840 2585 de
1863 2530 1993 2600 jugo

396 2619 545 2690 gravi
567 2619 711 2690 quod
740 2630 822 2675 est
846 2636 1004 2691 supra
1025 2620 1162 2675 ﬁlios
1188 2622 1345 2693 primi
1377 2621 1548 2676 Adam
1578 2621 1764 2695 (Eccli.
1794 2637 1884 2686 ιι,
1911 2621 1989 2691 1),

398 2727 561 2767 nemo
587 2712 777 2768 liberat
801 2713 901 2768 nisi
927 2713 1196 2769 secundus
1227 2713 1418 2769 Adam.
1463 2715 1674 2782 Quanto
1699 2730 1828 2785 ergo
1860 2714 1994 2769 tole-

399 2805 620 2861 rabilius
655 2806 792 2873 illas,
837 2822 970 2877 quas
1000 2806 1134 2862 dicis
1172 2807 1227 2862 in
1270 2807 1448 2879 impiis
1478 2823 1598 2864 esse
1630 2808 1878 2873 virtutes,
1905 2805 1993 2862 di-

400 2897 525 2951 vino
559 2897 766 2952 muneri
808 2899 1004 2968 potius,
1046 2913 1207 2969 quam
1247 2913 1432 2953 eorum
1465 2898 1728 2953 tribueres
1759 2907 1993 2953 tantum-

398 2990 561 3045 modo
592 2990 852 3046 voluntati
879 3008 892 3043 :
925 2990 1053 3046 licet
1077 2991 1177 3060 ipsi
1208 2991 1311 3046 hoc
1350 2992 1612 3055 nesciant,
1643 2991 1816 3047 donec
1854 2992 1899 3046 si
1926 3006 1994 3047 ex

399 3082 492 3138 illo
517 3091 642 3138 sunt
667 3083 1163 3153 prmdcstinatorum
1194 3099 1419 3139 numero
1446 3084 1710 3153 accipiant
1746 3084 1992 3153 Spiritum

398 3178 489 3246 qui
519 3193 583 3234 ex
614 3179 724 3234 Deo
754 3186 855 3243 est,
887 3188 948 3233 ιιι
975 3178 1149 3234 sciant
1182 3193 1302 3251 quae
1340 3193 1372 3233 a
1398 3178 1513 3234 Deo
1537 3177 1732 3234 donata
1759 3185 1887 3234 sunt
1914 3178 1995 3234 eis

398 3269 442 3344 (l
466 3270 592 3327 Cor.
621 3287 681 3337 tt,
709 3270 843 3343 ‘12)?
1523 3262 1538 3276 ⁸

472 3363 560 3418 17.
602 3363 707 3419 Sed
736 3363 873 3419 absit
898 3373 955 3418 ut
989 3364 1059 3420 sit
1083 3364 1136 3420 in
1166 3364 1347 3435 aliquo
1370 3379 1500 3419 vera
1526 3364 1718 3433 virtus,
1750 3364 1854 3420 nisi
1875 3362 1994 3420 fue-

392 3453 471 3509 rit
494 3453 691 3524 justus.
720 3454 873 3509 Absit
915 3464 1094 3510 autem
1141 3464 1198 3509 ut
1223 3456 1292 3510 sit
1321 3455 1498 3524 justus
1531 3472 1678 3523 vere,
1720 3456 1824 3511 nisi
1855 3456 1997 3511 vivat

399 3559 467 3600 ex
504 3542 645 3600 ﬁde:
675 3545 856 3600 Justus
889 3545 1031 3600 enim
1063 3562 1125 3600 ea:
1151 3545 1253 3614 ﬁde
1285 3546 1411 3599 vivit
1442 3545 1616 3618 (Rom.
1636 3562 1678 3612 1,
1711 3546 1824 3618 17).
1856 3545 1990 3613 Quis

400 3652 564 3707 porro
602 3652 787 3693 eorum
816 3637 903 3708 qui
948 3653 1007 3693 se
1052 3638 1375 3693 christianos
1418 3638 1604 3694 haberi
1629 3639 1842 3707 volunt,
1888 3639 1993 3695 nisi

399 3730 502 3785 soli
533 3729 821 3799 Pelagiani,
870 3739 962 3783 aut
1001 3729 1053 3783 in
1097 3729 1227 3800 ipsis
1267 3730 1428 3784 etiam
1453 3730 1593 3785 forte
1621 3738 1679 3785 tu
1707 3712 1878 3797 solus,
1902 3730 1994 3803 ju-

399 3828 543 3876 stum
599 3820 794 3875 dixerit
847 3820 1115 3875 inﬁdelem
1146 3844 1171 3888 ,ν
1211 3820 1415 3890 justum
1467 3820 1663 3876 dixerit
1723 3822 1992 3891 impium,

398 3911 601 3981 justum
653 3910 849 3966 dixerit
899 3910 1112 3966 diabolo
1154 3912 1511 3983 mancipatum
1565 3912 1709 3983 (a)?
1749 3913 1820 3968 sit
1870 3913 1995 3969 licet

403 4005 495 4061 ille
519 4004 834 4071 Fabricius,
856 4004 926 4059 sit
971 4005 1094 4060 licet
1130 4003 1349 4069 Fabius,
1399 4004 1470 4059 sit
1506 4004 1632 4060 licet
1679 4003 1880 4074 Scipio,
1920 4006 1997 4061 sit

399 4096 530 4153 licet
574 4095 830 4165 Regulus,
875 4111 1102 4165 quorum
1150 4110 1237 4150 me
1269 4094 1608 4160 nominibus,
1643 4102 1893 4165 tanquam
1939 4094 1994 4150 in

401 4188 617 4257 antiqua
647 4186 885 4241 Romana
926 4185 1073 4240 curia
1108 4185 1469 4255 loqueremur,
1499 4184 1695 4254 putasti
1736 4199 1855 4239 esse
1886 4191 1996 4239 ter-

394 4279 652 4338 rentium.
680 4278 877 4333 Verum
900 4286 957 4332 tu
988 4278 1039 4332 in
1072 4277 1172 4332 hac
1204 4291 1365 4332 causa
1391 4276 1491 4332 etsi
1522 4275 1589 4330 ad
1623 4277 1863 4331 scholam
1888 4276 1993 4347 Py—

401 4374 641 4444 thagora:
662 4386 928 4444 provoces
952 4371 1038 4425 vel
1060 4370 1315 4436 Platonis,
1340 4369 1429 4425 ubi
1457 4368 1803 4424 eruditissimi
1832 4376 1994 4439 atque

399 4462 700 4522 doctissimi
739 4462 838 4517 viri
882 4462 1049 4516 multo
1092 4461 1471 4515 cxcellentiore
1507 4460 1717 4515 caeteris
1746 4459 1995 4530 philoso-

402 4554 528 4626 phia
568 4553 833 4609 nobilitati
861 4566 1020 4606 veras
1048 4551 1276 4605 virtutes
1312 4565 1417 4604 non
1446 4565 1566 4605 esse
1590 4549 1860 4614 dicebant,
1889 4548 1993 4604 nisi

399 4660 522 4717 qua:
547 4644 711 4699 menti
741 4642 973 4713 quodam
1000 4640 1159 4695 modo
1191 4641 1572 4709 imprimuntur
1596 4655 1624 4693 a
1655 4640 1824 4695 forma
1852 4640 1993 4696 illius

400 4746 617 4791 atterunt
648 4733 1097 4802 immutabilisque
1134 4731 1479 4798 substantias,
1520 4730 1661 4801 quod
1703 4740 1786 4787 est
1819 4731 1990 4798 Deus;

399 4828 561 4882 etiam
594 4824 703 4880 illic
720 4824 985 4879 "adversus
1013 4830 1087 4889 te,
1115 4831 1370 4892 quantum
1397 4822 1562 4876 donat
1587 4822 1676 4892 qui
1701 4837 1800 4877 nos
1828 4836 1993 4877 voca-

398 4916 496 4982 vit,
525 4915 738 4985 pietatis
777 4913 1022 4969 libertate
1055 4913 1339 4967 clamabo:
1371 4910 1480 4966 Nec
1519 4911 1572 4965 iu
1612 4911 1729 4965 istis
1758 4919 1841 4966 est
1866 4926 1992 4966 vera

394 5007 623 5081 justitia.
648 5003 866 5060 iustus‘
893 5019 957 5059 ea:
984 5003 1087 5075 fide
1111 5004 1247 5059 vivit.
1288 5001 1448 5057 Fides
1480 5017 1544 5057 ea:
1567 5001 1765 5069 auditu,
1791 5002 1993 5057 auditus

462 5200 739 5269 fNonnulIt
760 5206 896 5269 κει,
917 5199 1234 5269 tenacissimo.
1306 5262 1317 5269 .
1369 5261 1380 5269 _
1432 5265 1442 5269 _
1561 5258 1573 5269 _
1648 5257 1661 5269 ο

460 5266 483 5332 ξ
516 5274 618 5313 am.
644 5274 717 5313 ιιι.
747 5272 800 5315 ει
818 5258 1011 5332 quidam
1032 5271 1161 5332 Mss._,
1185 5262 1317 5323 Quod
1338 5261 1380 5332 si
1396 5265 1443 5311 et
1464 5258 1678 5330 probati.

464 5327 486 5360 ³
516 5335 618 5375 Am.
644 5334 697 5377 et
735 5319 853 5386 Er.,'
878 5325 975 5376 sive
1018 5319 1278 5386 maximus,
1313 5322 1423 5386 sive,
1441 5319 1664 5372 mittimus
1692 5332 1709 5370 :
1734 5319 1988 5386 mendose.

394 5394 511 5438 Nam
641 5383 892 5497 aégtdtt'ad
911 5386 1027 5436 illud
1051 5384 1383 5445 Horatii,lihro
1407 5384 1749 5442 lsermonum,
1774 5384 1919 5431 satira
1941 5383 1990 5443 5,

398 5463 528 5497 vers.
625 5484 639 5497 .
748 5463 760 5497 :

398 5463 528 5500 νοτε.
559 5463 639 5508 υδ,
661 5463 725 5497 ω
748 5463 760 5497 Ξ

522 5503 636 5561 nam
659 5511 785 5560 vitiis
806 5522 953 5559 nemo
974 5510 1081 5559 sine
1106 5510 1344 5568 nascitur;
1381 5507 1593 5569 Optimus
1615 5503 1699 5554 ille
1726 5511 1820 5563 est,

523 5582 607 5638 Qui
620 5572 847 5638 minimis
861 5578 1083 5633 urgetur.
1189 5629 1221 5638 __
1320 5630 1330 5638 _
1455 5629 1468 5638 _
1655 5625 1666 5638 .
1747 5625 1758 5636 '

460 5634 482 5666 ⁸
516 5635 653 5692 sunt,
692 5644 789 5697 qua
819 5629 1028 5697 justits._
1052 5629 1361 5697 Pratellensis
1381 5629 1557 5687 codex,
1582 5629 1694 5697 quia
1730 5629 1906 5689 jwtzts.
1944 5631 1993 5675 in

394 5696 504 5746 aliis
538 5691 875 5753 atauuscriptis
905 5707 999 5742 nec
1017 5691 1214 5751 legitur,
1251 5704 1380 5753 qua;
1420 5705 1531 5748 nec,
1555 5691 1685 5753 quat.

459 5755 744 5866 ἓαζξυιιΐεικ
770 5747 856 5803 [ὼ.
880 5755 992 5804 5de
1012 5747 1211 5803 Civitalc
1235 5747 1338 5812 Dei,
1361 5747 1498 5815 Capp.
1533 5747 1604 5808 19,
1624 5750 1701 5810 20,
1730 5756 1780 5799 et
1800 5747 1886 5797 lib.
1917 5748 1988 5809 19,

396 5833 505 5882 cap.
528 5833 603 5868 1.).

641 5889 915 5953 Parnm.
953 5891 1090 5955 XLI
1109 5892 1177 5955 γ.

1738 383 1956 444 'LlBER
1994 382 2338 456 QUARTUS.

3579 403 3692 461 ‘MG

2101 512 2268 560 autem
2297 522 2388 576 per
2411 506 2614 562 verbum
2643 506 2829 566 Cltristi
2853 527 2873 567 :
2890 512 3010 583 ﬁnis
3032 514 3161 587 legis
3186 516 3420 574 Christus
3445 520 3514 574 ad
3527 521 3692 591 justi-

2098 594 2222 649 tiam
2241 599 2380 651 omni
2405 598 2628 654 credenti
2651 600 2829 672 (Rom.
2847 618 2903 673 x,
2922 605 3010 675 17,
3027 607 3103 677 4).
3122 606 3403 675 Quomodo
3418 620 3541 665 sunt
3558 626 3687 669 vero

2093 683 2247 756 justi,
2273 687 2467 758 quibus
2494 690 2617 746 vilis
2656 701 2740 748 est
2766 693 3040 752 humilitas
3068 698 3179 753 veri
3199 698 3328 769 justi
3349 700 3375 755 Ἰ
3400 699 3518 770 Quo
3543 703 3687 758 enim

2096 781 2588 852 propinquaverunt
2617 785 2989 860 intelligentia,
3020 791 3145 848 inde
3169 793 3416 864 superbia
3447 811 3685 854 recesse-

2096 878 2223 924 runt
2249 886 2263 923 :
2290 872 2408 940 quia
2425 874 2441 905 ¹
2463 885 2813 947 cognoscentes
2841 878 3026 949 Deum,
3054 898 3157 937 non
3178 883 3309 939 sicut
3338 884 3502 940 Deum
3525 887 3691 958 glori-

2097 960 2396 1032 ﬁcaverunt,
2426 975 2516 1021 aut
2541 969 2733 1039 gratias
2754 982 2996 1043 egerunt;
3024 974 3116 1030 sed
3139 987 3447 1032 evanuerunt
3473 980 3525 1033 in
3551 980 3693 1051 cogi-

2091 1055 2372 1112 tationibus
2394 1058 2522 1127 suis,
2563 1070 2612 1114 et
2646 1061 2970 1120 obscuratum
2995 1076 3069 1122 est
3093 1069 3340 1140 insipiens
3364 1087 3454 1126 eor
3485 1088 3684 1129 eorum.

2096 1144 2334 1205 Dicentes
2362 1153 2499 1207 enim
2527 1171 2580 1209 se
2612 1172 2719 1210 esse
2744 1159 3018 1231 sapientes,
3049 1163 3190 1217 stulti
3216 1163 3341 1234 facti
3365 1174 3483 1219 sunt
3509 1165 3622 1237 (Id.
3642 1172 3683 1233 ι,

2080 1237 2159 1294 ’2³1
2184 1248 2230 1294 et
2253 1239 2368 1312 22).
2395 1241 2673 1312 Quomodo
2701 1255 2783 1303 est
2820 1251 2873 1304 in
2903 1251 2983 1306 eis
3011 1267 3136 1309 vera
3160 1253 3386 1325 justitia,
3420 1257 3470 1311 in
3493 1257 3686 1327 quibus

2079 1344 2203 1411 non
2250 1339 2333 1387 est
2379 1348 2505 1390 vera
2552 1337 2848 1407 sapientia?
2886 1340 3057 1410 Quam
3104 1344 3151 1399 si
3197 1345 3277 1401 cis
3317 1346 3681 1413 tribuerimus,

2095 1422 2227 1478 nihil
2257 1425 2359 1480 erit
2393 1442 2568 1484 causae
2610 1445 2706 1486 cur
2746 1448 2853 1489 non
2895 1449 2990 1499 eos
3017 1434 3083 1491 ad
3123 1436 3251 1493 illud
3299 1453 3523 1510 regnum
3562 1442 3691 1510 per-

2094 1518 2279 1574 venire
2303 1519 2564 1585 dicamus,
2600 1523 2669 1579 de
2694 1540 2801 1594 quo
2829 1528 3087 1596 scriptum
3128 1537 3229 1595 est,
3259 1528 3684 1603 Concupistentia

2093 1609 2354 1676 sapientiae
2375 1610 2581 1666 deducit
2607 1613 2676 1667 ad
2703 1630 2916 1686 regnum
2945 1617 3102 1688 (Sap.
3123 1634 3198 1687 γι,
3218 1620 3336 1691 2'1).
3359 1622 3436 1675 Ac
3466 1637 3559 1690 per
3588 1621 3694 1676 hoe

2094 1696 2339 1754 Christus
2354 1702 2518 1771 gratis
2531 1713 2771 1760 mortuus
2791 1714 2893 1774 est,
2917 1707 2962 1763 si
2980 1710 3223 1765 homines
3236 1710 3356 1766 sine
3372 1710 3475 1766 ﬁde
3490 1712 3693 1769 Christi

2094 1789 2162 1844 ad
2182 1789 2342 1847 ﬁdem
2363 1796 2601 1861 veram',
2623 1797 2690 1851 ad
2712 1798 2963 1854 virtutem
2994 1816 3195 1870 veram,
3219 1802 3285 1857 ad
3308 1802 3569 1874 justitiam
3599 1821 3692 1860 vc-

2094 1897 2231 1948 ram,
2250 1883 2318 1939 ad
2333 1886 2644 1956 sapientiam
2660 1905 2862 1956 veram,
2878 1908 3211 1964 quacumque
3231 1910 3289 1949 re
3302 1895 3426 1961 alia,
3443 1912 3691 1966 quacum-

2095 1986 2199 2044 que
2211 1975 2416 2032 ratione
2438 1979 2767 2047 perveniunt.
2795 1981 3018 2037 Prorsus
3035 1984 3170 2039 sicut
3190 1983 3258 2040 de
3274 1985 3688 2056 lege'verissime

2094 2067 2170 2121 ait
2191 2067 2496 2137 Apostolus,
2516 2068 2580 2127 Si
2596 2087 2686 2141 per
2704 2072 2860 2144 legem
2868 2074 3094 2144 justitia,
3121 2092 3240 2148 ergo
3270 2075 3501 2131 Christus
3528 2079 3690 2148 gratis

2095 2170 2327 2215 mortuus
2342 2170 2415 2217 est
2431 2161 2625 2235 (Colat.
2649 2180 2705 2230 ll,
2723 2163 2816 2238 21)
2840 2184 2853 2221 :
2873 2166 2942 2221 ita
2962 2168 3242 2224 verissime
3271 2168 3491 2238 dicitur,
3515 2169 3569 2226 Si
3594 2187 3690 2240 per

2096 2262 2340 2308 naturam
2380 2256 2816 2328 voluntatemque
2837 2258 3063 2328 justitia,
3100 2276 3227 2332 ergo
3251 2260 3494 2317 Christus
3522 2263 3692 2334 gratis

2096 2354 2340 2401 mortuus
2358 2356 2460 2403 est.
2489 2348 2544 2404 Si
2578 2365 2671 2418 per
2693 2350 2962 2407 doctrinas
2983 2352 3258 2409 hominum
3288 2348 3689 2426 qualiscumque

2092 2435 2450 2511 justitia,ergo
2462 2439 2708 2498 Christus
2719 2445 2886 2514 gratis
2903 2454 3139 2500 mortuus
3153 2455 3252 2501 est.
3271 2446 3529 2518 Pcrquod
3548 2449 3691 2504 enim

2096 2538 2314 2585 estvera
2328 2531 2531 2600 justitia
2545 2532 2587 2599 ⁸,
2608 2550 2705 2604 per
2716 2534 2816 2590 hoc
2835 2537 2993 2591 etiam
3013 2553 3235 2609 regnum
3254 2539 3368 2595 Dei.
3385 2540 3525 2596 Deus
3540 2554 3693 2595 name

2096 2634 2201 2690 que
2226 2620 2360 2690 ipse,
2388 2622 2530 2701 quod
2554 2624 2711 2689 absit,
2744 2625 2847 2680 erit
2876 2627 3126 2697 iujustus,
3160 2628 3205 2683 si
3240 2628 3305 2683 ad
3332 2629 3447 2699 ejus
3469 2646 3693 2700 regnum

2096 2725 2257 2768 verus
2298 2727 2406 2767 non
2440 2714 2739 2771 admittitur
2757 2716 2935 2787 justus
2965 2736 2978 2772 :
3012 2734 3132 2774 cum
3164 2728 3219 2775 et
3258 2720 3432 2791 ipsum
3463 2721 3579 2793 ejus
3608 2739 3682 2779 re-

2095 2818 2258 2877 gnum
2280 2806 2485 2876 justitia
2516 2810 2604 2877 sit,
2648 2811 3098 2881 quemadmodum
3130 2814 3386 2883 scriptum
3435 2825 3537 2881 est,
3568 2814 3695 2870 Non

2097 2907 2173 2954 est
2199 2914 2409 2971 regnum
2449 2899 2545 2954 Dei
2587 2917 2700 2955 esca
2737 2911 2785 2956 et
2819 2912 2986 2973 potus,
3029 2904 3120 2960 sed
3145 2906 3369 2977 justitia,
3411 2916 3458 2961 et
3491 2923 3614 2977 pax,
3646 2916 3693 2961 et

2095 2990 2339 3061 gaudium
2380 2988 2558 3062 (Rom.
2593 3007 2721 3061 xxv,
2755 2994 2865 3066 17).
2910 2995 3080 3051 Porro
3126 2997 3170 3051 si
3213 3013 3394 3054 veram
3429 2998 3693 3069 justitiam

2097 3096 2202 3136 non
2226 3080 2427 3137 habent
2456 3083 2638 3153 impii;
2674 3083 2913 3154 profecto
2937 3100 3036 3142 nec
3057 3087 3188 3143 alias
3212 3089 3438 3146 virtutes
3467 3092 3692 3148 comites

2096 3172 2215 3243 ejus
2259 3181 2314 3229 et
2350 3174 2546 3242 socias,
2589 3175 2636 3230 si
2679 3186 2810 3245 quas
2857 3176 3071 3244 habent,
3105 3194 3264 3234 veras
3297 3179 3540 3256 habent[
3570 3185 3693 3253 quia

2097 3280 2220 3320 cum
2238 3281 2343 3320 non
2375 3266 2441 3321 ad
2461 3280 2618 3322 suum
2646 3267 2957 3323 referuntur
2983 3278 3254 3326 auctorem
3280 3271 3419 3326 dona
3446 3274 3561 3340 Dei,
3589 3274 3695 3333 hoc

2097 3355 2215 3427 ipso
2236 3357 2358 3411 mali
2380 3358 2460 3411 his
2491 3367 2702 3414 utentes
2730 3358 3033 3414 efﬁciuntur
3063 3350 3316 3435 injusti‘]
3343 3380 3357 3416 :
3387 3378 3450 3418 ac
3473 3379 3569 3433 per
3590 3363 3693 3420 hoc

2097 3463 2201 3505 nec
2251 3449 2578 3503 continentia
2626 3449 2740 3505 sive
2779 3450 3035 3521 pudicitia
3068 3466 3201 3507 vera
3246 3454 3411 3509 virtus
3458 3465 3541 3510 est
3587 3456 3692 3511 im-

2098 3541 2332 3612 piorum.

2170 3632 2259 3688 i8.
2288 3633 2365 3687 Tu
2396 3646 2524 3688 vero
2552 3644 2657 3687 tam
2689 3633 2832 3689 male
2860 3633 3059 3704 accipis
3084 3635 3226 3707 quod
3259 3639 3332 3691 ait
3361 3638 3650 3707 Apostolus
3672 3683 3689 3707 ,

2100 3725 2241 3782 Nam
2287 3726 2375 3797 qui
2412 3727 2466 3781 in
2494 3743 2657 3796 agone
2701 3726 2990 3794 contendit,
3046 3725 3107 3781 ab
3152 3728 3382 3784 omnibus
3428 3731 3690 3787 continens

2098 3828 2171 3874 est
2189 3818 2230 3890 (1
2248 3812 2366 3873 Cor.
2394 3834 2468 3883 ιιι,
2486 3818 2601 3891 2⁷5);
2620 3829 2673 3873 ιιι
2694 3819 3225 3887 εοηιὶιιεηιίιιιη,ιειιιι
3251 3836 3496 3892 magnam
3522 3825 3694 3879 virtu-

2100 3922 2238 3980 tem,
2280 3912 2348 3968 de
2382 3928 2484 3982 qua
2515 3912 2768 3982 scriptum
2816 3920 2927 3978 est,
2980 3912 3122 3983 quod
3158 3929 3315 3968 nemo
3353 3930 3472 3972 esse
3515 3926 3692 3987 potest

2098 4007 2381 4063 continens
2406 4006 2506 4060 nisi
2528 4004 2667 4060 Deus
2689 4005 2779 4060 det
2806 4004 2958 4078 (Sap.
2983 4021 3099 4070 vtu,
3117 4004 3234 4077 2i);
3263 4007 3422 4062 etiam
3451 4007 3688 4063 chorau-

2098 4096 2177 4152 las
2199 4105 2255 4152 et
2278 4090 2581 4167 hujusmodi
2616 4106 2797 4167 turpes
2827 4096 3159 4168 infamesque
3196 4113 3454 4167 personas
3492 4100 3691 4158 habere

2098 4187 2414 4244 contendas.
2446 4184 2521 4242 Ili
2557 4186 2697 4241 enim
2722 4187 2956 4263 quando
3007 4189 3058 4242 in
3096 4200 3268 4260 agone
3294 4189 3587 4259 decertant,
3618 4195 3688 4247 ah

2098 4276 2348 4336 omnibus
2378 4279 2683 4347 continent,
2716 4288 2775 4334 ut
2814 4280 3219 4351 corruptibilem
3255 4298 3508 4339 coronam
3548 4288 3689 4341 acci-

2099 4373 2248 4443 piant
2274 4388 2288 4425 :
2317 4386 2345 4426 a
2374 4372 2527 4440 cujus
2554 4381 2727 4426 tamen
2761 4387 2896 4427 vana
2931 4372 3223 4442 cupiditate
3253 4389 3357 4429 non
3389 4377 3687 4433 continent.

2088 4457 2225 4519 Haec
2252 4463 2394 4519 enim
2422 4462 2684 4531 cupiditas
2715 4478 2846 4517 vana
2879 4478 2942 4517 ac
2969 4479 3062 4533 per
3080 4463 3183 4520 hoc
3214 4480 3372 4536 prava
3392 4508 3405 4532 ,
3440 4469 3603 4525 vincit
3633 4470 3689 4526 in

2097 4556 2176 4612 eis
2212 4565 2266 4611 et
2296 4554 2469 4609 frenat
2497 4553 2629 4608 alias
2660 4569 2849 4623 pravas
2875 4553 3192 4624 cupiditates
3235 4574 3248 4608 :
3279 4567 3498 4629 propter
3542 4562 3686 4630 quod

2097 4645 2224 4701 dicti
2271 4652 2395 4700 sunt
2430 4640 2784 4699 continentes.
2830 4644 2934 4699 Sed
2973 4654 3029 4699 ut
3073 4646 3440 4714 gravissimam
3481 4648 3688 4707 faceres

2097 4740 2345 4810 iujuriam
2370 4737 2733 4808 Scipionibus,
2764 4738 3147 4792 continentiam
3176 4753 3335 4807 quam
3358 4741 3410 4794 in
3435 4741 3513 4794 eis
3540 4749 3690 4799 tanto

2098 4833 2316 4903 eloquio
2342 4830 2664 4902 przrdicasti,
2696 4828 2890 4884 dedisti
2920 4838 2974 4884 et
3001 4830 3348 4886 histrionibus
3381 4849 3395 4886 :
3435 4832 3690 4903 ignorans

2099 4927 2437 4998 Apostolum,
2465 4940 2585 4980 cum
2615 4924 3003 4978 exhortaretur
3027 4921 3274 4978 homines
3301 4925 3368 4979 ad
3397 4927 3682 4996 virtutem,

2098 5022 2177 5078 sic
2214 5019 2516 5089 exemplum
2547 5016 2614 5072 de
2639 5016 2825 5071 vitiosa
2862 5017 3137 5071 hominum
3166 5016 3450 5075 affectione
3474 5020 3496 5052 ⁸
3540 5037 3692 5078 sum.

2163 5134 2179 5166 ι
2215 5130 2349 5193 Apud
2387 5135 2517 5189 Dom,
2541 5141 2653 5193 qun.

2161 5195 2182 5226 π
2217 5186 2362 5243 vatio.
2388 5186 2760 5248 Mss.’omittunt,
2784 5188 2851 5239 ad
2873 5186 3021 5253 [idem
3038 5202 3219 5253 verum.

2123 5316 2135 5330 _
2161 5258 2184 5289 ³
2208 5254 2519 5304 Flor-incensis
2546 5258 2649 5313 Ms,
2677 5260 2771 5301 Per
2792 5250 2920 5315 quod
2944 5250 3073 5302 enim
3092 5251 3273 5305 homini
3294 5259 3366 5307 est
3390 5268 3508 5307 vera
3536 5257 3681 5319 iugi.

2096 5322 2183 5410 na;
2217 5377 2263 5428 Id
2326 5379 2465 5427 uncis
2503 5374 2742 5443 inclusum
2786 5382 2931 5443 vetus
2977 5375 3143 5443 codex
3202 5374 3519 5429 Floriaccnsis
3563 5395 3688 5443 prte-

2091 5443 2229 5490 terit.
2278 5443 2466 5504 Habent
2499 5437 2581 5504 hic
2650 5437 2741 5485 loci
2781 5437 2992 5504 )‘aticani
3064 5440 3281 5504 quinque
3358 5437 3691 5504 manuscripti.

2050 5546 2055 5547 ,
2098 5511 2156 5553 At
2192 5505 2247 5570 in
2306 5498 2725 5570 editisnloeatum‘
2777 5497 2947 5570 fuerat
2996 5497 3223 5570 sup—eriqu
3297 5504 3521 5570 proxime
3565 5497 3688 5570 Jttjs:

2098 5567 2267 5623 verba,
2304 5576 2392 5612 nec
2426 5560 2547 5611 alios
2580 5559 2776 5623 cientes
2808 5559 3001 5623 comites
3036 5559 3141 5623 ejus
3176 5568 3220 5609 et
3255 5559 3408 5612 socias
3436 5574 3454 5613 :
3481 5572 3532 5613 et
3561 5559 3690 5614 ﬁnita

2090 5620 2360 5675 sententia.
2387 5633 2512 5685 post,
2536 5620 3026 5687 eﬁirtmtturrinjusti,‘
3048 5620 3365 5687 Sequebatur,
3389 5623 3434 5675 si
3465 5637 3584 5685 quas
3606 5625 3671 5676 Ita

2100 5687 2225 5745 bent,
2251 5684 2500 5737 cerasium
2522 5684 2711 5747 habent.
2740 5686 2822 5733 tbi
2849 5693 3062 5745 negante
3087 5684 3318 5747 particula
3346 5684 3516 5736 carent
3546 5687 3690 5737 iidem

2099 5749 2292 5797 codices
2318 5748 2517 5797 tatieaai
2546 5756 2597 5795 et
2618 5746 2942 5795 t-‘lot'iaceusis.

2164 5813 2184 5842 ⁸
2220 5811 2530 5858 t'loriaccnsts
2554 5815 2617 5857 51::
2643 5843 2657 5870 ,
2680 5804 3032 5857 comnotuditte.

2936 5893 2973 5968 {
2985 5889 3492 5970 i'ingt-gualre.)
