4118 6520
497 379 602 434 ἩἸ

495 496 700 564 psisse,
743 483 1192 559 quemadmodum
1233 480 1337 534 alio
1389 481 1504 532 loco
1541 475 1832 543 Scriptura,
1865 484 1983 522 cum
2013 465 2082 520 ad

493 556 736 640 amorem
763 556 1062 650 sapientia:
1103 572 1347 626 homines
1389 570 1715 629 humaretur,
1743 556 2083 632 quaerendam

495 675 631 730 dixit
654 687 775 730 esse
801 671 940 726 sicut
962 667 1236 738 pecuniam
1269 660 1449 734 (Prov.
1481 675 1537 723 ιι,
1570 656 1651 727 4).
1675 652 1940 723 Numquid
1963 663 2086 720 pro-

493 775 682 838 pterea
722 773 906 818 sancta
941 760 1215 829 Scriptura
1251 751 1478 810 dicenda
1523 758 1607 805 est
1636 747 1879 803 laudasse
1909 741 2084 798 avari-

497 835 624 914 tiam
649 859 672 912 i
693 858 796 914 Sed
825 856 947 927 quia
977 862 1161 908 notum
1187 857 1291 916 est,
1316 853 1584 902 amatores
1609 839 1850 912 pecunia:
1871 835 2086 908 quantis

497 953 764 1021 patienter
790 945 1064 1002 laboribus
1077 941 1458 1009 doloribusque
1481 934 1793 996 subdantur,
1817 944 1848 984 a
1875 927 2086 1000 quantis

498 1015 559 1100 se
603 1042 916 1098 contineant
942 1033 1337 1106 voluptatibus,
1375 1029 1490 1084 sive
1531 1023 1818 1096 cupiditate
1859 1015 2087 1090 augendi

487 1134 802 1206 pecuniam,
830 1131 944 1185 sive
977 1129 1169 1183 timore
1198 1119 1470 1179 minuendi
1495 1159 1510 1186 ,
1541 1123 1738 1188 quanta
1758 1113 1964 1168 lucrum
1996 1125 2088 1164 sa-

487 1201 728 1296 .gacitate
779 1227 1051 1276 sectentur
1077 1257 1094 1283 ,
1143 1222 1198 1270 et
1241 1210 1534 1284 prudenter
1583 1207 1775 1260 damna
1814 1201 2083 1264 devitem,

500 1289 662 1387 quam
686 1314 906 1368 timeant
927 1310 1240 1380 plerumque
1265 1303 1433 1358 aliena
1456 1298 1706 1368 diripere,
1736 1303 1788 1349 et
1804 1289 2090 1362 aliquando

487 1379 598 1462 sua
628 1405 726 1460 sibi
754 1379 1318 1461 ablatacontemnant,
1349 1407 1418 1448 ne
1445 1386 1738 1460 repetendo
1760 1391 1814 1439 et
1837 1379 2090 1452 litigando

500 1497 625 1568 plus
664 1493 888 1565 perdant
929 1506 944 1544 :
981 1498 1127 1545 recte
1167 1482 1425 1542 admoniti
1465 1493 1648 1536 sumus
1687 1479 1766 1532 sic
1793 1489 1977 1530 amare
2004 1486 2090 1528 sa-

501 1563 782 1657 pientiam,
803 1593 861 1638 ut
879 1597 998 1637 eam
1025 1579 1179 1636 nobis
1200 1573 1560 1632 thesaurizare
1583 1566 1892 1624 avidissime
1913 1563 2092 1633 cupia-

499 1694 623 1733 mus
648 1719 664 1745 ,
691 1685 850 1746 atque
873 1683 930 1728 ut
955 1672 1109 1728 nobis
1138 1668 1304 1740 magis
1329 1666 1603 1736 magisque
1623 1661 1964 1732 acquiratur,
1991 1669 2092 1712 nec

499 1773 674 1841 aliqua
709 1785 774 1824 ex
819 1777 972 1838 parte
1009 1764 1304 1826 minuatur,
1337 1768 1388 1814 et
1427 1755 1762 1830 perferamus
1792 1749 2087 1812 molestias,

491 1874 557 1920 -ct
608 1862 854 1918 libidines
891 1859 1258 1922 refrenemus,
1299 1859 1359 1906 et
1398 1846 1792 1920 prospiciamus
1821 1843 1874 1896 in
1923 1849 2092 1910 poste-

490 1971 620 2012 arum
647 1997 662 2021 ,
720 1961 774 2008 et
821 1946 1178 2006 innocentiam
1231 1938 1749 2005 beneﬁcentiamque
1791 1945 2087 1988 servemus.

489 2044 658 2115 Quod
677 2058 800 2100 cum
819 2041 1064 2105 facimus,
1093 2037 1215 2092 ideo
1243 2047 1396 2088 veras
1420 2030 1645 2086 virtutes
1667 2025 1944 2090 habemus,
1969 2023 2092 2094 quia

491 2153 690 2196 'verum
721 2145 802 2191 est
831 2141 1046 2205 propter
1072 2126 1212 2198 quod
1241 2125 1462 2182 facimus
1481 2163 1494 2186 ,
1529 2120 1580 2176 id
1607 2127 1688 2174 est
1710 2157 1726 2186 ,
1761 2117 1861 2170 hoc
1890 2123 2094 2170 natura:

503 2241 704 2284 nostra:
723 2233 1138 2282 consentaneum
1164 2226 1247 2273 est
1275 2216 1342 2270 ad
1371 2214 1596 2270 salutem
1627 2219 1681 2266 et
1711 2223 1892 2264 veram
1922 2205 2090 2260 felici-

497 2331 693 2376 talem.

579 2414 670 2470 i9.
700 2411 812 2466 Non
837 2409 978 2466 enim
1003 2402 1230 2460 absurde
1255 2402 1421 2454 virtus
1445 2395 1664 2452 deﬁnita
1712 2401 1794 2448 est
1814 2389 1883 2444 ab
1903 2389 1979 2446 eis
2005 2388 2094 2458 qui

505 2506 776 2568 dixerunt,
805 2499 1017 2554 «Virtus
1040 2504 1122 2552 est
1150 2492 1313 2548 animi
1343 2489 1573 2552 habitus,
1605 2493 1808 2540 naturae
1835 2481 1993 2536 modo
2010 2489 2094 2534 at-

506 2611 610 2664 que
647 2593 839 2648 rationi
883 2593 1270 2644 consentaneus
1298 2601 1318 2634 ι
1351 2579 1545 2652 (Cicero
1567 2617 1581 2642 ,
1611 2577 1700 2631 lib.
1729 2575 1765 2628 2
1799 2575 1860 2628 de
1909 2571 2097 2625 Inven-

508 2685 687 2757 tionc).
727 2683 924 2739 Verum
954 2681 1234 2744 dixerunt,
1267 2673 1361 2731 sed
1401 2672 1528 2744 quid
1566 2671 1635 2726 sit
1676 2674 2093 2748 consentaneum

501 2777 797 2834 liberandae
823 2791 886 2831 ac
913 2769 1278 2830 beatiﬁcandte
1303 2777 1507 2823 natura:
1549 2761 1854 2819 mortalium
1889 2757 2097 2812 nescie-

499 2879 652 2925 runt.
682 2869 865 2940 Neque
889 2868 1033 2923 enim
1069 2877 1258 2920 omnes
1285 2859 1529 2914 homines
1563 2853 1794 2911 naturali
1843 2851 2100 2906 instinctu

505 2961 841 3024 immortales
858 2968 912 3014 et
935 2957 1075 3013 beati
1094 2969 1212 3012 esse
1227 2951 1512 3015 vellemus,
1532 2946 1640 3002 nisi
1659 2959 1777 3001 esse
1794 2957 2096 3014 possemus.

510 3057 616 3115 Sed
668 3055 770 3110 hoc
809 3063 1074 3108 summum
1115 3047 1312 3102 bonum
1349 3038 1593 3114 praestari
1638 3036 1942 3094 hominibus
1991 3049 2100 3088 nou

513 3155 724 3220 potest,
753 3143 856 3198 nisi
885 3155 979 3214 per
1001 3137 1270 3193 Christum
1298 3141 1353 3189 et
1396 3131 1539 3186 hunc
1576 3127 1885 3184 cruciﬁxum
1905 3165 1920 3192 ,
1949 3125 2103 3196 cujus

515 3246 694 3296 morte
721 3248 866 3290 mors
889 3233 1155 3294 vincitur,
1183 3225 1333 3298 cujus
1362 3221 1673 3279 vulneribus
1703 3229 1892 3274 natura
1917 3225 2102 3272 nostra

514 3339 750 3386 sanatur.
785 3325 908 3382 ldeo
925 3324 1098 3394 justus
1118 3335 1180 3374 ex
1206 3318 1310 3372 ﬁde
1332 3313 1531 3372 Christi
1560 3312 1706 3368 vivit.
1739 3310 1821 3366 Ex
1843 3311 1940 3366 hac
1959 3309 2104 3364 enim

515 3424 626 3480 ﬁde
647 3419 955 3492 prudenter,
987 3413 1212 3476 fortiter,
1245 3414 1624 3478 temperanter,
1654 3411 1710 3460 et
1731 3403 1893 3474 juste,
1916 3417 1980 3456 ac
2010 3415 2105 3472 per

511 3517 622 3572 hoc
647 3513 732 3570 his
771 3508 1018 3566 omnibus
1053 3502 1199 3560 veris
1225 3497 1510 3555 virtutibus
1541 3504 1684 3550 recte
1726 3493 2104 3562 sapienterque

515 3607 679 3673 vivit,
707 3603 830 3675 quia
870 3597 1098 3654 ﬁdeliter
1122 3594 1269 3648 vivit.
1301 3590 1358 3646 Si
1388 3603 1518 3660 ergo
1559 3585 1626 3641 ad
1665 3583 2102 3654 consequendam

515 3711 698 3754 veram
724 3673 1143 3752 beatitudinem,
1183 3696 1342 3754 quam
1377 3679 1531 3734 nobis
1577 3675 1932 3731 immortalem
1975 3673 2105 3726 ﬁdes

511 3801 640 3859 qua:
663 3787 718 3842 in
731 3781 942 3838 Christo
968 3785 1053 3834 est
1074 3787 1200 3830 vera
1223 3769 1502 3844 promittit,
1530 3767 1660 3822 nihil
1685 3774 1908 3836 prosunt
1937 3762 2109 3816 homi-

520 3856 576 3934 ni
605 3876 857 3938 virtutes;
895 3869 1046 3925 nullo
1089 3863 1252 3920 modo
1283 3877 1426 3916 verae
1464 3867 1683 3932 possunt
1716 3871 1836 3912 esse
1865 3856 2106 3909 virtutes.

521 3973 606 4024 An
644 3967 820 4037 placet
847 3959 938 4016 tibi
969 3965 1028 4014 ut
1053 3968 1209 4010 veras
1245 3953 1466 4008 virtutes
1511 3961 1792 4003 avarorum
1813 3959 1933 4000 esse
1957 3945 2106 3998 diea-

527 4075 670 4126 mus,
698 4071 820 4112 cum
859 4053 1129 4107 lucrorum
1151 4046 1261 4100 vias
1299 4041 1586 4114 prudenter
1620 4038 1950 4107 excogitant,
1985 4049 2110 4090 cum

523 4163 623 4222 pro
649 4125 969 4216 acquirenda
995 4135 1216 4210 pecunia
1245 4147 1384 4188 saava
1410 4139 1568 4201 atque
1587 4144 1775 4200 aspera
1805 4127 1968 4181 multa
1997 4125 2108 4180 for-

521 4219 648 4296 titer
686 4237 944 4299 tolerant,
989 4243 1113 4286 cum
1153 4225 1328 4281 varias
1362 4222 1679 4294 cupiditates
1729 4219 1920 4290 quibus
1967 4233 2112 4272 sum-

525 4343 718 4404 ptuose
735 4325 948 4392 vivitur,
975 4325 1337 4392 temperanter
1371 4314 1654 4383 sobrieque
1679 4311 1958 4382 castigant,
1987 4325 2108 4364 cum

521 4403 794 4478 abstinent
817 4415 885 4471 ab
907 4415 1112 4478 alieno,
1141 4419 1196 4465 et
1216 4408 1284 4464 de
1307 4422 1405 4461 suo
1433 4419 1575 4475 saepe
1599 4403 1792 4458 amissa
1823 4403 1840 4434 ί
1869 4411 2112 4457 contem-

521 4520 691 4580 .nunt,
722 4507 864 4580 quod
887 4504 1096 4561 videtur
1120 4501 1184 4556 ad
1221 4498 1480 4571 justitiam
1516 4495 1804 4566 pertinere,
1833 4509 1900 4548 ne
1925 4493 2112 4562 jurgiis

524 4616 580 4662 ct
595 4603 811 4676 judiciis
832 4599 981 4673 plora
1008 4591 1363 4651 consumant?
1391 4587 1522 4644 Cum
1549 4587 1690 4642 enim
1716 4587 1890 4656 agitur
1913 4585 2110 4656 aliquid

523 4699 838 4772 prudenter,
879 4690 1105 4756 fortiter,
1144 4690 1525 4754 temperanter,
1562 4687 1618 4734 et
1655 4677 1830 4749 juste,
1863 4677 2112 4732 omnibus

517 4769 756 4866 quatuor
781 4785 1062 4844 virtutibus
1089 4781 1282 4852 agitur,
1299 4790 1419 4848 quae
1439 4772 1734 4830 secundum
1764 4779 1905 4832 tuam
1930 4769 2114 4839 diSpu-

525 4861 780 4939 tationem
831 4893 976 4934 verte
1027 4875 1251 4928 virtutes
1302 4874 1448 4933 sunt,
1491 4865 1538 4920 si
1583 4863 1650 4918 ad
1687 4861 2112 4934 cognoscendum

529 4985 708 5030 utrum
737 4987 874 5029 verte
911 4969 1045 5033 sint,
1083 4965 1186 5020 hoc
1222 4957 1592 5018 tantummodo
1627 4955 1938 5011 intuendum
1969 4953 2110 5024 quod

529 5067 720 5135 agitur,
749 5075 850 5116 nec
876 5073 1034 5116 causa
1061 5053 1345 5126 qumrenda
1381 5057 1466 5106 est
1503 5065 1597 5104 cur
1623 5055 1808 5118 agatur
1836 5062 1850 5099 :
1883 5045 2023 5100 unde
2045 5059 2112 5100 ne

521 5155 624 5210 tibi
663 5150 847 5206 videar
883 5144 1226 5210 calumniari,
1261 5143 1376 5212 ipsa
1412 5149 1500 5194 tua
1538 5137 1702 5193 verba
1742 5135 1854 5206 jam
1891 5149 2104 5206 ponam.

533 5265 552 5297 ι
577 5245 922 5307 (iunctarum,
947 5257 968 5292 ι
999 5237 1191 5307 inquis,
1225 5253 1245 5288 ι
1270 5233 1420 5303 origo
1444 5231 1695 5285 virtutum
1727 5229 1778 5282 in
1809 5226 2111 5282 rationabili

529 5337 711 5390 animo
755 5332 852 5386 sita
877 5337 992 5396 est,
1023 5337 1077 5382 et
1109 5324 1326 5380 alTectus
1355 5337 1544 5377 omnes
1583 5335 1678 5390 per
1705 5331 1838 5390 quos
1877 5325 1968 5373 aut
2003 5316 2114 5372 fru-

521 5435 715 5480 ctuose
761 5427 853 5474 aut
901 5417 1151 5474 sterilitcr
1192 5413 1316 5467 boni
1367 5426 1582 5476 smnus,
1631 5412 1682 5464 in
1714 5407 1952 5478 subjeCto
1989 5417 2114 5464 sunt

529 5516 728 5574 mentis
755 5505 1292 5574 nostrzemrsdentia,
1316 5503 1542 5574 justitia,
1561 5504 1928 5572 temperantia,
1962 5499 2112 5556 forti-

519 5611 677 5666 tudo.
710 5608 908 5663 llotuup
939 5604 986 5674 ig
1015 5614 1096 5654 tur
1121 5597 1404 5654 affectuum
1425 5597 1508 5650 vis
1534 5611 1654 5651 cum
1692 5597 1758 5650 sit
1787 5596 1838 5651 in
1864 5595 2112 5650 omnibus

577 5763 609 5795 ’⁸
649 5773 747 5811 tim.
773 5764 818 5806 Et
875 5763 924 5806 et
947 5767 974 5806 θ
997 5765 1128 5818 ignei
1153 5759 1282 5800 MSS"
1301 5745 1488 5796 amisso.

1313 362 1584 420 CONTRA
1623 354 1958 416 lULlANUM
1997 348 2462 418 PELAGIANUM,
2503 349 2561 406 S.
2605 347 2972 407 AUGUSTINI

3681 347 3784 402 ’ἷξε

2196 465 2525 530 naturaliter,
2553 482 2572 515 ι
2605 463 2810 533 inquis,
2850 480 2867 512 ι
2899 477 3006 516 non
3048 467 3225 515 tamen
3255 457 3322 514 ad
3347 472 3512 513 unum
3539 455 3698 512 finem
3729 459 3784 512 in

2191 554 2440 610 omnibus
2466 562 2716 624 properat
2757 569 2768 603 :
2813 551 2908 608 sed
2939 565 3036 621 pro
3059 547 3264 620 judicio
3289 548 3600 612 voluntatis,
3631 549 3786 617 cujus

2191 644 2340 700 nutui
2362 645 2625 708 serviunt,
2656 651 2750 698 aut
2773 643 2838 696 ad
2866 649 3086 710 aiterna,
3106 648 3198 694 aut
3222 637 3290 694 ad
3313 639 3623 708 temporalia
3653 637 3786 693 diri-

2192 746 2404 809 guntur.
2433 735 2584 804 Quod
2624 751 2744 792 cum
2783 735 2874 801 ﬁt,
2903 749 3010 790 non
3042 733 3098 788 in
3123 747 3190 789 eo
3215 731 3360 804 quod
3397 740 3556 800 sunt,
3593 748 3702 788 non
3731 733 3788 789 in

2192 843 2260 884 eo
2283 827 2424 898 quod
2443 835 2624 898 agunt,
2651 826 2747 882 sed
2775 827 2826 880 in
2854 839 2919 882 eo
2945 825 3060 880 solo
3090 824 3297 880 variant
3321 824 3463 896 quod
3486 833 3783 880 merentur.

2193 919 2301 976 Nec
2327 920 2558 974 nominis
2585 920 2666 974 sui
2693 919 2872 990 igitur,
2897 937 2915 970 ›
2934 917 3159 990 ἱη‹ιιιὶε,«
3179 926 3429 994 possunt,
3449 932 3548 972 nec
3571 917 3786 987 generis

2193 1013 2456 1070 sustinere
2489 1013 2855 1084 dispendium,
2899 1009 2997 1066 sed
3039 1009 3206 1066 solius
3242 1009 3384 1080 quod
3410 1009 3784 1078 appetiverunt

2193 1104 2398 1176 praemii
2447 1113 2537 1160 aut
2582 1101 2930 1174 amplitudine
2965 1099 3232 1168 ditantur,
3277 1108 3368 1154 aut
3397 1099 3640 1155 exilitate
3669 1097 3787 1152 fru-

2193 1205 2450 1252 strantur.
2475 1215 2494 1250 ›
2528 1197 2652 1252 llaec
2671 1196 2760 1252 ubi
2785 1194 3058 1260 didiceris,
3089 1193 3274 1248 nescio
3298 1208 3312 1246 :
3333 1193 3443 1262 jam
3463 1201 3639 1246 tamen
3665 1205 3786 1246 cer-

2195 1289 2298 1356 nis,
2337 1297 2396 1342 ut
2432 1286 2681 1350 arbitror,
2712 1299 3050 1356 consequens
3087 1297 3208 1338 esse
3235 1289 3295 1336 ut
3328 1287 3452 1336 vera
3484 1281 3554 1336 sit
3591 1283 3783 1346 virtus,

2193 1394 2475 1434 avarorum
2517 1377 2830 1448 prudentia,
2861 1392 2962 1447 qua
2991 1375 3302 1446 excogitant
3339 1387 3536 1443 genera
3567 1371 3787 1428 lucello-

2193 1487 2314 1526 rum
2342 1472 2380 1537 ¹;
2413 1479 2468 1525 et
2499 1485 2778 1525 avarorum
2802 1468 3008 1540 justitia
3027 1507 3043 1532 ,
3075 1479 3178 1536 qua
3205 1464 3442 1536 gravium
3471 1462 3786 1517 damnorum

2194 1571 2338 1618 metu
2381 1561 2589 1617 facilius
2634 1575 2728 1616 sua
2771 1572 3150 1628 nonnunquam
3198 1562 3578 1619 contemnunt,
3620 1568 3779 1622 quam

2196 1664 2458 1726 usurpant
2479 1653 2676 1724 aliquid
2709 1652 2974 1718 alienum;
2996 1658 3050 1706 et
3077 1663 3359 1704 avarorum
3398 1645 3748 1716 temperantia
3770 1687 3785 1710 ,

2194 1765 2298 1820 qua
2323 1747 2548 1803 luxuriae
2565 1787 2580 1810 ,
2608 1746 2858 1816 quoniam
2883 1751 3194 1815 sumptuosa
3219 1749 3322 1805 est,
3343 1739 3596 1796 cohibent
3619 1754 3786 1809 appe-

2197 1841 2368 1905 titum,
2397 1839 2618 1908 soloque
2635 1837 2938 1892 necessario
2957 1837 3102 1890 victu
3129 1842 3540 1905 tegumentoque
3554 1831 3788 1886 contenti

2195 1943 2352 2000 sunt;
2385 1942 2440 1990 et
2480 1947 2762 1988 avarorum
2807 1930 3098 1998 fortitudo,
3129 1944 3264 2002 qua,
3295 1938 3352 1984 ut
3393 1929 3468 1983 ait
3509 1927 3785 1992 Horatius,

2320 2051 2410 2096 Pel'
2426 2056 2561 2094 mare
2579 2043 2865 2108 pauperiem
2886 2041 3096 2106 fugiunt,
3119 2053 3210 2105 per
3233 2045 3368 2104 sa'xa,
3389 2052 3480 2104 per
3501 2038 3664 2104 ignes.

2773 2123 3036 2188 (Horatius,
3063 2121 3144 2174 lib.
3173 2123 3219 2183 1,
3243 2119 3380 2186 epist.
3400 2128 3435 2182 ι,
3473 2133 3600 2172 vers.
3623 2118 3728 2184 46.)

2196 2249 2300 2304 qua
2326 2232 2556 2303 denique
2579 2229 2924 2301 cognovimus
2961 2227 3219 2299 quosdam
3263 2226 3558 2297 irruptione
3593 2225 3788 2285 barba-

2198 2327 2306 2384 rica
2332 2368 2346 2391 ,
2378 2323 2444 2380 ad
2472 2340 2534 2380 ea
2565 2322 2835 2394 prodenda
2863 2337 2982 2392 qua:
3009 2320 3308 2384 habebant,
3345 2319 3505 2394 nullis
3547 2317 3780 2372 hostium

2199 2417 2486 2474 tormentis
2529 2417 2766 2488 potuisse
2800 2412 3068 2482 compelli.
3113 2412 3253 2482 Ergo
3282 2411 3505 2466 virtutes
3543 2410 3662 2464 ista:
3695 2408 3788 2462 tali

2201 2510 2302 2564 ﬁne
2327 2517 2506 2579 turpes
2537 2517 2700 2578 atque
2729 2503 3032 2570 deformes,
3073 2513 3128 2558 et
3159 2503 3280 2558 ideo
3309 2501 3455 2556 nullo
3481 2499 3642 2555 modo
3669 2514 3790 2570 ger-

2201 2616 2374 2656 mante
2403 2613 2653 2669 veraeque
2681 2597 2923 2661 virtutes,
2947 2595 3040 2650 tibi
3063 2602 3240 2648 tamen
3267 2594 3338 2646 ita
3375 2606 3519 2646 verat
3545 2590 3792 2646 videntur

2203 2702 2258 2749 et
2283 2691 2540 2764 pulchr-.c,
2575 2709 2594 2742 σ
2617 2697 2678 2744 ut
2703 2702 2805 2744 nec
2833 2685 3063 2742 nominis
3101 2683 3185 2738 sui
3213 2683 3438 2754 possint,
3461 2695 3562 2737 nec
3581 2679 3792 2751 generis

2203 2783 2470 2838 sustinere
2513 2777 2874 2850 dispendium,
2901 2777 2996 2832 sed
3031 2776 3194 2830 solius
3237 2773 3380 2845 quod
3421 2773 3792 2844 appetiverunt

2203 2875 2408 2946 praemii
2426 2873 2662 2929 exilitate
2689 2871 3064 2936 frustrentur,»
3093 2867 3144 2922 id
3169 2876 3270 2933 est,
3293 2877 3623 2922 terrenorum
3648 2879 3792 2920 eom-

2203 2966 2488 3022 modorum
2531 2964 2727 3028 fructu,
2777 2976 2886 3016 non
2931 2958 3229 3015 crnlestium
3275 2957 3638 3028 prmmiorum.
3684 2954 3793 3009 Nec

2204 3057 2346 3114 aliud
2365 3057 2468 3114 erit
2485 3070 2644 3126 quam
2666 3067 2792 3110 vera
2818 3052 3022 3123 justitia
3048 3049 3310 3114 Catilinae,
3333 3045 3793 3117 comprehendere

2205 3150 2404 3207 multos
2432 3148 2660 3204 amicitia
2677 3187 2694 3212 ,
2737 3145 2874 3201 tueri
2901 3144 3188 3214 obsequio,
3225 3155 3346 3196 cum
3371 3139 3618 3195 omnibus
3643 3152 3794 3193 com-

2207 3241 2482 3298 municare
2507 3237 2650 3310 quod
2681 3234 2913 3292 habebat
2943 3252 2956 3288 :
2998 3243 3053 3290 et
3081 3231 3339 3288 fortitudo
3365 3247 3494 3286 vera
3518 3231 3622 3284 erit
3643 3229 3790 3300 ejus,

2207 3331 2350 3404 quod
2375 3330 2561 3402 frigus,
2593 3327 2814 3396 famem,
2846 3326 2989 3383 sitim
3017 3323 3158 3381 ferre
3177 3331 3390 3395 poterat
3417 3340 3430 3374 :
3459 3333 3514 3379 et
3542 3338 3672 3378 vera
3701 3337 3795 3394 pa-

2209 3424 2414 3490 tientia,
2442 3422 2582 3493 quod
2604 3421 2811 3492 patiens
2835 3427 2952 3474 erat
2979 3417 3190 3494 inediae,
3217 3417 3435 3488 algoris,
3457 3416 3673 3488 vigilim,
3703 3431 3794 3472 su-

2211 3531 2304 3588 pra
2329 3531 2487 3588 quam
2504 3515 2748 3585 cuiquam
2769 3512 3022 3569 credibile
3041 3519 3126 3568 est
3145 3510 3464 3584 (Sallustius,
3483 3511 3546 3564 de
3566 3509 3795 3564 Catilina!

2211 3607 2588 3678 Conjuratione,
2620 3621 2736 3674 cap.
2765 3602 2845 3674 5).
2872 3601 3003 3669 Quis
3031 3601 3146 3656 hree
3183 3601 3372 3672 sapiat,
3402 3600 3504 3654 nisi
3531 3599 3794 3669 desipiat?

2280 3698 2372 3754 20.
2397 3695 2502 3752 Sed
2545 3695 2792 3752 videlicet
2837 3694 3000 3748 homo
3043 3691 3283 3747 eruditus
3325 3706 3510 3746 eorum
3549 3692 3794 3746 vitiorum

2211 3788 2323 3845 veri
2357 3786 2706 3844 similitudine
2755 3785 2990 3850 falleris,
3037 3799 3157 3854 qute
3191 3783 3414 3838 ﬁnitima
3459 3783 3710 3838 videntur
3743 3791 3798 3838 et

2212 3879 2508 3952 propinqua
2536 3859 2820 3932 virtutibus
2843 3916 2858 3944 ,
2891 3890 3012 3930 cum
3047 3873 3224 3929 absint
3247 3874 3316 3928 ab
3343 3874 3422 3928 eis
3448 3889 3606 3943 quam
3641 3873 3794 3944 longe

2212 3973 2405 4030 absunt
2443 3986 2474 4024 a
2512 3969 2800 4025 virtutibus
2840 3969 2985 4023 vitia.
3030 3965 3163 4022 Nam
3200 3965 3339 4022 sicut
3374 3967 3673 4036 constantia
3718 3975 3796 4021 est

2217 4067 2414 4134 virtus,
2445 4065 2532 4120 cui
2553 4063 2818 4118 contraria
2847 4069 2930 4116 est
2954 4059 3310 4114 inconstantia
3343 4077 3356 4113 :
3381 4059 3568 4113 vitium
3601 4065 3688 4114 est
3713 4067 3798 4112 ta-

2215 4172 2338 4212 men
2369 4156 2418 4211 ei
2448 4154 2600 4226 quasi
2631 4153 2910 4208 ﬁnitimum
2937 4149 3226 4220 pertinacia
3247 4189 3262 4214 ,
3290 4163 3410 4219 quae
3448 4149 3796 4204 constantiam

2215 4246 2425 4304 videtur
2471 4244 2688 4300 imitari.
2715 4243 2834 4312 Quo
2873 4241 3076 4296 utinam
3110 4240 3240 4296 vitio
3269 4255 3483 4306 careas,
3525 4255 3644 4294 cum
3688 4241 3796 4294 haec

2216 4353 2336 4410 qua:
2372 4336 2525 4404 dico,
2552 4351 2680 4390 vera
2709 4349 2828 4390 esse
2856 4331 3202 4402 cognoveris;
3243 4347 3309 4386 ne
3346 4331 3440 4386 tibi
3476 4331 3530 4386 in
3574 4346 3794 4397 errore,

2217 4429 2358 4483 velut
2403 4426 2630 4481 amando
2667 4424 3048 4488 constantiam,
3089 4420 3412 4476 manendum
3456 4421 3800 4492 pertinaciter

2218 4518 2513 4573 arbitreris.
2543 4515 2619 4572 Ita
2643 4515 2892 4570 omnibus
2919 4511 3205 4568 virtutibus
3230 4527 3335 4568 non
3363 4511 3536 4566 solum
3569 4521 3694 4567 sunt
3719 4511 3795 4564 vi-

2217 4610 2292 4664 tia
2329 4608 2606 4662 manifesta
2636 4605 2958 4661 discretione
2999 4603 3297 4669 contraria,
3330 4604 3468 4658 sicut
3506 4603 3798 4672 prudentiae

2223 4701 2502 4756 temeritas
2539 4715 2553 4752 :
2583 4713 2769 4754 verum
2807 4699 2968 4752 etiam
3001 4696 3174 4750 vicina
3205 4693 3433 4764 quodam
3463 4693 3656 4756 modo,
3703 4707 3798 4748 nec

2215 4792 2439 4848 veritate
2468 4793 2512 4858 ³,
2543 4790 2636 4846 sed
2665 4790 2892 4860 quadam
2921 4790 3100 4860 specie
3123 4788 3366 4852 fallente,
3395 4787 3624 4854 similia;
3667 4788 3799 4840 sicut

2217 4885 2318 4956 ipsi
2363 4883 2654 4958 prudentia:
2696 4898 2800 4938 non
2848 4883 3117 4938 temeritas
3153 4881 3240 4936 vel
3278 4880 3654 4950 imprudentia,
3707 4876 3799 4933 sed

2219 4977 2412 5033 astutia
2443 4995 2457 5032 :
2483 4973 2626 5046 quod
2657 4983 2834 5030 tamen
2860 4974 3042 5028 vitium
3069 4981 3186 5038 est,
3217 4971 3458 5042 quamvis
3479 4970 3532 5024 in
3560 4969 3800 5040 Scriptu-

2219 5070 2294 5124 ris
2337 5069 2534 5122 sanctis
2579 5074 2634 5122 et
2678 5066 2733 5120 in
2762 5065 2903 5120 bono
2931 5065 3220 5134 accipiatur
3257 5061 3396 5132 quod
3433 5061 3634 5116 dictum
3683 5067 3796 5124 est,

2221 5161 2384 5214 Astuti
2407 5169 2462 5213 ut
2487 5167 2738 5230 serpentes
2769 5156 2979 5227 (Matth.
3005 5171 3060 5222 x,
3089 5153 3275 5227 16);et
3301 5154 3354 5208 in
3383 5153 3548 5218 malo,
3580 5152 3724 5222 quod
3749 5152 3800 5204 in

2222 5251 2468 5326 paradiso
2509 5259 2616 5304 erat
2649 5265 2853 5322 serpens
2893 5247 3310 5320 prudentissimus
3343 5233 3570 5301 omnium
3621 5245 3802 5299 bestia-

2221 5361 2337 5399 rum
2365 5343 2514 5416 (Gen.
2541 5359 2620 5408 tu,
2651 5341 2726 5414 1).
2758 5341 2867 5397 Nec
2883 5341 3106 5396 istorum
3131 5340 3403 5406 vitiorum,
3432 5353 3552 5408 quae
3582 5337 3798 5391 ﬁnitima

2221 5435 2507 5491 virtutibus
2546 5434 2815 5500 diximus,
2853 5443 3078 5502 possunt
3117 5431 3354 5484 omnium
3397 5427 3554 5483 facile
3589 5427 3800 5481 nomina

2223 5528 2444 5599 reperiri
2487 5544 2500 5582 :
2531 5541 2714 5581 verum
2768 5526 2870 5580 etsi
2917 5539 3023 5580 non
3057 5523 3323 5580 invenitur
3360 5517 3804 5593 quemadmodum

2289 5686 2302 5716 ι
2339 5691 2386 5732 ln
2411 5689 2500 5731 Mss
2523 5717 2536 5743 ,
2563 5681 2853 5732 locellortmz.

2291 5750 2309 5778 ³
2347 5755 2474 5801 ιον..
2501 5758 2590 5794 non
2613 5743 2823 5795 veritate.
