4118 6536
377 445 475 501 749

363 567 746 630 nuncupentur,
768 567 1002 623 cavenda
1028 576 1171 623 sunt.

426 648 516 705 εἰ.
556 650 779 711 Noveris
802 655 1000 729 itaque,
1022 675 1126 715 non
1152 658 1366 729 ofﬁciis,
1389 661 1485 719 sed
1516 662 1713 721 ﬁnibus"
1737 678 1766 719 a
1796 664 1941 721 vitiis

356 739 736 803 discernendas
772 761 891 805 esse
915 749 1158 808 virtutes.
1186 750 1434 809 Ofﬁcium
1467 764 1549 810 est
1587 763 1766 815 autem
1794 755 1940 829 quod

356 829 650 890 faciendum
676 844 790 892 est:
819 837 940 896 ﬁnis
959 855 1089 897 vero
1116 851 1333 912 propter
1349 843 1488 913 quod
1516 843 1817 901 faciendum
1833 856 1936 905 est.

352 922 482 979 Cum
514 925 690 997 itaque
720 928 846 985 facit
874 931 1034 987 homo
1055 933 1255 1005 aliquid
1292 935 1379 991 ubi
1409 952 1631 1006 peccare
1656 953 1763 994 non
1791 939 1942 997 vide-

352 1021 456 1081 tur,
478 1016 523 1071 si
550 1032 655 1073 non
688 1031 905 1091 propter
940 1022 1044 1080 hoc
1071 1024 1195 1080 facit
1225 1012 1444 1097 promer
1480 1028 1622 1099 quod
1650 1030 1824 1086 facere
1845 1030 1941 1087 de-

351 1107 459 1171 bet,
481 1123 704 1177 peecare
726 1113 1078 1169 convincitur.
1105 1115 1235 1183 Qua:
1261 1124 1317 1171 tu
1341 1134 1445 1173 non
1472 1121 1772 1186 attendens,
1801 1120 1938 1177 ﬁnes

349 1197 416 1252 ab
440 1197 631 1254 ofﬁciis
656 1204 937 1272 separasti,
963 1214 1018 1261 et
1038 1207 1266 1263 virtutes
1288 1222 1445 1265 veras
1471 1208 1646 1265 ofﬁcia
1677 1211 1793 1267 sine
1816 1211 1937 1266 ﬁni-

349 1290 445 1345 bus
470 1292 813 1361 appellandas
841 1310 962 1352 esse
995 1298 1197 1354 dixisti.
1240 1300 1317 1356 Ex
1345 1316 1451 1372 quo
1493 1310 1547 1357 te
1574 1311 1718 1360 tanta
1745 1303 1935 1359 absur-

344 1378 483 1437 ditas
505 1384 749 1453 sequitur
765 1427 781 1452 ,
804 1394 862 1441 ut
891 1402 1070 1443 veram
1103 1391 1310 1460 cogaris
1333 1392 1605 1462 appellare
1636 1392 1931 1463 justitiam,

342 1471 504 1529 etiam
535 1473 688 1543 cujus
711 1474 981 1533 dominam
1009 1482 1212 1549 reperis
1243 1484 1260 1514 ί
1286 1483 1587 1539 avaritiam.
1633 1484 1692 1541 Si
1712 1484 1931 1556 quidem

341 1577 532 1618 manus
560 1564 831 1623 abstinere
859 1568 929 1625 ab
953 1570 1148 1640 alieno,
1166 1572 1210 1627 si
1240 1564 1473 1630 ofﬁcium
1502 1576 1724 1648 cogites,
1754 1585 1931 1647 potest

336 1656 510 1712 videri
544 1673 665 1714 esse
701 1660 923 1729 justitiae
957 1680 971 1718 :
1002 1664 1097 1719 sed
1138 1680 1260 1721 cum
1289 1668 1566 1737 quaeritur,
1611 1684 1778 1738 quare
1813 1669 1925 1738 ﬁat,

336 1758 389 1801 et
428 1749 804 1821 respondetur,
830 1751 910 1809 Ne
935 1753 1054 1823 plus
1078 1757 1314 1825 pecuniae
1332 1758 1512 1815 litibus
1548 1770 1765 1831 pereat;
1787 1776 1928 1833 quo-

333 1838 619 1909 modojam
647 1841 749 1897 hoc
772 1842 969 1899 factum
1001 1859 1142 1901 verte
1172 1849 1368 1917 poterit
1389 1863 1511 1905 esse
1532 1850 1773 1920 justitim,
1802 1867 1926 1936 cum

333 1930 821 1988 serviatavaritiw?
841 1934 1040 2001 Quales
1067 1937 1292 1995 virtutes
1314 1938 1574 2008 Epicurus
1604 1941 1814 1998 induxit
1838 1930 1928 1997 vo-

331 2020 551 2091 luptatis
575 2025 812 2092 ancillas,
832 2042 952 2098 qua:
978 2030 1196 2085 omnino
1224 2031 1479 2103 quidquid
1500 2031 1759 2101 iacerent,
1792 2049 1923 2105 pro-

328 2125 445 2185 pter
470 2116 618 2172 illam
654 2118 740 2174 vel
779 2119 1178 2189 adipiscendam
1223 2121 1463 2181 facerent
1502 2127 1583 2182 vel
1610 2127 1918 2184 tenendam.

326 2208 484 2262 Absit
508 2217 685 2266 autem
725 2220 784 2266 ttt
810 2212 1031 2268 virtutes
1067 2231 1209 2270 verae
1238 2217 1485 2287 cuiquam
1514 2219 1747 2274 serviant
1770 2261 1785 2288 ,
1813 2220 1920 2276 nisi

326 2298 397 2353 illi
421 2300 510 2353 vel
542 2309 756 2370 propter
784 2302 933 2357 illum
963 2305 1046 2359 cui
1071 2305 1318 2372 dicimus,
1348 2305 1486 2362 Deus
1505 2309 1768 2377 uirtutum,
1792 2326 1919 2365 con-

326 2400 456 2445 verte
474 2409 573 2447 nos
599 2391 771 2461 (Psal.
805 2411 996 2462 LXXIX,
1034 2397 1110 2468 8),
1138 2398 1371 2455 Proinde
1405 2400 1629 2455 virtutes
1658 2418 1775 2473 qua:
1800 2417 1920 2458 car-

326 2483 536 2538 natibus
576 2483 1019 2542 delectationibus
1042 2531 1058 2554 ,
1091 2489 1176 2545 vel
1199 2491 1499 2562 quibusque
1528 2492 1828 2549 commodis
1863 2503 1916 2550 et

324 2573 701 2631 emolumentis
749 2579 1133 2648 temporalibus
1170 2582 1408 2637 serviunt
1436 2623 1450 2645 ,
1506 2598 1648 2639 verte
1693 2599 1914 2654 prorsus

320 2678 437 2720 esse
460 2680 572 2720 non
606 2679 848 2735 possunt.
874 2669 1003 2738 Quze
1029 2678 1203 2726 autem
1222 2673 1352 2728 nulli
1377 2674 1454 2729 rei
1476 2675 1687 2731 servire
1704 2677 1910 2744 volunt,

318 2770 415 2811 nec
435 2756 569 2826 ipsae
588 2772 730 2813 verae
755 2770 899 2815 sunt.
918 2759 1072 2817 Verte
1094 2763 1289 2834 quippe
1312 2765 1531 2821 virtutes
1551 2765 1659 2821 Deo
1673 2768 1916 2823 serviuut

319 2846 369 2899 in
382 2844 715 2916 hominibus,
731 2866 757 2903 a
773 2866 880 2921 quo
900 2852 1165 2909 donantur
1178 2854 1480 2911 hominibus
1500 2874 1516 2912 :
1543 2856 1654 2914 Deo
1672 2857 1914 2915 serviunt

316 2935 367 2990 in
397 2922 645 3008 Angelis,
682 2954 712 2994 a
744 2955 847 3010 quo
873 2941 1139 2998 donantur
1163 2952 1217 2999 et
1246 2945 1480 3016 Angelis.
1527 2947 1794 3019 Quidquid
1814 2963 1912 3004 au-

314 3033 416 3081 tem
438 3027 571 3084 boni
595 3028 654 3084 ﬁt
672 3030 741 3086 ab
758 3026 993 3100 homine,
1013 3041 1071 3090 et
1092 3050 1196 3089 non
1221 3047 1438 3106 propter
1459 3037 1561 3092 hoc
1589 3038 1668 3103 ﬁt,
1692 3047 1909 3109 propter

313 3120 448 3189 quod
484 3122 601 3177 ﬁeri
641 3120 838 3180 debere
867 3142 992 3183 vera
1017 3127 1277 3199 sapientia
1305 3127 1579 3199 prtecipit,
1603 3130 1704 3187 etsi
1729 3131 1909 3188 ofﬁcio

312 3211 559 3267 videatur
586 3213 807 3282 bonum,
845 3215 964 3287 ipso
993 3234 1102 3274 non
1125 3228 1274 3275 recto
1298 3219 1402 3276 ﬁne
1434 3229 1707 3291 peccatum
1728 3231 1830 3279 est.

374 3301 464 3356 22.
510 3304 746 3361 Possunt
788 3322 916 3378 ergo
945 3308 1121 3380 aliqua
1156 3310 1294 3366 bona
1336 3311 1451 3367 ﬁeri
1472 3353 1488 3380 ,
1512 3327 1619 3368 non
1653 3314 1791 3369 bene
1828 3312 1906 3368 fac

307 3393 577 3450 cientibus
617 3410 649 3450 a
688 3398 881 3466 quibus
906 3398 1055 3455 ﬁunt.
1093 3401 1300 3457 Bonum
1334 3411 1417 3458 est
1445 3404 1586 3458 enim
1619 3412 1679 3459 ut
1701 3404 1903 3462 subve-

307 3482 483 3539 niatur
511 3486 722 3542 homini
754 3490 1107 3560 periclitanti,
1136 3495 1433 3563 prmsertim
1464 3494 1736 3553 innocenti
1762 3513 1777 3551 :
1805 3495 1902 3553 sed

304 3572 393 3630 ille
412 3576 503 3646 qui
532 3575 640 3632 hoc
665 3576 808 3643 facit,
832 3580 877 3635 si
907 3582 1136 3638 amando
1164 3584 1388 3655 gloriam
1429 3585 1704 3641 hominum
1729 3587 1901 3658 magis

302 3679 462 3733 quam
490 3667 595 3722 Dei
622 3666 767 3737 facit,
799 3686 902 3726 non
939 3672 1079 3729 bene
1107 3673 1303 3729 bonum
1333 3673 1497 3743 facit;
1522 3676 1644 3748 quia
1669 3692 1778 3734 non
1803 3677 1900 3735 bo-

302 3770 400 3813 nus
420 3757 574 3823 facit,
607 3761 748 3830 quod
788 3777 893 3818 non
924 3763 1060 3820 bona
1086 3766 1359 3824 voluntate
1388 3766 1540 3824 facit.
1572 3768 1725 3827 Absit
1750 3771 1896 3828 enim

302 3854 359 3899 ut
386 3847 455 3903 sit
485 3848 581 3905 vel
621 3849 830 3907 dicatur
852 3854 1095 3911 voluntas
1134 3856 1273 3911 bona
1293 3899 1314 3926 ,
1345 3874 1461 3930 quae
1486 3860 1539 3914 in
1564 3861 1702 3929 aliis,
1727 3860 1815 3919 vel
1843 3862 1896 3919 in

300 3950 358 3992 se
396 3938 510 4009 ipsa
530 3981 552 4008 ,
584 3954 691 3995 non
722 3942 775 3997 in
811 3943 1038 4000 Domino
1064 3947 1384 4018 gloriatur'.
1416 3953 1496 4007 Ac
1520 3966 1620 4023 per
1656 3951 1761 4008 hoc
1794 3969 1898 4011 nec

298 4028 415 4097 ejus
435 4031 650 4087 fructus
688 4033 791 4089 iste
819 4033 1079 4093 dicendus
1106 4046 1227 4106 est;
1254 4041 1415 4098 arbor
1456 4044 1601 4099 enim
1637 4045 1899 4102 mala‘bo—

296 4133 395 4176 nos
419 4121 635 4179 fructus
663 4139 770 4181 non
817 4125 943 4184 facit
971 4146 985 4183 :
1017 4130 1111 4186 sed
1137 4132 1313 4201 potius
1338 4133 1536 4190 bonum
1561 4151 1696 4208 opus
1716 4147 1802 4195 est
1826 4139 1897 4194 il-

299 4212 426 4280 lius,
451 4216 546 4286 qui
570 4216 733 4272 etiam
764 4234 860 4289 per
882 4221 1054 4278 malos
1083 4221 1219 4280 bene
1246 4224 1393 4282 facit.
1428 4227 1766 4301 Quapropter
1789 4230 1893 4287 dici

298 4319 403 4361 non
424 4316 613 4377 potest
642 4322 898 4379 quantum
929 4321 980 4368 te
1006 4313 1104 4369 ista
1135 4315 1283 4371 fallat
1309 4318 1511 4388 Opinio,
1532 4336 1635 4391 qua
1674 4322 1891 4391 dixisti,

301 4411 323 4447 ο
353 4412 546 4453 omnes
573 4401 800 4456 virtutes
821 4401 1042 4459 aﬁ‘ectus
1068 4421 1207 4471 esse,
1231 4423 1327 4478 per
1351 4425 1484 4480 quos
1510 4420 1600 4467 aut
1625 4410 1893 4494 fructugse

294 4494 383 4541 aut
408 4489 676 4544 steriliter
703 4490 827 4546 boni
852 4506 1056 4550 sumus.
1089 4514 1108 4549 ι
1133 4496 1277 4553 Fieri
1316 4501 1457 4556 enim
1494 4517 1603 4559 non
1631 4489 1894 4576 potest'ut

294 4579 552 4636 Steriliter
578 4580 709 4637 boni
753 4584 919 4640 simus
950 4602 964 4639 :
1006 4586 1100 4642 sed
1130 4588 1254 4644 boni
1284 4606 1391 4646 non
1421 4608 1607 4649 sumus
1634 4596 1889 4667 quidquid

292 4672 553 4728 Steriliter
575 4687 783 4730 sumus.
806 4676 982 4731 Arbor
1005 4679 1145 4734 enim
1173 4680 1309 4736 bona
1340 4683 1511 4740 bonos
1539 4684 1742 4744 fructus
1770 4687 1893 4744 facit

293 4761 508 4831 (Matth.
534 4781 631 4830 vn,
658 4767 746 4833 l7,
772 4766 884 4841 18).
913 4769 1067 4825 Absit
1089 4780 1265 4828 autem
1283 4781 1341 4828 ut
1368 4764 1506 4833 Deus
1527 4779 1717 4843 bonus,
1735 4796 1763 4834 a
1783 4797 1890 4852 quo

290 4856 496 4912 securis
548 4867 770 4928 paratur
817 4862 1098 4918 arboribus
1138 4880 1242 4919 non
1292 4863 1607 4925 facientibus
1658 4869 1888 4928 fructum

290 4942 489 5001 bonum
513 4989 529 5014 ,
566 4949 794 5015 excidat,
822 4959 879 5007 et
910 4952 967 5006 in
1015 4953 1404 5035 ignemmittat
1450 4959 1670 5017 arbores
1718 4962 1888 5020 bonas

292 5034 401 5106 (Id.
430 5054 510 5104 nt,
548 5037 663 5113 10).
708 5041 864 5098 Nullo
890 5045 1051 5101 modo
1078 5034 1239 5118 igitur
1266 5047 1513 5107 homines
1537 5065 1663 5109 sunt
1686 5057 1886 5113 sterili-

288 5133 369 5182 ter
411 5129 544 5185 boni
574 5147 589 5185 :
619 5132 714 5187 sed
746 5135 837 5205 qui
874 5134 999 5191 boni
1031 5153 1137 5194 non
1178 5150 1336 5210 sunt,
1366 5154 1591 5214 possunt
1634 5161 1754 5204 esse
1794 5150 1883 5205 alii

286 5217 464 5277 minus
484 5261 502 5288 ,
535 5220 631 5276 alii
656 5225 824 5294 magis
850 5226 996 5281 mali.

350 5310 445 5366 23.
487 5311 650 5369 Unde
683 5324 738 5371 et
775 5316 850 5371 illi
883 5332 1017 5388 quos
1061 5333 1484 5382 commemorare
1522 5326 1776 5398 voluisti,
1813 5330 1884 5388 de

282 5397 480 5468 quibus
502 5400 582 5456 ait
601 5402 910 5477 Apostolus,
954 5406 1137 5465 Gentes
1174 5409 1334 5485 legem
1367 5432 1467 5470 non
1507 5397 1884 5491 ﬁabentesipsi

343 5534 361 5601 ξ
394 5532 541 5601 aditi,
564 5537 823 5601 raperetis.

340 5569 1113 5684 L@"}55€'55L§e_egcets,
1139 5608 1353 5684 additae
1375 5612 1742 5684 mrum
1773 5620 1881 5684 au-

277 5660 407 5706 ctum
424 5657 538 5719 ejus
554 5674 596 5730 ιζ
611 5673 706 5723 quo
725 5659 781 5725 ﬁt
803 5663 992 5726 bonum,
1016 5665 1113 5719 nisi
1147 5657 1879 5790 om’razﬁmamua;

385 5717 597 5790 sed_Des
613 5735 733 5782 opus
748 5722 939 5790 bonum,
962 5741 993 5790 ιζ
1014 5741 1109 5790 quo
1128 5738 1272 5783 etiam
1299 5747 1387 5790 per
1407 5748 1456 5786 m
1588 5738 1644 5790 ﬁt
1684 5743 1873 5790 bonum.

274 5717 736 5803 messae
962 5717 993 5803 εξ
1014 5717 1272 5803 φέρετέθή
1669 5717 1873 5795 Ws:

275 5779 395 5858 item
417 5780 563 5858 infra,
751 5779 938 5858 ηπειτιέ
969 5779 1059 5858 ist}:
1091 5779 1875 5858 uitanda;fk§}"§&iﬁin&¥i&7ri

409 5846 1223 5931 ﬂmﬂf‘ﬂ.(vﬂz.m€9),9rbet
1248 5846 1875 5931 ,Wbbe’sie'éiéiiii

270 5910 377 5952 cere
406 5916 503 5955 non
526 5910 699 5967 possit;
723 5910 904 5962 Abeunt
933 5910 1127 5965 0111ιὶωο
1156 5915 1261 5968 htec
1289 5930 1317 5968 ε
1352 5910 1705 5978 manuscriltis.

1681 462 1885 519 UBLR
1924 463 2268 534 QUARTUS.

3543 505 3652 567 750

2059 576 2153 676 sibi
2179 583 2423 676 sunt-lex,
2447 586 2540 655 qui
2566 588 2751 646 habet"
2768 610 2895 666 opus
2923 598 3048 672 legis
3068 603 3314 676 scriptum
3339 608 3392 665 in
3416 614 3653 673 cordibus

2055 667 2199 761 suis;
2227 672 2351 741 quid
2397 682 2449 732 te
2476 676 2733 749 adjuvent
2768 667 2988 745 omnino
3026 706 3132 748 non
3169 667 3344 752 video.
3402 667 3647 761 Perbo;

2056 758 2200 814 enim
2238 763 2465 832 probare
2502 781 2724 828 conatus
2754 790 2813 831 es
2834 816 2852 843 ,
2881 779 3039 835 etiam
3081 783 3284 842 alienos
3307 803 3336 842 a
3367 788 3469 847 ﬁde
3495 792 3652 851 Chri-

2054 849 2146 917 sti,
2176 868 2355 911 veram
2387 873 2545 928 posse
2572 862 2773 922 habere
2791 870 3056 939 justitiam
3078 915 3093 939 ,
3123 891 3189 931 eo
3209 880 3348 949 quod
3375 882 3483 950 isti,
3513 893 3649 944 [CSHB

2053 944 2345 1017 Apostolo,
2369 956 2669 1011 naturaliter
2696 976 2810 1030 qua:
2844 961 2968 1035 legis
3005 976 3123 1021 sunt
3148 944 3363 1041 faciunt.
3394 944 3495 1031 Ubi
3526 980 3647 1049 qui-

2052 1034 2175 1092 dem
2212 1038 2404 1110 dogma
2446 1056 2681 1103 vestrum
2703 1091 2719 1115 ,
2745 1066 2852 1120 quo
2888 1056 3018 1111 estis
3062 1034 3259 1116 inimici
3294 1066 3481 1134 gratim
3529 1034 3641 1137 ﬁci,

2050 1141 2171 1196 quae
2196 1130 2353 1186 datur
2394 1149 2490 1203 per
2520 1136 2702 1193 Jesum
2743 1141 3011 1201 Christum
3052 1130 3331 1207 Dominum
3363 1130 3640 1227 nostrum,

2042 1217 2139 1286 qui
2170 1220 2306 1275 tollit
2332 1236 2609 1293 peccatum
2651 1233 2833 1288 mundi
2863 1234 3041 1307 (loan.
3072 1256 3119 1306 ι,
3151 1244 3250 1307 t7,
3282 1246 3395 1317 ea),
3424 1217 3642 1310 evidan

2048 1308 2154 1363 tius
2176 1316 2485 1381 expressisti
2512 1335 2526 1372 :
2556 1317 2906 1380 introducens
2945 1327 3220 1388 hominum
3257 1351 3426 1406 genus
3453 1382 3467 1406 ,
3496 1345 3636 1413 quod

2047 1398 2160 1456 Deo
2186 1404 2398 1473 placere
2428 1409 2595 1478 possit
2619 1412 2736 1469 sine
2755 1414 2953 1474 Christi
2979 1420 3102 1489 ﬁde,
3131 1425 3248 1496 lege
3260 1398 3639 1491 bullire-llos

2045 1500 2128 1548 est
2160 1495 2302 1551 unde
2334 1513 2431 1555 vos
2464 1508 2696 1562 maxime
2724 1505 3013 1566 christiana
3047 1495 3345 1574 detestatur
3372 1522 3632 1581 Euchsia.

2041 1583 2148 1641 Sed
2177 1587 2303 1658 quid
2331 1589 2412 1647 vis
2436 1608 2556 1649 esse
2584 1596 2751 1655 istos?
2770 1599 2959 1658 Utrum
2984 1621 3137 1663 veras
3162 1609 3387 1669 virtutes
3411 1614 3629 1686 labent,

2042 1684 2100 1732 et
2137 1679 2395 1737 steriliter
2434 1684 2561 1741 boni
2601 1701 2760 1758 sunt,
2786 1694 2910 1763 quia
2941 1712 3049 1752 non
3075 1710 3295 1771 pr0ptcr
3319 1705 3535 1778 (Deum?
3562 1679 3631 1765 an

2040 1767 2203 1823 etiam
2230 1770 2342 1827 Deo
2372 1788 2437 1828 ex
2464 1776 2547 1832 bis
2576 1778 2815 1849 placent,
2845 1794 3006 1856 atque
3030 1767 3097 1843 ab
3123 1767 3216 1848 illo
3246 1775 3349 1849 vita
3378 1810 3632 1857 remune-

2037 1868 2227 1917 rantur
2270 1866 2510 1921 teterna?
2561 1869 2619 1925 Si
2670 1874 2883 1932 steriles
2931 1878 3166 1949 dixeris;
3206 1885 3332 1955 quid
3380 1903 3511 1960 ergo
3548 1892 3629 1948 eis

2036 1952 2292 2022 prodest,
2334 1959 2477 2027 quod
2517 1963 2811 2020 secundum
2848 1968 3163 2039 Apostolum
3205 1952 3493 2036 defendent
3530 1996 3627 2040 eos

2034 2044 2387 2115 cegitationes
2411 2065 2543 2119 sum,
2565 2054 2621 2108 in
2644 2055 2727 2111 die
2746 2073 2849 2127 qua
2862 2060 3115 2130 judicabit
3137 2063 3279 2122 Deus
3305 2071 3504 2127 occulta
3532 2073 3627 2128 ho-

2033 2133 2229 2189 minum
2253 2135 2432 2207 (Rom.
2462 2157 2538 2208 ll,
2583 2144 2801 2217 “46)?
2827 2148 2881 2203 Si
2926 2160 3103 2207 autem
3134 2156 3224 2224 qui
3266 2157 3627 2218 defenduntur

2032 2227 2449 2297 cogitationibus
2478 2237 2590 2290 suis
2613 2277 2630 2303 ,
2661 2254 2729 2293 eo
2757 2242 2899 2311 quod
2935 2247 3252 2304 naturaliter
3289 2267 3450 2321 opera
3481 2253 3625 2311 lece-

2029 2317 2141 2372 rint
2186 2318 2349 2391 legis,
2380 2339 2486 2380 non
2528 2338 2654 2383 sunt
2687 2333 2944 2389 steriliter
2982 2336 3109 2392 boni
3131 2379 3146 2405 ,
3172 2348 3227 2395 ct
3250 2317 3447 2400 ob‘ltoe
3475 2345 3625 2403 inve-

2030 2407 2186 2463 niunt
2212 2420 2467 2469 :eternam
2509 2420 2810 2477 mercedem
2848 2425 2988 2493 apud
3016 2427 3217 2496 Deum;
3248 2434 3621 2500 proculdubio

2028 2509 2311 2572 prepterea
2329 2505 2458 2575 justi
2485 2521 2629 2577 sunt,
2658 2513 2781 2583 quia
2809 2530 2874 2570 ex
2903 2516 3006 2573 ﬁde
3028 2520 3233 2577 vivunt.

2097 2592 2192 2648 ει.
2220 2593 2354 2651 Nam
2382 2599 2745 2659 testimonium
2782 2607 2911 2662 illud
2948 2611 3091 2680 quod
3129 2628 3194 2669 ex
3222 2616 3481 2686 Apostolo
3518 2636 3618 2692 po-

2024 2682 2129 2751 sui,
2159 2684 2320 2742 Omne
2339 2691 2479 2760 quod
2496 2708 2599 2748 non
2625 2704 2696 2750 est
2720 2713 2785 2752 ea:
2804 2699 2925 2767 ﬁde,
2950 2715 3208 2772 peccatum
3227 2682 3300 2763 est
3320 2725 3341 2764 :
3362 2712 3499 2768 sicut
3519 2682 3615 2771 libi

2022 2772 2196 2830 visum
2226 2787 2309 2832 est
2336 2782 2588 2851 accepisti
2613 2827 2630 2851 ,
2656 2796 2712 2842 et
2736 2793 3060 2861 exposuisti,
3093 2812 3198 2852 non
3231 2808 3288 2854 ut
3313 2803 3490 2873 sapit,
3517 2805 3613 2862 sed

2024 2873 2080 2919 ut
2098 2867 2261 2937 sapis.
2290 2869 2368 2926 De
2390 2873 2525 2930 cibis
2548 2879 2691 2932 enim
2722 2881 3009 2951 Apostolus
3034 2867 3390 2958 loquebatur.-
3412 2867 3611 2952 verum

2019 2969 2141 3012 cum
2170 2958 2428 3028 dixisset,
2460 2965 2560 3030 Qui
2595 2976 2765 3023 autent
2805 2971 3083 3045 discernit,
3111 2978 3157 3032 si
3194 2982 3611 3056 mandat-ararit,

2018 3045 2292 3106 damnatus
2314 3062 2406 3121 est,
2433 3059 2557 3127 quia
2582 3075 2685 3114 non
2714 3077 2779 3116 ea:
2801 3063 2938 3133 ﬁde;
2968 3066 3108 3124 hanc
3136 3075 3346 3140 peccati
3371 3045 3609 3147 speciem

2016 3135 2087 3193 de
2129 3154 2233 3209 qua
2274 3145 2499 3213 agebat,
2546 3152 2783 3219 generali
2832 3155 3003 3211 voluit
3051 3162 3281 3229 probare
3320 3172 3609 3240 sententia,

2016 3242 2142 3285 mox
2163 3228 2418 3303 inferens,
2450 3234 2615 3295 Omne
2640 3242 2774 3297 enim
2803 3246 2941 3316 quod
2969 3228 3068 3304 non
3095 3261 3167 3306 est
3190 3271 3255 3308 ea:
3272 3258 3377 3324 ﬁde
3394 3299 3409 3326 ,
3433 3277 3611 3329 ρει-σαι

2015 3327 2122 3411 tum
2143 3331 2216 3377 est
2249 3321 2360 3394 (Id.
2391 3342 2507 3395 ιιν,
2537 3329 2653 3404 25).
2684 3332 2790 3390 Sed
2812 3344 2871 3391 ut
2898 3337 3000 3395 hoc
3027 3342 3120 3397 tibi
3146 3343 3215 3401 de
3237 3321 3371 3404 cibis
3395 3321 3603 3411 tantum

2014 3408 2418 3483 intelligendum
2461 3433 2585 3476 esse
2620 3425 2955 3484 concedam:
2989 3433 3112 3502 quid
3136 3435 3205 3492 de
3228 3438 3335 3495 alio
3367 3440 3606 3503 dicturus

2012 3514 2073 3556 es
2101 3504 2443 3577 testimonio,
2468 3514 2610 3582 quod
2657 3515 2947 3575 identidem
2986 3526 3176 3593 posui;
3217 3546 3316 3587 nec
3347 3533 3472 3591 inde
3508 3539 3607 3593 ali-

2010 3593 2138 3663 quid
2165 3595 2472 3669 disputasti,
2501 3605 2623 3675 quia
2658 3624 2765 3664 non
2793 3611 3043 3671 invenisti
3062 3623 3344 3695 (quomodo
3371 3626 3422 3680 in
3456 3638 3600 3686 tuam

2009 3698 2198 3756 posses
2216 3688 2538 3763 detorquere
2568 3703 2911 3770 sententiam,
2940 3692 3083 3779 quod
3098 3688 3170 3767 ad
3194 3712 3448 3775 Hebraeos
3478 3725 3604 3777 seri!

2008 3785 2158 3847 ptum
2206 3792 2320 3850 est,
2367 3785 2496 3844 Sine
2544 3791 2649 3860 [ide
2689 3796 2822 3850 enim
2869 3798 3181 3872 impossibile
3225 3818 3302 3863 est
3358 3812 3586 3883 placere'

2009 3867 2197 3965 (Hebr.
2225 3889 2310 3943 xt,
2339 3875 2656 3953 6)?Nempe
2689 3895 2745 3941 ut
2771 3886 2872 3946 hoc
2913 3867 3213 3965 diceretur,
3244 3900 3313 3955 de
3352 3867 3460 3958 lota
3485 3867 3593 3964 vita

2005 3961 2240 4023 hominis
2275 3971 2531 4041 agebatur
2549 4016 2564 4040 ,
2590 3979 2644 4031 in
2670 3994 2771 4049 qua
2799 3980 2978 4052 justus
3002 4001 3069 4042 ex
3108 3961 3215 4047 ﬁde
3240 3992 3366 4049 vivit
3392 4013 3408 4050 :
3436 4006 3488 4053 et
3516 4006 3599 4054 ta-

2006 4073 2130 4117 men
2156 4075 2279 4116 cum
2304 4063 2447 4154 (sine
2476 4064 2589 4124 ﬁde
2614 4069 2944 4143 impossibile
2985 4080 3057 4135 sit
3086 4083 3309 4152 placere
3340 4089 3477 4154 Deo,
3508 4092 3603 4149 tibi

1993 4149 2231 4208 virtutes
2268 4152 2387 4213 sine
2426 4154 2529 4212 ﬁde
2555 4160 2633 4217 sic
2657 4163 2887 4233 placent,
2918 4177 2976 4223 ut
3018 4149 3113 4227 cas
3134 4188 3292 4231 veras
3315 4149 3596 4250 prmdices,

2003 4240 2190 4313 eisque
2209 4243 2378 4301 bonos
2403 4262 2522 4304 esse
2549 4249 2827 4323 homines”;
2858 4265 2913 4313 et
2935 4272 3145 4331 rursus,
3166 4240 3332 4335 quasi
3351 4277 3404 4326 te
3431 4240 3601 4342 pmni:

2005 4336 2168 4390 tuerit
2210 4334 2384 4395 laudis
2427 4340 2678 4411 illarum,
2706 4347 2919 4405 steriles
2966 4334 3315 4423 pronuntiare
3347 4334 3452 4417 non
3497 4364 3599 4420 du-

2001 4422 2162 4483 bites.
2968 4422 2975 4423 7
3392 4468 3401 4476 ’

2068 4516 2295 4617 QSL-lsti
2323 4535 2454 4592 ergo
2473 4525 2561 4594 qui
2598 4528 2825 4585 naturali
2866 4531 2984 4602 lege
3025 4546 3152 4592 sunt
3178 4537 3345 4610 justi,
3368 4552 3459 4600 aut
3482 4548 3590 4617 pia-

2001 4617 2125 4661 cent
2151 4606 2281 4677 Deo,
2313 4620 2368 4667 et
2392 4628 2458 4669 ex
2496 4613 2602 4671 ﬁde
2638 4619 2886 4688 placent;
2914 4625 3035 4693 quia
3068 4606 3197 4683 sine.
3217 4606 3592 4705 ﬁdeimpossi-

1994 4697 2107 4786 bile
2131 4708 2216 4755 cst
2248 4702 2499 4770 placere:
2532 4716 2583 4761 et
2618 4724 2684 4764 ex
2710 4727 2813 4781 qua
2860 4712 2963 4770 ﬁde
3003 4716 3236 4786 placent,
3266 4724 3370 4778 nisi
3395 4697 3457 4780 es
3486 4728 3590 4782 ﬁde

2000 4783 2240 4843 Christi?
2281 4795 2531 4861 quoniam
2566 4796 2711 4853 sicut
2749 4799 2940 4870 legitur
2974 4783 3026 4858 in
3056 4783 3280 4865 Actibus
3310 4812 3589 4882 Apostolo-

1999 4892 2139 4945 rum,
2179 4877 2249 4934 1η
2285 4881 2375 4936 illo
2416 4884 2552 4940 Deus
2586 4888 2812 4957 deﬁnivit
2841 4892 2994 4961 ﬁdem
3036 4899 3299 4969 omnibus,
3338 4907 3587 4963 suscitans

1996 4985 2110 5023 eum
2139 4986 2172 5023 a
2207 4974 2418 5028 mortuis
2457 4973 2591 5047 (Act.
2623 4995 2760 5045 xvn,
2793 4982 2907 5055 5i).
2939 4983 3171 5059 Ideoque
3197 4990 3444 5050 dicuntur
3470 4999 3585 5056 sine

1994 5061 2113 5135 lege
2136 5065 2445 5122 naturaliter
2468 5085 2585 5140 quze
2623 5070 2757 5142 legis
2780 5085 2905 5131 sunt
2932 5076 3131 5150 facere,
3163 5085 3285 5154 quia
3312 5103 3376 5142 ex
3405 5089 3578 5149 Genti.

1993 5152 2096 5209 bus
2122 5168 2384 5214 venerunt
2409 5159 2474 5215 ad
2503 5161 2871 5235 Evangelium,
2902 5185 3006 5227 non
3039 5188 3104 5228 ex
3150 5177 3580 5254 circumcisione,

1992 5246 2078 5302 cui
2121 5246 2208 5304 lex
2252 5249 2370 5306 data
2413 5262 2606 5320 est;ct
2643 5268 2924 5329 propterea
2978 5270 3323 5340 naturaliter,
3352 5277 3473 5346 quia
3524 5246 3579 5335 ut

1986 5338 2311 5406 crederent,
2343 5342 2459 5413 ipsa
2494 5344 2547 5400 in
2586 5347 2666 5404 eis
2704 5359 2788 5406 est
2817 5368 2913 5422 per
2939 5354 3035 5413 Dei
3069 5338 3314 5431 gratiam.
3343 5338 3580 5427 correcta

1986 5438 2200 5484 natura.
2240 5430 2351 5488 Nec
2386 5450 2481 5505 per
2508 5451 2608 5493 eos
2644 5450 2801 5510 potes
2830 5447 3057 5513 probare
3082 5430 3231 5521 quod
3270 5455 3344 5511 vis
3366 5500 3385 5525 ,
3417 5462 3575 5517 etiam

1988 5522 2232 5581 inﬁdeles
2277 5542 2433 5583 veras
2477 5545 2640 5600 posse
2677 5534 2876 5596 habere
2918 5541 3186 5599 virtutes:
3216 5559 3341 5604 sunt
3370 5522 3578 5623 quipp”

1986 5613 2074 5670 isti
2098 5615 2305 5673 ﬁdeles.
2332 5621 2438 5676 Aut
2463 5623 2509 5677 si
2541 5623 2700 5682 ﬁdem
2732 5644 2838 5684 non
2865 5630 3067 5690 habent
3090 5635 3311 5705 Christi,
3338 5613 3581 5711 profecto

2043 5747 2064 5782 ι
2229 5751 2324 5824 hic,
2362 5760 2461 5824 peo
2480 5756 2690 5818 placere.
2718 5756 2835 5813 Alibi
2860 5769 3021 5817 tamen
3046 5775 3144 5818 Am.
3172 5779 3224 5821 et
3256 5776 3329 5822 Er.
3366 5785 3583 5824 conson-

1981 5815 2172 5894 9entfs
2193 5815 2773 5894 aptiqtt‘isgtanuscriptis
2803 5838 2955 5894 saepe
2973 5815 3224 5889 oinitttitit,
3257 5815 3573 5894 ticam-1Tb:-

1981 5872 2094 5985 ira!
2096 5873 2281 5987 $3125
2312 5872 2370 5927 'et
2403 5878 2480 5939 '52,
2510 5872 3569 5960 neque'halc‘vorx‘in'

1984 5947 2014 5984 e
2062 5948 2073 5957 '
2211 5971 2224 5985 .
