4118 6496
519 400 613 462 Τὶί

522 533 623 573 nec
642 517 773 587 justi
804 525 946 579 sunt,
979 530 1079 571 nec
1099 514 1209 570 Deo
1240 514 1469 584 placent,
1495 514 1581 569 cui
1615 513 1731 569 sine
1771 511 1872 565 ﬁde
1902 509 2111 579 placere

518 605 855 676 lmpossibile
879 616 982 661 est.
1010 605 1114 661 Sed
1151 607 1217 659 ad
1248 605 1348 659 hoc
1376 620 1471 663 eos
1508 605 1559 659 in
1585 603 1674 659 die
1703 601 1886 672 judicii
1906 599 2117 670 cogita-

522 698 702 752 tiones
742 711 854 752 sutc
879 696 1184 760 defendent,
1215 703 1271 748 ιιι
1301 693 1631 749 tolerabilius
1655 690 2112 763 puniantur,.quia

520 787 838 843 naturaliter
881 802 999 857 quae
1032 786 1166 856 legis
1203 794 1328 840 sunt
1366 794 1651 854 utcumque
1687 782 1946 846 fecerunt,
1985 779 2118 835 scri-

523 890 673 949 ptum
699 877 955 933 habentes
976 877 1029 932 in
1051 876 1301 931 cordibus
1320 889 1456 947 opus
1471 874 1600 945 legis
1621 874 1895 936 hactenus,
1922 879 1979 925 ut
1997 869 2117 924 aliis

520 986 628 1025 non
677 967 916 1025 facerent
956 968 1099 1039 quod
1128 966 1332 1037 perpeti
1375 965 1744 1021 nollentzhoc
1768 973 1945 1019 tamen
1987 977 2111 1032 pec-

525 1072 732 1127 cantes,
758 1061 900 1132 quod
930 1060 1174 1115 homines
1218 1059 1335 1115 sine
1383 1058 1510 1126 ﬁde,
1536 1072 1647 1113 non
1674 1057 1742 1112 ad
1784 1071 1907 1112 eum
1954 1054 2115 1110 ﬁnem

524 1155 629 1209 ista
670 1169 833 1224 Opera
876 1153 1190 1218 retulerunt,
1222 1152 1286 1206 ad
1332 1166 1493 1222 quem
1539 1148 1746 1206 referre
1791 1149 2109 1205 debuerunt.

522 1246 702 1302 Minus
748 1246 892 1303 enim
934 1245 1207 1301 Fabricius
1243 1244 1661 1317 quam-Catilina
1701 1244 1970 1313 punietur.
2002 1258 2111 1296 non

524 1338 648 1406 quia
680 1338 780 1393 iste
806 1337 1009 1398 bonus,
1043 1336 1135 1391 sed
1160 1337 1281 1406 quia
1310 1337 1398 1391 ille
1426 1336 1592 1406 magis
1630 1335 1799 1389 malus
1825 1353 1837 1388 :
1860 1342 1915 1389 et
1938 1334 2112 1388 minus

520 1429 739 1497 impius,
762 1443 920 1498 quam
961 1426 1205 1493 Catilina,
1230 1425 1523 1494 Fabricius,
1561 1442 1667 1480 non
1706 1440 1863 1480 veras
1890 1425 2114 1478 virtutes

508 1518 810 1586 habendo,
842 1518 935 1574 sed
974 1534 1004 1574 a
1042 1520 1183 1575 veris
1209 1509 1488 1575 virtutibus
1534 1534 1641 1573 non
1684 1518 1973 1590 plurimum
2020 1516 2115 1572 de-

531 1612 747 1666 viantlo.

599 1727 691 1782 26.
733 1727 814 1781 An
844 1726 979 1781 forte
1007 1733 1060 1780 et
1100 1726 1213 1781 istis
1250 1727 1339 1797 qui
1377 1726 1734 1783 exhibuerunt
1763 1734 2116 1796 terrente'pa-

514 1821 645 1877 aria:
677 1821 1050 1893 Babylonicum
1082 1820 1454 1884 dilectionem,
1478 1827 1534 1875 et
1556 1821 1752 1875 virtute
1784 1820 1963 1883 civili,-
2007 1834 2114 1874 non

518 1929 686 1980 «vera,
722 1912 814 1968 sed
854 1915 964 1966 veri
1006 1911 1164 1967 simili
1195 1911 1524 1967 daemonibus
1549 1913 1634 1966 vel
1661 1911 1907 1966 humanae
1935 1910 2121 1979 gloriae

523 2004 847 2067 servierunt,
875 2001 1134 2057 Fabriciis
1171 2001 1439 2069 videlicet,
1470 2010 1525 2057 et
1562 2001 1811 2073 Regillis,
1836 2009 1892 2057 et
1915 2000 2117 2068 Fabiis,

514 2106 580 2151 vt
605 2095 942 2167 Scipionibus
961 2138 974 2161 ,
1008 2102 1063 2151 et
1089 2095 1358 2162 Camillis,
1392 2095 1705 2167 caeterisque
1735 2094 1927 2151 talibus
1946 2136 1962 2162 ,
1985 2093 2122 2149 sicut

523 2187 823 2243 infantibus
846 2188 938 2258 qui
975 2188 1094 2245 sine
1130 2189 1459 2259 Baptismate
1491 2186 1829 2252 moriuntur,
1855 2186 2120 2257 provisuri

524 2279 657 2332 estis
684 2279 912 2349 aliquem
955 2278 1131 2334 locum
1174 2279 1317 2334 inter
1353 2277 1748 2333 damnationem
1792 2291 2123 2347 regnumque

519 2370 819 2435 calorum;
851 2369 941 2424 ubi
968 2385 1077 2424 non
1105 2369 1216 2425 sint
1244 2371 1296 2425 in
1322 2369 1558 2435 miseria,
1585 2368 1681 2425 sed
1708 2369 1761 2423 in
1791 2367 2122 2424 beatitudine

524 2465 892 2536 sempiterna,
942 2464 1032 2535 qui
1064 2465 1174 2520 Deo
1203 2479 1308 2518 non
1351 2463 1684 2534 placuerunt,
1729 2461 1814 2516 cui
1858 2461 1974 2516 sine
2018 2460 2123 2516 ﬁde

526 2557 740 2626 placere
769 2554 1101 2626 impossibile
1130 2564 1232 2622 est,
1255 2570 1412 2626 quam
1440 2570 1542 2610 nec
1566 2554 1618 2608 in
1645 2553 1914 2624 operibus,
1942 2567 2043 2608 nec
2067 2554 2120 2608 in

524 2649 780 2706 cordibus
800 2649 1142 2706 habuerunt?
1167 2649 1281 2705 Non
1301 2649 1494 2719 opinor
1511 2646 1866 2719 perditionem
1887 2654 2119 2702 vestram

526 2756 700 2812 usque
728 2741 793 2797 ad
825 2741 981 2797 istam
1006 2756 1167 2813 posse
1194 2740 1574 2811 impudentiam
1609 2739 1873 2811 prosiiire.
1901 2758 1922 2792 ι
1954 2739 2124 2794 Erunt

523 2848 696 2903 ergo,
722 2852 743 2886 ι
778 2832 983 2905 inquis,
1020 2852 1040 2886 ι
1069 2833 1120 2888 in
1150 2833 1493 2889 damnatione
1528 2831 1879 2902 sempiterna,
1909 2830 1964 2886 in
2001 2830 2121 2902 qui-

530 2925 630 2982 hus
650 2936 766 2981 erat
790 2942 916 2981 vera
942 2925 1187 2996 justitia?
1218 2945 1239 2978 ι
1273 2925 1317 2982 0
1341 2941 1527 2981 vocem
1563 2924 1889 2995 impudentia
1919 2923 2123 2994 majore

528 3017 889 3086 prmcipitem!
918 3016 1033 3071 Non
1062 3024 1197 3083 erat,
1238 3015 1455 3086 inquam
1475 3017 1515 3083 ⁸,
1541 3015 1596 3071 in
1623 3015 1700 3070 eis
1724 3031 1851 3071 vera
1876 3015 2120 3086 justitia;

528 3108 650 3177 quia
682 3122 787 3162 non
819 3108 1047 3176 actibus,
1081 3108 1174 3164 sed
1204 3108 1395 3164 ﬁnibus
1424 3117 1716 3179 pensantur
1742 3106 1938 3165 ofﬁcia.

601 3220 690 3275 27.
724 3220 830 3276 Sed
860 3220 1030 3277 facete
1070 3236 1134 3276 ac
1178 3221 1355 3292 lepide
1398 3221 1560 3278 homo
1602 3222 2030 3293 elegantissimus
2069 3234 2123 3280 ct

530 3311 937 3378 urbanissimus,
959 3330 979 3364 ι
1003 3311 1061 3369 Si
1077 3311 1303 3379 dicatur,
1337 3333 1356 3368 ι
1378 3314 1572 3384 inquis,
1592 3332 1613 3367 ι
1633 3315 1754 3384 quia
1767 3315 1985 3371 castitas
2012 3316 2141 3371 inﬁm

525 3404 727 3457 dolium
772 3406 989 3460 castitas
1037 3419 1142 3460 non
1187 3417 1300 3473 est;
1349 3406 1535 3462 eadem
1578 3405 1752 3463 fronte
1768 3408 1976 3464 dicetur
1997 3410 2121 3481 quia

527 3512 721 3567 corpus
747 3497 1079 3569 Paganorum
1096 3512 1292 3570 corpus
1312 3514 1417 3556 non
1440 3500 1528 3566 sit,
1549 3508 1603 3555 et
1621 3500 1759 3555 oculi
1786 3501 2120 3571 Paganorum

528 3604 742 3644 sensum
772 3598 876 3646 non
896 3590 1126 3648 habeant
1157 3592 1489 3659 intuendi,et
1508 3591 1776 3648 frumenta
1799 3609 1917 3665 quae
1939 3594 1992 3648 in
2014 3594 2121 3650 Pa-

526 3697 784 3751 ganorum
812 3694 1105 3741 nascuntur
1125 3685 1289 3757 agris,
1324 3688 1588 3742 frumenta
1602 3702 1711 3742 non
1738 3687 1846 3743 sint
1865 3696 1949 3743 :et
1980 3689 2121 3743 mul-

529 3786 604 3841 ta,
626 3792 645 3827 ι
668 3775 862 3847 inquis,
887 3793 906 3828 ι
926 3776 1027 3832 alia
1044 3792 1165 3848 qua:
1181 3784 1340 3832 tantae
1355 3777 1703 3833 absurditatis
1722 3786 1863 3845 sunt,
1883 3786 1940 3833 ut
1954 3778 2122 3835 risum‘

530 3869 738 3938 possint
757 3870 1177 3942 intelligentibus
1191 3885 1553 3927 commovere.
1580 3888 1599 3923 ι
1617 3870 1731 3926 Non
1758 3871 1915 3941 plane
1929 3872 2119 3942 risum,

527 3960 624 4016 sed
672 3959 853 4017 ﬂetum
911 3963 1088 4032 potius
1140 3961 1561 4033 intelligentibus
1604 3974 1784 4018 vester
1820 3973 2123 4021 commovet

527 4052 688 4119 risus,
721 4053 858 4109 sicut
881 4052 1145 4109 mentibus
1174 4054 1469 4109 amicorum
1501 4044 1752 4109 sanorum
1772 4054 1954 4110 ﬂetum
1977 4071 2123 4110 com-

527 4155 709 4202 movet
729 4146 870 4202 risus
902 4145 1355 4216 phreneticorum.
1377 4144 1526 4201 Itane
1547 4154 1645 4201 aut
1669 4156 1854 4202 contra
1879 4147 2120 4217 Scriptu-

527 4255 618 4293 ras
647 4249 860 4294 sanctas
879 4237 1108 4294 inﬁdelis
1133 4228 1368 4293 animum
1397 4237 1648 4295 fornicari
1677 4255 1859 4310 negas,
1892 4250 1984 4295 aut
2003 4256 2123 4298 esse

527 4331 586 4384 in
614 4330 793 4384 animo
821 4329 1118 4385 fornicante
1136 4345 1317 4386 veram
1343 4331 1639 4386 castitatem
1661 4330 1830 4399 dicis;
1874 4341 1929 4388 et
1958 4333 2120 4400 rides,

534 4434 590 4475 et
618 4437 782 4477 sanus
810 4421 912 4477 es?
940 4420 1117 4488 Unde,
1146 4422 1435 4492 quomodo,
1477 4439 1579 4493 qua
1603 4423 1811 4478 ratione
1833 4424 1975 4479 istud
2004 4426 2120 4482 ﬁeri

528 4512 754 4585 potest?
782 4513 1008 4567 Prorsus
1035 4527 1136 4567 nec
1163 4512 1250 4566 illa
1271 4520 1354 4568 est
1381 4514 1600 4568 castitas
1627 4529 1774 4582 vera,
1803 4530 1904 4569 nec
1925 4516 2124 4572 sanitas

530 4622 682 4661 vera.
734 4605 960 4661 Prorsus
982 4645 996 4671 ,
1042 4605 1256 4676 inquam
1277 4647 1294 4673 ,
1324 4620 1423 4661 nec
1450 4621 1575 4661 vera
1605 4614 1688 4661 est
1713 4607 1933 4661 castitas
1958 4609 2121 4664 animi

535 4697 959 4764 fornicantis,’et
982 4712 1106 4752 vera
1127 4697 1329 4751 insania
1358 4706 1442 4752 est
1480 4697 1713 4751 hominis
1753 4696 1979 4754 dicentis
2021 4700 2125 4757 hoc

531 4791 768 4847 dedecus
788 4800 841 4846 et
865 4790 1106 4846 ridentis.
1132 4790 1241 4844 Nos
1261 4797 1439 4845 autem
1467 4789 1609 4844 absit
1634 4797 1692 4844 ut
1717 4788 1956 4845 dicamus
1981 4794 2124 4863 quod

530 4896 724 4950 corpus
752 4880 1086 4951 Paganorum
1134 4894 1330 4950 corpus
1353 4894 1462 4935 non
1490 4880 1589 4947 sit,
1618 4888 1673 4935 et
1714 4888 1907 4938 caetera
1940 4883 2125 4954 hujus-

530 4971 698 5027 modi.
725 4970 908 5041 Neque
935 4972 1076 5027 enim
1100 4981 1181 5027 est
1207 4984 1561 5040 consequens,
1592 4980 1650 5024 ut
1675 4971 1721 5025 si
1746 4988 1852 5028 non
1884 4983 1966 5029 est
2000 4991 2121 5030 vera

531 5064 702 5118 virtus
743 5077 845 5133 qua
886 5061 1139 5133 gloriatur
1180 5063 1394 5132 impius,
1440 5078 1545 5116 non
1586 5063 1657 5118 sit
1704 5080 1886 5119 verum
1931 5083 2124 5137 corpus

532 5153 674 5225 quod
696 5163 948 5224 operatur
973 5153 1130 5207 Deus.
1160 5152 1264 5208 Sed
1291 5152 1449 5222 plane
1476 5168 1758 5223 possumus
1786 5157 1982 5221 dicere,
2012 5160 2123 5216 he—

535 5246 830 5301 reticorum
864 5242 1107 5299 frontem
1139 5259 1243 5297 non
1289 5259 1412 5299 esse
1440 5242 1695 5311 frontem,
1740 5248 1785 5301 si
1813 5264 1919 5303 non
1950 5267 2120 5306 mem-

528 5337 693 5391 in'um
723 5335 863 5406 quod
884 5333 1012 5390 fecit
1039 5336 1201 5401 Deus,
1228 5335 1531 5406 signiﬁcare
1555 5337 1910 5405 intelligantur
1931 5341 2120 5399 frontis

538 5427 756 5482 nomine
779 5467 794 5491 ,
826 5425 921 5481 sed
958 5424 1236 5495 pudorem.
1258 5426 1402 5495 Quid
1426 5469 1440 5495 ,
1471 5427 1516 5482 si
1546 5443 1650 5483 non
1677 5430 1728 5484 in
1750 5447 1812 5485 eo
1842 5432 1957 5501 ipsa
1986 5434 2121 5489 libro

536 5533 678 5585 meo,
699 5517 783 5573 cui
801 5515 1144 5587 respondisse
1161 5515 1424 5587 ‘tejaetas,
1449 5527 1572 5574 ante
1595 5531 1992 5589 prce-struerem,
2016 5542 2082 5581 ne
2100 5528 2119 5558 ²

536 5610 591 5665 in
623 5609 723 5667 hac
750 5608 1035 5672 sententia,
1067 5623 1169 5679 qua
1197 5607 1444 5679 dicimus,
1476 5609 1638 5667 Omne
1665 5614 1801 5684 quod
1827 5633 1925 5671 non
1963 5628 2032 5671 est
2059 5637 2123 5674 ex

599 5770 614 5798 ¹
640 5775 735 5815 Am.
763 5772 815 5815 et
833 5770 962 5820 διες..
986 5762 1148 5829 igitur.

598 5832 618 5861 ι
644 5828 775 5891 apud
791 5835 922 5888 wn,
949 5828 1053 5876 nec.

1336 400 1606 455 CONTRA
1645 393 1983 455 JULIANUM
2023 391 2481 485 PELACHNUM,
2516 396 2571 452 S.
2617 396 2978 455 ΑυαυετιΝι

2227 507 2350 575 βαρ,
2382 518 2637 577 percolunt
2670 520 2742 565 est
2760 527 2779 573 ;
2805 511 2963 565 etiam
2986 510 3076 565 illa
3107 510 3463 581 intelligantur
3489 512 3809 581 inﬁdelium,

3708 400 3815 459 Ἱῆῆ

2222 613 2339 668 quae
2378 598 2518 655 dona
2558 611 2684 656 sunt
2712 602 2839 670 Dei,
2880 604 2992 658 sive
3033 603 3084 657 in
3119 604 3310 671 animi,
3352 604 3466 661 sive
3493 606 3547 660 in
3572 609 3815 677 corporis

2224 687 2417 743 bonis?
2443 690 2515 746 lbi
2546 691 2691 747 enim
2713 700 2835 747 sunt
2863 700 2921 748 et
2952 693 3052 748 ista
3081 709 3200 764 qua:
3226 694 3454 750 inaniter
3474 697 3670 766 garris,
3690 712 3815 752 eor-

2221 797 2344 853 pus,
2376 794 2430 838 et
2466 785 2629 852 oculi,
2660 793 2715 841 et
2737 786 2977 841 membra
3008 796 3222 841 caetera.
3265 785 3321 840 in
3360 802 3426 843 eo
3462 803 3658 858 genere
3686 799 3815 846 sunt

2221 874 2381 928 etiam
2413 891 2531 946 qua:
2558 876 2613 931 in
2642 877 2784 946 agris
2810 876 3144 946 Paganorum
3172 875 3438 933 frumenta
3481 890 3811 947 nascuntur,

2214 981 2449 1035 quorum
2474 967 2615 1022 Deus
2639 977 2851 1023 creator
2870 976 2972 1036 est,
3010 985 3116 1024 non
3146 970 3364 1040 Pagani.
3396 971 3590 1026 Annon
3616 980 3670 1026 tu
3699 973 3817 1042 ipse

2221 1056 2363 1112 inter
2390 1066 2585 1114 caztera
2612 1059 2773 1113 etiam
2800 1059 2901 1114 ista
2923 1060 3081 1116 verba
3122 1076 3242 1116 mea
3270 1061 3517 1132 posuisti,
3549 1062 3638 1117 ubi
3662 1062 3771 1118 dixi
3793 1079 3812 1117 :

2228 1167 2249 1201 ι
2277 1149 2467 1204 Anima
2507 1149 2651 1204 enim
2681 1160 2735 1206 et
2770 1165 2964 1222 corpus
2990 1161 3045 1208 et
3067 1168 3417 1223 qumcumque
3444 1154 3583 1209 bona
3617 1156 3815 1211 animae

2222 1240 2538 1310 eteorporis
2576 1242 2892 1298 naturaliter
2929 1242 3109 1311 insita,
3155 1244 3315 1301 etiam
3353 1245 3407 1300 in
3447 1246 3821 1315 peccatoribus

2224 1328 2365 1384 dona
2392 1330 2490 1385 Dei
2519 1340 2677 1398 sunt;
2707 1333 2959 1403 quoniam
2982 1334 3141 1399 Deus,
3164 1350 3271 1390 non
3296 1335 3395 1407 ipsi
3422 1336 3523 1391 ista
3543 1335 3816 1392 fecerunt:

2222 1420 2290 1475 de
2316 1421 2398 1476 his
2427 1430 2602 1477 autem
2630 1439 2750 1495 qua}
2773 1425 2973 1481 faciunt
2997 1424 3196 1503 dictum
3224 1435 3326 1492 est,
3368 1426 3529 1481 Omne
3556 1427 3691 1498 quod
3716 1444 3818 1482 non

2222 1521 2294 1565 est
2317 1529 2378 1567 ex
2400 1514 2519 1581 ﬁde,
2549 1523 2809 1587 peccatum
2833 1527 2906 1570 est
2930 1534 2949 1568 ι
2979 1514 3081 1586 (De
3104 1514 3319 1587 Nuptiis
3357 1526 3404 1571 et
3445 1516 3818 1588 Concupiscet:-

2223 1603 2313 1667 tia,
2339 1603 2426 1657 lib.
2449 1606 2500 1668 1,
2522 1622 2575 1659 η.
2599 1605 2691 1676 4)?
2709 1605 2856 1661 lianc
2871 1607 3108 1675 brevem,
3123 1607 3218 1663 sed
3237 1608 3420 1678 utique
3438 1620 3677 1679 apertam
3693 1626 3820 1665 sen-

2224 1694 2443 1748 tentiam
2472 1710 2646 1750 meam
2677 1696 2722 1751 si
2748 1704 2929 1753 mente
2951 1698 3234 1766 tenuisses,
3260 1708 3386 1769 puto
3406 1699 3550 1770 quod
3578 1708 3685 1755 tam
3717 1701 3819 1756 im-

2223 1787 2420 1859 probus
2439 1804 2545 1844 non
2565 1788 2778 1867 fuisses,
2802 1799 2861 1847 ut
2881 1776 2979 1847 nos
3008 1807 3166 1862 posse
3185 1792 3364 1848 dicere
3383 1808 3670 1859 assereres,
3694 1796 3818 1865 quia

2230 1897 2250 1932 ι
2270 1894 2481 1950 .corpus
2506 1881 2837 1953 Paganorum
2864 1897 3063 1954 corpus
3089 1898 3193 1939 non
3221 1885 3310 1952 sit,
3336 1893 3392 1939 et
3417 1885 3560 1940 oculi
3585 1885 3819 1956 Pagano-

2228 1987 2347 2031 rum
2373 1986 2589 2028 sensum
2621 1988 2727 2029 non
2756 1973 2992 2031 habeant
3018 1975 3255 2031 intuendi
3280 2016 3295 2044 ,
3317 1992 3371 2036 ct
3398 1974 3664 2032 frumenta
3699 1991 3819 2046 quat

2224 2062 2279 2116 in
2304 2063 2640 2133 Paganorum
2681 2074 2976 2121 nascuntur
3000 2064 3174 2137 agris,
3209 2065 3471 2121 frumenta
3498 2082 3605 2121 non
3634 2068 3759 2122 sint.
3793 2085 3814 2119 ι

2227 2152 2293 2209 Ut
2312 2154 2455 2209 enim
2485 2154 2578 2208 tibi
2607 2163 2857 2226 tanquam
2883 2156 2952 2212 de
2977 2171 3167 2211 somno
3192 2158 3426 2212 excitato
3446 2156 3634 2212 eadem
3657 2157 3817 2212 verba

2223 2259 2343 2301 mea
2368 2253 2603 2315 repetam
2619 2286 2641 2314 ,
2668 2262 2787 2318 quae
2812 2255 2916 2302 tum
2941 2248 3215 2304 memoriae
3242 2247 3486 2304 fortassis
3512 2257 3573 2304 ut
3601 2249 3717 2305 hcce
3738 2249 3819 2303 di-

2223 2350 2376 2391 ceres
2421 2336 2763 2403 exciderunt,
2799 2356 2819 2391 ι
2845 2338 2974 2394 Hmc
3013 2339 3175 2395 etiam
3206 2339 3259 2394 in
3285 2340 3652 2411 peccatoribus
3679 2340 3817 2396 dona

2226 2427 2321 2484 Dei
2349 2436 2508 2494 sunt;
2537 2429 2786 2499 quoniam
2818 2430 2976 2497 Deus,
3010 2445 3117 2486 non
3168 2431 3267 2501 ipsi
3305 2431 3403 2485 ista
3433 2430 3718 2487 fecerunt:
3752 2431 3819 2488 de

2228 2516 2312 2571 his
2336 2525 2514 2573 autem
2540 2516 2889 2588 quat-faciunt
2913 2519 3113 2574 dictum
3143 2528 3246 2585 est,
3276 2519 3437 2574 Omne
3460 2519 3596 2591 quod
3621 2537 3721 2576 non
3746 2532 3820 2577 est

2224 2624 2290 2662 ea:
2316 2608 2437 2677 fide,
2468 2618 2730 2679 peccatum
2761 2619 2852 2665 est.
2885 2629 2906 2663 ι
2936 2610 3042 2666 Sed
3071 2627 3190 2666 cum
3213 2612 3398 2665 insana
3425 2611 3558 2666 dicis
3582 2621 3635 2667 et
3655 2612 3815 2676 rides,

2226 2699 2540 2770 phrenetico
2569 2715 2628 2755 es
2655 2701 2847 2756 similis
2880 2720 2894 2757 :
2924 2716 3042 2756 cum
3071 2711 3251 2757 autem
3281 2718 3402 2757 vera
3430 2718 3549 2773 quae
3577 2703 3697 2758 dico
3725 2702 3819 2758 abs

2227 2799 2280 2846 te
2314 2791 2471 2861 paulo
2498 2802 2623 2847 ante
2647 2802 3064 2849 commemorata
3085 2835 3100 2859 ,
3130 2804 3186 2849 et
3227 2796 3351 2850 huic
3392 2796 3491 2865 ipsi
3540 2797 3686 2866 Operi
3729 2805 3819 2851 tuo

2226 2897 2332 2953 quo
2354 2882 2482 2937 ntihi
2510 2885 2836 2953 respondere
2864 2885 3058 2942 videris
3085 2885 3305 2953 inserta,
3332 2888 3409 2942 sic
3436 2903 3541 2943 non
3567 2889 3817 2957 attendis,

2226 2975 2304 3029 sic
2332 2974 2694 3043 Oblivisceris;
2726 2992 2830 3033 non
2854 2977 3323 3050 jamphreneticis
3342 3021 3356 3048 ,
3379 2981 3474 3038 sed
3513 2981 3818 3055 lethargicis

2223 3065 2569 3134 compararis.
2620 3092 2627 3099 -
3798 3112 3807 3121 .

2294 3154 2386 3210 9.8.
2440 3174 2459 3208 ι
2494 3155 2672 3212 Mirari
2712 3166 2764 3214 te
2804 3176 2823 3211 ι
2869 3159 3002 3216 dicis
3029 3201 3044 3228 ,
3092 3180 3111 3213 ι
3148 3160 3289 3232 quod
3332 3170 3442 3218 tam
3473 3165 3760 3230 excellens,
3793 3186 3812 3219 ι

2226 3263 2403 3307 meum
2432 3248 2699 3318 videlicet,
2726 3251 2863 3307 sicut
2887 3252 3173 3309 irridenler
3210 3254 3468 3325 loqueris,
3501 3275 3521 3309 ι
3554 3273 3661 3313 non
3690 3259 3817 3314 vidit

2224 3340 2515 3411 ingenium,
2546 3350 2800 3413 quantum
2833 3358 2924 3399 vos
2950 3344 3003 3398 in
3036 3345 3139 3400 hoc
3165 3360 3381 3417 quoque
3416 3349 3667 3417 juverim.
3696 3350 3819 3418 quia

2224 3430 2352 3497 dixi,
2383 3432 2513 3487 Aliis
2538 3434 2769 3503 peccatis
2789 3434 2890 3490 alia
2921 3444 3133 3505 peccata
3159 3437 3462 3492 vincuntur.
3500 3458 3519 3490 ι
3554 3439 3818 3494 Continuo

2224 3523 2421 3593 quippe
2445 3523 2670 3579 subditis
2690 3533 2847 3595 atque
2866 3524 3184 3581 concluditis
3204 3525 3477 3582 dicentes:
3502 3546 3521 3580 ι
3558 3528 3818 3587 Perfacile

2225 3613 2386 3684 igitur
2422 3614 2599 3671 studio
2643 3616 2956 3682 sanctitatis,
3001 3617 3141 3688 quod
3189 3619 3328 3674 Deus
3376 3620 3612 3690 adjuvat,
3645 3631 3818 3691 potest

2224 3702 2387 3761 homo
2414 3720 2599 3762 carere
2643 3708 2892 3777 peccatis.
2927 3708 2983 3764 Si
3027 3710 3168 3763 enim
3200 3709 3500 3779 vincuntur,
3543 3730 3562 3764 ι
3599 3714 3775 3782 inquis
3799 3755 3814 3779 ,

2231 3813 2252 3848 ι
2307 3805 2521 3867 peccata
2564 3799 2832 3868 peccatis,
2880 3806 3080 3870 quanto
3127 3804 3296 3871 magis
3339 3814 3563 3873 possunt
3602 3804 3815 3858 virtuti-

2225 3884 2327 3943 bus
2363 3896 2580 3957 peccata
2625 3889 2916 3957 superari?
2956 3909 2975 3943 ι
3009 3891 3170 3958 Quasi
3215 3907 3315 3948 nos
3355 3908 3630 3962 negemus,
3665 3894 3817 3964 adju-

2226 3979 2419 4034 torium
2452 3979 2544 4034 Dei
2589 3989 2790 4035 tantum
2823 3981 3023 4046 valere,
3072 3982 3116 4038 si
3165 3983 3295 4039 velit
3338 3992 3398 4039 ut
3439 3984 3601 4040 hodie
3646 3986 3819 4040 nullas

2226 4072 2683 4142 concupiscentias
2710 4073 2878 4139 malas
2916 4073 3115 4130 habere
3143 4075 3434 4145 possimus,
3467 4086 3654 4131 contra
3680 4091 3817 4149 quas

2226 4161 2311 4215 vel
2339 4161 2685 4218 invictissime
2729 4162 3044 4219 dimicemus
3072 4183 3085 4218 :
3115 4174 3169 4220 et
3213 4174 3389 4222 tamen
3422 4182 3527 4222 non
3554 4168 3691 4233 ﬁeri,
3718 4185 3815 4226 nec

2228 4260 2301 4331 tu‘
2326 4268 2509 4323 negas.
2554 4253 2660 4308 Cur
2688 4263 2867 4309 autem
2905 4269 3008 4309 non
3034 4254 3148 4323 ﬁat,
3179 4257 3298 4327 quis
3327 4260 3575 4327 cognovit
3600 4274 3813 4314 sensum

2228 4343 2440 4401 Domini
2469 4344 2645 4417 (Rom.
2688 4362 2761 4412 χι,
2804 4345 2937 4419 5θῖ
2966 4347 3079 4403 Νοιι
3108 4356 3283 4403 tamen
3314 4363 3501 4418 parum
3533 4350 3665 4417 scio,
3695 4366 3813 4405 eum

2227 4436 2360 4505 scio,
2393 4452 2741 4506 quaecumque
2783 4437 2870 4491 illa
2912 4452 3072 4493 causa
3116 4438 3204 4503 sit,
3252 4439 3394 4509 quod
3427 4455 3527 4496 nec
3564 4440 3695 4510 justi
3724 4442 3816 4496 Dei

2228 4525 2297 4580 sit
2326 4526 2596 4596 iniquitas,
2626 4542 2725 4583 nec
2763 4528 3142 4598 omnipotentis
3182 4529 3482 4585 infirmitas.
3525 4532 3620 4586 Est
3662 4532 3817 4602 igitur

2228 4618 2425 4688 aliquid
2465 4619 2516 4692 in
2546 4620 2661 4689 ejus
2699 4619 2879 4677 abdito
2907 4621 3121 4691 altoque
3163 4622 3409 4686 consilio,
3442 4637 3538 4677 cur
3567 4624 3816 4693 quamdiu

2229 4710 2455 4763 vivimus
2498 4711 2549 4764 in
2594 4710 2693 4765 hac
2734 4726 2894 4767 carne
2935 4712 3180 4779 mortali,
3226 4721 3308 4767 est
3347 4713 3399 4767 in
3442 4714 3597 4768 nobis
3633 4725 3816 4771 contra

2231 4800 2371 4868 quod
2416 4817 2565 4876 meus
2599 4800 2816 4856 dimicet
2853 4810 3030 4856 nostra
3071 4820 3083 4855 :
3120 4811 3203 4858 est
3240 4804 3400 4858 etiam
3434 4814 3656 4875 propter
3678 4804 3818 4875 quod

2230 4890 2473 4944 dicamus
2491 4933 2506 4957 ,
2551 4891 2760 4946 Dimitte
2795 4893 2937 4947 nobis
2960 4894 3125 4947 debita
3149 4904 3323 4949 nostra
3350 4894 3561 4965 (Matth.
3587 4913 3639 4951 Vt
3661 4940 3676 4964 ,
3706 4898 3816 4968 12).

2233 4981 2339 5035 Sed
2369 4992 2424 5035 ut
2451 4982 2544 5036 tibi
2570 4986 2647 5039 sic
2671 4984 2859 5054 loquar
2890 4995 3139 5055 tauquam
3167 4986 3363 5042 homini
3392 4988 3585 5054 homo,
3618 4999 3674 5043 et
3706 4990 3823 5042 talis

2230 5075 2392 5129 homo
2447 5076 2598 5145 cujus
2655 5085 2864 5133 terrena
2927 5077 3241 5135 inhabitatio
3294 5079 3541 5150 deprimit
3603 5096 3820 5137 sensum

2231 5166 2394 5219 multa
2423 5168 2742 5236 cogitantem
2771 5167 2923 5240 (Sap.
2949 5184 3000 5223 ιχ
3021 5210 3036 5235 ,
3067 5170 3179 5239 i5),
3210 5169 3338 5225 nihil
3361 5180 3443 5226 cst
3467 5172 3516 5225 in
3538 5174 3819 5240 creaturis,

2228 5257 2368 5325 quod
2398 5257 2585 5312 attinet
2612 5258 2679 5313 ad
2711 5258 3067 5314 institutarum
3099 5260 3353 5315 divinitus
3383 5264 3571 5316 merita
3604 5276 3820 5319 natura-

2229 5365 2384 5415 rum,
2430 5351 2676 5405 rationali
2720 5363 2902 5406 mente
2944 5353 3302 5421 pracstantius.
3348 5353 3499 5409 Unde
3539 5354 3595 5408 ﬁt
3632 5370 3819 5411 conse-

2230 5455 2400 5508 quens
2431 5448 2487 5493 ιιι
2515 5455 2667 5495 mens
2697 5442 2834 5496 bona
2862 5444 3028 5513 magis
3056 5444 3155 5499 sibi
3188 5445 3428 5515 placeat,
3459 5446 3734 5515 magisque
3762 5460 3819 5500 se

2231 5529 2343 5599 ipsa
2388 5528 2652 5598 delectet,
2698 5547 2855 5603 quam
2905 5534 3157 5603 qumlibet
3202 5535 3302 5589 alia
3345 5546 3607 5590 creatura.
3648 5537 3818 5606 Quam

2231 5637 2357 5677 vero
2385 5625 2685 5694 periculose
2705 5667 2719 5689 ,
2749 5626 2855 5680 imo
2875 5628 3174 5697 perniciose
3201 5628 3301 5684 sibi
3330 5628 3554 5698 placeat,
3582 5644 3703 5683 cum
3729 5642 3821 5698 per

2232 5716 2333 5771 hoc
2377 5719 2628 5774 tumescit
2673 5719 2836 5791 typho
2873 5731 2925 5774 et
2966 5722 3153 5777 morbo
3194 5721 3481 5778 inﬂationis
3510 5722 3815 5788 extollitur,

2236 5807 2485 5880 quamdiu
2532 5825 2633 5864 non
2674 5809 2816 5868 videt
2847 5811 2977 5867 sicut
3014 5812 3208 5869 videbit
3239 5814 3289 5869 in
3322 5813 3427 5881 fine
3455 5800 3721 5870 summum
3751 5813 3811 5869 ilo

2816 6479 2869 6482 η-
2922 6476 3427 6492 ’-Δ-ἑ
