4118 6512
402 386 513 448 753

400 482 493 558 lud
521 508 576 557 et
603 488 934 555 immutabile
968 490 1199 558 bonum,
1236 489 1290 547 ln
1319 489 1473 562 cujus
1500 494 1899 559 comparatione
1932 496 1991 539 sc

406 600 660 665 spernat,
705 588 913 660 sibique
953 584 1094 642 illius
1139 578 1400 641 charitate
1444 580 1689 645 vilescat,
1737 584 1991 665 tantoque

403 663 600 756 spiritu
619 681 735 752 ejus
763 677 1064 749 impleatur,
1088 683 1146 731 ut
1165 674 1218 730 id
1241 673 1341 729 sibi
1369 687 1484 728 non
1503 671 1710 726 ratione
1737 667 1872 732 sola,
1895 663 1991 720 sed

404 785 609 832 aeterno
632 786 845 844 quoque
872 784 1059 825 amore
1086 773 1390 841 praeponat;
1422 764 1645 820 multum
1683 770 1765 817 est
1804 758 1992 828 dispu—

406 865 571 922 tando
600 865 738 921 velle
772 870 1093 918 monstrare.
1137 857 1289 929 Sapit
1312 857 1427 911 hinc
1453 855 1543 927 qui
1583 853 1830 925 fatigatus
1854 849 1994 905 fame

406 956 697 1012 revertitur
722 953 789 1009 ad
815 952 1181 1022 semetipsum,
1213 957 1271 1004 et
1297 947 1447 1014 dicit,
1478 946 1725 1017 Surgam,
1752 951 1798 997 et
1822 941 1903 997 ibo
1927 940 1997 994 ad

408 1057 605 1117 patrem
629 1061 795 1099 meum
821 1042 975 1116 (Luc.
1000 1057 1091 1108 xv,
1124 1037 1235 1113 18).
1264 1038 1419 1095 Unde
1441 1038 1619 1107 itaque
1646 1035 1846 1092 scimus
1865 1075 1881 1101 ,
1927 1046 1997 1088 ne

407 1136 547 1193 forte
572 1136 695 1207 quia
721 1136 822 1190 hoc
847 1133 1112 1205 superbiae
1136 1131 1333 1187 malum
1370 1138 1495 1185 tunc
1525 1129 1758 1183 animum
1789 1133 1997 1181 tentare

407 1243 516 1283 non
544 1226 772 1298 poterit,
802 1234 857 1281 et
879 1232 1065 1280 contra
1089 1221 1230 1294 quod
1271 1221 1608 1277 decertemus
1633 1217 1851 1274 omnino
1880 1214 1999 1269 nul-
2024 1236 2027 1239 ·

409 1318 523 1373 lum
561 1318 664 1374 erit
688 1318 729 1386 ί,
760 1314 973 1388 quando
1011 1323 1158 1369 tanta
1195 1313 1471 1369 satiabitur
1511 1311 1750 1377 visione,
1780 1314 1998 1364 ettanta

410 1407 828 1464 inllammabitur
865 1406 1126 1462 charitate
1172 1404 1462 1475 superioris
1513 1402 1673 1470 boni,
1720 1408 1779 1455 ut
1832 1398 1898 1453 ad
1940 1412 2000 1453 se

411 1501 585 1570 ipsum
629 1499 731 1555 sibi
772 1497 1063 1571 placendo,
1107 1496 1338 1553 deﬁcere
1379 1495 1447 1551 ab
1486 1494 1626 1550 illius
1667 1492 1951 1548 dilectione
1976 1493 1998 1523 ⁸

410 1606 518 1647 non
547 1590 713 1662 possit
738 1606 753 1657 ;
784 1589 903 1645 ideo
926 1588 1129 1644 factum
1144 1595 1225 1644 est
1249 1587 1300 1641 in
1327 1586 1446 1641 loco
1476 1583 1796 1640 inﬁrmitatis
1822 1581 1999 1652 hujus,

411 1699 481 1737 ac
502 1683 732 1754 superbe
760 1683 1082 1749 viveremus,
1115 1689 1173 1736 ut
1201 1680 1301 1736 sub
1330 1679 1635 1752 quotidiana
1661 1686 2001 1749 peccatorum
2036 1740 2037 1743 η

414 1776 733 1832 remissione
770 1774 1051 1830 vivamus?
1080 1774 1302 1845 PrOpter
1339 1773 1480 1844 quod
1509 1771 1773 1843 superbia:
1802 1769 1999 1825 malum

412 1882 514 1922 nec
539 1865 812 1936 apostolus
849 1865 1042 1921 Paulus
1078 1873 1162 1921 est
1203 1864 1423 1920 arbitrio
1461 1878 1558 1919 suo
1599 1862 1875 1919 creditus:
1907 1862 2002 1918 sed

408 1959 531 2030 quia
561 1958 795 2013 nondum
832 1964 1049 2013 venerat
1078 1956 1145 2011 ad
1178 1964 1378 2012 tantam
1421 1955 1880 2027 participationem
1908 1970 2001 2011 su-

410 2051 638 2121 perioris
672 2050 811 2106 illius
846 2051 1010 2117 boni,
1040 2060 1098 2107 ut
1124 2051 1231 2106 illic
1269 2051 1377 2121 jam
1420 2065 1525 2106 non
1568 2060 1749 2121 posset
1772 2052 1956 2106 extolli
1980 2092 1996 2117 ,

398 2141 501 2197 hic
527 2143 602 2198 illi
649 2152 733 2199 est
772 2144 992 2214 angelus
1035 2151 1233 2200 satana:
1265 2142 1623 2214 colapliizator
1649 2185 1664 2210 ,
1696 2159 1763 2199 ne
1788 2144 1875 2199 hic
1912 2143 2001 2200 ubi

409 2242 622 2303 poterat
646 2234 1009 2299 extolleretur,
1042 2234 1314 2306 appositus
1343 2233 1409 2307 (ll
1440 2234 1557 2289 Cor.
1591 2251 1687 2302 xu,
1720 2234 1796 2308 7).

483 2328 574 2384 29.
605 2327 708 2385 Sed
754 2328 868 2384 sive
913 2329 1013 2384 ista
1050 2343 1209 2383 causa
1250 2328 1356 2393 sit,
1388 2328 1501 2383 sive
1531 2328 1632 2383 alia
1671 2344 1789 2400 quae
1834 2328 2001 2384 multo

411 2419 643 2491 amplius
670 2436 757 2476 me
783 2420 915 2476 latet
940 2437 953 2473 :
980 2428 1154 2475 tamen
1181 2419 1322 2490 quod
1351 2418 1597 2474 dubitare
1632 2436 1736 2474 non
1758 2434 1998 2490 possum,

410 2510 800 2583 quantumlibet
829 2511 1172 2582 proﬁciamus
1202 2510 1303 2565 sub
1329 2510 1431 2565 hoc
1454 2525 1617 2565 onere
1642 2509 2003 2581 corruptibilis

412 2603 676 2675 corporis,
702 2603 748 2658 si
770 2603 1046 2658 dixerimus
1070 2603 1189 2674 quia
1210 2612 1467 2673 peccatum
1496 2619 1596 2658 non
1622 2603 1888 2669 habemus,
1911 2618 2004 2657 nos

411 2698 554 2769 ipsas
583 2696 859 2770 decipimus
881 2734 902 2765 ,
930 2705 978 2752 et
1001 2697 1185 2752 veritas
1212 2697 1265 2751 in
1297 2697 1440 2752 nobis
1472 2713 1574 2751 non
1598 2704 1670 2751 est
1713 2695 1756 2769 (l
1776 2696 1933 2750 Joan.
1962 2711 2002 2760 ι,

415 2787 495 2861 8).
522 2788 746 2859 Pr0pter
770 2787 913 2859 quod
942 2798 997 2844 et
1041 2797 1224 2843 sancta
1256 2788 1493 2843 Ecclesia
1522 2789 1680 2843 etiam
1711 2787 1765 2842 in
1810 2785 2003 2841 talibus

415 2882 528 2936 suis
568 2880 856 2947 membris,
881 2881 974 2935 ubi
1018 2880 1282 2935 maculam
1326 2878 1566 2935 criminis
1604 2889 1658 2934 et
1686 2894 1870 2951 rugam
1897 2892 2005 2933 non

416 2971 580 3027 habet
616 2971 856 3027 falsitatis
894 2970 1112 3043 (Ephes.
1169 2986 1225 3036 v,
1269 2970 1386 3040 27),
1437 2970 1564 3025 licet
1605 2969 2006 3026 contradicente

416 3062 665 3131 superbia
696 3071 893 3128 vestra,
925 3075 1031 3116 non
1060 3059 1258 3116 desinit
1284 3061 1393 3115 Deo
1415 3059 1615 3125 dicere,
1640 3059 1848 3114 Dimitte
1863 3059 2006 3114 nobis

417 3154 586 3208 debita
613 3163 806 3209 nostra.
854 3153 935 3208 Tu
975 3161 1151 3208 autem
1187 3161 1382 3224 quanta
1411 3154 1714 3223 arrogantia
1743 3163 1795 3208 ει
1820 3152 1889 3208 de
1914 3168 2005 3209 ve-

416 3256 545 3303 stra:
583 3247 997 3318 prmsumptione
1038 3246 1251 3301 virtutis
1294 3245 1511 3311 dixeris,
1561 3243 1816 3316 Perfacile
1852 3246 2008 3317 igitur

417 3339 583 3394 studio
603 3339 884 3394 sanctitatis
903 3380 918 3405 ,
953 3337 1089 3409 quod
1121 3336 1258 3390 Deus
1284 3338 1493 3408 adjuvat
1517 3379 1531 3404 ,
1557 3345 1715 3407 potest
1745 3337 1894 3391 homo
1918 3354 2006 3392 ca-

416 3446 529 3484 rere
568 3429 822 3500 peccatis;
845 3429 935 3485 ille
969 3443 1075 3484 non
1120 3428 1395 3500 agnoscit,
1427 3428 1514 3497 qui
1554 3427 1801 3497 dogmata
1830 3437 2006 3483 vestra

416 3537 525 3577 non
553 3522 721 3578 novit.
746 3521 877 3577 Nam
908 3529 962 3577 et
997 3521 1230 3577 studium
1262 3520 1555 3576 sanctitatis
1594 3521 1709 3575 sine
1744 3520 2010 3591 adjutorio

418 3613 516 3669 Dei
556 3612 715 3667 vultis
743 3612 795 3666 in
825 3612 1055 3668 hominis
1083 3612 1358 3666 voluntate
1389 3610 1709 3681 praecedere,
1734 3612 1872 3682 quod
1898 3628 2011 3668 me-

416 3704 523 3757 rito
563 3703 704 3758 Deus
732 3702 925 3758 debeat
946 3702 1217 3773 adjuvare,
1250 3718 1353 3756 non
1378 3702 1539 3772 gratis
1566 3719 1578 3755 :
1603 3711 1657 3758 et
1686 3703 1763 3758 sic
1789 3703 2007 3759 creditis

418 3794 694 3849 hominem
737 3795 788 3849 in
816 3794 916 3850 hac
943 3809 1244 3850 aerumnosa
1289 3794 1393 3848 vita
1424 3808 1582 3864 posse
1607 3809 1790 3850 carere
1816 3810 2009 3867 pecca-

419 3887 511 3951 tis,
544 3894 601 3941 ut
630 3901 735 3940 non
767 3885 818 3939 in
860 3900 919 3940 se
961 3884 1159 3940 habeat
1184 3899 1351 3955 quare
1389 3883 1564 3952 dicat,
1606 3884 1812 3941 Dimitte
1868 3888 2011 3942 nobis

419 3980 589 4034 debita
618 3987 808 4033 nostra.
835 3978 1087 4047 Quamvis
1114 3978 1384 4048 aliquanto
1421 3977 1658 4034 timidius
1688 3978 1738 4034 id
1767 3981 2012 4052 posuisse

419 4069 681 4136 videaris;
712 4069 833 4140 quia
865 4084 970 4124 non
996 4068 1196 4135 dixisti,
1215 4069 1398 4124 Potest
1417 4070 1664 4126 omnibus
1680 4084 1861 4126 carere
1881 4086 2011 4142 pec-

421 4166 581 4221 catis.
609 4148 805 4219 V’er'um
832 4177 932 4219 nec
971 4161 1285 4233 quibusdam
1312 4162 1488 4218 dicere
1506 4162 1748 4228 voluisti;
1779 4164 1875 4221 sed
1899 4173 2014 4219 tan-

419 4273 581 4330 quam
626 4257 721 4313 tibi
758 4257 872 4327 ipse
914 4255 982 4311 de
1028 4255 1190 4310 nimia
1216 4264 1391 4310 vestra
1433 4256 1846 4326 praesumptione
1885 4272 2013 4314 eru-

421 4354 625 4419 bueris,
670 4352 741 4409 ita
786 4350 1103 4406 sententiam
1160 4350 1490 4421 temperasti,
1549 4357 1609 4404 ut
1651 4360 1704 4405 et
1750 4360 1925 4406 vestra
1961 4359 2016 4407 et

422 4457 604 4503 nostra
632 4454 817 4518 posset
857 4458 989 4501 voce
1027 4442 1256 4497 defendi.
1287 4441 1419 4497 Nam
1450 4442 1494 4498 si
1524 4443 1662 4514 apud
1703 4444 2015 4515 Pelagianos

422 4537 759 4602 discutiatur,
786 4533 1196 4604 reSpondebitur
1238 4532 1359 4588 ideo
1400 4547 1505 4588 non
1556 4533 1753 4588 dictum
1792 4534 2014 4605 quibus-

423 4630 570 4691 dam,
599 4627 723 4699 quia
766 4625 1019 4681 omnibus
1059 4624 1292 4693 peccatis
1333 4638 1516 4679 carere
1553 4623 1824 4681 hominem
1856 4641 2015 4697 posse

422 4718 603 4775 dixisti
635 4734 648 4771 :
678 4720 721 4772 sl
743 4724 920 4772 autem
947 4714 1086 4784 apud
1116 4729 1234 4780 nos,
1262 4723 1313 4768 et
1343 4713 1429 4768 hic
1453 4716 1862 4784 respondebitur
1894 4718 2015 4782 ideo

422 4827 531 4868 non
561 4810 761 4865 dictum
810 4806 1080 4872 omnibus,
1120 4805 1370 4874 quoniam
1414 4806 1707 4875 quemlibet
1743 4806 2013 4863 hominem

420 4903 658 4960 volueris
679 4900 919 4972 intelligi,
944 4915 1042 4971 pro
1065 4898 1381 4969 quibusdam
1413 4900 1643 4968 peccatis
1662 4914 1883 4956 necesse
1914 4901 2011 4957 ba-

424 4995 556 5050 bere
594 4992 803 5049 veniam
842 4989 1134 5061 postulare.
1166 4987 1273 5044 Sed
1310 4988 1401 5058 qui
1435 4988 1632 5043 scimus
1661 4989 1786 5060 quid
1812 4991 2012 5045 sentia-

421 5089 511 5152 tis,
542 5084 749 5140 nescire
770 5100 876 5139 non
903 5097 1188 5153 possumus
1208 5078 1478 5153 quando
1501 5081 1597 5135 ista
1629 5082 1839 5137 dicatis.

494 5179 586 5236 50.
643 5192 663 5228 ι
697 5177 751 5233 Si
802 5175 1037 5247 gentilis,
1068 5194 1088 5227 ι
1135 5174 1334 5245 inquis,
1387 5191 1406 5225 ι
1448 5174 1648 5229 nudum
1698 5177 2010 5246 operuerit,

421 5268 680 5339 numquid
710 5268 836 5338 quia
856 5282 963 5321 non
985 5276 1069 5322 est
1096 5281 1163 5321 ex
1195 5264 1321 5330 ﬁde,
1357 5274 1632 5335 peccatum
1651 5266 1772 5321 est?
1808 5285 1829 5320 ι
1857 5268 2014 5322 Pror-

419 5378 513 5425 sus
549 5362 602 5416 in
646 5369 902 5431 quantum
934 5374 1039 5413 non
1064 5368 1147 5414 est
1180 5373 1245 5413 ex
1282 5357 1406 5425 ﬁde,
1445 5368 1720 5428 peccatum
1751 5367 1865 5422 est;
1905 5375 2011 5416 non

420 5454 543 5523 quia
582 5468 678 5523 per
704 5468 764 5509 se
781 5452 954 5523 ipsum
975 5448 1172 5506 factum
1194 5448 1238 5519 ³,
1265 5450 1407 5520 quod
1431 5461 1511 5506 est
1536 5450 1734 5508 nudum
1755 5453 1967 5523 operire
1993 5496 2006 5519 ,

485 5655 503 5687 ι
530 5651 740 5704 Vaticani
762 5652 981 5713 quinque
1003 5655 1132 5713 ωε..
1154 5647 1344 5713 cumino
1377 5662 1470 5700 non
1492 5648 1602 5701 erit.

484 5664 505 5750 ζ
530 5664 740 5704 vaucam
762 5664 981 5761 (fineque
1003 5664 1132 5722 uss,
1154 5664 1351 5729 anetina
1377 5664 1470 5700 non
1492 5664 1602 5735 ενα.
1893 5714 1902 5722 _

529 5723 631 5786 Am:
652 5720 731 5786 gr.
742 5727 773 5786 p
794 5710 1244 5786 areaquecalhcani
1257 5718 1340 5762 ett
1353 5718 1524 5762 auram
1536 5719 1664 5771 Mss,
1679 5711 2003 5765 delectatione.

422 5785 524 5828 :mo
547 5776 628 5827 alii
653 5776 822 5835 vatic.,
849 5776 1120 5837 refectione.

484 5839 508 5873 ³
525 5837 837 5890 t'loriacensis
862 5834 922 5887 Ms
947 5870 961 5897 ,
986 5848 1077 5886 non
1101 5834 1214 5900 quia
1236 5847 1321 5899 per
1338 5834 1495 5899 ipsum
1517 5836 1717 5896 factum.

1746 364 1945 427 LIBER
1984 362 2118 424 0U.\
2128 360 2326 420 RTUS.

3577 373 3685 429 75!

2104 488 2376 549 peceatum
2407 486 2487 534 est
2519 498 2533 535 :
2570 480 2663 536 sed
2690 480 2756 536 de
2783 482 2870 537 tali
2903 498 3064 554 opere
3096 499 3200 540 non
3230 486 3283 541 in
3315 484 3686 559 beluino-glo-

2101 571 2247 638 riari,
2282 571 2427 626 solus
2456 572 2649 643 impius
2684 583 2989 645 negatesse
3016 585 3312 647 peccatum.
3338 578 3492 645 Quod
3522 591 3581 635 ut
3608 580 3689 635 in-

2102 665 2307 737 telligas
2331 708 2346 733 ,
2380 669 2618 737 quamvis
2654 668 2764 740 jam
2811 672 2941 727 satis
2980 672 3104 729 inde
3136 674 3295 729 fuerit
3326 674 3687 747 disputatum,

2103 766 2279 813 tamen
2310 759 2432 830 quia
2477 776 2667 832 magna
2696 778 2784 819 res
2807 774 2909 832 est,
2938 764 3113 821 adhuc
3135 768 3406 839 paulisper
3431 772 3690 827 ausculta.

2102 848 2243 905 Ecce
2263 850 2449 906 eadem
2469 867 2835 911 commemoro
2857 871 2974 926 quae
3004 858 3117 928 ipse
3136 861 3388 931 posuisti.
3417 879 3436 913 ι
3470 861 3526 916 Si
3556 877 3689 932 gen-

2103 943 2210 997 tilis
2247 962 2266 996 ι
2308 945 2396 1014 qui
2444 960 2550 999 non
2580 946 2714 1001 vivit
2762 963 2829 1003 ex
2874 947 3013 1015 ﬁde,
3052 968 3070 1000 ι
3126 950 3325 1005 nudum
3376 952 3689 1022 operuerit,

2102 1035 2488 1106 periclitantem
2536 1037 2859 1107 liberaverit,
2887 1040 3263 1111 mgri'vulnera
3302 1041 3690 1110 foverit,divi-

2103 1128 2202 1183 tias
2242 1128 2482 1185 honestae
2520 1129 2768 1185 amicitia:
2812 1131 3132 1202 impenderit
3156 1174 3171 1197 ,
3212 1132 3280 1189 ad
3327 1135 3691 1189 testimonium

2104 1215 2295 1274 falsum
2317 1234 2416 1275 nec
2441 1221 2721 1275 tormentis
2743 1224 2975 1293 potuerit
2995 1222 3232 1294 impelli;
3258 1242 3277 1277 ι
3304 1240 3488 1296 quaero
3504 1226 3600 1281 abs
3619 1235 3689 1291 te,

2104 1318 2280 1366 utrum
2311 1310 2426 1367 haec
2445 1327 2606 1382 opera
2639 1313 2777 1369 bona
2805 1314 2941 1370 bene
2966 1313 3155 1381 faciat,
3186 1331 3255 1371 an
3279 1317 3436 1372 male.
3466 1317 3520 1374 Si
3549 1318 3693 1373 enim

2104 1403 2345 1473 quamvis
2364 1403 2531 1473 bona,
2562 1404 2703 1461 male
2743 1412 2922 1461 tamen
2961 1406 3122 1474 facit;
3155 1424 3350 1479 negare
3392 1425 3498 1464 non
3538 1421 3690 1479 potes

2105 1507 2225 1548 eum
2252 1508 2496 1564 peccare,
2523 1495 2613 1566 qui
2650 1496 2790 1552 male
2815 1498 3089 1568 quodlibet
3117 1499 3257 1563 facit.
3286 1500 3389 1556 Sed
3420 1502 3543 1571 quia
3568 1516 3693 1555 eum

2105 1600 2211 1640 non
2242 1586 2357 1655 vis,
2387 1602 2508 1642 eum
2550 1589 2673 1644 facit
2710 1588 2810 1645 ista
2835 1631 2851 1657 ,
2882 1607 3138 1661 peccare;
3172 1595 3410 1663 profecto
3456 1594 3694 1650 tlicmrns

2105 1691 2164 1732 es
2183 1718 2198 1744 ,
2232 1676 2298 1732 Et
2331 1678 2469 1733 bona
2499 1679 2651 1747 facit,
2692 1690 2746 1737 et
2770 1682 2927 1738 bene.
2968 1683 3195 1740 Fructus
3220 1701 3348 1756 ergo
3374 1687 3544 1742 bonus
3573 1687 3698 1741 facit

2106 1770 2266 1825 arbor
2304 1771 2478 1827 mala:
2509 1774 2649 1843 quod
2684 1773 2799 1829 ﬁeri
2828 1791 2932 1831 non
2972 1791 3128 1846 posse
3164 1778 3372 1833 Veritas
3397 1780 3546 1835 dicit.
3576 1778 3696 1835 Noli

2106 1864 2439 1935 praecipitare
2460 1867 2779 1922 sententiam
2804 1911 2819 1936 ,
2847 1868 3131 1940 diligenter
3170 1870 3448 1927 considera
3484 1872 3609 1942 quid
3643 1883 3696 1926 te

2107 1957 2436 2028 respondere
2472 1960 2772 2016 conveniat.
2814 1961 2896 2016 An
2932 1962 3065 2018 dicis
3109 1962 3383 2021 hominem
3423 1964 3692 2020 inﬁdelem

2105 2050 2351 2105 arborem
2382 2050 2613 2106 bonam?
2640 2052 2819 2108 Placet
2848 2068 2975 2124 ergo
3004 2055 3114 2110 Deo
3140 2073 3153 2109 :
3188 2071 3358 2126 neque
3380 2057 3523 2111 enim
3554 2056 3695 2111 bono

2109 2150 2282 2210 potest
2302 2157 2407 2196 non
2435 2142 2645 2213 placere
2680 2143 2820 2215 quod
2849 2144 3049 2201 bonum
3079 2153 3182 2200 est.
3214 2146 3281 2200 Et
3309 2146 3397 2201 ubi
3424 2147 3526 2201 erit
3551 2148 3691 2217 quod

2107 2233 2365 2303 scriptum
2408 2244 2510 2303 est,
2558 2233 2685 2291 Sine
2723 2236 2827 2306 ﬁde
2878 2237 3189 2308 impossibile
3226 2249 3297 2294 est
3344 2239 3456 2295 Deo
3500 2241 3698 2311 placere

2108 2321 2291 2393 (Hebr.
2321 2341 2395 2392 χι,
2424 2325 2521 2395 6)?
2545 2326 2628 2381 An
2658 2328 3005 2396 respondebis
3032 2372 3047 2399 ,
3077 2331 3191 2386 Non
3217 2329 3270 2386 in
3296 2342 3548 2402 quantum
3580 2333 3699 2387 inﬁ-

2107 2413 2244 2471 delis
2272 2425 2355 2471 est
2378 2459 2393 2484 ,
2415 2416 2511 2472 sed
2538 2417 2588 2471 in
2615 2426 2871 2489 quantum
2901 2419 3064 2477 homo
3092 2430 3206 2488 est,
3236 2423 3395 2478 arbor
3421 2423 3555 2476 bona
3578 2426 3699 2479 Cal?

2109 2506 2186 2562 De
2211 2523 2317 2578 quo
2343 2522 2471 2580 ergo
2496 2509 2752 2565 Dominus
2773 2511 2867 2579 ait,
2893 2510 3014 2567 Non
3038 2522 3199 2580 potest
3219 2512 3370 2568 arbor
3392 2515 3527 2569 mala
3544 2515 3699 2570 bonos

2107 2598 2303 2669 fructus
2339 2600 2508 2671 facere
2537 2601 2752 2673 (Matth.
2794 2619 2900 2670 vn,
2929 2604 3062 2677 l8)?
3105 2605 3533 2677 quandoquidem
3577 2609 3697 2678 qui-

2108 2705 2337 2762 cumque
2358 2693 2480 2761 erit,
2504 2701 2594 2748 aut
2615 2693 2798 2764 homo,
2832 2704 2922 2750 aut
2948 2697 3169 2770 angelus
3190 2696 3312 2754 erit.
3331 2697 3438 2754 Sed
3466 2699 3510 2754 si
3536 2698 3698 2753 homo

2108 2781 2163 2837 in
2193 2790 2447 2853 quantum
2475 2783 2635 2840 homo
2673 2793 2775 2851 est,
2830 2787 2989 2843 arbor
3035 2788 3174 2843 bona
3219 2797 3330 2854 est;
3385 2788 3620 2860 profecto
3644 2802 3699 2845 et

2108 2872 2331 2943 angelus
2372 2874 2424 2928 in
2454 2884 2710 2944 quantum
2741 2878 2978 2947 angelus,
3023 2878 3184 2934 arbor
3237 2879 3377 2935 bona
3423 2889 3523 2936 est.
3574 2880 3700 2937 llaec

2109 2964 2253 3020 enim
2287 2966 2378 3022 Dei
2406 2977 2529 3022 sunt
2551 2983 2736 3038 opera,
2773 2970 2863 3040 qui
2886 2979 3191 3026 naturarum
3218 2972 3463 3028 conditor
3490 2982 3573 3028 est
3600 2972 3698 3027 bo-

2109 3072 2320 3113 narum.
2360 3060 2437 3114 Ac
2466 3075 2560 3130 per
2586 3060 2686 3116 hoc
2710 3062 2849 3116 nulla
2875 3062 2979 3118 erit
3006 3063 3166 3119 arbor
3189 3065 3347 3129 mala,
3379 3064 3448 3120 de
3489 3081 3591 3136 qua
3620 3066 3703 3120 di-

2115 3157 2258 3204 ctum
2286 3156 2388 3216 est,
2422 3150 2562 3221 quod
2600 3167 2706 3206 non
2740 3155 2907 3222 possit
2932 3152 3108 3210 facere
3129 3156 3332 3211 fructus
3353 3156 3539 3211 bonos.
3569 3156 3703 3225 Quis

2111 3238 2339 3295 infidelis
2364 3240 2433 3294 ita
2466 3241 2749 3297 infideliter
2769 3244 2982 3316 sapiat?
3006 3243 3123 3300 Non
3155 3246 3330 3316 itaque
3356 3247 3407 3301 in
3429 3259 3686 3317 quantum

2112 3330 2273 3386 homo
2301 3339 2403 3400 est,
2422 3333 2563 3404 quod
2615 3344 2697 3389 cst
2724 3345 2857 3405 opus
2887 3337 2981 3393 Dei
3013 3355 3027 3404 ;
3053 3337 3146 3393 sed
3178 3339 3229 3393 in
3259 3351 3511 3410 quantum
3541 3340 3697 3394 mala:

2113 3422 2401 3476 voluntatis
2429 3432 2532 3492 est,
2561 3421 2785 3496 qttisquc
2806 3427 2968 3482 arbor
3011 3429 3148 3483 mala
3178 3439 3279 3496 εει,
3312 3439 3365 3485 ει
3391 3431 3559 3486 bonos
3587 3431 3699 3485 fru-

2111 3525 2232 3568 ctus
2257 3513 2432 3572 facere
2479 3532 2585 3571 non
2616 3526 2810 3589 potest.
2841 3519 2973 3575 Vide
3012 3521 3191 3592 itaque
3219 3530 3396 3578 utrum
3427 3522 3697 3580 inﬁdelem

2112 3604 2438 3660 voluntatem
2467 3607 2662 3663 audeas
2687 3608 2880 3664 bonam
2908 3609 3085 3666 dicere
3110 3611 3456 3667 voluntatem.

2184 3697 2273 3750 51.
2294 3694 2398 3751 Sed
2430 3696 2566 3754 forte
2581 3697 2820 3755 dicturus
2849 3715 2928 3769 es,
2958 3700 3258 3757 Misericors
3284 3704 3529 3761 voluntas
3557 3700 3698 3761 bona

2114 3795 2216 3844 est.
2240 3787 2403 3843 Recte
2449 3788 2587 3845 istud
2636 3790 2925 3859 diceretur,
2964 3793 3008 3847 si
3060 3794 3506 3864 quemadmodum
3564 3796 3703 3854 ﬁdes

2113 3878 2332 3944 Christi,
2372 3878 2422 3933 id
2479 3888 2581 3948 est,
2612 3880 2745 3936 ﬁdes
2772 3898 2890 3953 qua:
2931 3898 3026 3953 per
3077 3885 3415 3942 dilectionem
3449 3898 3700 3957 eperatur

2120 3970 2385 4042 (Galat.v,
2409 3972 2490 4044 6),
2536 3987 2749 4044 semper
2791 3984 2872 4030 est
2897 3976 3057 4042 bona,
3083 3977 3153 4032 ita
3175 3964 3534 4036 misericordia
3561 3996 3706 4037 sem—

2117 4081 2211 4136 pcr
2230 4076 2369 4122 esset
2403 4067 2561 4122 bona.
2610 4067 2666 4124 Si
2704 4076 2880 4124 autem
2938 4070 3205 4140 reperitur
3233 4081 3287 4127 et
3328 4073 3696 4130 misericordia

2118 4157 2295 4223 mala,
2351 4173 2456 4228 qua
2492 4172 2717 4228 persona
2784 4161 3033 4231 pauperis
3091 4162 3351 4233 accipitur
3402 4164 3455 4219 in
3503 4165 3706 4234 judicio

2122 4247 2315 4318 (Exod.
2344 4264 2494 4314 χχιιι,
2528 4249 2585 4320 ’5)
2612 4265 2626 4315 ;
2657 4260 2872 4321 propter
2918 4266 3075 4322 quam
3130 4263 3399 4322 postremo
3441 4271 3535 4310 res
3577 4256 3704 4312 Saitl

2117 4340 2315 4395 meruit
2338 4355 2367 4394 a
2420 4340 2686 4408 Domino,
2711 4351 2766 4397 et
2804 4343 2984 4413 utique
3022 4344 3388 4418 mispricorde,
3438 4345 3704 4414 damnari,

2118 4430 2242 4502 quia
2265 4439 2451 4487 contra
2477 4433 2594 4502 ejus
2639 4443 2962 4506 praeceptum
2988 4437 3198 4507 captivo
3240 4439 3349 4508 regi
3394 4453 3486 4508 per
3511 4438 3704 4494 huma-

2119 4538 2244 4577 num
2280 4523 2515 4594 pepercit
2543 4524 2789 4579 allectum
2821 4524 2866 4594 (l
2897 4525 3026 4598 Reg.
3048 4525 3143 4598 xv)
3178 4544 3190 4579 :
3222 4529 3475 4584 attentius
3504 4530 3703 4599 cogita.

2118 4630 2187 4670 ne
2216 4614 2354 4670 forte
2381 4616 2746 4671 misericordia
2778 4617 2915 4683 bona
2958 4633 3067 4672 non
3110 4619 3177 4673 sit
3202 4658 3218 4685 ,
3270 4620 3370 4675 nisi
3399 4635 3519 4690 quae
3549 4622 3707 4690 hujus

2086 4738 2089 4741 -
2118 4705 2273 4761 bona:
2304 4706 2424 4761 ﬁdei
2455 4706 2630 4761 fuerit.
2677 4708 2788 4763 lmo
2817 4708 3113 4778 responde,
3146 4718 3202 4764 ut
3229 4709 3331 4764 hoc
3360 4710 3477 4765 sine
3497 4709 3706 4765 dubita-

2076 4824 2089 4840 ε
2120 4799 2265 4854 tione
2292 4801 2604 4869 perspicias,
2647 4809 2821 4853 utrum
2848 4801 3041 4855 bonam
3069 4801 3491 4857 misericordiam
3519 4804 3673 4858 ειίει.

2119 4905 2234 4946 mes
2283 4891 2573 4946 inﬁdelem.
2622 4891 2788 4946 Porro
2826 4891 2871 4946 si
2915 4892 3098 4946 vitium
3129 4903 3211 4948 est
3257 4894 3396 4949 male
3437 4895 3704 4958 misereri.

2120 4982 2489 5053 proculdubio
2531 4982 2713 5036 vitium
2740 4991 2818 5038 est
2862 4983 3147 5039 inlideliter
3175 4984 3435 5040 misereri.
3468 4985 3619 5054 Quod
3659 4989 3706 5042 si

2119 5083 2174 5130 et
2203 5075 2315 5144 ipsa
2364 5089 2459 5144 per
2485 5088 2545 5129 se
2582 5075 2749 5144 ipsam
2779 5074 3006 5129 naturali
3051 5077 3421 5145 compassionc
3468 5093 3603 5147 opus
3627 5088 3712 5133 est

2119 5166 2357 5233 bonum;
2404 5166 2563 5221 etiam
2593 5167 2695 5220 isto
2716 5166 2859 5220 bono
2901 5168 3039 5222 male
3081 5167 3246 5222 utitur
3285 5167 3374 5237 qui
3423 5167 3710 5223 inﬁdeliter

2076 5271 2080 5277 ‘
2119 5260 2304 5324 utitur,
2335 5268 2392 5314 et
2411 5260 2514 5313 hoc
2541 5258 2737 5314 bonum
2766 5259 2906 5315 male
2936 5258 3083 5326 facit,
3112 5260 3200 5330 qui
3230 5261 3515 5316 inﬁdeliter
3544 5260 3707 5318 facit:

2118 5350 2207 5421 qui
2235 5361 2413 5404 autem
2435 5349 2575 5404 male
2602 5348 2730 5411 facit
2758 5349 2979 5421 aliquid,
3012 5351 3252 5421 profecto
3277 5361 3482 5421 peccat.

2188 5440 2279 5498 32.
2309 5441 2385 5496 Ex
2412 5456 2518 5512 quo
2542 5439 2815 5512 colligitur
2835 5483 2851 5509 ,
2890 5441 3053 5497 etiam
3079 5440 3191 5512 ipsa
3220 5441 3360 5497 bona
3392 5457 3554 5513 opera
3584 5459 3705 5513 qua:

2117 5532 2318 5588 faciunt
2355 5533 2594 5588 inﬁdeles
2617 5572 2634 5599 ,
2683 5549 2791 5589 non
2834 5533 3070 5605 ipsorum
3098 5549 3254 5602 esse,
3299 5533 3394 5591 sed
3440 5533 3582 5589 illius
3619 5537 3709 5606 qui

2117 5624 2256 5681 bene
2284 5624 2451 5679 utitur
2475 5624 2649 5679 malis.
2680 5624 2922 5696 Ipsorum
2951 5633 3128 5680 autem
3152 5640 3272 5680 esse
3308 5635 3523 5694 peccata
3544 5665 3558 5690 ,
3587 5625 3708 5696 qui-

2117 5715 2215 5769 bus
2239 5724 2292 5770 et
2316 5714 2452 5770 bona
2481 5713 2620 5769 male
2644 5714 2875 5781 faciunt;
2915 5715 3034 5785 quia
3059 5730 3120 5770 ea
3150 5729 3253 5769 non
3288 5714 3429 5769 ﬁdeli
3454 5755 3469 5779 ,
3494 5715 3591 5772 sed
3625 5716 3708 5770 in-

2121 5808 2285 5877 ﬁdeli,
2317 5806 2416 5864 hoc
2440 5815 2540 5877 est,
2574 5807 2734 5864 stulta
2761 5817 2814 5865 et
2840 5806 2995 5864 noxia
3022 5808 3221 5863 faciunt
3244 5809 3512 5866 voluntate
3544 5824 3558 5867 τ
3588 5824 3713 5883 qua-
