4118 6530
468 354 574 411 755

462 475 532 529 tis
574 469 823 528 voluntas
848 507 864 534 ,
891 465 1049 522 nullo
1084 461 1373 519 christiano
1415 456 1712 522 dubitante,
1759 455 1919 510 arbor
1963 458 2047 507 est

458 560 605 617 mala
627 602 643 630 ,
676 573 796 630 qua:
821 556 1001 612 facere
1026 569 1131 610 non
1179 559 1353 623 potest
1380 549 1482 605 nisi
1514 548 1716 602 fruetus
1758 546 1926 599 malos
1948 582 1964 608 ,
1995 541 2048 596 id

461 664 568 722 est,
595 651 709 708 sola
735 658 969 722 peccata.
996 647 1160 701 Omne
1178 644 1329 710 enim,
1355 641 1491 697 velis
1511 638 1671 704 nolis,
1694 636 1830 710 quod
1855 651 1955 689 non
1975 643 2049 688 est

462 763 528 802 ex
567 745 670 816 fida
690 786 706 810 ,
731 750 987 814 peccatum
1021 748 1093 794 est
1123 737 1303 807 (Rom.
1332 749 1423 789 xw
1442 773 1459 801 ,
1487 730 1602 803 25).
1636 730 1703 785 Et
1742 728 1863 782 ideo
1908 726 2051 779 Deus

464 840 594 893 istas
622 836 843 891 arbores
868 848 972 888 non
994 838 1171 901 potest
1192 828 1414 897 diligere
1433 864 1452 893 ,
1480 833 1535 879 et
1560 824 1606 878 si
1632 821 1765 877 tales
1796 834 2046 889 perman-

462 929 630 984 serint
652 968 670 995 ,
702 924 937 996 disponit
969 920 1256 978 excidere:
1293 915 1418 989 quia
1456 915 1565 970 sine
1601 911 1703 982 ﬁde
1741 907 2052 980 impossibile

460 1030 535 1077 cst
562 1020 781 1091 placere.
813 1017 920 1074 Sed
946 1017 1019 1071 ita
1043 1014 1132 1070 hic
1156 1014 1442 1075 immorer,
1473 1006 1624 1079 quasi
1669 1006 1800 1060 istas
1827 1003 2047 1058 arbores

465 1130 570 1169 non
611 1114 722 1185 jam
769 1120 827 1167 tu
859 1110 977 1181 ipse
1013 1107 1221 1164 steriles
1267 1100 1717 1175 pronuntiaveris.
1767 1095 2047 1167 Quomodo

462 1204 640 1274 igitur,
668 1203 891 1259 obsecro
913 1241 932 1268 ,
956 1215 1063 1255 non
1100 1205 1193 1254 aut
1215 1194 1417 1267 iocaris
1455 1193 1509 1248 in
1549 1190 1633 1247 his
1666 1186 2046 1260 disputationi-

462 1297 584 1360 bus,
612 1303 702 1348 aut
721 1292 918 1349 deliras
940 1331 957 1357 ,
985 1290 1073 1361 qui
1104 1286 1364 1343 sterilium
1404 1283 1609 1339 fructus
1646 1281 1900 1338 arborum
1929 1278 2046 1333 lau-

463 1386 600 1440 das?
623 1385 722 1453 Qui
752 1386 933 1454 utique
954 1388 1048 1436 aut
1071 1381 1198 1435 nulli
1226 1386 1369 1440 sunt,
1397 1384 1488 1430 aut
1517 1376 1562 1430 si
1590 1372 1715 1428 mali
1740 1380 1903 1437 sunt,
1936 1371 2050 1425 lau-

465 1477 629 1532 dandi
672 1492 779 1531 non
822 1482 947 1530 sunt
975 1492 988 1528 :
1014 1481 1107 1528 aut
1129 1472 1174 1526 si
1201 1470 1407 1526 fructus
1449 1467 1574 1523 boni
1620 1473 1776 1531 sunt,
1808 1462 2048 1535 profecto

459 1569 672 1626 steriles
692 1567 912 1623 arbores
931 1581 1036 1621 non
1064 1573 1208 1629 sunt,
1238 1564 1345 1619 imo
1368 1569 1425 1619 et
1462 1561 1616 1617 bona:
1648 1566 1794 1627 sunt,
1820 1571 2045 1629 quarum

460 1658 666 1718 fructus
706 1660 830 1717 boni
866 1665 1024 1725 sunt,
1055 1666 1111 1712 et
1134 1657 1332 1712 debent
1363 1656 1471 1710 Deo
1499 1653 1749 1725 placere,
1777 1652 1863 1708 cui
1892 1651 2048 1707 bonae

457 1753 682 1809 arbores
727 1768 834 1808 non
884 1758 1109 1822 possunt
1158 1748 1261 1805 nisi
1305 1747 1548 1818 placere,
1598 1744 1903 1813 falsumque
1946 1742 2050 1798 erit

456 1843 601 1917 quod
629 1843 894 1913 scriptum
909 1850 1013 1907 est,
1043 1840 1169 1897 Sine
1197 1840 1298 1909 ﬁde
1320 1834 1632 1907 impossibile
1655 1842 1726 1890 est
1756 1834 1973 1906 placere.

530 1935 619 1991 55.
649 1933 756 1991 Sed
781 1946 1133 2006 responsurus
1157 1945 1217 1986 es
1235 1970 1251 1998 ,
1277 1927 1404 2000 quid
1423 1968 1439 1996 ,
1471 1927 1574 1984 nisi
1601 1927 1774 1983 vana?
1808 1943 1828 1977 ι
1854 1925 1989 1996 Ego,
2023 1942 2045 1976 ι

456 2026 656 2096 inquis,
686 2025 970 2082 «steriliter
990 2025 1008 2057 ⁸
1031 2023 1200 2081 bonos
1217 2021 1334 2077 dixi
1362 2017 1629 2087 homines,
1662 2017 1754 2089 qui
1779 2031 1888 2073 non
1918 2028 2049 2086 pro-

444 2129 578 2189 pter
601 2119 763 2175 Deum
800 2115 1045 2172 faciendo
1080 2115 1218 2171 bona
1239 2125 1359 2183 qua:
1398 2110 1619 2177 faciunt,
1639 2124 1747 2165 non
1774 2108 1844 2164 ab
1878 2121 1947 2164 eo
1970 2105 2050 2161 vi-

457 2222 569 2267 tain
615 2215 1014 2278 consequuntur
1057 2214 1336 2261 :etcrnam.
1371 2223 1392 2257 ι
1418 2202 1602 2259 Justus
1637 2216 1765 2273 ergo
1808 2200 1950 2255 Deus
1994 2205 2051 2255 et

456 2301 634 2358 bonus
660 2300 829 2355 bonos
851 2307 932 2355 est
958 2298 1014 2354 in
1043 2304 1270 2352 mortem
1300 2296 1560 2350 missurus
1579 2290 1870 2348 aeternam?
1899 2291 2049 2362 Piget

454 2391 567 2463 jam
612 2390 790 2446 dicere
829 2404 993 2460 quam
1039 2386 1206 2441 multa
1253 2394 1307 2440 te
1350 2392 1641 2454 sequantur
1668 2382 1891 2446 insana,
1922 2381 2049 2436 talia

456 2483 779 2542 sentientem
800 2523 816 2549 ,
844 2482 970 2536 talia
998 2480 1264 2536 dicentem
1285 2519 1300 2541 ,
1333 2477 1457 2532 talia
1495 2476 1819 2531 scribentem
1844 2516 1861 2542 ,
1890 2474 1942 2529 in
1971 2481 2052 2527 ta-

456 2575 599 2631 libus
625 2589 711 2629 me
749 2572 892 2643 quod
930 2571 1177 2627 similiter
1213 2584 1320 2624 non
1344 2568 1603 2637 desipiam
1629 2566 1774 2622 velut
1804 2564 2049 2621 censorie

458 2664 960 2736 reprehendentem.
985 2661 1093 2718 Sed
1114 2660 1347 2717 breviter
1364 2660 1568 2729 accipe,
1590 2673 1660 2713 ne
1684 2656 1823 2713 forte
1846 2671 1969 2712 cum
1995 2655 2051 2711 in

457 2758 623 2815 rebus
658 2757 787 2827 ipsis
825 2765 1031 2810 tantum
1072 2767 1225 2809 erres
1266 2760 1522 2823 quantum
1553 2750 1721 2805 errari
1762 2748 2049 2818 plurimum

459 2856 656 2919 potest,
680 2848 861 2903 videar
896 2856 1070 2901 tecum
1114 2853 1321 2900 certare
1347 2842 1416 2898 de
1438 2840 1636 2897 verbis.
1675 2840 1783 2894 Aut
1807 2854 1935 2910 emo
1961 2839 2047 2894 ln-

458 2938 806 3011 tclligcquod
832 2939 908 2993 ait
937 2937 1193 2993 Dominus
1212 2978 1227 3003 ,
1260 2934 1321 2990 Si
1343 2934 1521 2989 oculus
1549 2942 1667 2988 tuus
1698 2948 1911 3004 nequam
1936 2939 2045 2998 est,

459 3039 617 3087 totum
644 3047 829 3100 corpus
868 3040 1009 3083 tuum
1047 3026 1362 3083 tenebrosum
1397 3026 1529 3089 erit;
1560 3024 1608 3079 si
1653 3032 1821 3077 autem
1872 3022 2049 3077 oculus

459 3134 576 3180 tuus
630 3123 848 3194 simplex
906 3130 1005 3189 est,
1056 3129 1214 3175 totum
1260 3134 1444 3188 corpus
1491 3126 1634 3171 tuum
1683 3114 1908 3170 lucidum
1956 3114 2049 3169 erit

449 3212 672 3283 .(Mattlt.
703 3228 776 3277 vt,
801 3213 892 3280 9.5,
921 3210 1025 3280 92)
1065 3227 1079 3266 :
1111 3218 1165 3265 ct
1196 3210 1338 3263 hunc
1359 3207 1572 3262 oculum
1608 3221 1837 3277 agnosce
1876 3205 2050 3259 inten-

460 3308 690 3372 tionem,
736 3320 841 3377 qua
881 3304 1004 3360 facit
1043 3304 1266 3373 quisque
1309 3300 1451 3372 quod
1488 3300 1649 3367 facit;
1703 3309 1756 3354 ct
1802 3316 1895 3370 per
1944 3298 2049 3355 hoc

458 3398 608 3455 disce
635 3413 779 3464 eum,
807 3397 897 3468 qui
923 3413 1028 3451 non
1065 3395 1190 3450 facit
1216 3410 1379 3464 Opera
1413 3394 1553 3448 bona
1596 3393 1893 3447 intentione
1924 3391 2047 3447 fidei

457 3489 634 3555 honre,
661 3489 765 3546 hoe
788 3496 906 3556 est,
934 3487 1052 3557 ejus
1086 3502 1207 3558 quae
1251 3500 1350 3563 per
1384 3483 1727 3540 dilectionem
1756 3492 2009 3554 cperatnr
2028 3524 2045 3551 ,

460 3591 631 3637 totum
655 3584 803 3653 quasi
834 3596 1047 3650 corpus,
1077 3578 1220 3650 quod
1247 3578 1352 3634 illis
1370 3618 1388 3645 ,
1420 3578 1564 3633 velut
1598 3576 1853 3631 membris
1872 3617 1888 3643 ,
1915 3591 2048 3647 ope-

459 3675 608 3729 ribus
634 3681 861 3738 constat,
895 3672 1235 3729 tenebrosum
1275 3684 1431 3734 csse,
1462 3668 1564 3725 hoc
1590 3677 1693 3737 est,
1723 3667 1938 3739 plenum
1963 3668 2046 3722 ni-

458 3766 678 3836 gredinc
712 3774 1071 3834 peccatorum.
1110 3764 1215 3817 Aut
1238 3771 1385 3818 certe
1423 3762 1675 3833 quoniam
1704 3761 1891 3815 saltem
1918 3775 2049 3816 eon-

459 3856 785 3925 ccdisopera
813 3855 1124 3921 infidelium,
1147 3869 1267 3924 qua:
1296 3853 1389 3908 tibi
1410 3869 1598 3908 eorum
1617 3851 1861 3907 videntur
1884 3851 2045 3918 bona,

459 3962 571 4001 non
600 3956 775 4000 tamen
808 3961 901 4000 eos
927 3945 995 3999 ad
1030 3947 1257 4003 salutem
1297 3944 1678 4014 sempiternam
1721 3958 2049 4012 regnumque

458 4038 790 4111 perducere;
813 4038 950 4093 scito
984 4051 1082 4091 nos
1108 4036 1235 4091 illud
1275 4036 1473 4091 bonum
1511 4033 1788 4089 hominum
1827 4034 2007 4089 dicere
2030 4076 2045 4101 ,

459 4134 605 4189 illam
631 4134 957 4189 voluntatem
996 4131 1213 4199 bonam,
1240 4130 1371 4186 illud
1396 4145 1531 4199 Opus
1556 4128 1754 4184 bonum
1773 4171 1786 4193 ,
1813 4128 1930 4183 sine
1955 4127 2048 4183 Dei

459 4227 626 4294 gratia
656 4242 774 4297 qua:
804 4225 963 4280 datur
991 4241 1086 4296 per
1112 4240 1274 4280 unum
1304 4222 1652 4279 Mcdiatorem
1678 4222 1770 4276 Dei
1799 4230 1853 4275 et
1876 4220 2049 4276 homi-

457 4332 610 4382 num,
631 4317 828 4372 nemini
870 4331 1026 4385 posse
1059 4314 1318 4381 conferri;
1347 4328 1446 4386 per
1480 4310 1623 4383 quod
1662 4311 1836 4367 solum
1884 4310 2048 4366 homo

459 4416 637 4477 potest
681 4407 747 4462 ad
791 4416 1048 4462 aeternum
1079 4405 1172 4461 Dei
1200 4405 1400 4461 donum
1429 4418 1760 4474 regnumque
1802 4402 2045 4472 perduci.

459 4499 649 4556 Omnia
687 4498 906 4570 proinde
953 4508 1144 4555 cetera
1184 4514 1303 4568 qua:
1344 4497 1592 4553 videntur
1632 4496 1771 4550 inter
1801 4495 2047 4552 homines

465 4592 664 4647 habere
699 4590 897 4663 aliquid
935 4590 1104 4645 laudis
1128 4632 1143 4658 ,
1171 4589 1451 4645 videantur
1498 4587 1591 4643 tibi
1628 4586 1851 4642 virtutes
1881 4603 2045 4654 verae,

462 4683 749 4740 videantur
794 4699 953 4754 opera
990 4684 1157 4749 bona,
1205 4692 1260 4737 et
1299 4683 1416 4737 sine
1463 4679 1571 4735 ullo
1621 4677 1756 4733 facta
1801 4687 2043 4748 peccato.

458 4778 611 4844 Quod
639 4780 705 4834 ad
745 4796 832 4834 me
872 4778 1101 4849 pertinet
1119 4778 1163 4845 ⁸,
1187 4776 1288 4831 hoc
1332 4775 1478 4842 scio,
1509 4775 1631 4846 quia
1674 4766 1783 4831 non
1811 4791 1875 4831 ca
1921 4775 2050 4830 facit

462 4869 710 4925 voluntas
731 4869 869 4926 bona
901 4888 914 4923 :
946 4869 1189 4924 voluntas
1219 4866 1413 4938 quippe
1441 4866 1671 4922 infidelis
1697 4876 1855 4939 atque
1882 4868 2044 4938 impia

460 4974 568 5017 non
592 4970 675 5017 est
714 4962 874 5017 bona.
908 4962 1163 5016 Dicantur
1211 4958 1501 5014 secundum
1531 4967 1582 5014 te
1620 4958 1923 5027 hujusmodi
1947 4972 2044 5014 vo-

458 5051 692 5108 luntates
709 5054 928 5109 arbores
949 5051 1124 5115 bonze,
1147 5049 1343 5106 sufficit
1364 5050 1504 5121 quod
1528 5050 1665 5120 apud
1695 5051 1858 5105 Deum
1890 5050 2049 5106 steri-

458 5144 540 5199 les
563 5153 716 5211 sunt,
743 5159 808 5200 ac
834 5160 929 5214 per
970 5144 1073 5199 hoc
1120 5159 1221 5198 non
1253 5143 1407 5199 bona:
1432 5161 1445 5197 :
1470 5143 1577 5198 sint
1617 5144 1754 5200 inter
1802 5143 2049 5198 homines

460 5234 748 5292 fructuosm
773 5276 789 5301 ,
812 5235 954 5291 inter
992 5249 1126 5306 quos
1152 5242 1276 5290 sunt
1312 5243 1365 5290 et
1393 5234 1578 5298 bonae,
1608 5242 1659 5290 te
1700 5243 1921 5289 auctore
1943 5275 1958 5299 ,
1994 5243 2048 5289 te

456 5326 733 5382 laudatore
756 5368 772 5394 ,
799 5328 841 5382 si
872 5328 954 5381 vis
981 5328 1140 5383 etiam
1175 5327 1510 5396 plantatore;
1537 5324 1662 5381 dum
1704 5335 1883 5381 tamen
1914 5324 2045 5380 illud

456 5419 592 5474 velis
615 5418 754 5473 nolis
779 5417 1069 5479 olitiueam.
1097 5417 1238 5489 quod
1273 5434 1423 5472 amor
1458 5417 1661 5481 mundi,
1689 5433 1797 5489 quo
1821 5418 2046 5487 quisque

463 5512 669 5566 amicus
692 5519 779 5567 est
821 5509 979 5580 hujus
1023 5508 1240 5576 mundi,
1274 5526 1378 5564 non
1420 5518 1501 5564 est
1538 5524 1566 5563 a
1610 5509 1720 5565 Deo
1745 5524 1761 5574 ;
1789 5524 2049 5579 amorque

455 5600 665 5658 fruendi
696 5601 1123 5673 quibuscumque
1142 5601 1397 5657 creaturis
1416 5601 1530 5655 sine
1550 5616 1731 5657 amore
1754 5600 2044 5666 Creatoris,

520 5715 537 5745 ι
575 5708 702 5762 Μυκη
730 5721 827 5769 \ts.,
854 5710 1053 5762 slenles.

518 5776 541 5809 ι
571 5776 793 5827 ωυοωω
818 5784 868 5825 et
907 5772 1109 5826 istic-ani
1129 5781 1255 5833 διεδ,
1290 5770 1413 5834 Quid
1446 5771 1514 5824 ad
1543 5786 1617 5826 me
1652 5773 1869 5833 pertinet.

1221 344 1493 402 CONTRA
1533 339 1873 400 JULIANUM
1914 339 2379 406 PELAGIANUM,
2420 341 2478 395 S.
2521 340 2889 399 AUGUSTlNl

3631 352 3736 411 756

2156 466 2264 506 non
2307 462 2390 509 est
2423 467 2453 507 a
2483 453 2593 510 Deo
2625 471 2639 509 :
2668 465 2822 511 amor
2857 463 3036 512 autem
3060 455 3155 514 Dei
3179 472 3287 529 quo
3323 460 3632 531 pervenitur
3668 466 3735 521 ad

2154 544 2348 612 Deum,
2380 561 2486 602 non
2512 554 2594 604 est
2630 546 2730 603 nisi
2759 563 2791 603 a
2834 549 2944 604 Deo
2968 548 3125 606 Patre
3145 565 3241 621 per
3258 549 3437 608 Jesum
3466 553 3733 611 Christum

2151 636 2271 693 cum
2293 639 2493 709 Spiritu
2515 650 2718 699 sancto.
2748 642 2852 697 Per
2876 641 3017 699 hunc
3030 658 3271 700 amorem
3291 642 3581 714 Creatoris,
3600 648 3735 706 bene

2152 744 2377 801 quisque
2400 732 2565 787 utitur
2591 734 2751 789 etiam
2781 735 3224 806 creatura-Sine
3251 738 3353 794 hoc
3371 755 3557 795 amore
3577 741 3736 798 Crea-

2152 820 2300 886 toris,
2336 824 2495 879 nullis
2519 830 2799 896 quisquam
2821 824 2960 882 bene
2986 826 3153 883 utitur
3175 831 3454 887 creaturis.
3477 831 3590 888 [loc
3610 849 3734 905 ergo

2151 926 2334 970 amore
2366 929 2500 985 opus
2519 925 2601 972 est
2635 927 2692 972 ut
2732 920 2934 974 bonum
2963 917 3266 975 beatiﬁcum
3293 921 3363 977 sit
3387 930 3443 977 et
3480 923 3735 994 pudicitia

2151 1002 2474 1074 conjugalis,
2520 1016 2579 1062 ut
2603 1008 2673 1064 sit
2710 1008 2827 1079 ejus
2856 1009 3082 1066 intentio
3115 1011 3329 1083 quando
3359 1015 3522 1069 utitur
3549 1015 3738 1085 conju—

2150 1092 2233 1164 gis
2260 1109 2442 1163 carne,
2469 1113 2576 1153 non
2604 1098 2658 1154 in
2678 1101 2952 1171 voluptate
2976 1101 3235 1171 libidinis,
3258 1103 3357 1161 sed
3384 1104 3437 1159 in
3462 1105 3736 1163 voluntate

2152 1188 2490 1259 propaginis;
2521 1191 2568 1249 si
2591 1200 2768 1248 autem
2801 1193 3006 1262 vicerit,
3033 1203 3089 1250 et
3111 1205 3329 1265 propter
3348 1210 3409 1252 se
3439 1197 3607 1267 ipsam
3629 1213 3735 1253 non

2151 1287 2374 1349 propter
2418 1278 2556 1337 ﬁlios
2608 1283 2982 1354 propagandos
3026 1284 3140 1341 fieri
3197 1285 3399 1358 aliquid
3452 1287 3737 1343 extorserit

2151 1377 2209 1423 et
2250 1372 2495 1440 voluptas
2522 1374 2563 1440 ',
2592 1374 2801 1430 veniale
2846 1384 3126 1447 peccatum
3153 1377 3226 1433 sit
3266 1387 3485 1451 prepter
3525 1377 3740 1450 nuptias

2151 1459 2488 1519 Christianas.

2223 1552 2452 1609 CAPUT
2480 1554 2569 1610 IV.
2598 1587 2667 1596 —
2691 1558 2779 1612 δι.
2809 1556 2924 1613 Non
2952 1567 3126 1615 autem
3156 1560 3271 1617 dixi
3290 1603 3307 1630 ,
3329 1561 3468 1633 quod
3499 1562 3739 1633 interpo-

2152 1642 2268 1698 sitis
2297 1644 2415 1700 aliis
2434 1660 2501 1700 ex
2523 1645 2658 1702 libro
2679 1662 2800 1703 meo
2820 1648 2998 1704 verbis
3028 1665 3115 1707 me
3142 1651 3346 1709 dixisse
3368 1652 3584 1720 dixisti,
3612 1654 3739 1710 [dco

2153 1735 2288 1805 ﬁlios
2311 1752 2418 1791 esse
2442 1736 2536 1792 sub
2559 1736 2751 1793 diaboli
2781 1748 3044 1810 potestate,
3071 1742 3188 1811 quia
3208 1742 3273 1799 de
3305 1760 3574 1815 corporum
3597 1762 3741 1800 com-

2151 1826 2393 1881 mixtione
2432 1838 2730 1885 nascuntur.
2781 1831 2940 1887 Aliud
2969 1844 3051 1889 est
3096 1834 3239 1889 enim
3269 1835 3478 1904 dicere,
3519 1838 3605 1907 qui
3632 1839 3653 1870 ³
3677 1837 3742 1892 de

2152 1934 2420 1991 corporum
2443 1923 2796 1979 commixtione
2819 1935 3097 1981 nascuntur
3122 1943 3143 1982 :
3161 1928 3303 1984 aliud
3325 1969 3342 1995 ,
3384 1928 3506 2000 quia
3529 1937 3595 1985 de
3628 1946 3741 1986 cor-

2153 2033 2335 2087 porum
2361 2020 2714 2077 commixtione
2757 2031 3055 2079 nascuntur.
3105 2022 3223 2079 Non
3248 2030 3427 2080 autem
3467 2023 3541 2080 ibi
3582 2039 3740 2079 causa

2153 2110 2278 2166 tnali
2304 2120 2408 2179 est,
2448 2113 2568 2184 quia
2597 2112 2664 2169 de
2689 2129 2974 2185 corporum
3001 2115 3381 2173 commixtione
3407 2127 3695 2172 nascuntur
3723 2135 3737 2173 :

2152 2218 2326 2275 neque
2353 2205 2495 2262 enim
2518 2207 2726 2263 etiamsi
2759 2215 2943 2264 natura
2973 2207 3204 2264 humana
3248 2208 3540 2279 primorum
3571 2210 3743 2266 homi-
3778 2268 3791 2283 ί,

2153 2311 2281 2352 num
2319 2308 2539 2368 peccato
2572 2299 2752 2354 vitiata
2781 2315 2885 2355 non
2912 2308 3088 2366 esset,
3135 2309 3353 2370 possent
3382 2301 3476 2356 lilii
3526 2300 3626 2355 nisi
3675 2300 3743 2355 de
3804 2330 3819 2335 -

2153 2401 2436 2458 corporum
2452 2389 2831 2445 commixtione
2849 2391 3112 2461 generari.
3125 2390 3227 2447 Sed
3246 2391 3364 2446 ideo
3380 2391 3478 2446 sub
3493 2389 3707 2447 diabolo
3719 2398 3742 2423 ⁸

2153 2488 2299 2546 sunt,
2350 2480 2440 2551 qui
2485 2480 2553 2538 de
2583 2497 2868 2552 corporum
2892 2483 3272 2540 commixtione
3299 2493 3621 2548 nascuntur,
3653 2499 3744 2538 an-

2154 2578 2364 2641 tequam
2389 2586 2484 2641 per
2506 2571 2750 2642 spiritum
2776 2582 3155 2639 renascantur;
3186 2575 3309 2644 quia
3337 2589 3436 2645 per
3477 2575 3617 2627 illam
3651 2589 3744 2629 na-

2152 2671 2377 2719 scuntur
2396 2664 2898 2734 concupiscentiam,
2927 2680 3029 2736 qua
3058 2680 3183 2720 caro
3202 2665 3524 2735 concupiscit
3550 2665 3744 2720 adver-

2152 2768 2246 2811 sus
2274 2755 2540 2826 Spiritum,
2569 2764 2625 2811 et
2649 2754 2930 2815 adversum
2958 2771 3018 2813 se
3062 2756 3204 2827 cogit
3230 2757 3608 2828 concupiscere
3635 2757 3745 2826 spi-

2152 2850 2313 2906 ritttm
2360 2847 2557 2921 (Colat.
2580 2863 2636 2915 ν,
2668 2848 2780 2920 l7).
2809 2849 2938 2917 Qua:
2982 2865 3154 2920 pugna
3189 2849 3311 2903 boni
3340 2859 3396 2904 et
3435 2850 3560 2905 mali
3600 2850 3740 2904 nulla

2152 2949 2332 3008 esset,
2370 2940 2416 2996 si
2444 2954 2604 2996 nemo
2629 2948 2920 3010 peccasset.
2967 2939 3118 2996 Sicut
3141 2949 3318 2995 autem
3364 2950 3489 2996 ante
3514 2939 3741 2995 hominis

2151 3031 2488 3101 iniquitatem
2526 3030 2668 3086 nulla
2706 3038 2822 3086 erat
2845 3071 2860 3096 ,
2899 3029 2970 3085 ita
3016 3037 3138 3102 post
3164 3029 3526 3086 infirmitatem
3556 3029 3577 3063 ⁸
3600 3031 3742 3086 nulla

2152 3124 2273 3179 erit.

2221 3213 2450 3271 CAPUT
2478 3214 2541 3268 ν.
2570 3244 2643 3255 -
2667 3214 2755 3270 55.
2781 3213 2886 3270 Sed
2914 3213 3017 3269 alia
3057 3228 3242 3269 rursus
3272 3229 3389 3270 mea
3415 3214 3572 3269 verba
3618 3229 3743 3284 pro-

2151 3306 2342 3378 ponis,
2373 3314 2428 3361 et
2452 3305 2818 3376 copiosissime
2857 3304 3096 3374 disputas
3127 3323 3141 3360 :
3175 3305 3427 3370 Quoniam
3449 3323 3511 3359 ea:
3535 3306 3745 3376 impari-

2150 3398 2243 3452 bus
2268 3396 2411 3452 bonis
2431 3398 2695 3468 compositi
2721 3413 2893 3451 sumus
2915 3438 2928 3462 ,
2957 3397 3185 3450 animum
3211 3398 3414 3467 corpori
3439 3398 3614 3451 debere
3650 3397 3745 3452 do-

2151 3491 2337 3546 minari
2363 3506 2383 3545 :
2402 3507 2616 3563 quarunt
2644 3489 2861 3544 alterum
2886 3489 3029 3544 nobis
3065 3506 3180 3544 cum
3216 3491 3315 3545 diis
3338 3533 3353 3553 ,
3384 3492 3598 3544 alterunt
3627 3507 3742 3544 cum

2153 3582 2333 3636 belluis
2362 3598 2720 3637 commemoras
2748 3598 2855 3636 esse
2873 3598 3156 3635 contmune.
3190 3581 3257 3635 Et
3293 3582 3406 3635 ideo
3434 3582 3489 3635 id
3512 3582 3647 3653 quod
3669 3590 3744 3635 est

2152 3673 2329 3728 melius
2348 3713 2364 3740 ,
2393 3673 2449 3726 id
2465 3680 2560 3740 est,
2585 3673 2813 3727 animum
2840 3672 3023 3726 uirtute
3044 3672 3313 3736 prwditum
3342 3673 3477 3727 dicis
3502 3682 3551 3726 et
3588 3689 3742 3727 mem.

2152 3764 2255 3819 bris
2274 3766 2496 3835 corporis
2517 3764 2639 3819 bene
2656 3773 2703 3818 et
2730 3764 3089 3835 cupiditatibus
3108 3781 3356 3836 rmperare
3376 3766 3469 3837 (α).
3488 3765 3596 3821 Nec
3616 3781 3740 3822 con-

2152 3855 2357 3911 sideras
2384 3855 2525 3926 quod
2546 3856 2923 3927 cupiditatibus
2945 3871 3052 3912 non
3077 3856 3158 3914 sic
3182 3857 3474 3926 imperatur
3500 3869 3556 3913 ut
3583 3874 3747 3914 ntem-

2153 3944 2284 4001 bris.
2307 3945 2638 4016 Cupiditates
2665 3947 2808 4002 enim
2841 3948 2995 4003 malae
3027 3956 3181 4014 sunt,
3212 3963 3346 4019 quas
3387 3950 3594 4004 ratione
3634 3948 3744 4006 fre—

2152 4052 2343 4094 namus
2359 4080 2374 4103 ,
2401 4044 2587 4094 contra
2626 4054 2757 4111 quas
2781 4048 2961 4095 mente
2985 4055 3283 4112 pugnamus
3312 4060 3327 4096 :
3350 4044 3589 4101 membra
3615 4060 3744 4101 vero

2152 4130 2291 4186 bona
2313 4138 2459 4196 sunt,
2490 4145 2610 4202 qua:
2636 4130 2924 4187 voluntatis
2945 4146 3220 4189 movemus
3240 4133 3481 4201 arbitrio,
3508 4137 3743 4206 exceptis

2151 4221 2472 4293 genitalibus
2492 4263 2507 4287 ,
2549 4222 2789 4292 quamvis
2814 4231 2869 4278 et
2894 4222 3006 4292 ipsa
3036 4238 3102 4278 ex
3143 4224 3237 4280 Dei
3264 4240 3425 4295 Opere
3449 4227 3588 4282 bona
3613 4230 3741 4283 sint.

2152 4312 2281 4381 Quae
2311 4312 2431 4369 ideo
2461 4312 2708 4383 pudenda
2734 4312 3001 4379 dicuntur,
3027 4313 3149 4385 quia
3186 4315 3308 4385 plus
3336 4316 3390 4371 in
3418 4317 3497 4372 eis
3518 4333 3742 4374 moveu-

2153 4402 2235 4460 dis
2267 4403 2544 4475 potestatis
2569 4404 2729 4459 habet
2766 4403 2951 4473 libido,
2981 4420 3139 4476 quam
3169 4406 3306 4462 ratio
3336 4426 3349 4462 :
3377 4424 3495 4479 qua:
3524 4420 3697 4466 tamen
3720 4410 3744 4443 '

2153 4510 2261 4552 non
2287 4496 2511 4552 sinimus
2532 4504 2841 4567 perpetrare
2869 4512 2975 4568 quo
3004 4508 3258 4568 provocat
3284 4499 3398 4571 ipsa
3420 4502 3706 4557 commotio
3725 4543 3741 4569 ,

2153 4602 2275 4644 cum
2303 4588 2543 4644 membra
2563 4596 2757 4644 caetera
2787 4586 2925 4644 facili
2951 4599 3225 4646 teneamus
3249 4591 3494 4662 imperio.
3521 4592 3743 4661 Quando

2152 4691 2329 4737 autem
2352 4680 2491 4737 male
2516 4681 2681 4736 utitur
2700 4680 2863 4737 homo
2891 4682 3145 4739 membris
3175 4684 3326 4738 bonis
3344 4725 3360 4750 ,
3397 4685 3499 4740 nisi
3533 4686 3748 4756 quando

2152 4774 2419 4829 consentit
2438 4773 2519 4829 eis
2541 4788 2660 4844 quae
2684 4772 2739 4827 in
2770 4772 2926 4829 nobis
2950 4771 3194 4828 habitant
3219 4768 3596 4844 cupiditatibus
3633 4790 3747 4829 ma»

2151 4864 2252 4919 lis?
2276 4863 2334 4919 In
2374 4863 2567 4934 quibus
2595 4861 2760 4919 libido
2788 4877 2901 4934 pra:
2924 4862 3133 4919 caeteris
3163 4864 3331 4933 turpis
3370 4873 3483 4931 est,
3512 4865 3596 4919 cui
3643 4865 3743 4920 nisi

2152 4956 2465 5023 resistatur,
2506 4953 2774 5012 horrenda
2800 4953 3073 5010 immunda
3117 4954 3425 5010 committit.
3456 4954 3573 5023 Quo
3601 4954 3746 5011 malo

2152 5045 2290 5101 bene
2338 5060 2446 5101 non
2488 5047 2685 5112 utitur,
2718 5044 2825 5101 nisi
2865 5044 2978 5101 sola
3002 5043 3251 5116 pudicitia
3276 5045 3592 5117 conjugalis.
3619 5045 3747 5101 nate

2153 5148 2329 5196 autem
2355 5137 2521 5194 libido
2549 5136 2671 5193 ideo
2694 5136 2892 5193 malum
2921 5150 3028 5192 non
3049 5143 3133 5193 est
3155 5137 3210 5192 in
3239 5136 3430 5194 belluis
3451 5177 3468 5205 ,
3488 5135 3741 5208 quoniam

2204 5342 2236 5374 ⁶¹
2272 5350 2371 5392 Arn.
2398 5347 2451 5393 et
2465 5347 2563 5400 πει,
2584 5337 2837 5391 volamus.-

2217 5404 2239 5466 ξ
2272 5405 2355 5453 Hic
2375 5400 2796 5466 restituitur,qui,_
2810 5415 2881 5466 ex,
2892 5403 3249 5466 manuscriptis.

2217 5464 2333 5515 "sic
2356 5472 2462 5514 Mss.
2487 5472 2542 5515 Αι
2564 5463 2703 5523 editi,
2720 5463 2809 5515 sub
2828 5463 3271 5526 diaboli

2217 5526 2337 5598 thd
2360 5539 2493 5598 oram
2514 5526 2692 5598 (indicis
2713 5526 2960 5589 cujusdam
2981 5525 3341 5577 Gemblacensis
3367 5526 3603 5589 scriptum
3630 5531 3700 5574 est
3730 5532 3744 5572 :

2160 5605 2184 5635 ι
2207 5587 2349 5647 Alias,
2370 5587 2638 5638 sanitatem.
2664 5604 2688 5633 ι

2215 5653 2237 5683 ³
2269 5657 2320 5699 tn
2343 5650 2563 5713 margine
2585 5649 3219 5713 rliiriacensismanuscripti
3233 5648 3477 5700 adnotavit
3490 5647 3748 5712 qubplnm,

2155 5724 2268 5761 esse
2294 5713 2369 5761 hic
2384 5710 2517 5774 forte
2540 5711 2827 5774 addendum,
2850 5710 3065 5774 difﬁcile.

2220 5775 2292 5835 (ιι)
2325 5772 2571 5823 sallustius
2615 5775 2663 5822 in
2701 5772 2903 5835 prologo
2919 5772 3155 5822 '(ztttllttze.
