4118 6540
389 435 496 494 757

392 565 499 609 non
524 554 783 620 repugnat
809 546 1022 615 rationi,
1044 559 1146 619 qua
1167 551 1372 603 carent.
1396 542 1501 601 Cur
1525 550 1703 599 autem
1728 557 1831 597 non
1853 554 1976 598 ere-

391 642 537 712 ditis,
559 642 865 699 hominibus
889 641 944 697 in
967 639 1214 712 paradiso
1234 637 1534 713 constitutis
1558 643 1683 693 ante
1701 643 1979 707 peccatum

384 734 647 797 divinitus
675 734 913 805 potuisse
953 731 1213 798 concedi,
1245 738 1304 786 ut
1331 728 1611 800 tranquilla
1653 727 1889 783 motione
1930 733 1986 782 et

391 825 768 897 conjunctione
809 826 893 882 vel
916 823 1294 881 commixtione
1322 823 1684 879 membrorum
1725 820 1842 875 sine
1877 817 1985 875 ulla

393 915 617 973 libidine
642 917 782 973 filios
821 923 1204 987 procrearent;
1233 921 1327 969 aut
1367 913 1420 968 in
1465 912 1546 969 eis
1587 911 1774 967 saltem
1819 908 1985 965 libido

394 1010 516 1066 talis
534 1019 698 1078 esset,
734 1008 888 1081 cujus
914 1015 1090 1065 motus
1113 1021 1214 1065 nec
1250 1005 1596 1079 praecederet,
1624 1018 1726 1060 nec
1753 1001 1984 1059 excede-

394 1110 484 1159 ret
516 1103 882 1159 voluntatem?
916 1102 1001 1158 An
1026 1101 1179 1158 vobis
1204 1099 1368 1157 libido
1394 1114 1585 1171 parum
1613 1104 1697 1154 est
1722 1095 1844 1168 quia
1876 1095 1987 1166 pla-

395 1202 516 1263 cet,
560 1195 665 1251 nisi
701 1203 756 1252 et
797 1194 918 1251 talis
952 1195 1193 1265 placeat,
1222 1207 1341 1265 qua:
1365 1191 1610 1247 nolentes
1639 1187 1801 1246 etiam
1827 1202 1987 1258 repu-

397 1294 727 1358 gnantesque
746 1286 1033 1343 sollicitet?
1062 1285 1141 1341 De
1165 1300 1270 1356 qua
1294 1281 1563 1353 Pelagiani
1592 1280 1804 1351 quidem
1827 1278 1986 1335 etiam

399 1380 580 1435 litibus
603 1379 928 1451 gloriantur,
957 1386 1206 1449 tanquam
1225 1375 1294 1433 de
1326 1375 1503 1446 aliquo
1527 1373 1670 1429 bono
1700 1391 1714 1428 :
1745 1370 1840 1427 sed
1870 1384 1989 1426 eam

399 1472 573 1526 sancti
614 1470 899 1543 gemitibus
934 1469 1289 1535 confitentur,
1342 1476 1400 1523 ut
1440 1465 1732 1521 liberentur
1767 1479 1797 1518 a
1826 1461 1990 1517 malo.

470 1561 698 1620 CAPUT
717 1562 807 1620 Vl.
838 1592 911 1604 —
939 1562 1031 1619 56.
1056 1559 1294 1617 Ridenda
1317 1557 1668 1615 contrarietate
1691 1570 1771 1610 me
1806 1553 1994 1609 dixit“

399 1653 743 1709 ealumniaris
758 1695 775 1721 ,
805 1654 936 1709 alios
957 1669 1070 1709 reos
1108 1668 1171 1708 ea:
1194 1650 1325 1707 bono
1342 1691 1358 1718 ,
1385 1648 1514 1704 alios
1541 1655 1743 1702 sanctos
1768 1661 1833 1701 ea:
1856 1644 1992 1699 malo

405 1762 554 1817 opere
572 1762 594 1800 :
623 1746 874 1816 quoniam
915 1744 1058 1814 dixi,
1088 1744 1384 1817 nuptiarum
1410 1743 1594 1797 bonum
1623 1740 1846 1794 homines
1869 1738 1993 1808 inﬁ-

402 1839 539 1895 deles
563 1839 837 1910 infideliter
864 1839 1049 1895 utendo
1068 1881 1084 1906 ,
1114 1839 1170 1893 in
1192 1836 1384 1893 malum
1407 1843 1765 1907 peccatumque
1787 1848 1996 1887 conver-

403 1940 537 1998 tere;
563 1946 719 2002 eoque
742 1930 894 1985 modo
930 1927 1350 2002 concupiscentiae
1388 1926 1580 1981 malum
1603 1933 1889 1980 convertere
1925 1922 1995 1993 ﬁ-

370 2022 593 2077 --delium
616 2021 822 2093 nuptias
856 2021 912 2077 in
937 2036 1085 2076 usum
1114 2017 1334 2091 justitite
1362 2016 1463 2092 (De
1490 2013 1700 2089 Nuptiis
1737 2023 1785 2071 et
1809 2028 1996 2069 concu-

404 2114 671 2188 piscentia,
698 2114 786 2171 tib.
816 2115 869 2184 l,
898 2132 955 2170 n.
987 2115 1068 2186 5).
1091 2114 1170 2170 Ac
1189 2128 1285 2184 per
1311 2111 1413 2167 hoc
1440 2125 1549 2167 non
1568 2108 1700 2174 dixi,
1723 2107 1856 2163 alios
1874 2120 1996 2163 reos

403 2222 471 2263 ex
496 2222 659 2278 opere
684 2207 827 2263 bono
847 2248 862 2273 ,
893 2205 990 2262 sed
1018 2220 1082 2262 ex
1111 2217 1276 2276 opere
1290 2202 1452 2270 malo,
1482 2215 1588 2272 quo
1606 2198 1748 2256 male
1776 2205 1999 2253 utuntur

403 2295 593 2364 bonis;
619 2312 719 2354 nec
741 2297 876 2353 alios
899 2304 1111 2352 sanctos
1133 2310 1200 2351 ex
1226 2308 1389 2367 opere
1411 2292 1552 2348 malo
1566 2333 1583 2360 ,
1615 2290 1714 2346 sed
1742 2304 1811 2346 ex
1835 2302 1999 2359 opere

404 2388 568 2457 bono,
599 2403 708 2461 quo
735 2389 876 2446 bene
901 2396 1125 2444 utuntur
1150 2385 1326 2443 malis.
1353 2385 1411 2442 Si
1437 2399 1544 2441 non
1572 2383 1653 2438 vis
1676 2381 1994 2452 iuteJigere,

403 2490 499 2535 aut
521 2479 567 2536 si
592 2486 647 2535 te
671 2479 827 2550 lingis
854 2493 960 2535 non
980 2477 1311 2549 intelligere;
1342 2475 1451 2532 noli
1475 2474 1786 2544 obstrepere
1809 2470 1998 2527 volen-

404 2568 546 2624 tibus
588 2576 644 2624 et
665 2568 969 2625 valentibus
997 2567 1319 2638 intelligere.

472 2659 702 2717 CAPUT
728 2657 840 2715 VII.
865 2689 941 2701 —
961 2658 1050 2715 57.
1085 2658 1147 2714 Si
1183 2656 1368 2727 aliquis
1408 2655 1574 2710 malus
1606 2654 1756 2710 condi
1800 2659 1994 2724 posset,

402 2749 599 2821 inquis,
622 2766 884 2821 nunquam
903 2750 955 2804 in
980 2748 1165 2804 bonum
1184 2748 1441 2803 ablatione
1461 2745 1715 2801 transiret.
1739 2744 1818 2799 Eo
1837 2741 1999 2799 modo

405 2838 634 2906 diceres,
660 2854 856 2910 corpus
883 2838 1025 2912 quod
1049 2838 1277 2895 mortale
1301 2837 1572 2894 conditum
1596 2842 1710 2902 est,
1742 2835 1858 2890 fieri
1893 2834 1999 2890 im-

403 2932 630 2988 mortale
655 2948 762 2988 non
792 2946 953 3003 posse
986 2949 999 2986 :
1029 2938 1084 2987 et
1117 2939 1294 2986 tamen
1314 2940 1370 2985 ut
1394 2928 1525 2984 illud
1543 2969 1558 2995 ,
1589 2929 1663 2983 ita
1687 2934 1744 2982 et
1768 2925 1874 2983 hoc
1902 2925 1998 2981 fal-

406 3035 525 3077 sum
554 3022 780 3078 diceres.
807 3021 923 3078 Non
953 3021 1097 3077 enim
1136 3020 1282 3077 Deus
1318 3018 1518 3074 malum
1559 3017 1834 3083 condidit,
1875 3031 1995 3073 cum

407 3115 677 3171 hominem
707 3113 983 3182 condidit:
1013 3112 1107 3170 sed
1134 3112 1334 3169 bonum
1381 3110 1524 3182 quod
1565 3111 1681 3181 ipse
1722 3108 1996 3175 condidit,

404 3206 603 3261 malum
634 3206 795 3261 trahit
820 3221 889 3261 ex
913 3212 1132 3277 peccato
1154 3244 1170 3272 ,
1199 3203 1339 3275 quod
1370 3203 1483 3272 ipse
1513 3217 1619 3256 non
1648 3199 1917 3263 condidit;
1944 3206 2000 3253 et

402 3306 557 3354 sanat
592 3297 693 3355 hoc
730 3298 925 3354 malum
948 3341 962 3365 ,
1001 3297 1145 3370 quod
1184 3297 1300 3368 ipse
1339 3312 1445 3353 non
1471 3295 1745 3362 condidit,
1777 3295 1829 3349 in
1857 3294 1998 3350 bono

338 3436 349 3447 ,
402 3389 545 3461 quod
574 3389 835 3445 condidit.

306 3461 314 3473 ί
476 3480 567 3538 ‘58.
591 3482 723 3538 Cum
766 3488 947 3537 autem
985 3494 1084 3538 nos
1112 3494 1219 3536 non
1247 3479 1517 3542 dicamus,
1562 3477 1815 3532 daemones
1851 3477 1998 3530 insti-

402 3573 559 3630 tuisse
582 3573 885 3632 connubium
903 3615 920 3642 ,
962 3588 1061 3629 nec
1089 3572 1383 3627 seminalem
1420 3586 1569 3625 sexus
1595 3569 1852 3640 utriusque
1876 3568 2002 3623 mia:-

410 3666 619 3733 tionem,
649 3681 751 3723 nec
774 3665 1080 3722 diabolicum
1105 3680 1236 3737 opus
1263 3679 1368 3719 esse
1391 3678 1545 3718 causa
1569 3660 1848 3734 generandi
1870 3676 1998 3716 con-

403 3758 623 3814 cubitum
647 3761 945 3833 conjugum;
972 3760 1223 3830 quoniam
1248 3756 1365 3829 haec
1383 3756 1561 3812 omnia
1585 3755 1724 3811 Deus
1748 3754 1996 3822 instituit,

403 3858 461 3906 et
488 3859 705 3919 possent
734 3863 855 3906 esse
891 3847 1071 3905 omnia
1097 3848 1213 3905 sine
1259 3845 1706 3918 concupiscentiae
1735 3846 1909 3927 malo,
1950 3846 1998 3902 si

402 3940 599 3997 vulnus
643 3939 1095 4011 praevaricationis
1116 3981 1132 4004 ,
1183 3938 1327 3994 unde
1376 3945 1690 4007 sequeretur
1733 3936 1998 3992 discordia

402 4031 581 4087 carnis
608 4039 664 4087 et
699 4031 954 4101 spiritus,
995 4029 1253 4085 inﬂictum
1297 4042 1404 4084 non
1449 4027 1636 4083 fuisset
1662 4043 1691 4082 a
1735 4026 1950 4085 diabolo
1980 4047 1996 4085 :

402 4140 582 4180 nonne
612 4132 666 4180 te
693 4124 917 4194 reSpicis
935 4164 951 4191 ,
982 4132 1038 4180 et
1059 4124 1128 4180 de
1158 4133 1246 4179 tua
1265 4122 1474 4194 garrula
1504 4122 1855 4193 loquacitate,
1895 4138 1998 4195 qua

284 4203 299 4211 ’
402 4216 579 4272 inania
609 4217 623 4248 ι
655 4216 919 4272 fabulatus
957 4230 1016 4272 es
1036 4256 1052 4282 ,
1082 4216 1391 4281 erubescis;
1422 4215 1559 4287 quod
1584 4215 1789 4271 scilicet
1812 4215 1998 4288 depre-

403 4306 628 4361 hendant
651 4306 904 4361 dwmones
930 4307 985 4361 in
1019 4305 1288 4360 concubitu
1314 4306 1612 4377 conjugatos
1631 4346 1647 4373 ,
1679 4313 1727 4361 et
1757 4314 1997 4378 tanquam

402 4395 457 4452 in
482 4413 575 4450 sua
598 4397 890 4465 operatione
910 4395 1266 4467 deprehensos,
1293 4410 1395 4450 non
1416 4396 1584 4451 sinant
1605 4410 1843 4466 generare
1862 4397 1998 4466 ﬁlios

400 4487 777 4559 regeneratione
801 4487 1125 4543 liberandos?
1146 4487 1310 4556 Quasi
1331 4486 1577 4544 diabolus
1595 4529 1610 4553 ,
1637 4487 1680 4542 si
1710 4490 1853 4558 quod
1879 4489 1996 4544 vel—

400 4577 476 4634 let
503 4578 722 4643 faceret,
753 4594 860 4634 non
900 4578 1047 4649 ipsos
1073 4578 1307 4649 majores
1336 4578 1529 4649 impios
1565 4578 1741 4634 adhuc
1767 4578 1820 4634 in
1849 4578 1997 4650 ejus-

400 4670 523 4726 dem
575 4669 772 4727 diaboli
813 4670 1018 4741 positos
1065 4678 1361 4740 potestate,
1409 4670 1622 4740 quando
1648 4679 2000 4741 cognosceret

399 4761 687 4833 disponere
714 4763 828 4818 fieri
870 4761 1223 4829 christianos,
1250 4763 1507 4819 continuo
1543 4761 1847 4819 suﬂ‘ocaret.
1877 4763 1996 4820 Non

400 4865 485 4909 est
510 4868 640 4925 ergo
663 4867 999 4925 consequens
1037 4861 1096 4909 ut
1128 4853 1436 4924 parentibus
1472 4854 1866 4923 regenerandos
1900 4869 1999 4926 ge-

399 4947 735 5016 nerantibus,
760 4955 817 5002 et
840 4954 1060 5018 propter
1078 4944 1184 5001 hoc
1202 4944 1696 5012 concumbentibus,
1724 4945 1996 5001 daemones

400 5037 680 5094 minaciter
708 5047 762 5093 et
801 5037 1111 5094 terribiliter
1134 5036 1537 5103 contradicant,
1577 5036 1716 5091 sicut
1758 5037 1850 5092 tibi
1882 5038 1995 5109 ipse

399 5129 679 5200 conﬁngis;
711 5130 835 5201 quia
860 5145 958 5201 per
983 5130 1175 5185 vulnus
1203 5145 1231 5182 a
1254 5128 1467 5185 diabolo
1494 5127 1748 5184 inflictum
1769 5172 1784 5195 ,
1815 5129 1867 5185 in
1890 5146 1996 5202 quo

398 5221 667 5279 claudicat
706 5238 874 5301 genus
914 5223 1237 5289 humanum,
1286 5221 1485 5292 aliquid
1523 5231 1741 5278 creante
1771 5222 1879 5279 Deo
1917 5223 1997 5295 gi-

398 5316 599 5383 gnitur,
630 5308 769 5385 quod
792 5330 859 5370 ex
879 5314 1049 5370 Adam
1071 5312 1419 5369 transferatur
1441 5312 1509 5368 ad
1534 5312 1800 5368 Christum
1826 5322 1836 5333 ‘
1869 5328 1991 5369 cum

398 5405 539 5477 legio
567 5407 871 5463 daemonum
910 5421 1009 5463 nec
1039 5420 1237 5479 porcos
1273 5405 1329 5463 in
1364 5413 1630 5477 potestate
1674 5406 1868 5461 habere
1893 5420 1992 5476 po-

400 5498 592 5563 tuerit,
640 5496 745 5552 nisi
787 5498 1089 5568 petentibus
1132 5499 1464 5568 permitteret
1504 5496 1747 5553 Christus
1774 5496 1989 5570 (Matth.

399 5603 490 5644 vtu
509 5628 526 5655 ,
553 5584 613 5643 5|
631 5629 644 5651 .
666 5584 790 5659 32);
817 5597 872 5643 et
896 5589 1104 5644 noverit
1126 5589 1287 5644 etiam
1315 5589 1383 5645 de
1410 5588 1569 5660 ipsis,
1597 5604 1729 5659 quas
1754 5603 1875 5645 eum
1906 5586 1993 5642 fa-

397 5695 521 5738 cere
550 5691 635 5750 pet
649 5679 829 5747 mittit,
860 5679 1058 5735 diaboli
1092 5679 1552 5750 persecutionibus
1570 5695 1795 5740 coronas
1821 5681 1990 5739 suscio

398 5782 513 5829 tare
558 5770 911 5842 martyribus,
947 5781 1100 5827 utens
1131 5771 1269 5829 bene
1306 5773 1449 5828 omni
1489 5787 1685 5844 genere
1730 5775 1986 5831 nullorum

468 5905 480 5937 ⁸
510 5903 718 5957 vatlcani
736 5911 825 5956 slss
847 5939 862 5965 ,
887 5916 1028 5969 quam
1053 5902 1230 5955 immia.

1735 426 1934 497 usus
1973 425 2319 498 QUARTUS.

3570 434 3687 489 758‘

2087 537 2155 595 ad
2196 539 2475 597 utilitatem
2519 540 2802 597 bonorum.
2826 541 2936 598 Sed
2967 541 3021 599 in
3067 542 3170 600 illis
3197 558 3409 618 quoque
3437 546 3687 620 conjugi-

2088 630 2223 699 bus,
2272 630 2364 702 qui
2394 631 2621 687 filiorum
2668 636 3124 705 regenerationem
3166 637 3251 694 vel
3276 652 3381 695 non
3407 640 3689 710 cogitant,

2087 722 2174 779 vel
2201 721 2364 778 etiam
2392 722 2754 793 detestantur,
2801 726 2998 782 bonum
3045 742 3181 799 opus
3207 737 3294 786 est
3333 731 3636 801 nuptiarum
3660 773 3699 800 ,.

2087 813 2380 887 generandi
2404 830 2566 871 causa
2589 818 2901 874 commixtio
2945 820 3178 890 legitima
3223 836 3488 891 sexuum,
3531 826 3684 893 cujus

2088 907 2266 980 operis
2295 906 2501 965 fructus
2526 919 2607 965 est
2631 910 2877 967 ordinata
2904 913 3181 984 susceptio
3201 913 3427 969 ﬁliorum
3452 932 3468 970 :
3494 931 3684 986 quam-

2093 1003 2176 1059 vis
2201 1018 2267 1060 eo
2287 1004 2428 1060 bono
2451 1006 2590 1062 male
2620 1016 2835 1063 utantur
2854 1049 2869 1076 ,
2900 1015 2957 1063 et
2982 1009 3034 1063 in
3062 1024 3127 1065 ee
3158 1018 3415 1080 peccent,
3446 1009 3588 1081 quod
3615 1009 3693 1068 de

2090 1094 2254 1167 impia
2277 1097 2362 1153 vel
2391 1099 2729 1170 propaganda
2769 1101 2850 1157 vel
2873 1111 3162 1173 propagata
3193 1102 3343 1173 prole
3365 1101 3684 1174 gloriantur.

2084 1184 2350 1264 Homines
2373 1189 2514 1245 enim
2537 1190 2771 1261 qualibet
2800 1193 3006 1263 peccai
3028 1193 3344 1265 contagione
3371 1194 3456 1250 vel
3490 1210 3688 1265 perpe-

2094 1277 2327 1336 tratione
2363 1281 2586 1350 polluti,
2615 1282 2667 1337 in
2705 1293 2962 1354 quantum
3006 1284 3255 1342 homines
3279 1295 3441 1353 sunt,
3486 1286 3685 1343 bonum

2093 1381 2219 1428 sunt
2249 1392 2263 1429 :
2288 1381 2343 1431 et
2384 1374 2506 1433 ideo
2531 1378 2731 1433 bonum
2756 1387 2841 1435 est
2884 1387 2940 1435 ut
2972 1389 3296 1449 nascantur,
3328 1380 3451 1453 quia
3486 1380 3703 1438 bonum.

2093 1473 2239 1520 sum.

2165 1555 2258 1611 59.
2285 1556 2393 1614 Nec
2422 1566 2599 1616 tamen
2623 1567 2684 1615 ut
2700 1561 2976 1633 gignantur
2999 1604 3015 1631 ,
3040 1561 3156 1617 ideo
3182 1563 3435 1619 adulteria
3458 1566 3538 1621 rel
3560 1581 3690 1636 quas

2094 1661 2192 1717 que
2214 1657 2393 1719 stupra
2429 1651 2664 1721 facienda
2698 1661 2816 1707 sunt
2842 1668 2863 1707 :
2884 1652 2954 1709 ad
2991 1668 3150 1724 quam
3180 1668 3279 1710 nos
3305 1655 3690 1713 absurditatem

2094 1745 2252 1810 putas
2273 1754 2429 1810 posse
2465 1742 2744 1812 compelli,
2774 1743 2899 1814 quia
2926 1745 3137 1815 nuptias
3163 1744 3232 1800 de
3271 1745 3415 1802 malo
3454 1745 3691 1803 libidinis

2095 1827 2295 1884 bonum
2316 1831 2482 1900 prolis
2499 1830 2727 1890 dicimus
2750 1835 2980 1905 operari.
3011 1834 3117 1892 Sed
3142 1836 3288 1892 nullo
3315 1837 3476 1893 modo
3499 1853 3563 1895 ex
3591 1838 3695 1897 hac

2097 1930 2280 1976 nostra
2309 1936 2434 1977 vera
2474 1933 2728 1996 reetaque
2755 1924 3020 1981 sententia
3060 1926 3189 1982 illud
3231 1942 3544 1997 perversum
3586 1928 3691 1985 fal-

2096 2024 2327 2082 sumque
2354 2011 2652 2070 coniicitur.
2695 2013 2880 2086 Neque
2915 2016 3060 2072 enim
3111 2016 3232 2087 quia
3277 2017 3533 2073 Dominus
3579 2021 3693 2087 ait,

2101 2100 2280 2157 Facite
2305 2103 2442 2159 vobis
2470 2105 2660 2162 amicos
2678 2106 2743 2162 de
2760 2123 3049 2162 mammona
3071 2108 3350 2179 iniquitatis
3379 2108 3527 2181 (Luc.
3562 2126 3687 2178 xvr,

2099 2192 2181 2265 9);
2214 2192 2336 2250 ideo
2361 2195 2536 2253 adhuc
2554 2196 2754 2254 addere
2788 2198 3121 2270 iniquitatem
3146 2200 3404 2258 debemus
3424 2245 3440 2270 ,
3474 2213 3530 2260 et
3552 2203 3694 2262 furta

2098 2287 2418 2358 rapinasque
2454 2290 2792 2347 committere
2813 2332 2831 2359 ,
2862 2300 2921 2347 ut
2962 2290 3144 2363 plures
3182 2308 3443 2365 pauperes
3478 2305 3694 2354 sanctos

2100 2376 2465 2434 misericordia
2499 2379 2727 2452 largiore
2752 2395 3052 2451 pascamus.
3095 2381 3243 2439 Sicut
3268 2400 3397 2456 ergo
3425 2385 3494 2442 de
3523 2402 3696 2444 mam-

2098 2480 2260 2522 mona
2287 2466 2581 2538 iniquitatis
2609 2468 2838 2525 faciendi
2858 2478 2984 2526 sunt
3010 2472 3208 2542 amici,
3238 2474 3326 2545 qui
3355 2474 3613 2545 recipiant
3639 2476 3693 2532 in

2099 2559 2440 2616 tabernacula
2467 2569 2666 2617 aeterna
2697 2580 2711 2617 :
2742 2561 2816 2618 ita
2841 2563 3157 2636 conjugibus
3194 2565 3264 2622 de
3308 2567 3460 2638 plaga
3488 2569 3696 2639 peccati
3718 2595 3732 2604 -

2100 2649 2374 2722 originalis
2400 2650 2654 2723 gignendi
2681 2662 2808 2710 sunt
2836 2654 2953 2721 filii,
2983 2656 3074 2725 qui
3098 2656 3151 2711 in
3180 2655 3341 2712 vitam
3371 2671 3697 2729 regeneren-

2100 2746 2188 2796 tur
2214 2750 2489 2797 aeternam.
2520 2742 2587 2798 Et
2629 2743 3079 2814 quemadmodum
3107 2744 3245 2802 furta
3265 2789 3280 2814 ,
3312 2745 3560 2815 fraudes,
3596 2748 3695 2804 de-

2100 2832 2458 2901 praedationes
2493 2832 2809 2905 adjicienda:
2835 2851 2942 2892 non
2969 2846 3129 2906 sunt,
3171 2847 3229 2893 ut
3256 2853 3353 2908 per
3390 2839 3697 2912 iniquitates

2100 2930 2254 2979 aucta
2281 2924 2502 2993 pecunia
2524 2926 2706 2995 plures
2731 2927 2888 2983 amici
2904 2928 3035 2999 justi
3060 2930 3247 3001 inopes
3269 2944 3650 3001 comparentur
3676 2951 3694 2987 :

2100 3013 2179 3069 sic
2206 3014 2495 3082 adulteria,
2537 3025 2755 3089 stupra,
2796 3017 3179 3076 fornicationes
3202 3061 3215 3085 ,
3257 3021 3401 3078 malo
3428 3037 3551 3078 cum
3589 3039 3700 3093 quo

2101 3104 2206 3158 nati
2237 3118 2423 3161 sumus
2445 3152 2459 3172 ,
2482 3106 2726 3164 addenda
2753 3124 2859 3166 non
2887 3118 3013 3165 sunt
3038 3112 3091 3179 ⁸,
3134 3111 3275 3168 unde
3311 3112 3401 3169 lilii
3441 3131 3696 3171 numero-

2098 3191 2244 3249 siore
2280 3194 2447 3266 stirpe
2476 3207 2782 3254 nascantur.
2826 3200 2984 3256 Aliud
3023 3201 3220 3273 quippe
3258 3212 3338 3258 est
3378 3205 3520 3260 malo
3558 3205 3698 3262 bene

2100 3284 2208 3351 uti,
2235 3285 2379 3354 quod
2395 3286 2506 3357 jam
2529 3287 2734 3356 inerat;
2758 3297 2815 3346 et
2841 3290 2985 3347 aliud
3012 3301 3098 3348 est
3122 3292 3319 3348 malum
3348 3305 3656 3365 perpetrare
3673 3338 3692 3365 ,

2099 3376 2241 3446 quod
2265 3391 2371 3432 non
2401 3386 2519 3434 erat
2548 3397 2563 3435 :
2591 3379 2722 3436 illud
2749 3382 2892 3438 enim
2914 3390 2998 3438 est
3031 3383 3101 3439 de
3128 3385 3271 3441 malo
3310 3393 3481 3443 tracto
3506 3402 3573 3443 ex
3600 3403 3695 3458 pa-

2099 3467 2341 3525 rentibus
2360 3468 2719 3526 voluntarium
2747 3469 2944 3528 bonum
2971 3473 3182 3542 facere;
3212 3475 3316 3531 hoc
3342 3491 3472 3532 vero
3495 3479 3694 3533 malum

2099 3572 2130 3613 a
2158 3559 2468 3630 parentibus
2493 3570 2722 3618 tractum
2763 3562 2881 3621 aliis
2924 3564 3082 3620 malis
3106 3564 3216 3636 jam
3247 3567 3479 3640 propriis
3502 3577 3556 3624 et
3597 3584 3696 3624 vo-

2100 3652 2345 3712 luntariis
2386 3670 2664 3728 aggerare.
2719 3656 2862 3715 Sane
2903 3657 3158 3727 interest,
3199 3658 3340 3729 quod
3388 3674 3696 3717 mammona

2101 3746 2395 3817 iniquitatis
2428 3763 2551 3806 cum
2580 3749 2739 3806 laude
2765 3748 3124 3823 indigentibus
3152 3758 3434 3823 erogatur;
3462 3753 3694 3808 carnalis

2100 3850 2280 3899 autem
2314 3844 2747 3916 concupiscentia
2776 3844 3094 3902 laudabilius
3132 3846 3475 3902 continentiae
3500 3847 3695 3904 virtute

2100 3931 2373 4003 frenatur,
2400 3952 2558 4007 quam
2586 3936 2842 3994 fructibus
2865 3937 3191 4009 impenditur
3209 3938 3532 4011 nuptiarum.
3560 3939 3692 3995 Tam

2100 4038 2350 4095 magnum
2379 4034 2465 4082 est
2495 4027 2637 4082 enim
2666 4027 2865 4084 malum
2896 4028 3047 4100 ejus,
3074 4037 3135 4085 ut
3154 4043 3221 4086 eo
3246 4043 3352 4086 non
3391 4028 3470 4085 uti
3490 4071 3507 4101 ,
3532 4045 3637 4102 qua

2100 4114 2240 4171 bene
2265 4115 2339 4170 uti
2367 4116 2440 4172 sit
2463 4116 2675 4174 melius.
3626 4138 3630 4143 ’

2171 4203 2399 4263 CAPUT
2426 4206 2560 4264 Vill.
2590 4239 2661 4249 —
2684 4209 2775 4266 40.
2798 4209 2915 4266 Alia
2939 4209 3136 4268 deinde
3160 4226 3279 4269 mea
3308 4212 3471 4269 verba
3496 4227 3695 4285 propo-

2100 4297 2186 4354 nis
2206 4339 2224 4366 ,
2255 4305 2312 4355 et
2354 4301 2578 4356 multum
2618 4301 2875 4359 adversus
2907 4317 2970 4359 ea
2996 4305 3017 4335 ²
3048 4302 3179 4359 nihil
3209 4303 3346 4359 dicis
3368 4345 3383 4370 ,
3427 4304 3695 4375 replicans

2100 4388 2342 4459 quaedam
2364 4406 2482 4458 quae
2507 4392 2787 4462 superiore
2814 4391 3172 4463 disputatione
3191 4402 3504 4464 consumpta
3529 4404 3692 4451 sunt:

2100 4494 2221 4551 quae
2257 4481 2302 4536 si
2332 4488 2389 4536 et
2430 4496 2530 4552 ego
2569 4491 2814 4553 repetere
2848 4484 3038 4550 velim,
3070 4484 3190 4556 quis
3227 4485 3333 4540 erit
3366 4484 3522 4541 linis?
3553 4486 3696 4541 inter

2100 4586 2221 4642 quae
2245 4570 2380 4627 dicis
2405 4573 2567 4628 etiam
2590 4572 2723 4629 illud
2753 4583 2990 4629 vestrum
3015 4584 3201 4632 contra
3221 4575 3417 4632 Christi
3443 4577 3690 4646 gratiam,

2098 4676 2244 4732 saepe
2267 4677 2297 4717 a
2324 4663 2477 4719 vobis
2519 4664 2751 4721 inaniter
2782 4665 3020 4732 dictum;
3051 4665 3189 4736 quod
3217 4666 3422 4722 scilicet
3457 4666 3693 4738 appella-

2100 4754 2236 4809 tione
2257 4756 2455 4825 gratite,
2485 4755 2640 4811 bonos
2670 4757 2784 4827 ﬁeri
2805 4758 3032 4812 homines
3060 4758 3208 4829 fatali
3234 4758 3527 4814 necessitate
3550 4758 3694 4813 dico-

2099 4861 2212 4899 inus
2240 4859 2262 4900 :
2288 4859 2409 4900 cum
2438 4846 2589 4901 vobis
2615 4862 2708 4902 ora
2746 4846 3025 4902 obstruent
3046 4889 3062 4915 ,
3090 4855 3146 4904 et
3179 4848 3385 4918 linguas
3410 4860 3652 4926 premant
3674 4892 3690 4915 ,

2098 4937 2189 5007 qui
2218 4936 2362 5007 loqui
2393 4937 2628 4994 nondum
2649 4939 2846 4995 valent.
2874 4939 3009 4995 Cum
3037 4939 3180 4996 enim
3206 4940 3579 5013 loquacissime
3608 4943 3691 4999 la-

2099 5028 2301 5084 boretis
2321 5042 2562 5087 astruere
2585 5045 2649 5086 ac
2680 5031 3001 5101 persuadere
3018 5072 3035 5099 ,
3062 5031 3205 5104 quod
3230 5033 3478 5104 Pelagius
3506 5035 3559 5091 in
3594 5035 3693 5090 Pa-

2100 5121 2436 5177 laestinorum
2446 5123 2817 5194 episcoporum
2834 5125 3138 5196 cognitione
3156 5125 3450 5194 damnavit,
3472 5130 3692 5201 gratiam

2098 5211 2199 5268 Dei
2224 5214 2498 5270 secundum
2523 5216 2702 5271 merita
2725 5225 2900 5273 nostra
2939 5218 3098 5286 dari;
3125 5219 3269 5275 nulla
3302 5228 3478 5277 tamen
3505 5226 3692 5279 merita
3736 5278 3745 5285 ,

2098 5306 2322 5374 potestis
2349 5321 2594 5363 asserere
2621 5309 2962 5379 parvulorum
2987 5349 3003 5373 ,
3037 5325 3133 5379 per
3170 5326 3288 5381 quae
3319 5310 3696 5368 discernantur

2097 5395 2185 5466 qui
2216 5410 2400 5452 eorum
2424 5398 2477 5453 in
2503 5399 2594 5455 Dei
2617 5400 2755 5455 ﬁlios
2772 5400 3117 5472 adoptantur,
3143 5404 3212 5457 ab
3238 5403 3317 5459 eis
3341 5403 3433 5475 qui
3454 5405 3569 5460 sine
3592 5406 3694 5461 hu-

2092 5485 2181 5557 jus
2206 5489 2390 5559 gratiae
2415 5491 2790 5546 eonsecutione
2809 5492 3127 5548 moriuntur.

2169 5581 2259 5635 41.
2292 5580 2652 5638 Calumniaris
2699 5599 2785 5640 me
2811 5585 3012 5654 dicere,
3051 5604 3070 5638 ε
3109 5585 3250 5642 Nihil
3299 5587 3462 5643 studii
3506 5602 3695 5658 exspe-

2096 5670 2225 5727 ctari
2253 5672 2320 5729 ab
2349 5672 2574 5729 humana
2598 5676 2868 5733 voluntate
2892 5677 3112 5744 debere,
3137 5686 3323 5735 contra
3371 5678 3500 5734 illud
3531 5695 3688 5734 (ιι-ειη-

2162 5784 2617 5856 ξ-ξῖεςᾟσᾴήρηιιτξ
2638 5799 2730 5837 non
2752 5795 2883 5856 sunt.
2991 5848 3022 5856 __
3137 5852 3145 5856 _
3310 5851 3322 5856 _
3419 5852 3428 5856 Δ
3527 5852 3532 5856 ἡ

2100 5847 2180 5956 (1.³
2205 5847 2286 5957 ltiti:
2326 5846 2635 5899 l’lot‘iuecusis
2676 5860 2752 5900 illa.
2780 5851 2930 5914 addit,
2968 5848 3428 5903 dicendon'aticaui
3452 5852 3696 5917 qumque.

2136 5921 2239 5959 mm
2266 5921 2368 5959 ams.

2157 5940 2368 5973 ωδιιιιιυιῡ.
