4118 6524
475 393 582 452 ’159

476 509 702 581 gelicnm
724 524 832 582 quo
855 509 926 564 ait
956 506 1218 568 Dominus
1245 527 1260 566 :
1290 508 1475 580 Petite,
1519 519 1574 566 et-
1602 510 1890 582 accipietis;
1925 525 2068 580 quo:-

475 602 589 668 rite,
619 612 666 656 et
693 602 994 668 invenietis;
1021 601 1221 674 pulsate
1243 645 1259 670 ,
1307 613 1355 660 et
1397 604 1651 674 aperietur
1693 604 1879 658 vobis:
1906 602 2068 656 omnis

475 692 610 747 enim
633 696 722 764 qui
748 695 894 764 petit,
925 695 1149 765 accipit;
1169 705 1217 750 et
1243 697 1328 768 qui
1343 697 1544 766 quaerit,
1573 697 1798 760 invenit;
1845 703 1893 749 et
1943 693 2063 764 pul-

479 787 614 840 santi
643 788 900 858 aperietur
932 805 952 840 »
983 787 1213 859 (Matth.
1247 805 1336 855 vn,
1373 790 1510 859 7—8).
1557 788 1634 843 lbi
1685 787 1827 844 enim
1857 801 1974 852 vos,
2009 793 2067 842 ut

472 879 653 945 video,
680 895 880 949 ponere
897 881 1006 950 jam
1033 882 1269 950 coepistis
1300 882 1487 936 merita
1509 882 1732 952 gratiam
1757 877 2068 950 praeceden-

471 972 567 1038 tia,
598 972 739 1042 quod
766 981 848 1026 est
870 983 1070 1042 petere,
1100 989 1362 1044 quaerere,
1388 973 1622 1043 pulsare;
1651 980 1711 1026 ut
1747 971 1833 1026 his
1858 971 2066 1026 meritis

473 1063 652 1120 debita
677 1065 765 1120 illa
795 1066 1068 1131 reddatur,
1098 1082 1159 1122 ac
1187 1067 1265 1121 sic
1291 1068 1460 1136 gratia
1505 1067 1737 1121 inaniter
1783 1081 2064 1136 nuncupe-

473 1167 562 1210 tur
595 1175 609 1211 :
641 1166 888 1228 tanquam
917 1159 1084 1228 gratia
1111 1159 1253 1213 nulla
1281 1159 1633 1229 praecesserit,
1657 1169 1710 1214 et
1735 1173 1830 1214 cor
1871 1160 2059 1230 tetige—

469 1249 559 1312 rit,
596 1258 654 1305 ut
679 1249 982 1304 beatiticum
1014 1251 1209 1306 bonum
1232 1258 1500 1320 peteretur
1529 1266 1559 1304 a
1593 1250 1721 1315 Deo,
1751 1259 1809 1305 ut
1853 1265 2063 1322 quaeres

434 1341 622 1397 'rctur
648 1341 809 1406 Deus,
839 1351 900 1398 ut
941 1343 1243 1412 pulsaretur
1281 1342 1346 1397 ad
1385 1343 1587 1407 Deum;
1635 1341 1939 1413 frustraque
1993 1342 2063 1398 sit

468 1431 751 1500 scriptum,
781 1431 1135 1488 Misericordia
1161 1434 1270 1503 ejus
1291 1433 1560 1504 pra'veniet
1585 1431 1664 1486 me
1693 1431 1872 1502 (Psal.
1913 1449 2056 1498 LVIII,

467 1523 832 1594 ll);frustra
856 1525 1016 1579 etiam
1061 1538 1160 1578 nos
1211 1539 1307 1594 pro
1353 1523 1586 1579 inimicis
1633 1523 1832 1579 nostris
1873 1524 2060 1594 jubeat

467 1627 628 1669 orare
649 1614 862 1686 (Matth.
893 1631 943 1680 ν,
973 1615 1088 1686 41),
1116 1615 1161 1669 si
1190 1629 1296 1670 non
1319 1623 1403 1670 est
1421 1613 1538 1684 ejus
1558 1628 1752 1670 aversa
1781 1622 1836 1671 et
1863 1614 2058 1671 adver-

465 1719 528 1759 sa
557 1705 717 1760 corda
744 1714 1080 1760 convertere.

537 1797 626 1852 49..
657 1799 760 1854 Sed
789 1799 942 1869 ponis
962 1800 1313 1869 apostolicum
1341 1800 1704 1857 testimonium
1735 1841 1752 1866 ,
1800 1809 1854 1856 et
1896 1799 1964 1857 ab
1989 1813 2054 1856 eo

462 1889 598 1947 dicis
625 1890 960 1958 pulsantibus
1000 1892 1216 1961 aperiri,
1249 1894 1336 1963 qui
1365 1909 1537 1947 omnes
1563 1893 1790 1948 homines
1815 1893 1921 1948 vult
1945 1892 2054 1946 sal—

459 1998 548 2037 vos
569 1983 700 2052 fieri,
727 1991 774 2036 et
821 1983 874 2036 in
903 1984 1212 2055 agnitionem
1267 1984 1492 2038 veritatis
1539 1985 1708 2038 venire
1753 1985 1794 2058 (1
1821 1983 1956 2038 Tim.
1990 2000 2048 2052 ιι,

457 2072 538 2143 ὁ)
573 2092 586 2127 :
619 2083 677 2128 ut
705 2073 952 2129 videlicet
977 2075 1355 2146 intelligamus,
1389 2074 1710 2130 docentibus
1735 2076 1908 2142 vobis,
1931 2076 2052 2130 ideo

457 2177 569 2218 non
596 2179 784 2220 omnes
813 2165 991 2220 salvos
1033 2165 1168 2231 fieri,
1220 2175 1274 2222 et
1317 2167 1370 2221 in
1430 2167 1756 2238 agnitionem
1811 2167 2050 2223 veritatis

457 2257 661 2323 venire,
689 2258 812 2328 quia
839 2257 939 2328 ipsi
967 2258 1158 2314 nolunt
1184 2267 1386 2328 petere,
1408 2275 1530 2315 cum
1555 2261 1698 2316 Deus
1723 2259 1856 2315 velit
1879 2260 2008 2316 dare
2033 2277 2050 2328 ;

457 2348 648 2403 nolunt
674 2363 939 2419 quaerere,
972 2364 1092 2404 cum
1117 2351 1259 2406 Deus
1301 2351 1430 2406 velit
1481 2351 1811 2417 ostendere;
1866 2354 2054 2410 nolunt

455 2439 694 2508 pulsare,
725 2455 846 2494 cum
879 2442 1018 2496 Deus
1045 2442 1175 2496 velit
1199 2442 1430 2513 aperire.
1485 2443 1590 2498 Sed
1649 2444 1790 2500 hunc
1833 2461 2050 2501 sensum

457 2539 692 2586 vestrum
725 2531 958 2588 infantes
1001 2533 1075 2587 illi
1107 2533 1220 2604 ipsa
1271 2548 1366 2590 sua
1417 2537 1778 2593 taciturnitate
1825 2539 2049 2594 convin-

456 2630 606 2690 cunt,
635 2623 724 2694 qui
755 2639 854 2680 nec
878 2633 1085 2695 petunt,
1110 2643 1210 2682 nec
1239 2638 1505 2697 quaerunt,
1537 2645 1637 2686 nec
1678 2631 1914 2701 pulsant;
1941 2633 2049 2689 imo

456 2715 621 2771 etiam
651 2730 772 2770 cum
804 2715 1144 2786 baptizantur
1168 2759 1182 2785 ,
1213 2719 1509 2774 reclamant
1531 2763 1544 2786 ,
1576 2730 1872 2791 respuunt,
1902 2724 2046 2778 relu-

457 2816 673 2864 ctantur
698 2826 711 2862 :
740 2818 794 2863 et
814 2810 1081 2879 accipiunt
1115 2819 1314 2877 tamen,
1340 2819 1395 2866 et
1423 2812 1734 2880 inveniunt,
1765 2823 1820 2869 et
1866 2817 2046 2885 aperi-

455 2907 546 2954 tur
571 2898 670 2964 eis,
706 2907 760 2954 et
787 2901 986 2954 intrant
1009 2902 1065 2954 in
1085 2917 1312 2972 regnum
1339 2903 1453 2970 Dei,
1487 2904 1575 2958 ubi
1602 2905 1672 2959 sit
1715 2905 1796 2960 eis
1825 2907 2046 2961 aeterni-

453 2994 583 3050 tatis
624 2993 804 3049 salus‘
836 3003 891 3050 et
923 2995 1122 3065 agnitio
1149 2995 1392 3051 veritatis
1422 3013 1436 3062 ;
1485 2997 1640 3066 longe
1683 2997 1923 3067 pluribus
1965 2999 2048 3054 in-

451 3085 687 3141 fantibus
713 3086 766 3140 in
800 3087 954 3140 istam
999 3087 1222 3158 gratiam
1251 3103 1356 3143 non
1390 3087 1654 3158 adoptatis
1693 3089 1762 3143 ab
1814 3104 1878 3144 eo
1902 3131 1917 3156 ,
1960 3090 2046 3160 qui

451 3175 560 3230 vult
585 3193 755 3232 omnes
775 3177 1003 3232 homines
1023 3179 1190 3233 salvos
1209 3179 1321 3248 fieri
1343 3189 1390 3233 et
1433 3181 1486 3232 in
1515 3180 1820 3251 agnitionem
1862 3181 2034 3235 verita-

451 3269 515 3322 tis
539 3269 724 3323 venire.
757 3269 963 3334 Quibus
989 3268 1176 3325 dicere
1209 3285 1318 3324 non
1345 3278 1558 3340 potest,
1604 3269 1776 3339 Volui,
1799 3280 1848 3326 et
1875 3272 2042 3326 nolui-

447 3361 540 3415 stis
567 3359 786 3434 (Matth.
816 3376 966 3427 mn,
999 3359 1088 3434 57)
1117 3362 1268 3432 :quia
1297 3362 1342 3416 si
1367 3363 1658 3430 voluisset,
1689 3364 1812 3434 quis
1856 3377 2043 3418 eorum

448 3451 538 3522 qui
569 3451 803 3506 nondum
829 3451 1030 3507 habent
1055 3453 1343 3507 voluntatis
1377 3468 1486 3508 sua:
1515 3455 1813 3520 arbitrium,
1845 3455 2042 3510 volun-

446 3545 542 3598 tati
565 3545 681 3614 ejus
707 3545 1246 3615 omnipotentissimte
1275 3546 1600 3600 restitisset?
1628 3545 1738 3600 Cur
1769 3561 1896 3616 ergo
1935 3562 2042 3601 non

445 3638 526 3692 sic
555 3639 842 3708 accipimus
868 3637 1010 3710 quod
1031 3640 1231 3694 dictum
1254 3647 1354 3705 est,
1387 3639 1488 3705 Qui
1517 3657 1690 3695 omnes
1733 3641 1838 3695 vult
1872 3642 2041 3694 homi-

445 3747 536 3784 nes
560 3731 725 3785 salvos
757 3732 890 3801 ﬁeri,
913 3741 958 3786 et
983 3733 1038 3786 in
1064 3733 1370 3803 agnitionem
1419 3733 1642 3787 veritatis
1669 3734 1874 3801 venire;
1905 3749 2042 3804 quo-

447 3821 609 3876 modo
633 3831 686 3877 et
715 3822 844 3877 illud
877 3822 1190 3892 accipimus,
1224 3823 1367 3892 quod
1396 3823 1540 3878 idem
1566 3824 1700 3878 dixit
1724 3825 1998 3893 apostolus
2022 3866 2038 3892 ,

445 3911 551 3966 Per
571 3914 720 3966 unius
741 3914 1160 3983 justi/irationem
1185 3915 1237 3966 in
1261 3930 1433 3968 omnes
1458 3915 1686 3968 homines
1702 3915 1770 3968 ad
1780 3916 2044 3986 justi/ica-

446 4006 636 4060 tionem
671 4005 785 4059 vitae
835 4004 855 4076 (
881 4005 1030 4059 Rom.
1065 4022 1116 4073 v,
1143 4006 1210 4061 18
1229 4003 1250 4078 )
1269 4007 1308 4059 ἳτ
1347 4006 1366 4078 (
1391 4006 1488 4061 hos
1517 4007 1658 4062 enim
1682 4023 1870 4063 omnes
1901 4009 2041 4064 Dens

425 4095 558 4150 vult
586 4095 764 4149 salvos
815 4095 954 4164 fieri,
986 4105 1040 4151 et
1090 4096 1142 4151 in
1181 4097 1510 4168 agnitionem
1545 4101 1786 4155 veritatis
1811 4101 1996 4157 venire
2023 4143 2037 4168 ,

442 4189 498 4243 in
526 4203 662 4259 quos
687 4203 875 4244 omnes
899 4205 994 4259 per
1017 4190 1174 4245 unius
1194 4189 1630 4259 justilitxttionem
1656 4193 1824 4262 gratia
1847 4208 2040 4262 perve-

445 4280 528 4334 nit
555 4280 620 4335 ad
660 4281 1096 4351 justiticationem
1149 4281 1310 4351 vitai)
1395 4297 1461 4336 ne
1490 4281 1698 4337 dicatur
1745 4283 1933 4349 nobis,
1983 4283 2039 4340 Si

445 4372 591 4426 Deus
620 4373 732 4426 vult
754 4386 942 4427 omnes
969 4371 1212 4427 homines
1241 4373 1418 4428 salvos
1463 4373 1580 4428 ﬁeri
1599 4415 1614 4438 ,
1647 4381 1702 4428 et
1729 4375 1786 4429 in
1816 4375 2044 4446 agnitio-

444 4477 571 4518 nem
598 4464 840 4518 veritatis
865 4465 1072 4532 venire,
1104 4465 1198 4520 sed
1227 4463 1348 4520 ideo
1376 4481 1480 4521 non
1521 4467 1764 4533 veniunt,
1795 4469 1916 4538 quia
1939 4468 2040 4538 ipsi

447 4555 656 4620 nolunt;
681 4570 778 4609 cur
803 4564 881 4610 tot
909 4555 1076 4610 millia
1100 4555 1466 4626 parvulorum,
1498 4557 1588 4627 qui
1627 4573 1733 4612 non
1783 4567 2040 4630 percepto

443 4648 772 4718 Baptismate
801 4648 1122 4714 moriuntur,
1170 4664 1273 4704 non
1313 4650 1534 4704 veniunt
1575 4649 1630 4704 in
1655 4667 1878 4722 regnum
1907 4653 2034 4720 Dei,

435 4737 534 4794 'ubi
559 4749 704 4795 certa
731 4749 815 4794 est
844 4739 1044 4810 agnitio
1071 4739 1315 4795 veritatis
1338 4739 1652 4812 ‘l‘Numquid
1677 4751 1766 4796 aut
1793 4743 2038 4801 homines

447 4849 555 4888 non
581 4841 726 4898 sunt,
751 4841 812 4888 ut
835 4847 940 4887 non
963 4832 1268 4902 pertineant
1296 4833 1362 4887 ad
1415 4832 1468 4888 id
1499 4833 1641 4904 quod
1683 4834 1880 4890 dictum
1911 4845 1993 4892 est
2020 4879 2035 4903 ,

442 4940 614 4978 omnes
644 4925 910 4979 homines?
937 4931 1029 4978 aut
1052 4925 1245 4994 aliquis
1265 4925 1465 4995 poterit
1491 4925 1688 4990 dicere,
1725 4927 1866 4982 Deus
1913 4928 2040 4998 qui-

443 5014 566 5069 dem
595 5013 728 5078 vult,
756 5014 851 5069 sed
879 5015 978 5085 ipsi
1010 5015 1218 5082 nolunt;
1242 5015 1332 5085 qui
1351 5015 1586 5070 nondum
1617 5017 1753 5072 velle
1775 5033 1870 5073 seu
1893 5019 2037 5075 nolle

441 5115 544 5158 ista
575 5115 858 5171 noverunt,
891 5108 1104 5176 quando
1135 5122 1235 5161 nec
1261 5106 1321 5173 ii,
1346 5107 1435 5176 qui
1467 5109 1670 5178 parvuli
1701 5109 2036 5179 baptizantur

444 5205 607 5266 atque
632 5195 956 5263 moriuntur,
982 5205 1035 5250 et
1057 5213 1154 5267 per
1179 5198 1324 5252 illam
1355 5197 1581 5269 gratiam
1611 5199 1678 5254 ad
1707 5201 2035 5271 agnitionem

442 5285 686 5342 veritatis
711 5301 832 5356 qua:
858 5286 910 5340 in
939 5303 1106 5358 regno
1161 5289 1254 5342 Dei
1300 5298 1388 5344 est
1433 5292 1728 5346 certissima
1773 5293 2033 5361 veniunt,

443 5380 567 5436 ideo
587 5381 832 5447 veniunt,
855 5381 978 5450 quia
1014 5380 1116 5450 ipsi
1155 5384 1400 5438 renovari
1456 5382 1652 5440 Christi
1707 5385 2034 5456 Baptismate

438 5471 751 5528 Voluerunt?
773 5472 904 5525 Cum
939 5487 1068 5542 ergo
1097 5487 1196 5528 nec
1223 5473 1296 5528 illi
1328 5485 1605 5545 propterea
1634 5492 1737 5531 non
1764 5477 2037 5548 baptizen-

441 5575 528 5621 tur
551 5563 673 5636 quia
703 5565 912 5626 nolunt,
947 5579 1045 5618 nec
1073 5566 1158 5620 isti
1193 5575 1474 5636 pmpterca
1515 5568 1856 5636 baptizentur
1908 5571 2032 5641 quia

442 5658 818 5723 volunt';cnr
843 5657 982 5710 Deus
1029 5659 1115 5726 qui
1171 5657 1285 5711 vult
1335 5673 1521 5712 omnes
1571 5659 1816 5716 homines
1859 5662 2036 5718 salvos

499 5773 520 5804 ι
558 5768 784 5832 Plerique
805 5776 930 5828 Mss,
955 5769 1197 5832 mtemitas
1220 5767 1402 5820 salutis.

500 5833 525 5863 ι
547 5833 620 5899 sic
659 5830 782 5899 ttSs._
803 5838 854 5878 At
880 5831 1013 5899 editi,
1042 5830 1154 5894 quia
1179 5832 1444 5890 noluerunt,
1470 5845 1555 5883 nec
1580 5833 1656 5884 isti
1680 5841 1933 5899 propterea
1955 5835 2036 5888 ba-

439 5898 677 5952 pttsentur
701 5891 814 5955 qza’a
837 5891 1014 5943 nolunt.

1259 394 1538 452 CONTRA
1575 395 1912 454 JULIANUM
1955 393 2415 463 PBLAGIANUM,
2456 391 2512 448 S.
2555 393 2920 454 AUGUSTINI

3667 397 3764 458 ’1Βο

2177 506 2312 572 fieri,
2340 515 2394 562 et
2415 507 2470 562 in
2490 506 2814 577 agnitionem
2851 509 3090 566 veritatis
3122 510 3325 580 venire,
3349 519 3461 568 tam
3483 513 3684 570 multos
3713 517 3760 570 in

2139 611 2396 678 regnum
2443 612 2621 666 suum,
2678 598 2780 654 ubi.
2816 610 2900 656 est
2948 609 3092 656 certa
3124 603 3369 660 veritatis
3417 605 3641 676 agnitio,
3669 607 3758 678 qui

2175 686 2400 742 nulloei
2429 687 2686 744 resistunt
2710 690 2999 748 voluntatis
3018 692 3260 762 arbitrio,
3291 693 3490 765 patitur
3517 712 3624 753 non
3661 713 3746 752 vc-
3825 708 3827 710 '

2174 781 2326 836 nire?
3167 791 3170 794 λ

2245 874 2335 930 ἄδι
2357 873 2469 930 Nisi
2495 874 2632 932 forte
2661 875 2900 934 dicturus
2927 894 3024 948 es,
3073 879 3195 937 ideo
3248 883 3497 952 parvulos
3547 898 3653 938 non
3704 883 3755 940 in

2171 977 2356 1019 eorum
2383 981 2607 1022 numero
2633 969 2982 1040 deputandos,
3030 987 3167 1042 quos
3215 972 3358 1028 Deus
3404 989 3593 1030 omnes
3645 976 3758 1030 vult

2171 1057 2348 1113 salvos
2376 1057 2514 1125 fieri,
2544 1059 2663 1129 quia
2693 1075 2755 1114 ea
2787 1061 2978 1129 salute,
3009 1077 3130 1142 quae
3158 1063 3245 1118 hic
3273 1064 3612 1136 intelligenda
3634 1077 3715 1121 est
3739 1109 3754 1134 ,

2169 1149 2302 1206 salvi
2331 1160 2456 1206 sunt
2475 1151 2596 1222 ipsi,
2626 1152 2758 1208 nihil
2781 1153 3052 1210 trahentes
3081 1157 3298 1211 omnino
3327 1159 3552 1227 peccati.
3581 1159 3755 1230 Atque

2169 1241 2239 1296 ita
2268 1252 2319 1298 te
2347 1244 2733 1302 intolerabilior
2778 1255 3034 1318 sequetur
3084 1249 3406 1306 absurditas.
3455 1251 3564 1308 lsto
3612 1255 3755 1308 enim

2167 1331 2329 1388 modo
2358 1333 2845 1393 benevolentiorem
2873 1337 3000 1393 facis
3029 1339 3196 1396 Deum
3222 1342 3470 1397 omnibus
3505 1345 3758 1414 impiissil-

2166 1423 2269 1478 mis
2295 1433 2348 1480 et
2371 1425 2799 1483 sceleratissimis
2827 1427 3156 1493 hominibus.
3186 1446 3344 1502 quam
3373 1433 3750 1490 innocentissi-

2166 1519 2268 1574 mis
2293 1529 2348 1574 et
2375 1520 2678 1590 purissimis
2702 1521 2770 1578 ab
2795 1523 2942 1578 omni
2983 1523 3104 1580 labe
3152 1525 3358 1595 peccati
3383 1544 3395 1578 :
3424 1526 3756 1596 quandoqui-

2163 1607 2287 1664 dem
2309 1609 2450 1678 illos,
2479 1611 2601 1682 quia
2621 1613 2734 1667 vult
2762 1627 2856 1668 eos
2883 1628 3071 1669 omnes
3099 1614 3276 1670 salvos
3307 1615 3442 1680 fieri,
3461 1619 3574 1672 vult
3594 1618 3754 1672 etiam

2165 1702 2367 1759 intrare
2395 1704 2448 1758 in
2469 1720 2690 1774 regnum
2721 1720 2878 1761 suum
2909 1724 2921 1762 :
2955 1707 3057 1762 hoc
3083 1715 3168 1763 est
3220 1708 3362 1763 enim
3409 1709 3516 1763 illis
3563 1724 3753 1764 conse-

2163 1809 2354 1866 quens,
2387 1795 2432 1850 si
2457 1796 2588 1850 salvi
2628 1795 2828 1853 fuerint
2859 1815 2872 1851 :
2901 1797 2994 1853 sed
3037 1798 3126 1869 qui
3161 1798 3369 1863 nolunt,
3403 1799 3502 1868 ipsi
3531 1799 3630 1855 sibi
3653 1799 3752 1854 ob-

2162 1893 2305 1941 sunt.
2349 1885 2674 1942 Immensum
2721 1903 2851 1943 vero
2901 1904 3182 1944 numerum
3238 1888 3602 1958 parvulorum,
3660 1889 3752 1960 qui

2161 1977 2278 2034 sine
2318 1977 2644 2048 Baptismate
2686 1980 3030 2049 moriuntur,
3074 1996 3172 2035 suo
3216 1996 3384 2051 regno
3433 1982 3592 2050 adjici
3645 1998 3762 2037 non

2159 2069 2294 2136 vult,
2325 2084 2460 2140 quos
2487 2086 2660 2141 neque
2687 2071 2794 2126 ulla
2823 2081 3061 2142 peccata,
3104 2073 3241 2127 sicut
3297 2072 3494 2142 putatis
3521 2113 3536 2140 ,
3585 2073 3754 2142 impe-

2157 2163 2328 2230 diunt;
2359 2171 2432 2228 et,
2461 2164 2604 2234 quod
2631 2165 2807 2220 nullus
2827 2165 3067 2235 ambigit,
3093 2165 3210 2235 ejus
3256 2165 3511 2220 resistere
3555 2165 3748 2220 volun-

2159 2256 2254 2310 tati
2279 2256 2544 2312 contraria
2585 2257 2856 2312 voluntate
2897 2272 3004 2312 non
3032 2265 3276 2326 possunt.
3325 2255 3414 2312 Sic
3465 2255 3524 2310 fit
3553 2245 3749 2313 utesse

2157 2346 2476 2404 christianos
2496 2363 2684 2404 omnes
2699 2349 2844 2416 velit,
2863 2363 3090 2418 quorum
3107 2347 3260 2403 multi
3282 2347 3490 2412 nolunt;
3511 2363 3614 2402 non
3632 2363 3748 2402 om-

2156 2454 2254 2494 nes
2277 2441 2423 2503 velit,
2452 2455 2678 2510 quorum
2707 2448 2961 2496 estnemo
2977 2439 3068 2511 qui
3083 2440 3250 2496 nolit:
3276 2439 3417 2510 quod
3445 2439 3743 2495 abhorreta

2155 2546 2304 2586 vero.
2327 2531 2485 2588 Novit
2507 2533 2760 2588 Dominus
2781 2534 2870 2604 qui
2891 2543 3012 2588 sunt
3034 2533 3150 2604 ejus
3181 2533 3246 2606 (Il
3273 2533 3408 2588 Tim.
3431 2549 3490 2600 ιι,
3523 2533 3611 2604 19)
3647 2551 3660 2588 :
3691 2541 3746 2590 et

2154 2621 2208 2678 in
2230 2639 2414 2680 eorum
2449 2626 2620 2682 salute
2645 2633 2800 2697 atque
2828 2626 2882 2681 in
2910 2643 3064 2681 suum
3095 2643 3320 2698 regnum
3352 2627 3745 2682 introductione

2153 2725 2298 2771 certa
2324 2725 2406 2772 est
2435 2718 2680 2772 Voluntas
2722 2717 2858 2787 ejus.
2889 2717 2978 2772 Sic
3006 2733 3133 2788 ergo
3167 2718 3325 2773 debet
3353 2718 3570 2788 intelligi
3600 2717 3742 2788 quod

2153 2807 2364 2862 dictum-
2381 2817 2482 2874 est,
2517 2807 2702 2864 Omnes
2723 2809 2948 2863 homines
2977 2808 3080 2862 vult
3099 2809 3264 2863 salvos
3286 2809 3418 2878 fieri,
3442 2818 3486 2864 et
3511 2811 3563 2863 in
3592 2809 3742 2880 agni-

2154 2898 2340 2952 tionem
2379 2898 2600 2952 veritatis
2649 2899 2814 2953 venire
2841 2900 2898 2966 ¹;
2932 2899 3380 2969 quemadmodum
3433 2899 3743 2970 intelligitur

2152 2989 2294 3058 quod
2316 2988 2515 3044 dictum
2533 2998 2635 3055 est,
2658 2989 2762 3043 Per
2787 2991 2935 3044 unius
2949 2991 3367 3062 justiﬁcationem
3383 2991 3436 3046 in
3454 3007 3625 3047 omnes
3647 2993 3742 3046 ho-

2151 3082 2310 3136 mines
2330 3081 2398 3136 σά
2413 3083 2830 3154 justiﬁcationem
2857 3085 2989 3140 vitae.

2222 3173 2313 3230 Μ.
2345 3173 2497 3241 Quod
2517 3175 2870 3246 apostolicum
2903 3175 3266 3231 testimonium
3291 3177 3336 3231 si
3373 3191 3439 3232 eo
3468 3176 3628 3233 modo
3657 3177 3742 3232 in-

2152 3266 2494 3337 telligendum
2535 3276 2712 3337 putas,
2745 3276 2802 3322 ut
2823 3267 2969 3323 dicas
3021 3285 3192 3323 omnes
3239 3269 3444 3340 positos
3487 3284 3608 3324 esse
3649 3285 3743 3339 pro

2150 3357 2347 3424 Multis,
2375 3359 2461 3427 qui
2483 3359 2844 3428 justificantur
2871 3359 2922 3414 in
2954 3359 3169 3414 Christo
3201 3358 3394 3433 (multi
3427 3362 3624 3431 quippe
3654 3361 3742 3416 alii

2151 3467 2258 3505 non
2289 3451 2625 3506 viviﬁcantur
2673 3451 2728 3506 in
2775 3452 2993 3508 Christo
3024 3451 3082 3525 ⁸)
3111 3471 3124 3506 :
3149 3453 3562 3523 respondebitur
3603 3454 3695 3509 tibi
3724 3496 3740 3520 ,

2149 3540 2231 3595 sic
2259 3541 2418 3596 etiam
2451 3542 2558 3597 illic
2586 3542 2676 3597 ubi
2698 3543 2897 3598 dictum
2924 3551 3028 3610 est,
3048 3541 3235 3600 Omnes
3261 3545 3487 3600 homines
3507 3545 3612 3599 vult
3635 3545 3741 3600 sal-

2149 3646 2235 3686 vos
2259 3633 2392 3701 ﬁeri,
2417 3642 2464 3686 et
2485 3633 2538 3688 in
2565 3635 2870 3703 agnitionem
2895 3636 3118 3690 veritatis
3147 3636 3311 3690 venire
3334 3652 3354 3700 ;
3384 3635 3568 3691 Omnes
3598 3637 3742 3706 posi-

2149 3733 2232 3777 tos
2253 3738 2372 3778 esse
2401 3739 2496 3794 pro
2525 3725 2720 3792 Multis,
2753 3741 2888 3796 quos
2915 3726 2983 3781 ad
3035 3727 3193 3782 istam
3235 3727 3464 3798 gratiam
3499 3729 3616 3783 vult
3657 3744 3741 3785 ve-

2149 3814 2282 3869 nire.
2315 3813 2468 3881 Quod
2489 3816 2658 3871 multo
2686 3817 3090 3873 convenientius
3121 3829 3339 3889 propter
3363 3819 3468 3874 hoc
3493 3820 3742 3889 intelligi-

2149 3914 2237 3958 tur
2263 3905 2488 3972 dictum,
2519 3907 2642 3976 quia
2670 3923 2830 3962 nemo
2858 3909 3036 3976 venit,
3069 3909 3171 3964 nisi
3211 3925 3372 3979 quem
3399 3911 3579 3964 venire
3629 3910 3742 3980 ipse

2147 3995 2392 4050 voluerit.
2425 3996 2592 4051 Nemo
2619 4007 2775 4068 potest
2801 4000 2972 4053 venire
2999 3999 3067 4052 ad
3095 4017 3193 4066 me,
3221 4001 3391 4071 inquit
3417 4001 3584 4056 Filius
3609 4043 3623 4068 ,
3643 4001 3741 4054 nisi

2157 4085 2330 4155 Pater,
2357 4088 2444 4159 qui
2464 4090 2600 4143 misit
2623 4107 2724 4159 me,
2751 4093 2964 4145 traxerit
2989 4109 3126 4159 eum;
3157 4101 3230 4160 et,
3265 4093 3431 4148 Nemo
3465 4103 3626 4165 potest
3655 4111 3738 4149 ve-

2148 4178 2257 4231 nire
2281 4178 2358 4231 ad.
2375 4195 2471 4246 me,
2493 4180 2591 4234 nisi
2617 4181 2771 4250 fuerit
2791 4183 2838 4235 ei
2857 4181 3032 4236 datum
3054 4199 3086 4236 a
3111 4182 3265 4238 Patre
3309 4201 3419 4239 meo
3446 4185 3624 4255 (Joan.
3661 4201 3737 4250 γι,

2147 4267 2276 4322 Met
2291 4268 2402 4340 66).
2431 4269 2630 4324 Omnes
2658 4285 2786 4340 ergo
2814 4271 2903 4341 qui
2925 4271 3058 4327 salvi
3083 4273 3234 4338 fiunt,
3265 4283 3320 4329 et
3347 4275 3736 4346 inagnitionetn

2147 4359 2371 4413 veniunt
2397 4360 2756 4426 veritatis,.eo
2780 4363 2994 4418 volente
3040 4364 3174 4420 salvi
3223 4365 3377 4432 ﬁunt,
3411 4382 3476 4421 eo
3529 4368 3739 4422 volente

2145 4449 2389 4504 veniunt.
2412 4450 2546 4518 Quia
2575 4460 2630 4506 et
2657 4453 2746 4521 qui
2777 4454 3013 4510 nondum
3045 4455 3086 4522 ³,
3117 4456 3255 4511 sicut
3303 4459 3548 4527 parvuli,
3577 4469 3737 4512 utun-

2147 4548 2236 4596 tur
2261 4541 2552 4597 voluntatis
2576 4543 2820 4612 arbitrio,
2849 4561 2914 4601 eo
2942 4545 3156 4602 volente
3181 4558 3566 4618 regenerantur
3593 4591 3608 4616 ,
3633 4565 3738 4619 quo

2145 4642 2366 4688 creante
2407 4644 2775 4704 generantur:
2809 4645 2866 4692 et
2910 4637 3000 4708 qui
3031 4637 3141 4707 jam
3182 4647 3403 4694 utuntur
3450 4640 3739 4696 voluntatis

2145 4722 2390 4792 arbitrio,
2421 4725 2611 4781 nisieo
2633 4727 2846 4787 volente
2867 4743 2930 4784 ac
2949 4729 3302 4784 subveniente
3323 4745 3352 4784 a
3377 4745 3483 4800 quo
3525 4747 3736 4802 prtepa-

2147 4826 2295 4872 ratur
2320 4818 2570 4876 voluntas
2593 4819 2777 4893 (Prov.
2802 4837 2913 4888 vni,
2935 4838 3039 4877 sec.
3080 4821 3292 4894 LXX),
3320 4825 3458 4880 velle
3484 4840 3591 4880 non
3616 4839 3738 4898 pos-

2145 4919 2289 4966 sunt.

2217 5003 2311 5059 45.
2339 5003 2442 5059 Ubi
2468 5005 2513 5060 si
2537 5005 2736 5060 dixeris
2758 5005 2911 5072 mihi,
2935 5006 3042 5062 Cur
3059 5021 3186 5078 ergo
3209 5022 3313 5062 non
3337 5009 3734 5064 convcrtitom-

2146 5094 2290 5148 nium
2319 5094 2616 5150 nolentium
2646 5095 2669 5127 ⁵
2693 5097 3025 5152 voluntates?
3068 5098 3402 5167 respondebo
3422 5139 3437 5165 ,
3472 5097 3584 5154 Cur
3633 5117 3734 5158 non

2145 5202 2330 5243 omnes
2359 5187 2648 5242 morituros
2675 5187 2892 5257 adoptat
2915 5189 3127 5244 lavacro
3182 5191 3607 5260 regenerationis
3659 5193 3734 5246 in-

2145 5277 2338 5346 fantes,
2361 5293 2590 5348 quorum
2614 5277 2790 5333 adhuc
2811 5279 2980 5334 nullas
3000 5320 3015 5346 ,
3047 5287 3103 5334 et
3153 5279 3276 5334 ideo
3317 5296 3416 5336 nec
3441 5283 3735 5336 contrarias

2145 5371 2348 5427 invenit
2371 5370 2711 5427 voluntates?
2737 5371 2796 5428 Si
2823 5373 2926 5429 hoc
2957 5372 3272 5445 profundius
3291 5389 3414 5430 esse
3451 5376 3732 5446 perspicis,

2209 5588 2226 5621 ι
2264 5597 2366 5654 Am.
2385 5595 2460 5638 Er.
2483 5597 2536 5640 et
2557 5597 2684 5652 Mss,
2705 5598 2878 5642 Omnes
2896 5590 3109 5642 homines
3127 5592 3223 5642 vult
3245 5605 3438 5654 venire;
3462 5597 3651 5644 onnssis
3669 5599 3728 5642 in-

2145 5651 2398 5700 termediis
2420 5654 2602 5702 verbis.

2209 5714 2227 5743 ³
2263 5720 2354 5761 Hac
2377 5716 2623 5778 sententia
2653 5723 2816 5764 carent
2849 5714 3032 5778 aliquot
3065 5717 3376 5778 manuscripti
3403 5731 3414 5766 :
3445 5724 3489 5768 et
3521 5717 3731 5766 ιιο.ιιιιιι1ι

2145 5773 2268 5840 loco,
2293 5787 2386 5840 non
2419 5775 2734 5838 viviﬁcantur,
2766 5773 2946 5836 ferunt,
2967 5791 3059 5827 non
3070 5773 3422 5840 jttstiﬁcantur.

2209 5837 2229 5866 ³
2261 5837 2332 5884 sic
2355 5837 2680 5900 manuScripti.
2709 5841 2822 5887 Edni
2852 5854 2983 5896 vero,
3009 5837 3126 5898 (nfirt
3150 5837 3238 5889 etei
3261 5842 3490 5890 nondum.

2210 5903 2230 5928 δ
2269 5900 2470 5947 t'atirani
2498 5904 2746 5950 manuscril
2770 5905 2864 5952 lict
2883 5903 2986 5951 fere
3016 5917 3186 5950 animos
3208 5901 3446 5966 militaui,
3465 5904 3737 5954 volentium.
