4118 6566
410 431 511 489 761

396 560 560 619 quam
573 545 738 603 utabs
760 554 813 603 te
834 543 1010 601 valeat
1038 542 1285 610 inveniri;
1318 551 1603 612 utrumque
1645 541 1860 612 utrique
1884 557 1986 598 no~

395 648 567 696 atrum
590 637 916 710 profundum
938 638 1029 707 sit,
1052 653 1150 693 cur
1169 645 1223 693 et
1249 635 1302 691 in
1353 634 1648 705 majoribus
1682 642 1738 690 et
1780 634 1836 690 in
1886 634 1990 690 mi-

394 730 619 786 noribus
640 731 782 786 Deus
804 730 936 786 velit
962 730 1117 785 alteri
1157 736 1214 784 et
1265 727 1400 783 nolit
1450 726 1604 783 alteri
1657 726 1981 805 subvenire:

391 825 519 883 dum
548 836 728 883 tamen
771 834 976 883 certum
997 836 1052 882 et
1080 823 1351 880 immobile
1391 831 1688 888 teneamus,
1731 838 1837 877 non
1863 835 1985 877 esse

398 918 732 990 iniquitatem
753 918 892 989 apud
915 919 1084 973 Deum
1117 915 1290 989 (Rom.
1309 932 1385 983 ix,
1409 916 1518 986 14),
1535 930 1638 985 qua
1659 928 1989 985 quemquam

388 1012 511 1067 sine
536 1011 694 1067 malis
714 1011 918 1067 meritis
939 1011 1191 1076 damnet;
1232 1017 1287 1069 et
1323 1023 1445 1063 esse
1491 1006 1783 1062 bonitatem
1839 1005 1980 1076 apud

385 1101 577 1168 Deum,
608 1117 713 1173 qua
742 1102 940 1158 multos
958 1102 1075 1157 sine
1099 1101 1253 1157 bonis
1282 1100 1490 1155 meritis
1507 1099 1730 1154 liberet:
1753 1097 1978 1153 demort-

381 1203 561 1250 strans
590 1194 643 1249 in
672 1196 752 1250 eis
776 1208 911 1267 quos
930 1194 1147 1259 damnat
1173 1193 1299 1265 quid
1326 1193 1575 1249 omnibus
1604 1191 1880 1257 debeatur;
1916 1198 1977 1246 ut

382 1284 513 1343 hinc
542 1286 754 1344 discant
779 1302 914 1359 quos
935 1287 1146 1355 liberat,
1174 1302 1292 1356 qua:
1317 1285 1421 1341 sibi
1468 1276 1833 1355 pwna'debita
1880 1297 1972 1339 re-

344 1386 349 1391 ‘
381 1377 613 1446 laxetur,
641 1387 699 1436 et
716 1394 836 1450 quae
858 1378 1093 1435 indebita
1117 1378 1285 1450 gratia
1311 1376 1663 1433 condonetur.

392 1470 401 1477 ’
444 1469 536 1526 ιϐ.
565 1471 693 1527 Haec
717 1480 772 1526 ut
797 1470 1103 1526 christianis
1128 1468 1381 1525 cordibus
1433 1466 1686 1524 convenit
1733 1466 1970 1538 cogitare

370 1560 613 1628 nescitis,
641 1569 697 1617 et
712 1577 809 1617 vos
828 1561 1005 1632 potius
1037 1558 1335 1616 secundum
1386 1567 1621 1614 vestram
1647 1557 1966 1613 sententiam

367 1650 481 1709 fato
501 1653 601 1708 ista
625 1652 802 1709 dicitis
831 1652 968 1708 ﬁeri.
996 1651 1188 1708 Vestra
1216 1651 1432 1722 quippe,
1465 1665 1573 1706 non
1604 1657 1785 1704 nostra
1835 1662 1965 1704 sen-

366 1745 534 1799 tentia
557 1752 661 1812 est,
695 1762 715 1797 ‹
758 1743 869 1800 lato
898 1744 1014 1800 ﬁeri
1053 1742 1197 1814 quod
1248 1742 1443 1798 merito
1479 1757 1587 1797 non
1630 1740 1707 1794 ﬁt.
1748 1758 1769 1793 ι
1800 1739 1868 1794 Et
1895 1753 1969 1795 ne

364 1837 661 1892 secundum
690 1836 849 1894 istam
874 1836 1242 1892 deﬁnitionem
1280 1835 1392 1890 fato
1436 1833 1566 1889 ﬁant
1608 1832 1919 1890 hominibus
1942 1869 1961 1900 ,

306 1935 312 1939 ’
361 1928 417 1984 si
439 1928 647 1984 meritis
669 1944 775 1983 non
821 1928 971 1996 ﬁant,
1002 1943 1353 2000 quatcumque
1382 1927 1550 1993 ﬁunt;
1604 1926 1725 1981 ideo
1767 1925 1959 1980 merita

358 2019 444 2074 vel
462 2019 600 2075 bona
630 2020 714 2074 vel
736 2019 896 2084 mala,
925 2029 1181 2090 quantum
1214 2019 1459 2089 potestis,
1484 2016 1726 2073 asseritis
1749 2058 1764 2083 ,
1792 2032 1861 2072 ne
1880 2015 1960 2071 fa-

359 2122 472 2168 tum
518 2112 588 2168 sit
624 2127 990 2183 consequens,
1038 2112 1083 2168 si
1124 2112 1315 2167 merita
1352 2110 1697 2181 negaveritis.
1732 2110 1812 2164 Ac
1858 2123 1956 2177 per

356 2201 463 2259 hoc
487 2202 683 2259 dicitur
706 2204 879 2272 vobis,
902 2203 958 2260 Si
990 2220 1052 2260 ea
1073 2220 1192 2276 qum
1215 2204 1377 2259 nullis
1397 2203 1604 2259 meritis
1628 2210 1953 2274 praestantur

352 2294 681 2365 hominibus,
715 2297 826 2353 fato
852 2298 967 2354 ﬁeri
993 2297 1105 2368 jam
1135 2312 1359 2353 necesse
1383 2305 1487 2364 est,
1517 2306 1574 2352 et
1599 2296 1721 2351 ideo
1760 2295 1950 2350 merita

351 2387 639 2445 astruenda
667 2397 812 2457 sunt,
845 2405 915 2445 ne
939 2390 1105 2444 fatum
1139 2391 1206 2445 sit
1234 2404 1570 2461 consequens
1598 2430 1613 2455 ,
1659 2388 1707 2443 si
1758 2386 1949 2442 merita

349 2492 459 2534 non
479 2488 606 2535 sunt
636 2498 650 2535 :
681 2479 791 2537 fato
820 2479 1180 2550 baptizantur,
1214 2479 1323 2535 fato
1374 2481 1575 2535 intrant
1626 2480 1679 2534 in
1721 2493 1945 2549 regnum

347 2567 445 2624 Dei
472 2570 700 2639 parvuli,
732 2586 959 2642 quorum
980 2571 1117 2626 bona
1144 2572 1335 2626 merita
1361 2572 1505 2626 nulla
1533 2580 1691 2637 sunt;
1724 2579 1778 2625 et
1826 2584 1946 2624 rur-

343 2672 460 2726 sus,
490 2659 597 2715 fato
623 2676 729 2715 non
751 2660 1107 2731 baptizantur,
1132 2661 1240 2717 fato
1270 2675 1377 2717 non
1408 2661 1609 2716 intrant
1633 2660 1686 2715 in
1715 2674 1949 2729 regnum'

343 2749 441 2807 Dei
469 2752 695 2822 parvuli,
718 2767 945 2822 quorum
985 2753 1126 2807 mala
1176 2753 1365 2808 merita
1421 2752 1565 2807 nulla
1620 2759 1764 2806 sunt.
1800 2750 1943 2806 Ecce

345 2842 527 2913 pusilli
553 2842 645 2913 qui
671 2842 770 2899 fari
805 2854 1096 2915 nequeunt,
1147 2859 1243 2900 vos
1288 2848 1463 2915 potius
1506 2855 1800 2900 assertores
1844 2844 1941 2899 fati

337 2944 464 2990 esse
485 2934 829 2990 cenvincunt.
858 2934 967 2989 Nos
996 2943 1174 2991 autem
1201 2950 1323 2991 cum
1351 2937 1551 2991 vitiatte
1576 2937 1796 3007 originis
1823 2952 1938 2990 ma-

337 3022 390 3080 la
419 3026 609 3081 merita
632 3041 753 3082 esse
780 3026 1044 3095 dicamus,
1072 3028 1243 3097 gratia
1256 3027 1492 3083 dicimus
1519 3028 1720 3083 intrare
1745 3043 1938 3098 parvu-

336 3114 530 3171 Iumiu
556 3132 781 3187 regnum
835 3118 952 3183 Dei,
999 3118 1252 3189 quoniam
1297 3117 1474 3173 bonus
1516 3126 1600 3173 est
1646 3119 1827 3182 Deus;
1882 3126 1941 3174 ct

334 3206 503 3263 alium
529 3210 725 3264 merito
745 3224 850 3265 non
873 3210 1097 3277 intrare,
1129 3210 1383 3281 quoniam
1415 3210 1594 3280 justus
1618 3219 1701 3265 est
1752 3211 1928 3276 Deus;

333 3300 466 3357 etin
502 3308 697 3356 neutro
746 3317 868 3357 esse
917 3301 1125 3368 fatum,
1175 3301 1426 3373 quoniam
1479 3302 1621 3372 quod
1655 3302 1769 3357 vult
1810 3302 1933 3356 facit

332 3391 500 3449 Deus.
530 3392 637 3449 Sed
660 3408 781 3448 cum
804 3391 1039 3449 sciamus
1086 3391 1156 3447 ab
1173 3407 1261 3460 eo,
1291 3394 1378 3448 cui
1429 3393 1851 3448 misericordiam
1877 3401 1943 3449 et'

331 3482 588 3556 judicium
607 3484 748 3539 lideli
777 3499 911 3540 voce
957 3492 1239 3540 cantamus
1267 3482 1439 3557 (Psal.
1467 3499 1518 3551 c,
1552 3485 1631 3555 l),
1660 3485 1818 3539 istum
1838 3498 1930 3539 se-

330 3574 568 3631 cundum
589 3574 849 3646 judicium
879 3575 1145 3642 damnari,
1176 3576 1325 3630 illum
1371 3574 1665 3631 secundum
1712 3575 1927 3631 miseri-

330 3667 570 3724 cordiam
606 3668 863 3735 liberari;
895 3683 993 3724 cur
1028 3669 1190 3724 istum
1222 3669 1400 3738 potius
1438 3684 1597 3739 quam
1645 3668 1792 3723 illum
1832 3668 1927 3723 da-

330 3768 475 3815 mnet
492 3767 583 3813 aut
599 3759 809 3825 liberet,
827 3774 927 3815 uos
942 3760 1032 3831 qui
1050 3775 1234 3816 sumus
1246 3759 1334 3830 qui
1357 3759 1774 3830 respondeamus
1794 3758 1945 3815 Deo?‘

329 3847 599 3921 Numquid
627 3849 760 3906 dicit
788 3849 1101 3921 ﬁgmentum
1132 3852 1181 3906 ei
1203 3850 1294 3922 qui
1319 3865 1379 3906 se
1410 3850 1599 3916 ﬁnxit,
1627 3851 1804 3919 Quare
1847 3851 1926 3908 sic

329 3957 418 3998 me
433 3942 844 3999 fecisti?Aunou
876 3942 1035 3999 habet
1060 3952 1380 4014 potestatein
1412 3943 1607 4014 ﬁgulus
1630 3944 1724 3999 luti
1749 3960 1817 4001 ex
1829 3960 1925 4000 ea-

328 4035 455 4093 dem
506 4051 683 4092 massa
737 4037 958 4109 originis
1003 4038 1201 4094 vitiatae
1239 4047 1401 4110 atque
1443 4038 1709 4093 damnata:
1749 4037 1926 4096 facere

327 4127 472 4184 aliud
491 4142 585 4182 vas
615 4128 667 4182 in
714 4128 977 4185 honorem
1025 4129 1316 4185 secundum
1361 4129 1821 4199 misericordiam,
1870 4143 1926 4187 et

327 4217 483 4273 aliud
507 4217 559 4272 in
588 4218 967 4291 contumeliam
997 4220 1292 4276 secundum
1314 4220 1574 4291 judicium
1622 4221 1812 4296 (Rom.
1837 4238 1920 4293 ιιι,

326 4307 419 4377 20,
446 4308 728 4383 2|)?‘ldeo
753 4326 860 4365 non
884 4320 1167 4384 utrumque
1196 4312 1251 4368 in
1278 4312 1559 4380 honorem,
1589 4330 1657 4370 ne
1681 4315 1784 4371 hoc
1802 4330 1919 4371 me-

324 4403 503 4459 misse
527 4418 587 4459 se
612 4403 880 4459 existimet
916 4411 1168 4475 tanquam
1214 4405 1483 4476 inculpata
1536 4414 1726 4462 natura
1759 4425 1772 4461 :
1801 4406 1922 4464 ideo

324 4512 435 4552 non
469 4503 755 4566 utrumque
782 4496 835 4551 in
862 4497 1262 4564 contumeliam,
1304 4509 1361 4553 ut
1410 4499 1616 4569 judicio
1658 4514 1920 4570 superex-

322 4588 491 4644 sultet
520 4587 929 4643 "misericordia
959 4587 1162 4659 (Jacobi
1190 4605 1248 4658 ιι,
1281 4589 1394 4662 l3).
1441 4589 1521 4646 Ac
1544 4606 1641 4661 per
1673 4590 1779 4647 hoc
1820 4607 1923 4649 nec

324 4678 611 4735 damnatus
635 4695 703 4736 ex
730 4679 914 4736 debito
941 4679 1008 4737 de
1035 4682 1297 4751 supplicio
1330 4683 1473 4754 juste
1515 4684 1777 4755 queritur,
1820 4700 1921 4742 nec

325 4768 587 4825 liberatus
614 4769 780 4841 gratis
808 4769 876 4825 de
905 4771 1101 4829 merito
1127 4772 1359 4842 superbe
1382 4773 1661 4843 gloriatur;
1693 4775 1920 4845 sed‘po-

324 4862 433 4919 tius
460 4862 736 4919 humiliter
750 4863 954 4936 gratias
972 4863 1100 4935 agit,
1130 4864 1343 4934 quando
1382 4864 1436 4919 in
1463 4865 1555 4919 illo
1578 4880 1606 4919 a
1630 4881 1737 4936 quo
1762 4865 1920 4922 debi-

322 4963 438 5010 tum
464 4955 717 5029 exigitur,
747 4956 876 5029 quid
902 4956 960 5014 in
983 4955 1171 5013 eadem
1212 4971 1373 5012 causa
1423 4957 1527 5013 sibi
1563 4956 1794 5014 donetur
1820 4974 1920 5030 ag-

321 5049 515 5104 noscit.

390 5142 482 5197 47.
506 5140 718 5198 Asseris
744 5154 831 5197 me
853 5140 907 5197 in
931 5140 1039 5197 alio
1063 5140 1203 5197 lib'ro
1234 5156 1356 5197 meo
1380 5140 1583 5198 dixisse
1606 5182 1622 5209 ,
1657 5158 1679 5194 ς
1724 5140 1917 5214 Negari

322 5232 552 5289 liberum
576 5233 877 5303 arbitrium,
901 5237 946 5291 si
968 5235 1141 5306 gratia
1165 5234 1612 5302 commendetur;
1642 5243 1698 5291 et
1723 5235 1917 5291 iterum

321 5325 502 5396 negari
522 5324 774 5398 gratiam,
805 5324 851 5380 si
869 5325 1096 5381 liberum
1114 5325 1523 5382 commendetur
1547 5324 1852 5382 arbitrium.
1891 5342 1912 5379 ι

320 5414 677 5472 Calumniaris
709 5435 724 5473 :
754 5433 861 5474 non
887 5417 988 5474 hoc
1015 5433 1048 5473 a
1073 5434 1161 5475 me
1176 5418 1375 5475 dictum
1401 5427 1504 5485 est,
1536 5419 1633 5475 sed
1686 5429 1919 5493 propter

319 5508 488 5582 ipsius
512 5510 823 5582 quaestionis
850 5509 1215 5567 difﬁcultatem
1265 5510 1435 5567 videri
1487 5509 1591 5568 hoc
1630 5526 1789 5583 posse
1834 5512 1916 5569 di-

321 5611 467 5659 ctum
495 5611 658 5661 estet
683 5605 875 5675 putari.
901 5603 1019 5661 Non
1059 5612 1143 5662 est
1192 5604 1421 5663 multum
1472 5614 1533 5662 ut
1588 5605 1701 5678 ipsa
1752 5607 1915 5664 verba

383 5869 396 5899 '
432 5872 519 5922 Am
564 5878 613 5923 et
638 5879 725 5921 ,διες
750 5908 760 5927 ,
787 5870 1126 5931 sumi-exultet.
1206 5876 1215 5880 “

1741 421 1947 478 LIBER
1987 422 2333 491 QUARTUS.

3594 455 3697 514 76‘!

2099 556 2221 639 mea
2248 558 2463 614 ponam,
2488 548 2629 606 unde
2669 551 2887 612 videant
2913 558 3006 628 qui
3049 558 3164 617 haec
3191 561 3397 635 lcgant,
3428 572 3692 639 quemad-

2097 637 2318 693 modum
2343 640 2559 711 scriptis
2584 644 2722 701 meis
2751 646 3019 706 insidieris
3041 692 3058 718 ,
3103 660 3160 710 et
3210 672 3313 727 qua
3359 637 3687 722 conscientia

2096 730 2179 784 vel
2206 730 2390 797 tardis,
2416 733 2503 789 vel
2534 734 2734 806 ignaris
2760 740 3013 801 cordibus
3048 745 3287 805 ahutaris
3308 792 3323 817 ,
3361 761 3419 807 ut
3467 754 3589 810 ideo
3635 767 3689 815 te

2092 820 2401 877 existiment
2420 828 2771 896 respondere,
2798 834 2922 902 quia
2947 839 3162 892 nonivis
3190 847 3388 897 tacere.
3420 843 3476 897 ln
3505 848 3709 904 novis-1

2090 912 2241 969 simis
2261 916 2403 972 enim
2432 921 2671 988 partibus
2703 924 2860 993 primi
2890 927 3009 983 libri
3050 931 3154 986 mei
3200 933 3267 987 ad
3314 948 3554 991 sanctum
3591 939 3682 995 Pi-

2060 1005 2325 1075 'nianum,
2357 1011 2512 1079 cujus
2562 1021 2655 1068 est
2690 1016 2909 1084 titulus,
2956 1020 3032 1076 De
3073 1024 3242 1092 gratia
3287 1037 3471 1082 contra
3524 1029 3681 1085 Pela-

2083 1097 2226 1166 gium
2252 1099 2269 1130 ί
2303 1115 2317 1154 :
2355 1118 2376 1152 «
2415 1101 2538 1169 Ista,
2564 1121 2583 1156 ι
2612 1105 2848 1176 inquam,
2881 1128 2900 1162 ‹
2932 1114 3158 1182 qumstio
3204 1116 3294 1171 ubi
3349 1119 3418 1174 de
3456 1121 3680 1178 arbitrio

2082 1187 2372 1246 voluntatis
2400 1202 2453 1246 et
2485 1193 2577 1249 Dei
2608 1197 2772 1266 gratia
2797 1198 3120 1270 disputatur,
3144 1205 3214 1259 ita
3244 1216 3327 1261 est
3365 1208 3433 1263 ad
3468 1210 3671 1267 discer-

2080 1279 2315 1334 nendum
2337 1281 2591 1352 difﬁcilis,
2618 1296 2678 1341 ut
2702 1289 2914 1358 quando
2948 1292 3253 1351 defenditur
3282 1298 3505 1356 liberum
3533 1303 3675 1359 πωλ-

2079 1369 2259 1436 trium,
2289 1374 2468 1443 negari
2497 1374 2589 1431 Dei
2615 1380 2785 1448 gratia
2808 1382 3085 1453 videatur;
3116 1390 3329 1458 quando
3382 1402 3558 1448 autem
3584 1410 3671 1451 as-

2076 1460 2273 1517 seritur
2300 1463 2392 1518 Dei
2415 1470 2603 1536 gratia,
2634 1470 2871 1528 liberum
2893 1476 3170 1533 arbitrium
3203 1491 3418 1552 putetur
3439 1483 3662 1551 auferri,

2074 1559 2129 1605 et
2153 1562 2346 1610 caetera
2371 1573 2391 1608 ι
2425 1556 2525 1630 (De
2554 1557 2733 1615 Gratia
2754 1562 2943 1620 Christi
2965 1609 2981 1635 ,
3006 1584 3058 1621 η.
3091 1569 3207 1641 52).
3233 1571 3310 1626 Tn
3360 1582 3537 1629 autem
3585 1578 3668 1631 vir

2072 1641 2330 1702 honestus
2361 1657 2415 1703 et
2436 1664 2619 1719 verax,
2646 1653 2912 1711 abstulisti
2939 1660 3100 1714 verba
3134 1677 3252 1731 quae
3295 1663 3426 1730 dixi,
3473 1675 3527 1720 et
3576 1666 3663 1721 dl-

2071 1736 2191 1792 xisti
2213 1739 2354 1809 quod
2374 1741 2488 1812 ipse
2505 1742 2722 1800 tinxisti.
2751 1747 2867 1819 Ego
2887 1751 3027 1806 enim
3054 1752 3186 1821 dixi,
3213 1754 3368 1811 istam
3407 1759 3662 1828 qumstio-

2068 1841 2192 1883 nem
2218 1829 2286 1885 ad
2308 1830 2720 1891 discernendum
2765 1854 2884 1896 esse
2910 1841 3180 1899 difﬁcilem
3210 1863 3350 1901 :nou
3377 1858 3554 1904 autem
3580 1849 3663 1908 di-

2065 1920 2141 1987 xi,
2172 1936 2278 1977 non
2306 1939 2463 1994 posse
2491 1925 2745 1983 discerni.
2773 1931 2936 1987 Multo
2986 1936 3165 1991 minus
3211 1952 3341 2009 ergo
3383 1939 3656 2008 dicerem,

2063 2012 2204 2082 quod
2223 2030 2308 2069 me
2333 2014 2533 2072 dixisse
2559 2020 2824 2088 mentiris,
2851 2040 2871 2074 ‹
2905 2026 3086 2094 negari
3104 2027 3328 2082 liberum
3352 2029 3651 2097 arbitrium,

2062 2103 2311 2174 si,_gratia
2338 2109 2765 2178 commendetur;
2798 2120 2853 2167 et
2876 2116 3055 2184 negari
3082 2118 3328 2186 gratiam,
3359 2118 3406 2173 si
3427 2120 3653 2176 liberum

2058 2196 2463 2252 commendetur
2485 2199 2786 2257 arbitrium.
2808 2222 2827 2255 ι
2854 2205 3045 2267 [ἰούδα
3075 2210 3237 2263 verba
3273 2227 3390 2265 mea
3418 2254 3432 2276 ,
3463 2221 3518 2267 et
3556 2229 3652 2266 va-

2056 2293 2243 2340 nescet
2262 2287 2528 2343 calumnia
2548 2292 2905 2362 tua.Repone
2930 2295 3044 2351 suis
3074 2297 3234 2364 locis,
3259 2300 3347 2353 ubi
3374 2301 3505 2367 dixi,
3524 2319 3544 2354 ι
3570 2304 3652 2357 vi-

2054 2372 2279 2442 deatur;
2319 2395 2338 2429 ι
2374 2379 2465 2433 ubi
2491 2379 2623 2448 dixi,
2662 2400 2683 2434 ι
2718 2392 2970 2453 putetur:
3007 2405 3027 2439 ι
3063 2396 3121 2442 ut
3164 2400 3427 2459 appareat
3464 2392 3533 2448 de
3586 2410 3651 2451 re

2053 2474 2198 2521 tanta
2219 2469 2410 2538 quibus
2437 2472 2534 2526 ahs
2560 2482 2611 2528 te
2638 2474 2929 2533 fraudibus
2961 2480 3282 2550 disputetur.
3325 2484 3441 2539 Non
3486 2486 3596 2542 dixi
3621 2529 3638 2555 ,

2057 2578 2078 2612 ι
2107 2563 2288 2631 negari
2313 2564 2571 2634 gratiam;
2604 2585 2625 2619 ι
2643 2568 2759 2634 sed,
2789 2586 2809 2621 ι
2843 2578 2901 2625 ut
2927 2574 3107 2642 negari
3133 2575 3298 2644 gratia
3326 2576 3591 2633 videatur.
3617 2598 3637 2632 ι

2047 2650 2164 2707 Non
2189 2654 2320 2722 dixi,
2358 2672 2379 2708 ‹
2412 2659 2592 2727 negari
2618 2660 2896 2717 arbitrium
2920 2663 3146 2720 liberum
3171 2709 3186 2734 ,
3213 2668 3298 2723 vel
3340 2669 3577 2736 auferri;
3619 2691 3639 2725 ι

2046 2742 2142 2798 sed
2172 2744 2301 2811 dixi,
2330 2755 2438 2802 cut
2470 2759 2686 2817 putetur
2733 2752 2952 2809 auferri.
2982 2773 3003 2807 ι
3036 2757 3105 2819 Et
3136 2759 3438 2828 promittis,
3470 2780 3489 2813 ι
3519 2778 3642 2818 cum

2044 2833 2167 2888 libri
2195 2834 2293 2906 ipsi
2320 2839 2568 2894 ventilari
2595 2845 2877 2911 cmperint,
2909 2845 3055 2915 quod
3085 2848 3180 2902 abs
3228 2857 3280 2903 te
3302 2850 3387 2903 illa
3418 2863 3643 2908 senten-

2043 2924 2235 2979 tiarum
2268 2942 2510 2983 mearum
2549 2939 2603 2985 et
2638 2932 2927 2989 nudabitur
2967 2944 3022 2991 et
3067 2937 3403 2993 confodietur
3448 2941 3643 3011 impie-

2042 3023 2144 3071 tas.
2178 3036 2197 3071 ι
2229 3019 2360 3087 Quis
2408 3036 2518 3077 non
2549 3025 2570 3055 ’
2600 3035 2875 3095 exspectet
2922 3029 3240 3097 sapientiam
3289 3031 3599 3090 disserentis
3621 3077 3637 3101 ,

2039 3110 2128 3179 qui
2152 3107 2311 3166 ﬁdem
2341 3117 2654 3184 cognoverit
2682 3120 3037 3174 mentientis?

2107 3201 2195 3257 48.
2220 3202 2359 3271 Quid
2380 3214 2464 3260 est
2483 3215 2658 3261 autem
2681 3209 2821 3278 quod
2852 3210 3086 3280 loqueris
3104 3256 3118 3276 ,
3152 3231 3173 3265 ι
3208 3213 3350 3269 Nihil
3373 3216 3638 3285 pertincro

2036 3289 2103 3344 ad
2135 3291 2345 3347 laudem
2386 3296 2610 3364 gratiae,
2663 3298 2705 3353 si
2740 3298 2790 3353 id
2840 3299 3004 3355 donet
3043 3302 3189 3369 suis,
3236 3304 3376 3374 quod
3422 3317 3637 3375 peccata

2035 3382 2212 3454 impiis
2238 3385 2573 3457 largiuntur?
2610 3408 2629 3441 ι
2665 3391 2891 3461 Pr0pler
2916 3392 3225 3463 pudicitiam
3256 3397 3458 3452 scilicet
3501 3414 3635 3454 con-

2028 3472 2294 3546 jugalcm,
2325 3494 2483 3549 quam
2535 3481 2628 3536 tibi
2674 3481 2873 3539 habere
2908 3484 3158 3539 videntur
3180 3496 3235 3541 et
3265 3488 3434 3558 impii.
3466 3489 3637 3545 llomo

2031 3569 2366 3624 contentiose
2388 3611 2403 3634 ,
2433 3571 2604 3626 virtus
2651 3572 2883 3628 donatur
2908 3590 3034 3629 vera
3077 3591 3178 3645 per
3214 3578 3436 3647 gratiam
3463 3620 3479 3643 ,
3526 3596 3633 3634 non

2031 3673 2151 3728 quze
2177 3670 2428 3729 vocatur,
2460 3671 2514 3718 et
2536 3679 2642 3717 non
2673 3673 2774 3718 est.
2801 3663 3004 3735 thuid
3025 3675 3200 3721 autem
3244 3667 3549 3736 pudicitiam
3580 3681 3633 3724 et

2029 3750 2388 3821 virginitatem
2415 3755 2567 3824 quasi
2608 3754 2849 3825 ejusdem
2879 3757 3094 3827 generis
3119 3757 3338 3828 jungis?
3369 3759 3631 3817 Pudicitia

2029 3856 2118 3897 res
2142 3852 2226 3897 est
2265 3844 2463 3910 animi»;
2494 3845 2769 3916 virginitas
2792 3888 2808 3912 ,
2861 3849 3121 3918 corporis.
3178 3849 3415 3919 Denique
3461 3860 3510 3905 et
3541 3852 3628 3906 illa

2030 3932 2235 4004 integra
2262 3934 2314 3988 in
2338 3934 2518 3990 animo
2543 3946 2892 4005 permanente
2915 3980 2930 4006 ,
2962 3947 3136 4008 potest
3166 3940 3267 3995 ista
3310 3941 3377 4008 de
3407 3957 3635 4012 corpore

2028 4023 2294 4081 violenter
2314 4026 2510 4082 auferri
2535 4045 2549 4094 ;
2575 4038 2628 4083 et
2658 4044 2777 4084 cum
2805 4030 2905 4085 ista
2936 4031 3140 4102 integra
3171 4042 3352 4089 manet
3377 4036 3585 4104 corpori
3611 4077 3627 4102 ,

2028 4124 2207 4185 potest
2233 4117 2323 4173 illa
2349 4117 2404 4172 in
2443 4119 2622 4175 animo
2663 4120 2856 4177 lasciva
2883 4122 3155 4178 voluntate
3178 4126 3467 4195 corrumpi.
3497 4126 3638 4207 Pro-7

2028 4218 2151 4278 pter
2177 4209 2321 4280 quod
2351 4226 2450 4280 ego
2481 4226 2585 4266 non
2639 4212 2772 4283 dixi,
2804 4214 2998 4270 Verum
3028 4217 3332 4289 conjugium
3351 4261 3365 4283 ,
3406 4220 3520 4275 sive
3546 4222 3630 4275 vi-

2026 4297 2238 4367 duitas,
2276 4301 2394 4357 sive
2421 4302 2727 4374 virginitas;
2775 4304 2905 4373 sed,
2961 4325 2981 4358 ε
3014 4307 3151 4362 Vera
3201 4309 3485 4378 pudicitia,
3517 4312 3632 4369 sive

2027 4389 2321 4461 conjugalis
2339 4431 2355 4457 ,
2382 4392 2494 4448 sive
2519 4394 2746 4450 vidualis
2763 4436 2779 4462 ,
2809 4398 2925 4453 sive
2949 4398 3244 4470 virginalis,
3271 4401 3496 4458 dicenda
3521 4419 3627 4459 non

2027 4489 2145 4550 est,
2177 4482 2280 4536 nisi
2304 4498 2426 4554 qua:
2455 4499 2596 4541 verte
2638 4486 2759 4542 ﬁdei
2789 4490 3128 4560 mancipatur
3162 4511 3181 4545 ι
3218 4492 3321 4564 (De
3348 4492 3556 4566 Nuptiis
3581 4506 3632 4550 et

2027 4571 2484 4647 Concupiscentia,
2528 4578 2616 4633 lib.
2650 4580 2715 4646 Ι,
2746 4597 2800 4636 n.
2830 4581 2911 4653 5).
2962 4581 3230 4655 Conjuges
3269 4587 3409 4641 enim
3445 4596 3500 4642 et
3546 4589 3628 4642 νία-

2025 4662 2145 4720 dum
2173 4674 2229 4721 et
2254 4667 2488 4738 virgines
2519 4680 2743 4740 possunt
2769 4687 2889 4728 esse
2915 4716 2930 4740 ,
2961 4683 3015 4730 et
3037 4677 3243 4745 pudica:
3273 4694 3379 4731 non
3400 4692 3551 4745 esse,
3581 4679 3628 4733 si

2025 4757 2387 4814 contaminata
2417 4762 2689 4818 voluntate
2713 4764 3088 4834 mtechantur,
3123 4768 3167 4822 si
3195 4768 3386 4838 spiritu
3416 4769 3629 4840 impuro

2024 4858 2207 4919 stupra
2237 4853 2589 4921 perpetranda
2642 4854 2933 4911 decernunt
2964 4875 2979 4910 :
3030 4860 3082 4912 in
3110 4860 3301 4929 quibus
3331 4868 3507 4915 tamen
3534 4875 3629 4916 ve-

2023 4955 2139 4997 ram
2152 4942 2472 5012 pudicitiam
2494 4945 2630 5001 dicis
2645 4962 2766 5003 esse
2785 4989 2800 5013 ,
2832 4948 3040 5004 etiamsi
3061 4952 3241 5005 animo
3257 4949 3624 5018 fornicentur;

2024 5032 2168 5104 quod
2196 5031 2375 5090 facere
2415 5051 2605 5092 omnes
2645 5037 2839 5109 impios
2875 5040 3085 5111 eloquia
3128 5041 3308 5097 divina
3339 5051 3624 5099 testantur.

2094 5124 2187 5179 49.
2214 5124 2346 5192 Quis
2363 5134 2541 5182 autem
2561 5139 2804 5186 nostrum
2825 5131 2983 5200 dicit,
3010 5151 3031 5186 ι
3065 5138 3425 5206 conjugallum
3452 5152 3627 5192 meum

2024 5216 2245 5273 brorum
2274 5219 2476 5275 malum
2497 5235 2618 5277 esse
2638 5232 2944 5281 consertum
2965 5269 2981 5295 ,
3023 5240 3043 5280 ι
3070 5227 3123 5282 in
3146 5244 3253 5299 quo
3272 5229 3471 5301 nuptizr.
3488 5229 3626 5286 bene

2025 5319 2246 5366 utuntur
2269 5311 2335 5367 ad
2366 5315 2735 5385 propagandos
2764 5317 2903 5373 ﬁlios
2932 5322 3384 5392 concupiscentia:
3434 5324 3577 5378 malo
3601 5323 3628 5374 ?

2025 5403 2154 5472 Quae
2179 5406 2606 5477 concupiscentia
2635 5410 2834 5465 malum
2864 5427 2968 5466 non
2998 5422 3182 5483 esset,
3225 5416 3271 5471 si
3315 5416 3428 5471 sola
3453 5432 3623 5489 gene-

2025 5494 2178 5551 randi
2201 5510 2362 5551 causa
2388 5497 2456 5553 ad
2498 5499 2698 5555 licitum
2727 5504 3068 5560 concubitum
3114 5515 3441 5564 moveretur.
3473 5509 3622 5564 Nunc

2124 5693 2467 5769 fllquoEMSS-i
2482 5706 2588 5769 ,Ρνρ
2602 5700 2761 5762 gratia
2778 5710 2944 5752 contra
2965 5701 3230 5769 Pelagium.
3247 5705 3386 5765 Editi,
3421 5713 3482 5753 Pe
3503 5719 3619 5768 qm—

2023 5759 2106 5825 ιὶιιΔ
2114 5759 2203 5825 Dei
2223 5763 2391 5808 contra
2412 5759 2673 5825 Pelagium.

2024 5818 2825 5934 m;n$grtii’tigsantem"rarticulam
2865 5832 3169 5889 praetereunt
3189 5826 3287 5880 duo
3320 5840 3349 5879 e
3386 5831 3622 5879 '-'attcantx
