4118 6574
418 400 521 460 763

417 529 546 572 vero
591 528 713 570 cum
741 511 792 568 ei
833 510 1034 568 resistit
1063 508 1360 580 coniugalis
1401 507 1653 578 pudicitia
1675 547 1692 570 .
1743 505 1898 560 limes
1923 513 2006 560 est

418 605 580 671 ntali;
607 613 658 659 ct
685 605 804 659 ideo
833 604 1028 658 bonum
1056 609 1158 658 est.
1187 599 1342 658 Unde
1372 613 1475 654 non
1507 618 1526 652 ι
1563 599 1767 654 crimen
1795 599 1910 666 eius
1933 637 1950 662 ,
1981 616 2001 649 ι

417 698 558 751 sicut
587 693 959 750 calumniando
987 692 1254 762 loqueris,
1287 709 1306 742 ι
1343 689 1662 759 impunitum
1690 687 1746 740 ﬁt
1781 703 1875 756 per
1919 703 2010 742 re-

420 785 711 856 ligionem;
763 805 781 838 ι
813 785 936 853 quia
987 783 1182 837 nullius
1205 790 1288 836 est
1332 779 1608 846 criminis,
1665 777 1877 848 quando
1917 793 2012 846 per

421 875 544 932 ﬁdei
573 877 769 931 bonum
799 876 937 930 bene
960 874 1124 928 utitur
1153 872 1385 928 libidinis
1407 871 1564 926 malo.
1587 869 1770 936 Neque
1797 868 1881 923 hic
1905 869 2010 923 dici

422 977 634 1038 potest,
689 980 750 1021 ut
791 975 977 1035 putas,
1033 963 1311 1018 Faciamus
1356 963 1493 1016 mala
1539 969 1594 1014 ut
1636 961 1836 1014 veniant
1883 960 2016 1013 bona

419 1058 602 1128 (Rom.
632 1074 722 1124 nt,
769 1058 866 1127 8);
898 1055 1020 1126 quia
1042 1071 1110 1111 ex
1156 1054 1299 1108 nulla
1341 1053 1422 1107 sui
1463 1060 1614 1122 parte
1645 1052 1842 1104 malum
1889 1057 2016 1104 sunt

419 1149 642 1218 nuptiaa.
670 1147 785 1202 Non
809 1148 950 1202 enim
976 1160 1156 1202 earum
1185 1144 1381 1198 malum
1420 1151 1502 1197 est
1521 1183 1534 1208 ,
1567 1141 1707 1212 quod
1738 1141 1790 1195 in
1837 1139 2014 1194 homi-

423 1240 584 1294 nibus
609 1253 744 1308 quos
769 1247 1015 1308 parentes
1033 1237 1287 1308 gignunt,
1318 1250 1423 1288 non
1447 1233 1717 1299 fecerunt,
1745 1233 1839 1288 sed
1869 1233 2014 1287 inve.

423 1341 636 1386 nerunt.
669 1331 724 1386 ln
757 1331 940 1400 primis
960 1340 1136 1384 autem
1167 1327 1477 1397 coniugibus
1498 1368 1512 1392 ,
1537 1326 1626 1397 qui
1652 1341 1717 1380 ex
1740 1326 1898 1380 nullis
1918 1339 2016 1394 pa-

422 1423 666 1477 rentibus
714 1421 821 1476 nati
865 1429 1020 1485 sunt,
1070 1435 1164 1489 per
1213 1425 1486 1487 peccatum
1533 1416 1724 1472 accidit
1783 1416 2016 1471 carnalis

422 1512 869 1582 concupiscentia:
925 1509 1317 1566 discordiosum
1367 1509 1602 1574 malum,
1669 1523 1776 1578 quo
1819 1509 2017 1578 nuptiae

422 1604 562 1660 bene
593 1613 884 1670 uterentur;
907 1619 1014 1658 non
1039 1619 1130 1672 per
1149 1601 1292 1671 ipsas
1315 1600 1547 1668 nuptias,
1571 1609 1630 1654 ut
1653 1600 1776 1654 inde
1796 1601 2018 1656 ‘merito

426 1696 824 1752 damnarentur.
848 1696 986 1763 Quid
1033 1709 1162 1765 ergo
1204 1693 1435 1763 quaeris,
1471 1709 1490 1743 ι
1529 1702 1702 1747 utrum
1739 1693 1790 1746 in
1829 1695 2020 1762 coniu-

424 1788 577 1852 gibus
619 1787 922 1842 christianis
967 1795 1324 1842 conventuum
1356 1788 1377 1818 ³
1407 1785 1732 1853 voluptatem
1754 1825 1770 1849 ,
1815 1785 2022 1854 pudici-

427 1879 554 1934 tiam
575 1919 590 1942 ,
616 1895 683 1934 an
711 1879 1092 1949 impudicitiam
1117 1880 1408 1935 nominem.
1449 1897 1468 1930 ι
1505 1877 1644 1933 Ecce
1669 1877 1968 1947 respondeo
2001 1919 2017 1945 ,

423 1970 540 2024 Non
567 1971 678 2040 ipsa
708 1973 1012 2026 nominatur
1040 1971 1287 2040 pudicitia
1309 2014 1324 2038 ,
1353 1971 1445 2027 sed
1469 1971 1587 2040 eius
1617 1971 1740 2026 mali
1771 1985 1898 2026 usus
1919 1971 2018 2027 bo-

425 2077 562 2128 nus;
591 2078 696 2133 quo
723 2080 821 2120 usu
849 2064 990 2118 bono
1017 2065 1074 2118 ﬁt
1093 2073 1148 2118 nt
1177 2063 1304 2120 illud
1335 2065 1529 2118 malum
1559 2079 1658 2119 nec
1691 2063 2022 2134 impudicitia

427 2154 533 2209 dici
583 2157 770 2224 possit.
803 2155 1136 2224 lmpudicitia
1162 2165 1246 2212 est
1273 2157 1415 2211 enim
1445 2156 1684 2226 eiusdem
1725 2157 1846 2211 mali
1894 2172 2022 2213 usus

425 2245 753 2314 flagitiosus;
781 2247 917 2302 sicut
949 2246 1200 2315 pudicitia
1229 2247 1531 2318 virginalis,
1562 2247 1582 2278 ³
1625 2247 1826 2303 nullus.
1863 2248 2020 2304 Salva

425 2335 586 2406 igitur
609 2338 866 2408 pudicitia
905 2339 1206 2408 coniugali,
1255 2339 1454 2394 malum
1481 2340 1548 2394 de
1574 2339 1714 2396 malo
1757 2340 2021 2396 nascendo

424 2428 680 2493 trahitur,
712 2429 854 2498 quod
883 2429 1216 2485 renascendo
1245 2439 1500 2499 purgetur
1525 2429 1566 2483 ⁵.

495 2520 584 2575 50.
623 2539 642 2568 ι
677 2519 784 2575 Sed
811 2520 856 2576 si
883 2530 1098 2590 propter
1119 2520 1249 2586 hoc,
1291 2541 1310 2574 ι
1347 2522 1553 2591 inquis,
1591 2541 1612 2574 ‹
1647 2521 1881 2577 libidinis
1904 2537 2022 2578 ma-

424 2611 568 2679 lum,
599 2612 758 2667 etiam
807 2611 876 2668 de
913 2613 1226 2683 coniugibus
1253 2613 1560 2668 christianis
1610 2613 1787 2682 proles
1835 2613 2022 2668 crimi-

427 2717 560 2757 nosa
592 2703 887 2772 profertur,
913 2704 1156 2774 sequitur
1181 2712 1239 2758 ut
1267 2704 1520 2774 pudicitia
1545 2705 1816 2776 virginalis
1841 2706 1912 2762 sit
1946 2705 2024 2761 fc-

429 2793 649 2850 licitatis
685 2795 880 2850 illatrix
916 2815 930 2850 :
963 2803 1017 2850 et
1045 2797 1166 2862 quia
1216 2797 1269 2852 in
1321 2797 1495 2866 impiis
1533 2798 1824 2863 invenitur,
1867 2817 1886 2851 ι
1943 2798 2023 2853 ἰη-

423 2886 568 2956 quis,
593 2905 611 2938 t
632 2887 958 2942 antecellunt
977 2886 1216 2942 inﬁdeles
1231 2888 1498 2957 pudicitia:
1513 2891 1709 2944 virtute
1731 2889 1986 2944 sublimes
2005 2931 2020 2954 ,

425 2977 730 3032 christianis
773 2978 1008 3034 libidinis
1053 2979 1174 3034 tabe
1225 2980 1464 3052 pollutis.
1500 3001 1519 3034 ι
1575 2981 1688 3036 Νοη
1735 2994 1819 3038 est
1873 2983 1942 3036 ita
1967 2991 2024 3038 ut

426 3069 561 3124 dicis
587 3086 601 3134 ;
630 3070 854 3124 multum
905 3069 1122 3126 falleris.
1149 3071 1258 3126 Nec
1305 3072 1542 3127 libidinis
1571 3074 1712 3128 enim
1743 3075 1865 3130 tabe
1905 3075 2024 3144 pol-

429 3159 648 3214 luuntur
667 3203 680 3224 ,
709 3161 796 3230 qui
823 3160 1038 3216 libidine
1068 3161 1205 3217 bene
1228 3171 1486 3228 utuntur;
1511 3164 1752 3234 quamvis
1767 3173 2026 3235 generent

429 3251 662 3306 libidinis
682 3253 800 3306 tabe
831 3253 1089 3322 pollutos,
1123 3261 1177 3308 et
1219 3253 1338 3308 ideo
1369 3254 1765 3322 rcgeuerandos
1796 3273 1809 3308 :
1844 3271 1944 3309 nec
1970 3255 2022 3310 in

429 3341 605 3410 impiis
645 3343 911 3398 invenitur
941 3343 1188 3412 pudicitia
1241 3343 1538 3414 virginalis,
1571 3345 1816 3414 quamvis
1873 3345 2024 3400 inve-

439 3433 620 3488 niatur
647 3434 924 3504 virginitas
951 3435 1166 3500 carnis;
1197 3435 1316 3503 quia
1351 3450 1478 3489 vera
1509 3436 1758 3505 pudicitia
1797 3452 1900 3491 non
1931 3451 2028 3508 po-

429 3533 536 3580 test
565 3525 802 3581 habitare
835 3525 857 3558 ⁸
884 3526 937 3580 in
963 3527 1144 3581 animo
1182 3525 1498 3582 fornicante.
1543 3529 1620 3582 Ac
1646 3543 1744 3598 per
1789 3527 1891 3584 hoc
1917 3545 2024 3585 non

429 3615 774 3684 anteponitur
803 3617 1062 3687 virginale
1093 3617 1292 3672 bonum
1339 3618 1626 3688 impiorum
1665 3620 1807 3674 bono
1835 3619 2026 3690 coniu—

428 3707 534 3776 gali
559 3705 792 3762 lidelium
825 3725 838 3760 :
871 3707 964 3763 sed
1001 3707 1256 3778 coniuges
1291 3708 1428 3762 bene
1456 3719 1666 3764 utentes
1693 3709 1831 3764 malo
1878 3719 2028 3782 ante:

429 3806 698 3867 ponuntur
719 3797 1014 3867 virginibus
1062 3799 1203 3853 male
1252 3797 1524 3853 utentibus
1573 3799 1736 3854 bono.
1788 3799 1856 3854 Et
1905 3799 2028 3856 ideo

427 3903 550 3942 cum
581 3887 768 3942 ﬁdeles
798 3887 1068 3958 coniugati
1119 3887 1257 3942 bene
1309 3897 1532 3942 utuntur
1567 3889 1707 3943 malo
1744 3889 1976 3947 libidinis
2005 3933 2025 3960 ,

431 3994 539 4032 non
579 3996 597 4030 ι
633 3977 774 4048 apud
803 3993 928 4044 eos,
971 3996 992 4030 ι
1024 3987 1082 4032 ιιι
1113 3977 1456 4033 calumniaris
1479 4020 1494 4044 ,
1543 3998 1564 4032 ‹
1611 3991 1830 4050 propter
1870 3982 2028 4038 ﬁdent

429 4077 711 4123 exercetur
741 4070 1026 4138 impunitas
1051 4067 1325 4135 criminis,
1359 4087 1379 4122 ι
1407 4070 1500 4124 sed
1526 4069 1578 4124 in
1607 4070 1685 4126 eis
1711 4082 1929 4144 propter
1965 4074 2032 4130 ﬁ-

430 4160 556 4215 dem
584 4174 710 4214 vera
737 4159 758 4192 ⁶
782 4174 886 4213 ηοη
916 4159 1046 4214 falsa
1073 4159 1240 4215 virtus
1263 4171 1345 4214 est
1371 4163 1653 4218 castitatis.

505 4253 594 4308 5L
617 4251 754 4320 Quid
781 4261 960 4308 autem
987 4253 1052 4308 ad
1081 4268 1178 4310 nos
1215 4255 1482 4324 pertinet,
1533 4255 1654 4324 quia
1708 4255 2030 4314 Manichaeos

432 4343 614 4398 dicere
649 4342 924 4413 afﬁrmas,
979 4364 1000 4398 ‹
1058 4345 1114 4402 Si
1144 4347 1264 4418 quis
1309 4346 1656 4402 homicidium
1705 4351 2028 4408 conscientia

433 4433 756 4490 formidante
779 4437 1144 4502 commiserit,
1175 4453 1297 4492 rcus
1323 4449 1440 4502 est,
1467 4439 1587 4508 quia
1619 4440 1794 4494 timuit
1825 4459 1838 4492 :
1868 4441 1911 4496 si
1935 4459 2031 4498 au-

436 4533 544 4578 tem
587 4525 800 4594 aliquod
829 4525 1036 4582 facinus
1060 4529 1362 4582 exsultante
1399 4531 1716 4598 perpetrarit
1765 4530 1982 4586 audacia
2009 4575 2025 4601 ,

435 4617 582 4671 velut
600 4618 827 4674 credens
853 4633 913 4674 se
936 4635 1002 4675 ex
1029 4619 1132 4675 ﬁde
1158 4619 1332 4676 facere
1361 4620 1502 4689 quod
1527 4622 1662 4676 male
1692 4622 1835 4691 facit,
1863 4626 2032 4682 evasit

434 4707 686 4777 culpam?
723 4727 743 4762 ι
779 4709 932 4779 Quod
953 4710 1166 4782 quidem
1199 4727 1466 4782 nunquam
1494 4713 1670 4768 audivi
1697 4714 1876 4772 dicere
1915 4717 2030 4774 Ma-

435 4801 693 4858 nichatos.
723 4801 830 4858 Sed
877 4803 1004 4874 quid
1045 4803 1112 4858 ad
1140 4819 1239 4859 nos
1259 4846 1274 4871 ,
1306 4804 1419 4859 sive
1458 4803 1668 4872 dicant,
1723 4807 1840 4864 sive
1870 4809 2030 4866 etiam

435 4895 565 4964 ipsis
594 4897 971 4964 calumnieris;
1000 4912 1120 4953 cum
1150 4897 1253 4952 hoc
1276 4896 1537 4952 catholica
1567 4898 1698 4954 ﬁdes
1723 4916 1828 4954 non
1849 4900 1992 4957 dicat
2013 4944 2028 4969 ,

435 5004 594 5058 quam
635 4999 914 5056 tenemus,
945 5000 1002 5044 et
1047 4990 1198 5060 cuius
1241 5001 1292 5044 te
1320 4989 1554 5058 pondere
1596 4993 1880 5061 urgemus?
1923 4993 2032 5051 Nos

437 5079 581 5134 cnim
619 5094 683 5134 ea
711 5095 832 5151 qua:
859 5080 1110 5136 videntur
1135 5095 1298 5148 Opera
1328 5080 1466 5134 bona
1484 5123 1498 5147 ,
1528 5079 1753 5138 dicimus
1782 5097 1886 5137 non
1913 5098 2032 5139 esse

437 5183 566 5226 vere
591 5171 611 5202 "
639 5170 778 5224 bona
801 5159 920 5226 'sine
949 5171 1052 5224 ﬁde
1085 5189 1098 5224 :
1129 5171 1380 5241 quoniam
1403 5185 1564 5239 opera
1606 5188 1733 5228 vere
1771 5173 1908 5228 bona
1935 5190 2036 5230 ne-

441 5273 596 5318 cesse
617 5269 704 5316 est
728 5261 840 5317 Deo
866 5261 1078 5333 placere
1098 5303 1112 5326 ,
1153 5261 1237 5316 cui
1266 5261 1380 5318 sine
1405 5260 1511 5318 ﬁde
1555 5263 1676 5334 quia
1703 5263 2036 5334 impossibile

502 5447 520 5479 ι
540 5447 680 5504 Editi,
703 5445 830 5497 unde
869 5452 1000 5506 Mss,
1025 5451 1078 5498 ut
1097 5449 1230 5498 tmte.

509 5509 532 5571 ξ
566 5517 664 5556 Am.
687 5515 759 5558 Er.
783 5521 840 5557 ac
861 5507 1086 5571 plerique
1110 5515 1237 5571 Mss,
1263 5516 1540 5562 conventum
1562 5523 1580 5562 .'
1613 5514 1771 5566 minus
1791 5523 1946 5566 recte.

504 5569 527 5604 ³
557 5571 642 5620 ulc
660 5571 712 5620 in
737 5569 882 5620 editis
901 5569 1108 5628 additur,
1133 5570 1349 5627 eiusdem
1381 5571 1500 5624 mali
1521 5587 1652 5625 usus.

503 5628 528 5702 ξ
560 5636 985 5702 ξονηῃρμνςίαεμν..
1004 5633 1174 5682 caeteri
1211 5632 1336 5695 libri,
1382 5643 1634 5701 purgetur.

507 5691 529 5752 ξ
561 5697 612 5741 ω
635 5691 797 5752 editis,
807 5691 1002 5743 "haberi.

510 5745 531 5816 ξ
565 5764 665 5816 am.
688 5761 764 5816 Er.
785 5745 842 5805 'et
869 5763 994 5816 Mss,
1021 5766 1202 5806 ueram.

506 5809 528 5845 τ
561 5813 665 5868 Sola
687 5815 837 5869 editio
858 5809 991 5878 ζυγά
1013 5827 1142 5868 vera.

1233 391 1505 450 CONTRA
1545 389 1886 450 JULIANUM
1924 386 2392 458 PELAGIANUM,
2425 389 2484 446 S.
2525 387 2894 450 AUGUSTINI

3600 394 3705 454 76‘

2117 511 2201 558 est
2237 503 2448 574 placere
2474 505 2662 577 (Hebr.
2686 525 2771 575 xt,
2825 507 2920 580 6),
2971 510 3206 580 profecto
3229 513 3370 584 quod
3421 529 3547 570 vero
3573 529 3710 586 opus

2116 604 2199 648 est
2227 595 2461 664 bonum,
2495 597 2612 654 sine
2643 596 2748 654 ﬁde
2777 613 2882 654 non
2935 608 3116 670 potest
3159 616 3298 657 esse.
3333 601 3712 662 Verumtamen

2115 683 2204 738 illa
2233 699 2393 754 opera
2417 702 2536 756 quae
2555 689 2890 756 apertissime
2915 690 3051 744 mala
3078 699 3238 756 sunt,
3281 707 3386 748 non
3431 691 3554 750 facit
3579 693 3712 750 ﬁdes
3801 717 3820 734 ο

2115 790 2234 844 quae
2275 790 2371 845 per
2411 777 2750 832 dilectionem
2790 789 3041 850 Operatur
3085 780 3282 852 (Galat.
3315 799 3380 851 v,
3437 783 3492 856 ϐ)
3531 803 3544 841 :
3589 785 3712 856 quia

2116 863 2330 921 dilectio
2357 867 2582 936 proximi
2611 868 2808 924 malum
2836 887 2940 925 non
2963 881 3214 940 operatur
3234 872 3413 942 (Rom.
3449 891 3564 940 xm,
3597 875 3711 946 10).

2188 957 2278 1014 52.
2307 976 2326 1010 ‹
2361 959 2504 1014 Bona
2529 961 2688 1031 igitur
2703 963 3131 1032 concupiscentia
3155 965 3441 1033 naturalis,
3484 985 3504 1020 ι
3537 967 3712 1038 inquis

2120 1049 2422 1120 (erubescis
2445 1052 2586 1108 enim
2623 1053 2804 1109 dicere
2847 1053 3138 1126 carnalis),
3177 1075 3195 1110 ι
3231 1073 3350 1126 quae
3405 1074 3529 1112 cum
3577 1059 3712 1114 intra

2117 1141 2336 1197 modum
2363 1158 2516 1200 suum
2544 1153 2782 1211 tenetur,
2839 1165 2858 1200 ι
2903 1147 3101 1217 inquis,
3136 1166 3156 1200 α
3193 1149 3338 1203 nulla
3381 1149 3503 1204 mali
3532 1165 3716 1220 asper.

2119 1232 2270 1289 sione
2299 1244 2543 1306 turpatur
2569 1237 2610 1290 ¹.
2659 1255 2678 1289 ι
2721 1237 3002 1304 Quomodo
3045 1245 3258 1294 tenetur
3307 1242 3450 1294 intra
3499 1242 3714 1296 modum

2119 1338 2274 1380 suum
2295 1367 2309 1391 ,
2333 1343 2514 1396 qumso
2543 1336 2630 1394 te;
2659 1329 2927 1400 quomodo
2975 1339 3186 1386 tenetur
3205 1373 3221 1398 ,
3253 1331 3354 1388 nisi
3383 1347 3502 1388 cum
3530 1333 3580 1388 ei
3625 1349 3718 1389 re-

2120 1415 2362 1474 sistitur?
2389 1415 2494 1472 Cur
2518 1427 2695 1474 autem
2725 1419 2995 1475 resistitur
3018 1461 3032 1486 ,
3069 1421 3170 1476 nisi
3200 1437 3268 1476 ne
3305 1421 3526 1492 impleat
3567 1421 3714 1478 desi—

2120 1505 2268 1562 deria
2288 1508 2426 1563 mala
2446 1509 2470 1563 ἳ
2498 1509 2776 1577 Quomodo
2803 1521 2887 1566 est
2915 1511 3073 1582 igitur
3097 1512 3278 1568 bona?

2191 1597 2419 1658 CAPUT
2451 1601 2541 1656 IX.
2570 1634 2642 1644 —
2663 1604 2752 1659 55.
2781 1604 2947 1659 Venis
2972 1607 2993 1636 ²
3014 1604 3172 1660 etiam
3194 1605 3260 1660 ad
3292 1606 3454 1661 verba
3481 1607 3570 1662 illa
3596 1607 3720 1663 libri

2122 1690 2263 1760 mei,
2290 1692 2379 1747 ubi
2417 1691 2562 1760 dixi,
2599 1713 2619 1747 ι
2662 1694 2850 1751 Nonne
2881 1695 2960 1750 illi
2989 1696 3245 1766 coniuges
3276 1698 3466 1767 primi,
3492 1715 3720 1770 quorum

2122 1783 2634 1852 nuptias-benedixit
2657 1786 2824 1852 Deus,
2857 1786 3041 1843 dicens
3059 1829 3074 1853 ,
3101 1785 3350 1854 Crescite,
3377 1797 3426 1843 et
3469 1789 3719 1861 multipli-

2122 1874 2308 1927 camini
2339 1873 2490 1946 (Gen.
2519 1891 2570 1940 t,
2598 1875 2712 1946 28),
2743 1877 2871 1930 nudi
2891 1885 3064 1944 erant,
3091 1887 3144 1932 et
3183 1893 3286 1932 non
3318 1877 3720 1934 confundeban-

2127 1971 2212 2018 tur
2239 1962 2349 2036 (Id.
2381 1981 2417 2020 ιι
2437 2005 2452 2032 ,
2494 1965 2628 2038 25)?
2655 1967 2764 2022 Cur
2791 1982 2918 2039 ergo
2963 1983 3028 2024 ex
3060 1968 3162 2024 illis
3203 1969 3458 2024 membris
3480 1971 3723 2026 confusio

2123 2063 2247 2124 post
2271 2059 2550 2126 peccatum
2569 2099 2584 2122 ,
2609 2058 2710 2112 nisi
2737 2059 2860 2128 quia
2887 2059 3092 2114 exstitit
3111 2059 3219 2114 illic
3243 2059 3496 2115 indecens
3521 2069 3720 2128 motus,

2124 2161 2285 2216 quem
2305 2187 2322 2212 ,
2362 2148 2464 2204 nisi
2492 2149 2735 2204 homines
2758 2158 3100 2219 peccassent,
3123 2151 3307 2219 procul
3337 2151 3498 2206 dubio
3521 2153 3722 2222 nuptias

2125 2254 2232 2293 non
2262 2239 2525 2296 haberent
2561 2261 2580 2294 ι
2611 2241 2711 2314 (De
2757 2241 2969 2312 Nuptiis
3007 2253 3053 2298 et
3081 2243 3522 2314 Concupisceutia,
3553 2243 3641 2299 lib.
3667 2246 3720 2314 1,

2125 2346 2177 2383 n.
2205 2330 2300 2403 6)?
2357 2332 2482 2388 llaec
2525 2333 2688 2388 verba
2715 2348 2832 2388 mea
2854 2349 2976 2389 cum
3005 2334 3213 2390 videres
3230 2335 3522 2392 secundum
3543 2337 3726 2408 Scrip-

2126 2427 2273 2475 turas
2311 2421 2384 2476 ita
2419 2421 2590 2491 posita
2612 2463 2628 2489 ,
2657 2430 2718 2478 ut
2741 2423 3062 2494 quicumque
3106 2425 3354 2480 eumdem
3405 2425 3577 2480 locum
3605 2426 3726 2482 libri

2125 2509 2398 2567 Geneseos
2429 2511 2556 2582 legit
2584 2521 2677 2566 aut
2702 2513 2922 2584 legerit,
2965 2513 3223 2584 approbet
3253 2515 3368 2572 sine
3393 2516 3726 2573 dubitatione

2125 2602 2264 2673 quod
2286 2602 2428 2668 dixi;
2449 2603 2658 2675 prolixa
2683 2605 3054 2660 contradicens
3078 2606 3098 2636 ³
3119 2606 3478 2676 disputatione
3499 2609 3726 2662 multum

2125 2693 2360 2759 sudasti,
2393 2693 2487 2750 sed
2515 2709 2620 2749 non
2648 2695 2947 2751 sincerasti.
2976 2695 3260 2752 Pcrstitisti
3283 2697 3480 2768 quippe
3511 2699 3562 2754 in
3603 2713 3728 2753 sen-

2129 2786 2290 2839 tentia
2319 2793 2409 2840 tua
2437 2801 2630 2855 prava;
2664 2788 2906 2857 quamvis
2945 2805 3120 2843 meam
3161 2799 3362 2844 rectam
3417 2791 3534 2860 ipso
3562 2807 3726 2861 expe-

2126 2877 2355 2931 rimento
2409 2877 2667 2947 probares
2710 2894 2817 2934 non
2863 2879 2960 2935 abs
3007 2888 3060 2934 te
3105 2882 3340 2951 potuisse
3386 2883 3636 2938 convelli.
3667 2883 3728 2940 ln

2127 2983 2228 3039 qua
2259 2977 2345 3024 tua
2373 2969 2794 3026 contradictione
2820 2980 3085 3041 przetcreo
3113 2983 3294 3043 gestus
3319 2987 3372 3028 et
3407 2974 3726 3044 iactationes

2141 3071 2256 3116 tuas
2277 3101 2294 3129 ,
2323 3069 2573 3133 tanquam
2601 3062 2833 3118 hominis
2858 3064 3158 3120 anhelantis
3183 3108 3197 3128 ,
3228 3075 3282 3122 et
3312 3069 3594 3138 pervenire
3623 3057 3727 3138 quo

2134 3153 2320 3207 nititur
2345 3168 2451 3208 non
2479 3154 2704 3209 valentis
2723 3197 2739 3222 ,
2763 3163 2816 3210 et
2845 3156 2896 3208 in
2926 3157 3136 3211 nebulis
3157 3165 3334 3211 tamen
3359 3174 3488 3227 quas
3511 3169 3724 3226 pertur-

2129 3244 2284 3300 batus
2310 3245 2542 3300 offundit
2567 3245 2588 3278 ⁸
2607 3286 2624 3314 ,
2675 3263 2733 3302 se
2761 3249 3068 3316 pervenisse
3096 3249 3364 3319 ﬁngentis.
3405 3251 3510 3306 Sed
3541 3267 3728 3306 neces-

2128 3337 2300 3392 sarios
2342 3338 2595 3394 articulos
2639 3340 2904 3396 sermonis
2950 3341 3021 3394 tui
3045 3383 3060 3406 ,
3091 3352 3349 3412 quantum
3389 3359 3474 3398 me
3513 3343 3728 3412 adjuvat

2129 3429 2420 3497 Dominus,
2459 3429 2856 3500 comprehendo
2907 3439 3066 3503 atque
3110 3432 3420 3502 confringo;
3464 3443 3520 3487 ut
3559 3443 3726 3489 totum

2128 3536 2322 3591 corpus
2345 3523 2543 3578 victum
2567 3521 2750 3593 jacere
2775 3524 3103 3594 conspiciat,
3126 3523 3218 3594 qui
3237 3534 3291 3580 et
3311 3525 3398 3579 illa
3421 3535 3507 3580 tua
3536 3536 3588 3580 ct
3615 3527 3729 3581 haec

2130 3621 2310 3668 nostra
2339 3615 2663 3684 perlegerit:
2710 3616 3007 3686 praesertim
3055 3616 3180 3687 quia
3233 3615 3322 3672 illa
3369 3633 3488 3688 qua:
3535 3618 3632 3672 abs
3675 3626 3728 3674 te

2130 3705 2312 3759 multis
2340 3705 2514 3762 modis
2555 3714 2905 3778 repetuntur,
2955 3707 3116 3762 etiam
3162 3722 3194 3762 a
3242 3707 3400 3764 nobis
3443 3723 3589 3779 smpe
3633 3708 3730 3764 de-

2131 3802 2330 3850 SlﬂlClﬂ
2358 3805 2503 3850 sunt.

2202 3886 2292 3940 54.
2319 3886 2460 3940 Dicis
2482 3885 2566 3941 hic
2591 3886 2729 3942 inter
2753 3892 2948 3943 caetera
2966 3929 2980 3954 ,
3017 3905 3037 3939 ι
3067 3885 3126 3943 in
3155 3886 3258 3944 hoc
3283 3887 3424 3959 quod
3457 3897 3578 3958 post
3603 3903 3730 3959 pec-

2131 3985 2306 4032 catum
2340 3977 2494 4048 primi
2537 3979 2782 4034 homines
2820 3979 3199 4036 erubescentes
3228 3981 3466 4036 membra
3497 3982 3620 4047 illa,
3672 3982 3728 4038 in
3765 3967 3772 3978 ’

2131 4069 2322 4140 quibus
2347 4079 2428 4124 est
2459 4069 2623 4125 libido
2644 4109 2662 4136 ,
2695 4079 2977 4139 texerunt,
3009 4072 3282 4128 invenisse
3321 4089 3408 4128 me
3435 4074 3572 4128 unde
3601 4091 3725 4144 per-

2131 4158 2454 4224 suaderent,
2501 4161 2669 4216 Deum
2701 4163 2846 4218 aeria
2887 4163 3228 4220 constituisse
3267 4165 3533 4236 coniugia.
3593 4184 3612 4217 ι
3669 4165 3726 4220 Si

2133 4265 2262 4320 ergo
2286 4251 2427 4306 aeria
2455 4261 2638 4308 essent
2673 4253 2918 4324 coniugia
2955 4254 3070 4310 sine
3097 4255 3347 4322 libidine,
3399 4258 3542 4312 aeria
3570 4268 3728 4314 erunt

2135 4352 2188 4398 te
2215 4351 2433 4398 auctore
2452 4359 2674 4414 corpora
2694 4386 2708 4412 ,
2737 4345 2949 4416 quando
2975 4347 3140 4402 libido
3179 4364 3283 4402 non
3313 4349 3436 4404 erit.
3461 4350 3542 4404 An
3573 4350 3727 4405 istam

2133 4433 2409 4488 libidinem
2453 4435 2530 4489 sic
2570 4437 2794 4499 amatis.
2851 4447 2910 4492 ut
2953 4439 3220 4508 quomodo
3263 4455 3382 4494 eam
3421 4442 3568 4511 prius
3605 4453 3729 4498 ante

2134 4535 2408 4596 peccatum
2460 4529 2510 4581 in
2550 4527 2798 4598 paradiso
2830 4529 3050 4598 positis,
3094 4531 3162 4584 ita
3195 4533 3352 4587 etiam
3398 4535 3729 4589 resuscitatis

2133 4616 2448 4687 corporibus
2489 4618 2780 4689 ingeratis?
2831 4621 2945 4692 Ego
2972 4632 3146 4676 autem
3179 4639 3284 4678 non
3333 4625 3490 4691 dico,
3539 4635 3595 4680 ut
3643 4642 3730 4682 me

2133 4707 2312 4764 dicere
2341 4708 2581 4764 afﬁrmas
2599 4752 2613 4776 ,
2651 4729 2670 4762 ι
2700 4713 2940 4766 naturale
2968 4728 3071 4768 non
3089 4714 3244 4770 csse'
3271 4717 3385 4770 sine
3409 4732 3515 4787 quo
3542 4729 3728 4774 natura

2134 4813 2242 4853 non
2268 4808 2352 4854 est
2379 4817 2392 4854 :
2434 4818 2453 4851 ι
2483 4801 2576 4854 sed
2603 4801 2723 4856 dico
2743 4843 2758 4867 ,
2792 4804 3034 4858 naturale
3060 4805 3315 4875 appellari
3345 4807 3528 4862 vitium
3549 4849 3564 4874 ,
3613 4809 3729 4864 sine

2135 4904 2242 4960 quo
2269 4905 2412 4944 nunc
2443 4899 2629 4945 natura
2681 4891 2912 4947 humana
2955 4908 3060 4948 non
3089 4895 3353 4961 nascitur,
3401 4913 3521 4967 qua:
3553 4909 3730 4954 tamen

2136 4993 2242 5034 non
2283 4979 2360 5034 sic
2378 4979 2619 5034 instituta
2644 4989 2728 5036 est
2757 4981 2824 5036 ab
2849 4981 3021 5037 initio.
3053 4981 3282 5055 Ideoque
3310 4993 3365 5042 et
3403 4986 3505 5043 hoc
3531 4989 3728 5042 malum

2136 5085 2242 5124 non
2267 5070 2335 5126 ab
2381 5071 2472 5125 illa
2511 5073 2684 5141 prima
2714 5073 3046 5131 institutione
3074 5087 3306 5146 naturm,
3357 5079 3452 5134 sed
3492 5094 3520 5133 a
3573 5081 3728 5150 primi

2139 5164 2368 5218 hominis
2397 5163 2538 5220 mala
2559 5165 2826 5220 voluntate
2847 5167 3104 5238 originem
3151 5169 3335 5225 ducit:
3369 5187 3468 5230 nec
3514 5188 3730 5244 perma-

2137 5256 2286 5312 nebit
2309 5297 2322 5320 ,
2351 5256 2442 5312 sed
2468 5267 2559 5312 aut
2580 5257 2946 5325 damnabitur,
2974 5271 3063 5316 aut
3090 5263 3380 5320 sanabitur.

2211 5349 2298 5405 55.
2340 5373 2360 5401 ι
2397 5349 2727 5406 Sententiam
2775 5368 2948 5408 meam
2972 5355 3264 5412 cimicema
3299 5357 3462 5426 dicis,
3499 5377 3518 5410 ι
3553 5358 3642 5430 qui
3675 5369 3734 5416 ut

2207 5519 2226 5594 ξ
2251 5519 2388 5594 editi,
2412 5519 2652 5594 turbatur.
2678 5524 3002 5594 emendantur
3023 5540 3086 5578 ex
3110 5532 3464 5594 manust-rimis.

2203 5581 2226 5613 ¹
2386 5591 2439 5632 et
2461 5589 2558 5644 Er.,
2586 5583 2780 5634 Venisti.

2207 5644 2228 5675 ³
2251 5643 2386 5702 Editi,
2410 5643 2777 5697 contradicendi
2798 5659 2816 5697 :
2839 5649 2998 5699 minus
3019 5651 3169 5702 bene.

2205 5705 2296 5776 fta
2318 5705 2676 5776 tisse-anisum.

2207 5767 2720 5842 '__\'ati_cani_;quin_que
2742 5773 3115 5842 Mss.,_nt_1_t_ur_ale
3135 5787 3268 5840 esse;
3305 5781 3478 5830 ontissa
3519 5794 3730 5842 negante

2147 5827 2393 5890 particula,
2417 5827 2533 5889 qute’
2553 5837 2628 5878 est
2642 5827 2700 5880 in
2722 5827 2916 5884 caeteris
2937 5834 3087 5887 unm
