4118 6532
341 342 452 401 765

344 456 643 515 molestiam
700 454 876 517 rivus.
924 454 999 508 sic
1043 450 1265 506 fetorem
1320 456 1539 520 prtcstat
1579 447 1790 502 attritus
1831 464 1846 500 :
1908 464 1928 498 ι

347 548 498 618 quasi
535 565 555 601 ι
592 545 1001 606 verecunderis,
1047 561 1067 596 ι
1102 551 1159 597 ut
1183 540 1417 611 loqueris
1441 581 1457 607 ,
1510 558 1529 591 ο
1560 537 1820 593 vincendo
1848 551 1937 592 me

344 648 612 704 atterere;
648 655 667 689 ι
696 636 781 691 vel
816 653 835 687 ε
871 644 1118 705 tanquam
1149 632 1320 687 victus
1345 631 1412 686 ad
1437 630 1554 687 loca
1575 672 1590 697 ,
1627 649 1645 683 ι
1680 639 1739 685 ut
1770 628 1933 698 dicis,

353 747 371 782 ‹
404 743 619 785 ctenosa
650 725 999 796 confugerim,
1024 723 1319 781 «horreas
1349 720 1602 792 consequi
1631 729 1790 791 atque
1812 735 1931 790 per-

347 823 515 878 imere
545 838 559 874 :
587 820 709 892 quia
738 818 986 876 videlicet
1030 826 1209 889 partes
1247 814 1621 886 diSputationis
1653 821 1791 880 tum,
1822 812 1941 884 qui-

344 912 449 969 bus
484 911 795 968 atterendus
820 910 906 966 vel
932 907 1271 980 perimendus
1297 922 1414 964 sum
1435 948 1449 973 ,
1479 904 1729 976 quoniam
1757 904 1824 960 de
1851 920 1942 975 pu-

345 1004 540 1061 dendis
558 1004 704 1075 loqui
731 1002 960 1075 cogeris,
976 1002 1122 1057 velut
1139 1000 1353 1073 quidam
1379 999 1605 1055 aedituus
1620 998 1790 1070 pudor
1820 1006 1941 1055 tuus

347 1112 378 1153 ι
404 1098 711 1164 verborum,
748 1097 923 1152 isicut
948 1094 1198 1165 perhibes
1222 1134 1238 1160 ,
1270 1112 1290 1147 ι
1317 1092 1559 1148 libertate
1598 1090 1883 1146 submovit.
1914 1108 1935 1143 ι

348 1190 527 1257 Quare
554 1204 661 1244 non
689 1187 866 1260 potius
894 1186 963 1242 de
990 1186 1145 1241 bonis
1171 1199 1291 1255 qua:
1310 1182 1496 1238 laudas
1516 1223 1534 1250 ,
1566 1182 1732 1238 libere
1759 1181 1942 1251 loque-

348 1279 464 1336 ris?
492 1295 659 1351 quare
688 1296 794 1335 non
824 1290 908 1333 est
932 1277 998 1334 de
1024 1291 1186 1348 opere
1235 1274 1329 1330 Dei
1371 1275 1655 1330 verborum
1687 1274 1937 1338 libertas,

348 1373 395 1428 si
419 1374 537 1442 ejus
574 1373 888 1428 intemerata
909 1378 1187 1439 permanet
1210 1364 1473 1439 dignitas,
1500 1381 1601 1422 nec
1646 1364 1844 1435 aliquid
1867 1364 1942 1420 ibi

348 1465 458 1535 egit
487 1471 794 1534 peccatum,
837 1460 982 1516 unde
1017 1460 1197 1530 potius
1252 1458 1515 1514 incuteret
1542 1455 1797 1527 pudorem
1818 1495 1834 1522 ,
1887 1462 1944 1510 et

351 1554 638 1610 verborum
666 1551 1043 1623 comprimeret
1064 1547 1398 1606 libertatem?

420 1643 647 1701 CAPUT
675 1643 743 1699 X.
782 1672 858 1683 —
881 1641 974 1698 56.
1003 1659 1024 1695 ι
1061 1640 1243 1697 Sinon
1273 1646 1432 1706 sunt,
1471 1655 1491 1690 ι
1517 1636 1721 1709 inquis,
1753 1653 1774 1689 ι
1807 1650 1945 1706 nup-

350 1735 437 1789 t’ia:
463 1735 579 1792 sine
612 1733 829 1791 libidine
848 1775 865 1802 ,
892 1742 947 1789 et
983 1730 1305 1804 generaliter
1333 1744 1364 1784 a
1401 1729 1553 1785 vobis
1582 1728 1748 1782 libido
1790 1726 1945 1782 dam-

346 1835 541 1895 natur,
594 1826 862 1882 damnatis
887 1834 942 1881 et
991 1823 1225 1895 nuptias.
1281 1840 1301 1875 ι
1335 1821 1529 1877 Posses
1569 1819 1749 1875 dicere
1771 1861 1786 1885 ,
1817 1818 1941 1889 quia

347 1918 690 1975 damnabitur
718 1932 867 1974 mors
884 1958 901 1986 ,
927 1930 1115 1973 omnes
1144 1912 1474 1970 damnandos
1499 1927 1620 1969 esse
1663 1910 1938 1966 mortales.

347 2009 404 2067 Si
429 2021 611 2067 autem
658 2009 822 2066 libido
865 2008 935 2064 de
983 2005 1251 2063 connubio
1301 2012 1476 2069 esset,
1534 2001 1774 2073 profecto
1817 2010 1942 2056 ante

346 2102 672 2158 connubium
710 2098 796 2156 vel
822 2111 1020 2172 prater
1047 2096 1372 2154 connubium
1400 2092 1545 2150 nulla
1572 2101 1737 2149 esset.
1774 2110 1793 2144 ‹
1822 2088 1941 2147 Non

346 2201 552 2262 potest,
593 2211 613 2246 ι
656 2191 871 2263 inquis,
921 2208 940 2243 ι
976 2187 1083 2244 dici
1130 2185 1383 2253 morbus,
1432 2183 1547 2239 sine
1573 2198 1677 2254 quo
1724 2197 1831 2237 non
1859 2189 1943 2238 est

346 2284 669 2339 connubiam
706 2301 719 2339 :
746 2284 870 2354 quia
887 2288 1063 2352 potest
1086 2294 1206 2335 esse
1234 2276 1559 2333 connubium
1587 2283 1783 2347 praeter
1817 2289 1944 2345 pec-

346 2386 561 2442 catum;
589 2374 808 2430 morbus
829 2382 1037 2439 autem,
1074 2390 1094 2424 ι
1120 2370 1320 2440 inquis,
1350 2387 1371 2421 ι
1405 2368 1473 2425 ab
1499 2367 1758 2438 Apostolo
1811 2382 1940 2437 pec-

344 2477 523 2521 eatum
552 2465 771 2520 dicitur.
819 2481 839 2517 ι
897 2462 1004 2520 Sed
1049 2459 1406 2532 respondetur
1447 2458 1543 2513 tibi
1576 2474 1590 2511 :
1622 2456 1739 2512 Non
1767 2456 1942 2512 omnis

345 2557 565 2613 morbus
588 2565 865 2629 peccatum
913 2554 1127 2610 dicitur.
1161 2552 1265 2608 Iste
1306 2559 1485 2605 autem
1536 2549 1757 2605 morbus
1783 2561 1942 2619 parua

342 2648 549 2720 peccati
577 2656 697 2715 est,
729 2648 847 2703 sine
872 2660 975 2716 qua
1004 2660 1111 2700 non
1129 2651 1306 2714 potest
1333 2656 1453 2698 esse
1478 2639 1709 2696 humana
1726 2650 1939 2707 natura,

345 2738 583 2793 nondum
615 2755 682 2793 ex
709 2739 853 2792 omni
875 2746 1025 2808 parte
1049 2742 1255 2791 sanata.
1282 2733 1337 2789 Si
1367 2741 1546 2787 autem
1572 2741 1853 2803 propterea
1879 2732 1943 2787 li-

344 2827 471 2885 bido
498 2828 694 2884 malum
722 2844 830 2883 non
861 2837 974 2896 est,
1001 2826 1126 2898 quia
1147 2826 1264 2883 sine
1285 2825 1374 2880 illa
1406 2839 1516 2880 non
1546 2823 1608 2878 ﬁt
1635 2824 1939 2894 nuptiarum

342 2918 543 2975 bonum
576 2936 590 2973 :
615 2935 646 2975 e
670 2916 941 2975 contrario
971 2933 1069 2973 nec
1092 2930 1286 2987 corpus
1305 2916 1505 2971 bonum
1522 2923 1641 2983 est,
1672 2914 1795 2986 quia
1824 2915 1941 2970 sine

342 3010 436 3065 illo
459 3025 566 3066 non
590 3010 647 3065 fit
676 3009 922 3065 adulterii
955 3008 1176 3063 malum.
1206 3006 1320 3062 Hoc
1363 3014 1541 3061 autem
1585 3004 1779 3060 falsum
1807 3012 1891 3060 est
1923 3021 1936 3058 :

342 3103 421 3158 sic
450 3117 577 3175 ergo
603 3111 658 3160 et
686 3102 835 3158 illud.
865 3101 997 3170 Quis
1047 3108 1224 3155 autem
1255 3097 1425 3154 nescit
1468 3097 1766 3167 coujugatis
1794 3099 1940 3168 Apo-

342 3193 539 3249 stolum
571 3195 911 3266 prreecpisse,
927 3201 983 3247 ut
999 3192 1163 3248 sciret
1187 3190 1553 3262 unusquisque
1573 3204 1759 3245 eorum
1782 3204 1941 3244 suum

341 3304 437 3345 vas
461 3289 736 3359 possidere
754 3330 770 3356 ,
795 3287 899 3343 hoc
922 3297 1001 3342 est
1022 3328 1038 3356 ,
1071 3300 1290 3340 uxorem
1318 3299 1467 3339 suam
1486 3325 1501 3350 ,
1534 3298 1641 3338 non
1681 3282 1733 3337 in
1753 3282 1942 3338 morbo

342 3381 625 3449 desiderii,
656 3382 791 3438 sicut
818 3389 1006 3452 gentes
1048 3395 1169 3450 qua:
1209 3378 1455 3449 ignorant
1491 3376 1659 3431 Deum
1686 3373 1728 3449 (1
1763 3373 1937 3430 Thess.

343 3490 436 3542 tv,
479 3476 652 3547 4,,5).
684 3475 784 3543 Qui
812 3489 938 3545 ergo
983 3473 1050 3527 de
1081 3472 1181 3527 hac
1226 3486 1286 3527 re
1315 3468 1629 3541 Apostolum
1674 3468 1838 3537 legit,
1890 3475 1943 3523 te

344 3568 581 3639 negligit.
613 3568 680 3622 Et
704 3582 807 3622 non
849 3564 1123 3621 erubescis
1150 3564 1308 3618 istum
1338 3561 1620 3625 morbum,
1661 3560 1745 3615 vel
1799 3558 1942 3630 quod

346 3667 401 3714 tu
429 3674 551 3715 esse
573 3700 590 3726 ,
617 3658 860 3731 quamvis
889 3657 910 3693 ⁸
938 3655 1277 3729 pudibundus
1300 3697 1315 3722 ,
1340 3653 1560 3719 fateris,
1607 3651 1761 3707 istam
1816 3652 1941 3707 libi-

345 3750 525 3809 dinem
556 3748 896 3808 introducere
921 3749 975 3806 in
1015 3749 1317 3819 paradisum
1341 3787 1357 3813 ,
1386 3755 1441 3802 et
1482 3744 1718 3800 tribucre
1753 3743 1943 3814 conju-

343 3844 499 3914 gibus
514 3853 637 3900 ante
674 3843 990 3915 peccatum?
1035 3841 1231 3897 ldeono
1251 3847 1307 3893 tu
1334 3854 1440 3893 non
1468 3837 1520 3893 in
1538 3852 1694 3893 coeno
1718 3837 1944 3892 abscon-

343 3933 490 3989 ditus
517 3935 693 3990 latitas
709 3975 726 4000 ,
749 3933 874 4006 quia
894 3935 916 3967 '
944 3932 1166 3988 libidine
1190 3931 1367 3987 carnis
1390 3939 1445 3986 et
1480 3928 1757 4001 sanguinis
1790 3928 1942 3999 quasi

344 4025 575 4097 paradisi
600 4025 730 4082 ﬂore
751 4040 907 4081 roseo
932 4033 982 4080 te
1005 4038 1237 4080 coronas
1258 4064 1274 4091 ,
1315 4029 1371 4077 et
1418 4028 1669 4092 tanquam
1715 4019 1944 4077 libenter

345 4118 439 4174 tali
458 4119 637 4175 colore
674 4117 954 4189 perfusus,
981 4128 1036 4173 et
1062 4116 1333 4172 erubescis
1359 4123 1413 4172 et
1437 4112 1661 4170 laudas?

415 4208 642 4267 CAPUT
657 4210 751 4265 Xl.
770 4230 844 4252 -δ
867 4210 955 4267 57.
983 4208 1142 4277 Quid,
1157 4205 1298 4279 quod
1317 4216 1369 4262 te
1388 4214 1588 4262 tantum
1607 4204 1837 4261 delectat
1853 4204 1940 4262 lo-

347 4300 459 4372 qui,
492 4309 552 4356 ut
578 4300 720 4373 quod
750 4299 1071 4356 confitemur
1103 4306 1159 4355 et
1186 4294 1460 4361 docemus,
1491 4307 1743 4367 tanquam
1768 4311 1937 4366 nege-

346 4406 486 4459 mus,
509 4390 778 4461 superﬂua
806 4390 1113 4462 prolixitate
1138 4388 1404 4451 sermonis
1431 4388 1659 4458 probare
1688 4385 1941 4442 coneris?

346 4480 477 4550 Quis
504 4483 646 4537 enim
675 4491 834 4553 negat
862 4480 1101 4537 futurum
1136 4478 1303 4534 fuisse
1331 4477 1694 4545 concubitum,
1725 4477 1936 4533 etiamsi

346 4580 623 4642 peccatum
647 4588 753 4627 non
784 4569 1185 4642 praecessisset?
1214 4569 1319 4625 Sed
1342 4567 1550 4623 futurus
1569 4566 1766 4635 fuerat,
1797 4569 1938 4624 sicut

347 4663 467 4718 aliis
490 4663 768 4729 membris,
808 4663 880 4718 ita
904 4663 1065 4719 etiam
1091 4661 1413 4733 genitalibus
1447 4660 1713 4715 voluntate
1751 4662 1932 4728 motis,

347 4768 455 4810 non
483 4754 702 4810 libidine
726 4754 1036 4819 concitatis;
1083 4760 1176 4807 aut
1198 4760 1345 4807 certe
1382 4752 1543 4806 etiam
1581 4751 1691 4821 ipsa
1718 4750 1939 4806 libidine

352 4848 444 4919 (ut
471 4862 580 4903 non
600 4861 699 4902 vos
726 4846 795 4901 de
819 4846 909 4901 illa
939 4844 1162 4900 nimium
1189 4842 1628 4914 contristemus),
1668 4857 1773 4897 non
1801 4858 1937 4914 qua-

347 4938 413 4994 lis
440 4952 583 4995 nunc
605 4946 709 5007 est,
739 4937 835 4995 sed
881 4936 951 4993 ad
997 4944 1184 4992 nutum
1239 4934 1599 4989 voluntarium
1645 4934 1935 4989 serviente.

348 5031 549 5089 Verum
575 5047 670 5087 vos
690 5047 789 5103 pro
813 5041 1059 5101 suscepta
1080 5037 1255 5086 vestra
1278 5037 1387 5083 tam
1405 5028 1635 5113 ﬁdeliter
1655 5027 1949 5097 laboratis,

347 5132 406 5179 ut
430 5123 539 5179 vim
566 5122 859 5194 patiamini,
897 5123 1138 5178 nisieam
1164 5121 1334 5193 qualis
1372 5136 1515 5178 nunc
1542 5131 1655 5189 est,
1684 5122 1846 5178 etiam
1887 5122 1940 5178 in

351 5214 922 5284 paradisocollocetis;
949 5229 1057 5269 non
1086 5214 1157 5269 ibi
1179 5215 1248 5270 de
1278 5222 1500 5284 peccato
1519 5213 1760 5293 dicentes
1781 5214 1940 5271 talem

350 5304 565 5375 factam,
604 5307 699 5364 sed
741 5308 901 5363 talem
927 5307 1074 5363 nullo
1100 5315 1359 5378 peccante
1405 5306 1570 5364 fuisse
1609 5321 1939 5377 mansuram,

351 5417 475 5458 cum
493 5418 596 5474 qua
623 5403 677 5458 in
709 5403 796 5459 illa
823 5417 955 5475 pace
979 5402 1346 5471 dimicaretur,
1364 5410 1457 5458 aut
1479 5417 1547 5459 ne
1572 5401 1938 5471 dimicaretur,

351 5493 792 5565 quotiescumque
829 5502 1072 5564 surgeret
1108 5493 1432 5565 expleretur.
1459 5492 1504 5549 Ο
1536 5502 1752 5549 sanctas
1780 5507 1942 5564 para-

352 5584 453 5644 disi
510 5586 761 5644 deliciasi
788 5586 834 5643 Ο
876 5585 1109 5644 frontem
1157 5586 1625 5659 qualiumcumque
1662 5586 1943 5659 episcopo-

416 5743 434 5777 ι
461 5751 534 5795 Er.
556 5750 610 5796 et
630 5750 738 5816 Iov.
767 5778 782 5805 ,
832 5743 903 5796 vel
941 5743 1069 5853 quod
1118 5748 1170 5816 tu
1207 5736 1420 5808 (premitis
1438 5756 1456 5807 ,'
1497 5743 1702 5806 omisso,
1727 5755 1846 5796 esse.

415 5806 438 5837 ⁸
455 5813 588 5853 ων..
606 5820 703 5853 aut.
729 5808 900 5853 Creten
924 5805 956 5853 lt
979 5819 1053 5853 in.
1078 5816 1207 5853 arua.

455 5813 588 5865 ων..
606 5805 703 5868 qui.
729 5808 900 5858 Cameri
924 5805 1053 5863 libri.
1078 5805 1207 5866 quia.

1652 329 1853 386 LIBER
1891 326 2240 398 QUARTUS.

3522 333 3631 391 766

2048 443 2200 497 rum!
2232 440 2276 497 Ο
2305 441 2463 497 fidem
2491 442 2957 514 qualiumcumque
2984 453 3249 503 castorum
3273 447 3327 504 ιι

2113 532 2338 590 CAPUT
2376 533 2491 589 Xll.
2522 564 2594 575 —
2632 534 2721 590 58.
2774 534 2881 592 Sed
2929 537 3117 592 volens
3163 539 3473 608 ostendere,
3524 557 3633 598 non

2042 628 2221 683 omnia
2245 643 2364 700 quae
2405 636 2677 699 teguntur,
2707 643 2773 683 ex
2810 639 3033 701 peccato
3067 631 3429 687 erubescenda
3460 638 3633 704 putari

2042 731 2318 793 oportere,
2350 721 2574 777 multum
2604 721 2835 777 inaniter
2862 723 3024 778 multa
3070 737 3485 791 commemoras,
3513 742 3636 796 qua:

2042 815 2097 871 iu
2123 824 2309 871 nostro
2333 829 2559 886 corpore
2585 814 2899 870 naturaliter
2942 823 3081 871 tecta
3121 824 3276 882 sunt;
3317 816 3469 886 quasi
3514 827 3636 889 post

2043 916 2317 981 peccatum
2347 916 2482 963 tecta
2509 907 2635 973 sint,
2665 907 2804 962 sicut
2823 907 2898 962 illi
2922 906 3185 973 homines,
3219 906 3514 963 undeiuter
3539 924 3638 965 uos

2042 1000 2267 1072 qumstio
2281 1009 2384 1068 est,
2412 1016 2531 1071 qua:
2572 1008 2697 1056 ante
2714 1007 2990 1070 peccatum
3007 1014 3106 1053 nec
3126 997 3394 1070 pudenda,
3424 1014 3523 1056 nec
3554 1011 3639 1056 te-

2042 1101 2129 1148 cta
2156 1093 2390 1156 fuerant,
2424 1101 2546 1164 post
2574 1102 2850 1163 peceatum
2883 1092 3128 1161 pudenda
3160 1100 3428 1148 texerunt.
3464 1112 3484 1145 ι
3512 1094 3641 1149 Bal-

2042 1181 2163 1250 bus,
2195 1201 2214 1235 ι
2246 1182 2439 1253 inquis,
2478 1201 2496 1234 ι
2534 1181 2675 1252 apud
2696 1182 2925 1236 Tullium
2950 1197 3069 1235 cum
3092 1182 3242 1237 Cotta
3260 1198 3387 1239 vere
3410 1182 3636 1252 diligen-

2043 1281 2229 1343 terque
2250 1273 2502 1330 disseruit
2538 1293 2557 1327 ι
2593 1272 2694 1347 (De
2720 1272 2923 1327 Natura
2940 1273 3170 1341 deorum,
3199 1275 3289 1328 lib.
3309 1274 3398 1346 2,).
3428 1294 3447 1326 ι
3481 1275 3636 1332 Unde

2043 1364 2114 1419 ob
2141 1364 2242 1419 hoc
2272 1380 2440 1435 pauca
2469 1365 2645 1435 ponis,
2694 1384 2713 1418 ι
2744 1374 2803 1419 ut
2826 1364 2984 1431 dicis,
3018 1383 3037 1416 ι
3075 1373 3133 1419 ut
3156 1380 3350 1421 oneres
3376 1364 3637 1435 pudorem

2042 1471 2245 1524 meum,
2280 1471 2384 1512 non
2424 1472 2486 1512 ea
2532 1472 2619 1512 me
2648 1456 2973 1511 intellexisse
2998 1456 3099 1511 sub
3126 1456 3431 1527 magisterio
3468 1472 3637 1512 sacrae

2044 1548 2199 1620 legis,
2225 1548 2291 1603 ad
2320 1564 2545 1618 quorum
2571 1548 2843 1605 notionem
2873 1547 3113 1605 Gentiles
3141 1549 3263 1603 solo
3279 1543 3509 1603 'rationis
3534 1548 3633 1603 du-

2042 1648 2131 1694 ctu
2160 1640 2445 1710 pervenire
2483 1649 2809 1710 potuerunt:
2851 1659 2871 1693 ›
2905 1648 2961 1695 et
2990 1641 3144 1710 ponis
3171 1640 3321 1695 Balbi
3361 1641 3524 1695 verba
3567 1655 3638 1695 ex

2041 1729 2321 1786 Ciceronis
2348 1730 2508 1798 libro,
2540 1745 2639 1801 per
2659 1745 2780 1801 qua:
2803 1745 2905 1785 nos
2937 1729 3155 1797 doceas,
3202 1730 3330 1801 quid
3372 1731 3638 1786 senserint

2042 1820 2205 1877 Stoici
2231 1821 2299 1878 de
2327 1822 2632 1877 animalium
2662 1829 2930 1876 mutorum
2951 1820 3257 1877 masculiuis
3272 1836 3335 1875 ac
3363 1819 3639 1876 femininis

2043 1915 2460 1982 diversitatibus,
2511 1916 2579 1971 de
2625 1916 2866 1987 partibus
2908 1914 3151 1984 corporis
3192 1915 3537 1986 genitalibus,
3567 1925 3628 1973 et

2044 2006 2196 2061 miris
2245 2005 2765 2063 commiscendorum
2808 2021 3093 2075 corporum
3137 2004 3465 2062 libidinibus.
3504 2005 3639 2074 Quae

2046 2104 2227 2153 tamen
2276 2097 2460 2163 verba,
2511 2096 2597 2153 vel
2645 2096 2912 2162 Tulliana,
2956 2096 3042 2150 vel
3084 2095 3367 2167 cujuslibet
3393 2095 3634 2164 alterius,

2044 2197 2332 2260 antequam
2381 2190 2774 2259 interponercs,
2820 2188 3131 2243 cautissime
3183 2188 3503 2258 praelocutus
3553 2202 3637 2253 es,

2050 2300 2070 2334 ‹
2107 2282 2247 2353 quod
2277 2280 2398 2337 ideo
2422 2280 2524 2336 sub
2545 2281 2835 2337 bestiarum
2863 2279 3148 2335 occasione
3196 2294 3420 2334 sexuum
3459 2287 3640 2350 tangat

2045 2372 2324 2437 effectum,
2365 2372 2486 2442 quia
2527 2380 2745 2441 propter
2785 2369 3123 2425 honestatem
3164 2369 3267 2424 hoc
3311 2369 3365 2423 in
3404 2368 3639 2424 hominis

2044 2462 2403 2536 descriptione
2432 2461 2709 2533 przeteriit.
2744 2480 2764 2514 ι
2791 2460 2926 2529 Quid
2953 2469 3056 2527 est,
3081 2479 3101 2514 ι
3140 2470 3357 2531 pr0pter
3386 2460 3641 2514 honesta-

2044 2556 2192 2613 tem?
2221 2577 2240 2609 ι
2266 2558 2347 2610 Αη
2373 2555 2426 2610 ἰη
2454 2570 2588 2610 sexu
2611 2552 2845 2610 hominis
2870 2554 3126 2610 honestas
3160 2552 3522 2621 confunditur,
3552 2553 3641 2609 ubi

2044 2649 2188 2705 Deus
2218 2658 2471 2718 tanquam
2501 2647 2555 2703 in
2584 2647 2964 2704 cxceilentiore
2991 2656 3180 2700 natura
3209 2645 3419 2716 dignius
3446 2660 3640 2715 cpera-

2046 2744 2171 2800 tur?
2217 2741 2324 2798 Sed
2364 2742 2662 2799 docuerunt
2706 2750 2758 2797 te
2805 2740 2970 2795 Stoici
3000 2739 3276 2808 diSputare
3301 2739 3369 2793 de
3394 2738 3639 2803 occultis,

2044 2849 2145 2890 nec
2196 2833 2494 2889 docuerunt
2550 2832 2870 2887 erubescere
2932 2830 3000 2885 de
3048 2827 3330 2900 pudendis.
3382 2828 3642 2898 Adjungis

2044 2926 2261 2994 deinde,
2299 2946 2319 2979 ί
2357 2924 2626 2997 quomodo
2666 2925 2840 2995 ipsum
2878 2923 3151 2979 hominem
3182 2923 3422 2977 oratione
3454 2921 3643 2991 depin-

2044 3029 2152 3095 gat,
2193 3039 2212 3073 ι
2250 3028 2307 3074 ιιι
2333 3019 2488 3083 dicis,
2535 3036 2555 3070 ι
2604 3027 2658 3072 et
2687 3016 2957 3088 quomodo
3000 3015 3230 3070 disserat
3256 3014 3359 3069 alvi
3396 3023 3640 3068 naturam

2044 3109 2321 3165 stomacho
2348 3124 2466 3163 esse
2492 3108 2804 3178 subjectam,
2838 3105 2978 3177 quod
3026 3106 3128 3160 cibi
3159 3116 3212 3163 et
3257 3104 3494 3175 potionis
3541 3104 3631 3170 sit,

2044 3202 2441 3271 receptaculum
2483 3201 2802 3271 :pnlutones
2839 3207 3015 3251 autem
3065 3207 3119 3252 et
3166 3213 3261 3251 cor
3308 3196 3643 3251 extrinsecus

2044 3295 2288 3365 Spiritum
2317 3294 2584 3349 adducant
2616 3311 2628 3345 :
2659 3293 2822 3347 multa
2857 3293 2906 3345 in
2933 3292 3055 3347 alvo
3083 3291 3399 3345 mirabiliter
3424 3290 3638 3357 effecta,

2044 3402 2164 3458 quae
2181 3394 2489 3442 constarent
2513 3400 2576 3440 ex
2602 3384 2811 3450 nervis;
2831 3392 2885 3439 et
2905 3383 3044 3453 quod
3067 3384 3136 3437 sit
3162 3382 3434 3452 multiplex
3456 3391 3510 3436 et
3531 3391 3640 3438 tor-

2046 3487 2218 3542 tuosa,
2250 3485 2533 3547 arceatque
2575 3483 2632 3531 et
2673 3475 2972 3540 contineat,
3003 3474 3115 3529 sive
3151 3472 3279 3529 illud
3307 3473 3513 3528 aridum
3542 3474 3634 3540 sit,

2043 3570 2159 3625 sive
2205 3568 2480 3624 humidum
2538 3566 2683 3639 quod
2734 3566 3040 3637 receperit’
3088 3584 3103 3618 :
3166 3585 3186 3620 »
3220 3574 3276 3622 et
3320 3578 3512 3622 caetera
3542 3566 3642 3621 litt-

2039 3659 2467 3729 jusmodiusque
2510 3658 2578 3713 ad
2617 3657 2772 3728 illud,
2829 3676 2849 3710 ‹
2900 3658 3348 3729 quemadmodum
3401 3658 3641 3729 reliquid:

2045 3752 2153 3808 cibi
2197 3751 2553 3823 depellantur,
2598 3759 2710 3806 tum
2763 3751 3182 3823 astringentibus
3238 3766 3298 3808 se
3350 3752 3641 3818 inteStinis,

2047 3852 2161 3898 tum
2187 3842 2571 3899 relaxantibus.
2610 3861 2630 3897 ι
2658 3842 2791 3899 Cum
2817 3858 2946 3914 ergo
2971 3852 3157 3914 posset
3184 3844 3347 3900 etiam
3374 3845 3428 3900 in
3454 3845 3659 3903 bestiis

2046 3934 2148 3990 ista
2179 3934 2507 4003 describere,
2529 3951 2628 3991 cur
2649 3935 2771 3992 inde
2791 3936 2859 3990 ad
2881 3935 3154 3992 hominem
3184 3936 3464 3993 transitum
3491 3936 3640 4006 fecit,

2046 4025 2150 4082 nisi
2180 4026 2300 4096 quia
2331 4026 2430 4081 ista
2461 4025 2706 4098 pudenda
2737 4041 2847 4082 non
2882 4036 3039 4094 sunt;
3082 4028 3224 4082 sicut
3252 4043 3352 4085 nec
3374 4029 3427 4083 in
3454 4028 3644 4084 bestiis

2049 4118 2142 4174 illa
2164 4117 2235 4174 de
2264 4133 2495 4173 sexuum
2526 4118 2849 4188 genitalibus
2877 4126 3037 4189 atque
3071 4120 3297 4186 naturis,
3324 4135 3443 4190 qua:
3470 4129 3646 4175 tamen

2047 4208 2106 4264 in
2138 4208 2355 4263 homine
2378 4207 2624 4279 pudenda
2654 4208 2818 4264 sunt?
2858 4223 2920 4264 ea
2950 4224 3110 4264 causa
3139 4209 3323 4279 utique
3344 4251 3360 4278 ,
3389 4225 3494 4281 qua
3536 4210 3647 4281 pri-

2045 4300 2206 4356 mitus
2254 4309 2370 4371 post
2409 4309 2684 4371 peccatum
2716 4300 2857 4356 foliis
2901 4301 3142 4358 ficulneis
3183 4301 3440 4371 adoperta
3483 4311 3634 4358 sunt.

2044 4389 2177 4446 Nam
2216 4406 2337 4446 cum
2375 4390 2426 4446 in
2467 4390 2825 4460 descriptione
2853 4390 3072 4446 humani
3099 4393 3345 4462 corporis
3372 4408 3541 4464 usque
3574 4393 3641 4448 ad

2046 4483 2137 4538 illa
2162 4492 2401 4538 extrema
2429 4482 2687 4548 venisset,
2717 4497 2819 4553 qua
2848 4482 2952 4538 cibi
2982 4484 3219 4556 reliqnize
3248 4484 3593 4555 depelluntur
3625 4502 3641 4538 :

2052 4592 2072 4626 ς
2108 4573 2588 4642 Quemadmodum,
2628 4592 2647 4627 ι
2677 4572 2867 4644 inquit,
2909 4593 2931 4628 ι
2963 4576 3074 4640 fiat,
3108 4575 3246 4631 haud
3273 4590 3404 4631 sane
3431 4575 3651 4631 difficile

2044 4665 2191 4723 dictu
2216 4675 2296 4721 est
2324 4683 2339 4720 :
2370 4664 2465 4721 sed
2496 4673 2675 4721 tamen
2703 4666 3129 4736 prmtereundum
3149 4708 3163 4732 ,
3204 4681 3273 4722 ne
3296 4667 3423 4739 quid
3455 4667 3650 4722 habeat

2044 4758 2448 4829 injucunditatis
2482 4758 2673 4813 oratio.
2714 4777 2734 4811 ι
2768 4758 2886 4813 Non
2927 4758 3081 4827 dixit,
3128 4758 3499 4824 Coufusinnis;
3533 4763 3643 4827 vel,

2044 4849 2124 4905 Ne
2151 4848 2277 4920 quid
2307 4848 2611 4919 pudendum
2642 4847 2834 4904 habeat
2854 4849 3031 4904 oratio
3057 4866 3071 4903 :
3097 4849 3215 4918 sed,
3249 4868 3271 4901 ι
3312 4864 3380 4906 ne
3404 4850 3530 4921 quid
3558 4850 3645 4905 in-

2041 4938 2411 5012 iucunditatis.
2449 4956 2469 4991 ι
2500 4939 2616 4994 Alia
2638 4946 2764 4995 sunt
2782 4940 2925 4994 enim
2947 4954 3067 5010 qua:
3090 4939 3373 4996 horrorem
3397 4942 3647 5012 ingerunt

2046 5030 2314 5097 sensibus,
2362 5029 2505 5101 quod
2551 5028 2809 5085 deformia
2862 5029 3005 5097 sint;
3057 5030 3159 5085 alia
3211 5046 3331 5102 qum
3382 5031 3644 5102 pudorem

2046 5120 2333 5186 mentibus,
2379 5119 2589 5175 etiamsi
2618 5118 2984 5175 formosa-sint
3022 5134 3039 5173 :
3084 5121 3207 5191 quia
3248 5121 3337 5176 illa
3363 5121 3643 5177 offendunt

2048 5214 2457 5272 delectationem
2477 5254 2496 5281 ,
2531 5221 3070 5271 commoventautem
3102 5214 3203 5271 ista
3230 5214 3527 5285 libidinem,
3555 5214 3643 5270 vel

2047 5306 2267 5364 libidine
2290 5313 2712 5361 commoventur.

2119 5397 2212 5454 59.
2258 5395 2395 5465 Quid
2436 5395 2599 5468 igitur
2638 5405 2695 5454 te
2729 5394 2985 5467 adjuvant
3022 5396 3177 5454 hac?
3210 5415 3231 5451 ι
3261 5397 3399 5467 Quia
3443 5399 3585 5469 ipse,
3622 5415 3642 5449 ο

2126 5619 2143 5650 ³
2158 5615 2477 5691 Διιίειιεμξιιιιιιεγ.
2509 5616 2688 5691 codex,
2711 5624 2788 5691 _et_
2803 5618 2853 5691 in
2882 5617 2994 5691 aliis
3031 5613 3652 5691 adhmarginemhplmjtbus

2050 5688 2179 5739 Mss,
2203 5684 2494 5731 Castrorum.
2509 5675 2749 5740 —Mor'el,
2766 5677 3004 5730 ttiement.
3027 5680 3205 5738 (litim,
3231 5675 3375 5742 pagg.
3400 5675 3513 5737 Siti,
3528 5676 3650 5737 Et”,

2051 5740 2194 5791 legit.
2220 5737 2611 5791 christianorum.
2676 5748 2735 5790 Μ.

2051 5740 2194 5803 legit.
2220 5740 2611 5791 christianorum.
2676 5748 2735 5790 Μ.
3232 5740 3245 5742 ⁷
3308 5740 3311 5741 ⁷

2119 5805 2138 5835 ’
2164 5809 2212 5853 In
2233 5810 2341 5853 Mss.
2356 5835 2371 5862 ,
2402 5800 2500 5854 sive
2522 5801 2646 5854 illud
2668 5800 2880 5860 aridum,
2903 5812 2996 5854 me
3013 5800 3263 5853 humidum
3298 5797 3553 5853 recmert't.
