  <div class='ocr_page' id='page_1' title='image "/cluster/home/n/w/nwhite01/storage/ocr_20150623/44-45/uc1.31175026792435/391.png"; bbox 0 0 4088 6510; ppageno 0'>
   <div class='ocr_carea' id='block_1_1' title="bbox 573 346 678 403">
    <p class='ocr_par' dir='ltr' id='par_1_1' title="bbox 573 346 678 403">
     <span class='ocr_line' id='line_1_1' title="bbox 573 346 678 403; baseline 0.019 -1"><span class='ocrx_word' id='word_1_1' title='bbox 573 346 678 403; x_wconf 79' lang='grc'><strong>76⁸1</strong></span> 
     </span>
    </p>
   </div>
   <div class='ocr_carea' id='block_1_2' title="bbox 569 463 2157 534">
    <p class='ocr_par' dir='ltr' id='par_1_2' title="bbox 569 463 2157 534">
     <span class='ocr_line' id='line_1_2' title="bbox 569 463 2157 534; baseline -0.002 -14"><span class='ocrx_word' id='word_1_2' title='bbox 569 466 767 530; x_wconf 84' lang='lat' dir='ltr'><strong>inquis,</strong></span> <span class='ocrx_word' id='word_1_3' title='bbox 798 484 817 517; x_wconf 69' lang='grc' dir='ltr'><strong><em>ι</em></strong></span> <span class='ocrx_word' id='word_1_4' title='bbox 842 463 1023 534; x_wconf 80' lang='lat' dir='ltr'><strong>opifex</strong></span> <span class='ocrx_word' id='word_1_5' title='bbox 1044 477 1226 521; x_wconf 82' lang='lat' dir='ltr'><strong>noster</strong></span> <span class='ocrx_word' id='word_1_6' title='bbox 1248 463 1454 519; x_wconf 92' lang='lat' dir='ltr'><strong>nullum</strong></span> <span class='ocrx_word' id='word_1_7' title='bbox 1483 481 1595 520; x_wconf 74' lang='lat' dir='ltr'><strong>sua:</strong></span> <span class='ocrx_word' id='word_1_8' title='bbox 1616 464 1744 519; x_wconf 89' lang='lat' dir='ltr'><strong>artis</strong></span> <span class='ocrx_word' id='word_1_9' title='bbox 1764 464 1968 519; x_wconf 98' lang='lat' dir='ltr'><strong>crimen</strong></span> <span class='ocrx_word' id='word_1_10' title='bbox 1991 479 2157 534; x_wconf 86' lang='lat' dir='ltr'><strong>agno-</strong></span> 
     </span>
    </p>
   </div>
   <div class='ocr_carea' id='block_1_3' title="bbox 569 556 2161 628">
    <p class='ocr_par' dir='ltr' id='par_1_3' title="bbox 569 556 2161 628">
     <span class='ocr_line' id='line_1_3' title="bbox 569 556 2161 628; baseline 0.001 -18"><span class='ocrx_word' id='word_1_11' title='bbox 569 561 666 620; x_wconf 75' lang='lat' dir='ltr'><strong>vit.</strong></span> <span class='ocrx_word' id='word_1_12' title='bbox 702 570 757 613; x_wconf 92' lang='lat' dir='ltr'><strong>ut</strong></span> <span class='ocrx_word' id='word_1_13' title='bbox 786 558 966 613; x_wconf 89' lang='lat' dir='ltr'><strong>vitalia</strong></span> <span class='ocrx_word' id='word_1_14' title='bbox 990 567 1169 613; x_wconf 88' lang='lat' dir='ltr'><strong>nostra</strong></span> <span class='ocrx_word' id='word_1_15' title='bbox 1198 566 1303 613; x_wconf 86' lang='lat' dir='ltr'><strong>tam</strong></span> <span class='ocrx_word' id='word_1_16' title='bbox 1334 557 1617 628; x_wconf 86' lang='lat' dir='ltr'><strong>diligenter</strong></span> <span class='ocrx_word' id='word_1_17' title='bbox 1641 557 1927 613; x_wconf 89' lang='lat' dir='ltr'><strong>occuleret.</strong></span> <span class='ocrx_word' id='word_1_18' title='bbox 1955 574 1974 609; x_wconf 73' lang='grc' dir='ltr'><strong><em>ι</em></strong></span> <span class='ocrx_word' id='word_1_19' title='bbox 2008 556 2161 612; x_wconf 81' lang='lat' dir='ltr'><strong>Absit</strong></span> 
     </span>
    </p>
   </div>
   <div class='ocr_carea' id='block_1_4' title="bbox 572 645 2157 719">
    <p class='ocr_par' dir='ltr' id='par_1_4' title="bbox 572 645 2157 719">
     <span class='ocr_line' id='line_1_4' title="bbox 572 645 2157 719; baseline -0.001 -18"><span class='ocrx_word' id='word_1_20' title='bbox 572 652 749 718; x_wconf 83' lang='lat' dir='ltr'><strong>plane,</strong></span> <span class='ocrx_word' id='word_1_21' title='bbox 783 657 839 703; x_wconf 94' lang='lat' dir='ltr'><strong>ut</strong></span> <span class='ocrx_word' id='word_1_22' title='bbox 859 649 989 704; x_wconf 89' lang='lat' dir='ltr'><strong>artis</strong></span> <span class='ocrx_word' id='word_1_23' title='bbox 1017 664 1129 704; x_wconf 82' lang='lat' dir='ltr'><strong>suae</strong></span> <span class='ocrx_word' id='word_1_24' title='bbox 1152 658 1329 703; x_wconf 91' lang='lat' dir='ltr'><strong>tantus</strong></span> <span class='ocrx_word' id='word_1_25' title='bbox 1347 648 1535 704; x_wconf 75' lang='lat' dir='ltr'><strong>artifex</strong></span> <span class='ocrx_word' id='word_1_26' title='bbox 1557 647 1725 703; x_wconf 91' lang='lat' dir='ltr'><strong>ullum</strong></span> <span class='ocrx_word' id='word_1_27' title='bbox 1755 645 2030 719; x_wconf 80' lang='lat' dir='ltr'><strong>agnoverit</strong></span> <span class='ocrx_word' id='word_1_28' title='bbox 2049 646 2157 701; x_wconf 89' lang='lat' dir='ltr'><strong>cri-</strong></span> 
     </span>
    </p>
   </div>
   <div class='ocr_carea' id='block_1_5' title="bbox 570 738 2160 811">
    <p class='ocr_par' dir='ltr' id='par_1_5' title="bbox 570 738 2160 811">
     <span class='ocr_line' id='line_1_5' title="bbox 570 738 2160 811; baseline -0.001 -15"><span class='ocrx_word' id='word_1_29' title='bbox 570 757 717 796; x_wconf 85' lang='lat' dir='ltr'><strong>men.</strong></span> <span class='ocrx_word' id='word_1_30' title='bbox 766 741 875 797; x_wconf 87' lang='lat' dir='ltr'><strong>Sed</strong></span> <span class='ocrx_word' id='word_1_31' title='bbox 912 756 1007 796; x_wconf 89' lang='lat' dir='ltr'><strong>cur</strong></span> <span class='ocrx_word' id='word_1_32' title='bbox 1032 741 1132 795; x_wconf 87' lang='lat' dir='ltr'><strong>ista</strong></span> <span class='ocrx_word' id='word_1_33' title='bbox 1179 740 1405 806; x_wconf 84' lang='lat' dir='ltr'><strong>texerit,</strong></span> <span class='ocrx_word' id='word_1_34' title='bbox 1430 740 1540 811; x_wconf 88' lang='lat' dir='ltr'><strong>jam</strong></span> <span class='ocrx_word' id='word_1_35' title='bbox 1572 740 1729 811; x_wconf 90' lang='lat' dir='ltr'><strong>paulo</strong></span> <span class='ocrx_word' id='word_1_36' title='bbox 1757 739 2001 809; x_wconf 86' lang='lat' dir='ltr'><strong>superius</strong></span> <span class='ocrx_word' id='word_1_37' title='bbox 2045 738 2160 808; x_wconf 85' lang='lat' dir='ltr'><strong>ipse</strong></span> 
     </span>
    </p>
   </div>
   <div class='ocr_carea' id='block_1_6' title="bbox 570 830 2159 900">
    <p class='ocr_par' dir='ltr' id='par_1_6' title="bbox 570 830 2159 900">
     <span class='ocr_line' id='line_1_6' title="bbox 570 830 2159 900; baseline -0.002 -14"><span class='ocrx_word' id='word_1_38' title='bbox 570 831 773 899; x_wconf 80' lang='lat' dir='ltr'><strong>dixisti,</strong></span> <span class='ocrx_word' id='word_1_39' title='bbox 808 851 827 884; x_wconf 85' lang='grc'><strong><em>‹</em></strong></span> <span class='ocrx_word' id='word_1_40' title='bbox 855 848 922 888; x_wconf 90' lang='lat' dir='ltr'><strong>ne</strong></span> <span class='ocrx_word' id='word_1_41' title='bbox 950 832 1157 887; x_wconf 91' lang='lat' dir='ltr'><strong>scilicet</strong></span> <span class='ocrx_word' id='word_1_42' title='bbox 1183 851 1202 884; x_wconf 73' lang='grc' dir='ltr'><strong><em>ι</em></strong></span> <span class='ocrx_word' id='word_1_43' title='bbox 1234 834 1315 887; x_wconf 86' lang='lat' dir='ltr'><strong>vel</strong></span> <span class='ocrx_word' id='word_1_44' title='bbox 1345 833 1629 898; x_wconf 90' lang='lat' dir='ltr'><strong>intereant,</strong></span> <span class='ocrx_word' id='word_1_45' title='bbox 1659 831 1741 886; x_wconf 92' lang='lat' dir='ltr'><strong>vel</strong></span> <span class='ocrx_word' id='word_1_46' title='bbox 1777 830 2028 885; x_wconf 82' lang='lat' dir='ltr'><strong>horreant</strong></span> <span class='ocrx_word' id='word_1_47' title='bbox 2054 845 2159 900; x_wconf 86' lang='lat' dir='ltr'><strong>pu-</strong></span> 
     </span>
    </p>
   </div>
   <div class='ocr_carea' id='block_1_7' title="bbox 571 922 2157 994">
    <p class='ocr_par' dir='ltr' id='par_1_7' title="bbox 571 922 2157 994">
     <span class='ocr_line' id='line_1_7' title="bbox 571 922 2157 994; baseline -0.002 -17"><span class='ocrx_word' id='word_1_48' title='bbox 571 922 785 977; x_wconf 85' lang='lat' dir='ltr'><strong>blicata.</strong></span> <span class='ocrx_word' id='word_1_49' title='bbox 827 942 846 976; x_wconf 77' lang='grc' dir='ltr'><strong><em>ι</em></strong></span> <span class='ocrx_word' id='word_1_50' title='bbox 880 924 970 978; x_wconf 88' lang='lat' dir='ltr'><strong>llla</strong></span> <span class='ocrx_word' id='word_1_51' title='bbox 999 938 1127 979; x_wconf 87' lang='lat' dir='ltr'><strong>vero</strong></span> <span class='ocrx_word' id='word_1_52' title='bbox 1152 939 1272 994; x_wconf 74' lang='lat' dir='ltr'><strong>qum</strong></span> <span class='ocrx_word' id='word_1_53' title='bbox 1312 924 1455 978; x_wconf 91' lang='lat' dir='ltr'><strong>foliis</strong></span> <span class='ocrx_word' id='word_1_54' title='bbox 1483 924 1722 979; x_wconf 88' lang='lat' dir='ltr'><strong>ficulneis</strong></span> <span class='ocrx_word' id='word_1_55' title='bbox 1752 930 2000 977; x_wconf 80' lang='lat' dir='ltr'><strong>texerunt</strong></span> <span class='ocrx_word' id='word_1_56' title='bbox 2024 936 2157 976; x_wconf 89' lang='lat' dir='ltr'><strong>cou-</strong></span> 
     </span>
    </p>
   </div>
   <div class='ocr_carea' id='block_1_8' title="bbox 566 1010 2159 1086">
    <p class='ocr_par' dir='ltr' id='par_1_8' title="bbox 566 1010 2159 1086">
     <span class='ocr_line' id='line_1_8' title="bbox 566 1010 2159 1086; baseline 0.001 -21"><span class='ocrx_word' id='word_1_57' title='bbox 566 1013 726 1081; x_wconf 88' lang='lat' dir='ltr'><strong>juges</strong></span> <span class='ocrx_word' id='word_1_58' title='bbox 754 1012 907 1080; x_wconf 89' lang='lat' dir='ltr'><strong>primi</strong></span> <span class='ocrx_word' id='word_1_59' title='bbox 935 1010 1105 1086; x_wconf 85' lang='lat' dir='ltr'><strong>(Gen.</strong></span> <span class='ocrx_word' id='word_1_60' title='bbox 1136 1029 1213 1079; x_wconf 84' lang='lat' dir='ltr'><strong>tu,</strong></span> <span class='ocrx_word' id='word_1_61' title='bbox 1240 1014 1309 1084; x_wconf 91' lang='lat'><strong>7)</strong></span> <span class='ocrx_word' id='word_1_62' title='bbox 1335 1055 1349 1079; x_wconf 91' lang='lat'><strong>,</strong></span> <span class='ocrx_word' id='word_1_63' title='bbox 1386 1027 1486 1067; x_wconf 90' lang='lat' dir='ltr'><strong>nec</strong></span> <span class='ocrx_word' id='word_1_64' title='bbox 1517 1012 1803 1068; x_wconf 91' lang='lat' dir='ltr'><strong>interibant</strong></span> <span class='ocrx_word' id='word_1_65' title='bbox 1828 1012 2029 1081; x_wconf 82' lang='lat' dir='ltr'><strong>utique,</strong></span> <span class='ocrx_word' id='word_1_66' title='bbox 2060 1025 2159 1066; x_wconf 85' lang='lat' dir='ltr'><strong>nec</strong></span> 
     </span>
    </p>
   </div>
   <div class='ocr_carea' id='block_1_9' title="bbox 573 1100 2156 1171">
    <p class='ocr_par' dir='ltr' id='par_1_9' title="bbox 573 1100 2156 1171">
     <span class='ocr_line' id='line_1_9' title="bbox 573 1100 2156 1171; baseline 0.001 -17"><span class='ocrx_word' id='word_1_67' title='bbox 573 1100 897 1168; x_wconf 91' lang='lat' dir='ltr'><strong>horrebant,</strong></span> <span class='ocrx_word' id='word_1_68' title='bbox 926 1102 1138 1171; x_wconf 87' lang='lat' dir='ltr'><strong>quando</strong></span> <span class='ocrx_word' id='word_1_69' title='bbox 1166 1103 1293 1158; x_wconf 92' lang='lat' dir='ltr'><strong>nudi</strong></span> <span class='ocrx_word' id='word_1_70' title='bbox 1321 1112 1503 1170; x_wconf 87' lang='lat' dir='ltr'><strong>erant,</strong></span> <span class='ocrx_word' id='word_1_71' title='bbox 1531 1112 1585 1159; x_wconf 90' lang='lat' dir='ltr'><strong>et</strong></span> <span class='ocrx_word' id='word_1_72' title='bbox 1612 1118 1715 1158; x_wconf 92' lang='lat' dir='ltr'><strong>non</strong></span> <span class='ocrx_word' id='word_1_73' title='bbox 1751 1102 2156 1159; x_wconf 87' lang='lat' dir='ltr'><strong>confundeban-</strong></span> 
     </span>
    </p>
   </div>
   <div class='ocr_carea' id='block_1_10' title="bbox 570 1189 2159 1266">
    <p class='ocr_par' dir='ltr' id='par_1_10' title="bbox 570 1189 2159 1266">
     <span class='ocr_line' id='line_1_10' title="bbox 570 1189 2159 1266; baseline 0.004 -22"><span class='ocrx_word' id='word_1_74' title='bbox 570 1201 657 1245; x_wconf 86' lang='lat' dir='ltr'><strong>tur</strong></span> <span class='ocrx_word' id='word_1_75' title='bbox 684 1189 792 1263; x_wconf 86' lang='lat' dir='ltr'><strong>(Id.</strong></span> <span class='ocrx_word' id='word_1_76' title='bbox 830 1208 887 1257; x_wconf 91' lang='lat' dir='ltr'><strong>n,</strong></span> <span class='ocrx_word' id='word_1_77' title='bbox 917 1191 1031 1264; x_wconf 70' lang='grc'><strong>25).</strong></span> <span class='ocrx_word' id='word_1_78' title='bbox 1079 1194 1147 1249; x_wconf 83' lang='lat' dir='ltr'><strong>Et</strong></span> <span class='ocrx_word' id='word_1_79' title='bbox 1174 1210 1312 1249; x_wconf 91' lang='lat' dir='ltr'><strong>nunc</strong></span> <span class='ocrx_word' id='word_1_80' title='bbox 1350 1195 1615 1266; x_wconf 74' lang='lat' dir='ltr'><strong>pudicitia:</strong></span> <span class='ocrx_word' id='word_1_81' title='bbox 1652 1194 1856 1261; x_wconf 88' lang='lat' dir='ltr'><strong>cautio,</strong></span> <span class='ocrx_word' id='word_1_82' title='bbox 1887 1196 2064 1265; x_wconf 87' lang='lat' dir='ltr'><strong>potius</strong></span> <span class='ocrx_word' id='word_1_83' title='bbox 2092 1209 2159 1251; x_wconf 86' lang='lat' dir='ltr'><strong>ne</strong></span> 
     </span>
    </p>
   </div>
   <div class='ocr_carea' id='block_1_11' title="bbox 569 1282 2160 1357">
    <p class='ocr_par' dir='ltr' id='par_1_11' title="bbox 569 1282 2160 1357">
     <span class='ocr_line' id='line_1_11' title="bbox 569 1282 2160 1357; baseline 0.003 -21"><span class='ocrx_word' id='word_1_84' title='bbox 569 1282 751 1349; x_wconf 89' lang='lat' dir='ltr'><strong>libeat,</strong></span> <span class='ocrx_word' id='word_1_85' title='bbox 781 1300 937 1355; x_wconf 89' lang='lat' dir='ltr'><strong>quam</strong></span> <span class='ocrx_word' id='word_1_86' title='bbox 966 1301 1033 1341; x_wconf 89' lang='lat' dir='ltr'><strong>ne</strong></span> <span class='ocrx_word' id='word_1_87' title='bbox 1057 1284 1272 1342; x_wconf 84' lang='lat' dir='ltr'><strong>horreat</strong></span> <span class='ocrx_word' id='word_1_88' title='bbox 1299 1287 1386 1342; x_wconf 89' lang='lat' dir='ltr'><strong>illa</strong></span> <span class='ocrx_word' id='word_1_89' title='bbox 1407 1287 1631 1357; x_wconf 89' lang='lat' dir='ltr'><strong>species,</strong></span> <span class='ocrx_word' id='word_1_90' title='bbox 1655 1287 1964 1343; x_wconf 89' lang='lat' dir='ltr'><strong>eorumdem</strong></span> <span class='ocrx_word' id='word_1_91' title='bbox 1987 1302 2160 1342; x_wconf 83' lang='lat' dir='ltr'><strong>mem-</strong></span> 
     </span>
    </p>
   </div>
   <div class='ocr_carea' id='block_1_12' title="bbox 567 1372 2157 1450">
    <p class='ocr_par' dir='ltr' id='par_1_12' title="bbox 567 1372 2157 1450">
     <span class='ocr_line' id='line_1_12' title="bbox 567 1372 2157 1450; baseline 0.004 -23"><span class='ocrx_word' id='word_1_92' title='bbox 567 1372 782 1429; x_wconf 85' lang='lat' dir='ltr'><strong>brorum</strong></span> <span class='ocrx_word' id='word_1_93' title='bbox 824 1376 1023 1432; x_wconf 88' lang='lat' dir='ltr'><strong>devitat</strong></span> <span class='ocrx_word' id='word_1_94' title='bbox 1059 1388 1350 1448; x_wconf 87' lang='lat' dir='ltr'><strong>aspectum.</strong></span> <span class='ocrx_word' id='word_1_95' title='bbox 1382 1378 1601 1434; x_wconf 81' lang='lat' dir='ltr'><strong>Frustra</strong></span> <span class='ocrx_word' id='word_1_96' title='bbox 1644 1380 1805 1450; x_wconf 80' lang='lat' dir='ltr'><strong>igitur</strong></span> <span class='ocrx_word' id='word_1_97' title='bbox 1850 1380 2157 1434; x_wconf 89' lang='lat' dir='ltr'><strong>testimonio</strong></span> 
     </span>
    </p>
   </div>
   <div class='ocr_carea' id='block_1_13' title="bbox 566 1465 2155 1542">
    <p class='ocr_par' dir='ltr' id='par_1_13' title="bbox 566 1465 2155 1542">
     <span class='ocr_line' id='line_1_13' title="bbox 566 1465 2155 1542; baseline 0.001 -21"><span class='ocrx_word' id='word_1_98' title='bbox 566 1465 867 1522; x_wconf 86' lang='lat' dir='ltr'><strong>Stoicorum</strong></span> <span class='ocrx_word' id='word_1_99' title='bbox 914 1468 1200 1537; x_wconf 76' lang='lat' dir='ltr'><strong>iuvandam</strong></span> <span class='ocrx_word' id='word_1_100' title='bbox 1250 1470 1445 1542; x_wconf 87' lang='lat' dir='ltr'><strong>putasti</strong></span> <span class='ocrx_word' id='word_1_101' title='bbox 1490 1478 1632 1525; x_wconf 89' lang='lat' dir='ltr'><strong>tuam</strong></span> <span class='ocrx_word' id='word_1_102' title='bbox 1672 1486 1793 1525; x_wconf 89' lang='lat' dir='ltr'><strong>esse</strong></span> <span class='ocrx_word' id='word_1_103' title='bbox 1829 1479 2155 1540; x_wconf 89' lang='lat' dir='ltr'><strong>susceptam,</strong></span> 
     </span>
    </p>
   </div>
   <div class='ocr_carea' id='block_1_14' title="bbox 568 1561 2157 1633">
    <p class='ocr_par' dir='ltr' id='par_1_14' title="bbox 568 1561 2157 1633">
     <span class='ocr_line' id='line_1_14' title="bbox 568 1561 2157 1633; baseline 0.002 -20"><span class='ocrx_word' id='word_1_104' title='bbox 568 1573 676 1613; x_wconf 92' lang='lat' dir='ltr'><strong>non</strong></span> <span class='ocrx_word' id='word_1_105' title='bbox 707 1574 833 1615; x_wconf 84' lang='lat' dir='ltr'><strong>sane</strong></span> <span class='ocrx_word' id='word_1_106' title='bbox 869 1561 972 1615; x_wconf 86' lang='lat' dir='ltr'><strong>illis</strong></span> <span class='ocrx_word' id='word_1_107' title='bbox 1009 1563 1255 1629; x_wconf 86' lang='lat' dir='ltr'><strong>amicam,</strong></span> <span class='ocrx_word' id='word_1_108' title='bbox 1298 1562 1388 1633; x_wconf 91' lang='lat' dir='ltr'><strong>qui</strong></span> <span class='ocrx_word' id='word_1_109' title='bbox 1428 1562 1630 1617; x_wconf 91' lang='lat' dir='ltr'><strong>nullam</strong></span> <span class='ocrx_word' id='word_1_110' title='bbox 1673 1562 1986 1633; x_wconf 88' lang='lat' dir='ltr'><strong>particulam</strong></span> <span class='ocrx_word' id='word_1_111' title='bbox 2032 1563 2157 1618; x_wconf 90' lang='lat' dir='ltr'><strong>boni</strong></span> 
     </span>
    </p>
   </div>
   <div class='ocr_carea' id='block_1_15' title="bbox 567 1649 2160 1728">
    <p class='ocr_par' dir='ltr' id='par_1_15' title="bbox 567 1649 2160 1728">
     <span class='ocr_line' id='line_1_15' title="bbox 567 1649 2160 1728; baseline 0.003 -22"><span class='ocrx_word' id='word_1_112' title='bbox 567 1649 785 1708; x_wconf 84' lang='lat' dir='ltr'><strong>humani</strong></span> <span class='ocrx_word' id='word_1_113' title='bbox 815 1653 867 1708; x_wconf 93' lang='lat' dir='ltr'><strong>in</strong></span> <span class='ocrx_word' id='word_1_114' title='bbox 898 1655 1137 1724; x_wconf 89' lang='lat' dir='ltr'><strong>corporis</strong></span> <span class='ocrx_word' id='word_1_115' title='bbox 1158 1655 1422 1725; x_wconf 89' lang='lat' dir='ltr'><strong>voluptate</strong></span> <span class='ocrx_word' id='word_1_116' title='bbox 1449 1665 1755 1726; x_wconf 87' lang='lat' dir='ltr'><strong>posuerunt.</strong></span> <span class='ocrx_word' id='word_1_117' title='bbox 1792 1657 2025 1728; x_wconf 88' lang='lat' dir='ltr'><strong>Denique</strong></span> <span class='ocrx_word' id='word_1_118' title='bbox 2052 1656 2160 1711; x_wconf 88' lang='lat' dir='ltr'><strong>ele-</strong></span> 
     </span>
    </p>
   </div>
   <div class='ocr_carea' id='block_1_16' title="bbox 565 1745 2157 1821">
    <p class='ocr_par' dir='ltr' id='par_1_16' title="bbox 565 1745 2157 1821">
     <span class='ocr_line' id='line_1_16' title="bbox 565 1745 2157 1821; baseline 0.003 -21"><span class='ocrx_word' id='word_1_119' title='bbox 565 1753 758 1816; x_wconf 81' lang='lat' dir='ltr'><strong>gerunt</strong></span> <span class='ocrx_word' id='word_1_120' title='bbox 784 1745 837 1800; x_wconf 91' lang='lat' dir='ltr'><strong>in</strong></span> <span class='ocrx_word' id='word_1_121' title='bbox 865 1746 1143 1815; x_wconf 88' lang='lat' dir='ltr'><strong>pecoribus</strong></span> <span class='ocrx_word' id='word_1_122' title='bbox 1191 1748 1366 1818; x_wconf 90' lang='lat' dir='ltr'><strong>potius</strong></span> <span class='ocrx_word' id='word_1_123' title='bbox 1393 1765 1550 1819; x_wconf 89' lang='lat' dir='ltr'><strong>quam</strong></span> <span class='ocrx_word' id='word_1_124' title='bbox 1582 1750 1633 1803; x_wconf 93' lang='lat' dir='ltr'><strong>in</strong></span> <span class='ocrx_word' id='word_1_125' title='bbox 1664 1749 1986 1814; x_wconf 91' lang='lat' dir='ltr'><strong>hominibus,</strong></span> <span class='ocrx_word' id='word_1_126' title='bbox 2016 1750 2157 1821; x_wconf 88' lang='lat' dir='ltr'><strong>quod</strong></span> 
     </span>
    </p>
   </div>
   <div class='ocr_carea' id='block_1_17' title="bbox 568 1834 2155 1913">
    <p class='ocr_par' dir='ltr' id='par_1_17' title="bbox 568 1834 2155 1913">
     <span class='ocr_line' id='line_1_17' title="bbox 568 1834 2155 1913; baseline 0.006 -25"><span class='ocrx_word' id='word_1_127' title='bbox 568 1842 626 1889; x_wconf 91' lang='lat' dir='ltr'><strong>tu</strong></span> <span class='ocrx_word' id='word_1_128' title='bbox 670 1834 826 1902; x_wconf 89' lang='lat' dir='ltr'><strong>facis,</strong></span> <span class='ocrx_word' id='word_1_129' title='bbox 858 1835 1076 1892; x_wconf 89' lang='lat' dir='ltr'><strong>laudare</strong></span> <span class='ocrx_word' id='word_1_130' title='bbox 1117 1838 1383 1894; x_wconf 86' lang='lat' dir='ltr'><strong>libidines.</strong></span> <span class='ocrx_word' id='word_1_131' title='bbox 1432 1840 1629 1895; x_wconf 88' lang='lat' dir='ltr'><strong>Eorum</strong></span> <span class='ocrx_word' id='word_1_132' title='bbox 1677 1842 1874 1911; x_wconf 90' lang='lat' dir='ltr'><strong>quippe</strong></span> <span class='ocrx_word' id='word_1_133' title='bbox 1918 1842 2155 1913; x_wconf 83' lang='lat' dir='ltr'><strong>Opinioni</strong></span> 
     </span>
    </p>
   </div>
   <div class='ocr_carea' id='block_1_18' title="bbox 563 1926 2156 2003">
    <p class='ocr_par' dir='ltr' id='par_1_18' title="bbox 563 1926 2156 2003">
     <span class='ocr_line' id='line_1_18' title="bbox 563 1926 2156 2003; baseline 0.006 -22"><span class='ocrx_word' id='word_1_134' title='bbox 563 1926 951 1984; x_wconf 82' lang='lat' dir='ltr'><strong>convenienter</strong></span> <span class='ocrx_word' id='word_1_135' title='bbox 978 1930 1053 1985; x_wconf 90' lang='lat' dir='ltr'><strong>ait</strong></span> <span class='ocrx_word' id='word_1_136' title='bbox 1081 1931 1311 2001; x_wconf 89' lang='lat' dir='ltr'><strong>quodam</strong></span> <span class='ocrx_word' id='word_1_137' title='bbox 1353 1931 1473 1987; x_wconf 88' lang='lat' dir='ltr'><strong>loco</strong></span> <span class='ocrx_word' id='word_1_138' title='bbox 1495 1933 1721 1999; x_wconf 87' lang='lat' dir='ltr'><strong>Tullius,</strong></span> <span class='ocrx_word' id='word_1_139' title='bbox 1754 1950 1813 1989; x_wconf 91' lang='lat' dir='ltr'><strong>se</strong></span> <span class='ocrx_word' id='word_1_140' title='bbox 1839 1950 1942 1988; x_wconf 88' lang='lat' dir='ltr'><strong>non</strong></span> <span class='ocrx_word' id='word_1_141' title='bbox 1970 1944 2156 2003; x_wconf 87' lang='lat' dir='ltr'><strong>putare</strong></span> 
     </span>
    </p>
   </div>
   <div class='ocr_carea' id='block_1_19' title="bbox 562 2016 2152 2096">
    <p class='ocr_par' dir='ltr' id='par_1_19' title="bbox 562 2016 2152 2096">
     <span class='ocr_line' id='line_1_19' title="bbox 562 2016 2152 2096; baseline 0.006 -24"><span class='ocrx_word' id='word_1_142' title='bbox 562 2016 705 2073; x_wconf 90' lang='lat' dir='ltr'><strong>idem</strong></span> <span class='ocrx_word' id='word_1_143' title='bbox 733 2034 852 2075; x_wconf 91' lang='lat' dir='ltr'><strong>esse</strong></span> <span class='ocrx_word' id='word_1_144' title='bbox 889 2023 1068 2077; x_wconf 88' lang='lat' dir='ltr'><strong>arietis</strong></span> <span class='ocrx_word' id='word_1_145' title='bbox 1099 2032 1151 2077; x_wconf 92' lang='lat' dir='ltr'><strong>et</strong></span> <span class='ocrx_word' id='word_1_146' title='bbox 1178 2022 1348 2078; x_wconf 89' lang='lat' dir='ltr'><strong>Publii</strong></span> <span class='ocrx_word' id='word_1_147' title='bbox 1378 2022 1610 2079; x_wconf 77' lang='lat' dir='ltr'><strong>Africani</strong></span> <span class='ocrx_word' id='word_1_148' title='bbox 1642 2024 1860 2079; x_wconf 88' lang='lat' dir='ltr'><strong>bonum.</strong></span> <span class='ocrx_word' id='word_1_149' title='bbox 1892 2025 2006 2096; x_wconf 86' lang='lat' dir='ltr'><strong>Q‘ua</strong></span> <span class='ocrx_word' id='word_1_150' title='bbox 2035 2042 2152 2081; x_wconf 89' lang='lat' dir='ltr'><strong>ma-</strong></span> 
     </span>
    </p>
   </div>
   <div class='ocr_carea' id='block_1_20' title="bbox 561 2109 2155 2188">
    <p class='ocr_par' dir='ltr' id='par_1_20' title="bbox 561 2109 2155 2188">
     <span class='ocr_line' id='line_1_20' title="bbox 561 2109 2155 2188; baseline 0.008 -26"><span class='ocrx_word' id='word_1_151' title='bbox 561 2109 645 2178; x_wconf 90' lang='lat' dir='ltr'><strong>gis</strong></span> <span class='ocrx_word' id='word_1_152' title='bbox 672 2111 934 2166; x_wconf 89' lang='lat' dir='ltr'><strong>sententia</strong></span> <span class='ocrx_word' id='word_1_153' title='bbox 967 2122 1020 2169; x_wconf 91' lang='lat' dir='ltr'><strong>te</strong></span> <span class='ocrx_word' id='word_1_154' title='bbox 1046 2114 1279 2184; x_wconf 86' lang='lat' dir='ltr'><strong>oportuit</strong></span> <span class='ocrx_word' id='word_1_155' title='bbox 1305 2114 1581 2171; x_wconf 89' lang='lat' dir='ltr'><strong>admoneri</strong></span> <span class='ocrx_word' id='word_1_156' title='bbox 1601 2157 1617 2183; x_wconf 91' lang='lat'><strong>,</strong></span> <span class='ocrx_word' id='word_1_157' title='bbox 1668 2116 1793 2188; x_wconf 92' lang='lat' dir='ltr'><strong>quid</strong></span> <span class='ocrx_word' id='word_1_158' title='bbox 1829 2117 1895 2174; x_wconf 92' lang='lat' dir='ltr'><strong>de</strong></span> <span class='ocrx_word' id='word_1_159' title='bbox 1926 2118 2155 2174; x_wconf 91' lang='lat' dir='ltr'><strong>humana</strong></span> 
     </span>
    </p>
   </div>
   <div class='ocr_carea' id='block_1_21' title="bbox 560 2201 1287 2262">
    <p class='ocr_par' dir='ltr' id='par_1_21' title="bbox 560 2201 1287 2262">
     <span class='ocr_line' id='line_1_21' title="bbox 560 2201 1287 2262; baseline 0.006 -5"><span class='ocrx_word' id='word_1_160' title='bbox 560 2201 782 2257; x_wconf 88' lang='lat' dir='ltr'><strong>libidine</strong></span> <span class='ocrx_word' id='word_1_161' title='bbox 809 2205 1010 2261; x_wconf 89' lang='lat' dir='ltr'><strong>sentire</strong></span> <span class='ocrx_word' id='word_1_162' title='bbox 1039 2207 1287 2262; x_wconf 77' lang='lat' dir='ltr'><strong>deberes.</strong></span> 
     </span>
    </p>
   </div>
   <div class='ocr_carea' id='block_1_22' title="bbox 635 2290 2151 2373">
    <p class='ocr_par' dir='ltr' id='par_1_22' title="bbox 635 2290 2151 2373">
     <span class='ocr_line' id='line_1_22' title="bbox 635 2290 2151 2373; baseline 0.008 -25"><span class='ocrx_word' id='word_1_163' title='bbox 635 2293 722 2349; x_wconf 86' lang='lat'><strong>60.</strong></span> <span class='ocrx_word' id='word_1_164' title='bbox 745 2294 850 2350; x_wconf 90' lang='lat' dir='ltr'><strong>Sed</strong></span> <span class='ocrx_word' id='word_1_165' title='bbox 877 2296 921 2350; x_wconf 92' lang='lat' dir='ltr'><strong>si</strong></span> <span class='ocrx_word' id='word_1_166' title='bbox 952 2296 1146 2351; x_wconf 88' lang='lat' dir='ltr'><strong>talibus</strong></span> <span class='ocrx_word' id='word_1_167' title='bbox 1171 2298 1363 2353; x_wconf 89' lang='lat' dir='ltr'><strong>litteris</strong></span> <span class='ocrx_word' id='word_1_168' title='bbox 1388 2306 1445 2353; x_wconf 87' lang='lat' dir='ltr'><strong>ut</strong></span> <span class='ocrx_word' id='word_1_169' title='bbox 1468 2299 1666 2370; x_wconf 90' lang='lat' dir='ltr'><strong>aliquid</strong></span> <span class='ocrx_word' id='word_1_170' title='bbox 1694 2316 1935 2372; x_wconf 85' lang='lat' dir='ltr'><strong>agamus,</strong></span> <span class='ocrx_word' id='word_1_171' title='bbox 1959 2290 2151 2373; x_wconf 78' lang='lat' dir='ltr'><strong>placet,</strong></span> 
     </span>
    </p>
   </div>
   <div class='ocr_carea' id='block_1_23' title="bbox 559 2386 2150 2465">
    <p class='ocr_par' dir='ltr' id='par_1_23' title="bbox 559 2386 2150 2465">
     <span class='ocr_line' id='line_1_23' title="bbox 559 2386 2150 2465; baseline 0.008 -27"><span class='ocrx_word' id='word_1_172' title='bbox 559 2386 683 2455; x_wconf 88' lang='lat' dir='ltr'><strong>quia</strong></span> <span class='ocrx_word' id='word_1_173' title='bbox 709 2396 761 2441; x_wconf 90' lang='lat' dir='ltr'><strong>et</strong></span> <span class='ocrx_word' id='word_1_174' title='bbox 788 2388 840 2440; x_wconf 93' lang='lat' dir='ltr'><strong>in</strong></span> <span class='ocrx_word' id='word_1_175' title='bbox 869 2387 998 2458; x_wconf 90' lang='lat' dir='ltr'><strong>ipsis</strong></span> <span class='ocrx_word' id='word_1_176' title='bbox 1016 2390 1353 2459; x_wconf 88' lang='lat' dir='ltr'><strong>reperiuntur</strong></span> <span class='ocrx_word' id='word_1_177' title='bbox 1369 2392 1623 2463; x_wconf 87' lang='lat' dir='ltr'><strong>nonnulla</strong></span> <span class='ocrx_word' id='word_1_178' title='bbox 1641 2395 1863 2465; x_wconf 84' lang='lat' dir='ltr'><strong>vestigia</strong></span> <span class='ocrx_word' id='word_1_179' title='bbox 1881 2396 2150 2465; x_wconf 85' lang='lat' dir='ltr'><strong>veritatis;</strong></span> 
     </span>
    </p>
   </div>
   <div class='ocr_carea' id='block_1_24' title="bbox 562 2476 2151 2553">
    <p class='ocr_par' dir='ltr' id='par_1_24' title="bbox 562 2476 2151 2553">
     <span class='ocr_line' id='line_1_24' title="bbox 562 2476 2151 2553; baseline 0.008 -23"><span class='ocrx_word' id='word_1_180' title='bbox 562 2476 777 2531; x_wconf 90' lang='lat' dir='ltr'><strong>interim</strong></span> <span class='ocrx_word' id='word_1_181' title='bbox 802 2492 919 2547; x_wconf 81' lang='lat' dir='ltr'><strong>qua:</strong></span> <span class='ocrx_word' id='word_1_182' title='bbox 949 2479 1063 2548; x_wconf 89' lang='lat' dir='ltr'><strong>ipse</strong></span> <span class='ocrx_word' id='word_1_183' title='bbox 1094 2481 1335 2550; x_wconf 88' lang='lat' dir='ltr'><strong>posuisti,</strong></span> <span class='ocrx_word' id='word_1_184' title='bbox 1364 2483 1495 2539; x_wconf 89' lang='lat' dir='ltr'><strong>nihil</strong></span> <span class='ocrx_word' id='word_1_185' title='bbox 1520 2485 1777 2541; x_wconf 86' lang='lat' dir='ltr'><strong>adversus</strong></span> <span class='ocrx_word' id='word_1_186' title='bbox 1814 2501 1914 2542; x_wconf 92' lang='lat' dir='ltr'><strong>nos</strong></span> <span class='ocrx_word' id='word_1_187' title='bbox 1948 2488 2151 2553; x_wconf 90' lang='lat' dir='ltr'><strong>valere,</strong></span> 
     </span>
    </p>
   </div>
   <div class='ocr_carea' id='block_1_25' title="bbox 561 2570 2150 2641">
    <p class='ocr_par' dir='ltr' id='par_1_25' title="bbox 561 2570 2150 2641">
     <span class='ocr_line' id='line_1_25' title="bbox 561 2570 2150 2641; baseline 0.008 -19"><span class='ocrx_word' id='word_1_188' title='bbox 561 2579 691 2639; x_wconf 90' lang='lat' dir='ltr'><strong>puto</strong></span> <span class='ocrx_word' id='word_1_189' title='bbox 720 2570 860 2640; x_wconf 89' lang='lat' dir='ltr'><strong>quod</strong></span> <span class='ocrx_word' id='word_1_190' title='bbox 886 2572 995 2641; x_wconf 85' lang='lat' dir='ltr'><strong>jam</strong></span> <span class='ocrx_word' id='word_1_191' title='bbox 1021 2571 1221 2628; x_wconf 87' lang='lat' dir='ltr'><strong>debeas</strong></span> <span class='ocrx_word' id='word_1_192' title='bbox 1240 2575 1502 2631; x_wconf 86' lang='lat' dir='ltr'><strong>confiteri.</strong></span> <span class='ocrx_word' id='word_1_193' title='bbox 1524 2576 1655 2633; x_wconf 85' lang='lat' dir='ltr'><strong>Vide</strong></span> <span class='ocrx_word' id='word_1_194' title='bbox 1681 2594 1821 2634; x_wconf 93' lang='lat' dir='ltr'><strong>nunc</strong></span> <span class='ocrx_word' id='word_1_195' title='bbox 1844 2589 2023 2635; x_wconf 91' lang='lat' dir='ltr'><strong>utrum</strong></span> <span class='ocrx_word' id='word_1_196' title='bbox 2054 2582 2150 2635; x_wconf 91' lang='lat' dir='ltr'><strong>ista</strong></span> 
     </span>
    </p>
   </div>
   <div class='ocr_carea' id='block_1_26' title="bbox 559 2661 2153 2730">
    <p class='ocr_par' dir='ltr' id='par_1_26' title="bbox 559 2661 2153 2730">
     <span class='ocr_line' id='line_1_26' title="bbox 559 2661 2153 2730; baseline 0.009 -17"><span class='ocrx_word' id='word_1_197' title='bbox 559 2676 679 2730; x_wconf 78' lang='lat' dir='ltr'><strong>qua:</strong></span> <span class='ocrx_word' id='word_1_198' title='bbox 707 2661 878 2716; x_wconf 90' lang='lat' dir='ltr'><strong>dicam</strong></span> <span class='ocrx_word' id='word_1_199' title='bbox 900 2704 915 2727; x_wconf 91' lang='lat'><strong>,</strong></span> <span class='ocrx_word' id='word_1_200' title='bbox 947 2678 1051 2717; x_wconf 94' lang='lat' dir='ltr'><strong>non</strong></span> <span class='ocrx_word' id='word_1_201' title='bbox 1081 2675 1322 2720; x_wconf 85' lang='lat' dir='ltr'><strong>evertant</strong></span> <span class='ocrx_word' id='word_1_202' title='bbox 1349 2668 1697 2723; x_wconf 85' lang='lat' dir='ltr'><strong>assertionem</strong></span> <span class='ocrx_word' id='word_1_203' title='bbox 1736 2678 1900 2725; x_wconf 90' lang='lat' dir='ltr'><strong>tuam.</strong></span> <span class='ocrx_word' id='word_1_204' title='bbox 1928 2670 1983 2725; x_wconf 93' lang='lat' dir='ltr'><strong>ln</strong></span> <span class='ocrx_word' id='word_1_205' title='bbox 2015 2670 2153 2727; x_wconf 91' lang='lat' dir='ltr'><strong>libro</strong></span> 
     </span>
    </p>
   </div>
   <div class='ocr_carea' id='block_1_27' title="bbox 559 2751 2150 2828">
    <p class='ocr_par' dir='ltr' id='par_1_27' title="bbox 559 2751 2150 2828">
     <span class='ocr_line' id='line_1_27' title="bbox 559 2751 2150 2828; baseline 0.007 -23"><span class='ocrx_word' id='word_1_206' title='bbox 559 2752 719 2806; x_wconf 90' lang='lat' dir='ltr'><strong>tertio</strong></span> <span class='ocrx_word' id='word_1_207' title='bbox 760 2751 828 2807; x_wconf 90' lang='lat' dir='ltr'><strong>de</strong></span> <span class='ocrx_word' id='word_1_208' title='bbox 871 2753 1190 2823; x_wconf 85' lang='lat' dir='ltr'><strong>Republica,</strong></span> <span class='ocrx_word' id='word_1_209' title='bbox 1235 2756 1374 2811; x_wconf 87' lang='lat' dir='ltr'><strong>idem</strong></span> <span class='ocrx_word' id='word_1_210' title='bbox 1421 2757 1626 2814; x_wconf 90' lang='lat' dir='ltr'><strong>Tullius</strong></span> <span class='ocrx_word' id='word_1_211' title='bbox 1674 2760 1943 2815; x_wconf 92' lang='lat' dir='ltr'><strong>hominem</strong></span> <span class='ocrx_word' id='word_1_212' title='bbox 1991 2761 2150 2828; x_wconf 90' lang='lat' dir='ltr'><strong>dicit,</strong></span> 
     </span>
    </p>
   </div>
   <div class='ocr_carea' id='block_1_28' title="bbox 564 2847 2151 2909">
    <p class='ocr_par' dir='ltr' id='par_1_28' title="bbox 564 2847 2151 2909">
     <span class='ocr_line' id='line_1_28' title="bbox 564 2847 2151 2909; baseline 0.009 -16"><span class='ocrx_word' id='word_1_213' title='bbox 564 2861 584 2893; x_wconf 76' lang='grc' dir='ltr'>ι</span> <span class='ocrx_word' id='word_1_214' title='bbox 622 2858 727 2897; x_wconf 88' lang='lat' dir='ltr'><strong>non</strong></span> <span class='ocrx_word' id='word_1_215' title='bbox 755 2852 813 2898; x_wconf 93' lang='lat' dir='ltr'><strong>ut</strong></span> <span class='ocrx_word' id='word_1_216' title='bbox 844 2860 875 2899; x_wconf 90' lang='lat' dir='ltr'><strong>a</strong></span> <span class='ocrx_word' id='word_1_217' title='bbox 907 2854 1094 2909; x_wconf 87' lang='lat' dir='ltr'><strong>matre,</strong></span> <span class='ocrx_word' id='word_1_218' title='bbox 1125 2847 1219 2901; x_wconf 87' lang='lat' dir='ltr'><strong>sed</strong></span> <span class='ocrx_word' id='word_1_219' title='bbox 1251 2857 1356 2901; x_wconf 88' lang='lat' dir='ltr'><strong>uta</strong></span> <span class='ocrx_word' id='word_1_220' title='bbox 1388 2864 1616 2904; x_wconf 86' lang='lat' dir='ltr'><strong>noverca</strong></span> <span class='ocrx_word' id='word_1_221' title='bbox 1646 2861 1832 2906; x_wconf 90' lang='lat' dir='ltr'><strong>natura</strong></span> <span class='ocrx_word' id='word_1_222' title='bbox 1854 2851 2058 2907; x_wconf 90' lang='lat' dir='ltr'><strong>editum</strong></span> <span class='ocrx_word' id='word_1_223' title='bbox 2098 2854 2151 2909; x_wconf 93' lang='lat' dir='ltr'><strong>in</strong></span> 
     </span>
    </p>
   </div>
   <div class='ocr_carea' id='block_1_29' title="bbox 559 2934 2151 3011">
    <p class='ocr_par' dir='ltr' id='par_1_29' title="bbox 559 2934 2151 3011">
     <span class='ocr_line' id='line_1_29' title="bbox 559 2934 2151 3011; baseline 0.009 -23"><span class='ocrx_word' id='word_1_224' title='bbox 559 2934 750 3000; x_wconf 86' lang='lat' dir='ltr'><strong>vitam,</strong></span> <span class='ocrx_word' id='word_1_225' title='bbox 774 2951 999 3006; x_wconf 88' lang='lat' dir='ltr'><strong>corpore</strong></span> <span class='ocrx_word' id='word_1_226' title='bbox 1024 2938 1186 3005; x_wconf 89' lang='lat' dir='ltr'><strong>nudo,</strong></span> <span class='ocrx_word' id='word_1_227' title='bbox 1214 2941 1403 3011; x_wconf 83' lang='lat' dir='ltr'><strong>fragili,</strong></span> <span class='ocrx_word' id='word_1_228' title='bbox 1432 2951 1484 2996; x_wconf 91' lang='lat' dir='ltr'><strong>et</strong></span> <span class='ocrx_word' id='word_1_229' title='bbox 1511 2942 1725 2998; x_wconf 86' lang='lat' dir='ltr'><strong>infirmo</strong></span> <span class='ocrx_word' id='word_1_230' title='bbox 1744 2960 1759 3010; x_wconf 90' lang='lat'><strong>;</strong></span> <span class='ocrx_word' id='word_1_231' title='bbox 1778 2946 1956 3000; x_wconf 89' lang='lat' dir='ltr'><strong>animo</strong></span> <span class='ocrx_word' id='word_1_232' title='bbox 1971 2955 2151 3002; x_wconf 89' lang='lat' dir='ltr'><strong>autem</strong></span> 
     </span>
    </p>
   </div>
   <div class='ocr_carea' id='block_1_30' title="bbox 556 3025 2151 3099">
    <p class='ocr_par' dir='ltr' id='par_1_30' title="bbox 556 3025 2151 3099">
     <span class='ocr_line' id='line_1_30' title="bbox 556 3025 2151 3099; baseline 0.009 -21"><span class='ocrx_word' id='word_1_233' title='bbox 556 3025 717 3079; x_wconf 77' lang='lat' dir='ltr'><strong>anxio</strong></span> <span class='ocrx_word' id='word_1_234' title='bbox 742 3026 807 3080; x_wconf 88' lang='lat' dir='ltr'><strong>ad</strong></span> <span class='ocrx_word' id='word_1_235' title='bbox 831 3029 1123 3093; x_wconf 81' lang='lat' dir='ltr'><strong>molestias,</strong></span> <span class='ocrx_word' id='word_1_236' title='bbox 1159 3029 1343 3085; x_wconf 90' lang='lat' dir='ltr'><strong>humili</strong></span> <span class='ocrx_word' id='word_1_237' title='bbox 1371 3031 1439 3086; x_wconf 91' lang='lat' dir='ltr'><strong>ad</strong></span> <span class='ocrx_word' id='word_1_238' title='bbox 1466 3032 1704 3099; x_wconf 88' lang='lat' dir='ltr'><strong>timores,</strong></span> <span class='ocrx_word' id='word_1_239' title='bbox 1737 3035 1881 3089; x_wconf 92' lang='lat' dir='ltr'><strong>molli</strong></span> <span class='ocrx_word' id='word_1_240' title='bbox 1905 3034 1972 3090; x_wconf 91' lang='lat' dir='ltr'><strong>ad</strong></span> <span class='ocrx_word' id='word_1_241' title='bbox 1997 3036 2151 3091; x_wconf 80' lang='lat' dir='ltr'><strong>labo-</strong></span> 
     </span>
    </p>
   </div>
   <div class='ocr_carea' id='block_1_31' title="bbox 558 3119 2150 3194">
    <p class='ocr_par' dir='ltr' id='par_1_31' title="bbox 558 3119 2150 3194">
     <span class='ocr_line' id='line_1_31' title="bbox 558 3119 2150 3194; baseline 0.007 -23"><span class='ocrx_word' id='word_1_242' title='bbox 558 3132 669 3184; x_wconf 90' lang='lat' dir='ltr'><strong>res,</strong></span> <span class='ocrx_word' id='word_1_243' title='bbox 704 3133 874 3188; x_wconf 90' lang='lat' dir='ltr'><strong>prono</strong></span> <span class='ocrx_word' id='word_1_244' title='bbox 916 3119 982 3174; x_wconf 90' lang='lat' dir='ltr'><strong>ad</strong></span> <span class='ocrx_word' id='word_1_245' title='bbox 1014 3120 1261 3176; x_wconf 87' lang='lat' dir='ltr'><strong>libidines</strong></span> <span class='ocrx_word' id='word_1_246' title='bbox 1291 3140 1304 3176; x_wconf 94' lang='lat'><strong>:</strong></span> <span class='ocrx_word' id='word_1_247' title='bbox 1338 3122 1390 3176; x_wconf 93' lang='lat' dir='ltr'><strong>in</strong></span> <span class='ocrx_word' id='word_1_248' title='bbox 1419 3138 1526 3194; x_wconf 90' lang='lat' dir='ltr'><strong>quo</strong></span> <span class='ocrx_word' id='word_1_249' title='bbox 1574 3132 1751 3181; x_wconf 91' lang='lat' dir='ltr'><strong>tamen</strong></span> <span class='ocrx_word' id='word_1_250' title='bbox 1800 3126 2001 3182; x_wconf 88' lang='lat' dir='ltr'><strong>inesset</strong></span> <span class='ocrx_word' id='word_1_251' title='bbox 2034 3135 2150 3182; x_wconf 92' lang='lat' dir='ltr'><strong>tan-</strong></span> 
     </span>
    </p>
   </div>
   <div class='ocr_carea' id='block_1_32' title="bbox 556 3208 2142 3285">
    <p class='ocr_par' dir='ltr' id='par_1_32' title="bbox 556 3208 2142 3285">
     <span class='ocr_line' id='line_1_32' title="bbox 556 3208 2142 3285; baseline 0.006 -24"><span class='ocrx_word' id='word_1_252' title='bbox 556 3223 717 3276; x_wconf 82' lang='lat' dir='ltr'><strong>quam</strong></span> <span class='ocrx_word' id='word_1_253' title='bbox 739 3208 959 3264; x_wconf 87' lang='lat' dir='ltr'><strong>obrutus</strong></span> <span class='ocrx_word' id='word_1_254' title='bbox 979 3211 1190 3280; x_wconf 87' lang='lat' dir='ltr'><strong>quidam</strong></span> <span class='ocrx_word' id='word_1_255' title='bbox 1212 3211 1424 3268; x_wconf 77' lang='lat' dir='ltr'><strong>divinus</strong></span> <span class='ocrx_word' id='word_1_256' title='bbox 1446 3214 1579 3285; x_wconf 88' lang='lat' dir='ltr'><strong>ignis</strong></span> <span class='ocrx_word' id='word_1_257' title='bbox 1597 3214 1791 3285; x_wconf 89' lang='lat' dir='ltr'><strong>ingenii</strong></span> <span class='ocrx_word' id='word_1_258' title='bbox 1808 3224 1861 3270; x_wconf 89' lang='lat' dir='ltr'><strong>et</strong></span> <span class='ocrx_word' id='word_1_259' title='bbox 1877 3218 2093 3272; x_wconf 91' lang='lat' dir='ltr'><strong>mentis.</strong></span> <span class='ocrx_word' id='word_1_260' title='bbox 2122 3235 2142 3270; x_wconf 73' lang='grc' dir='ltr'><strong><em>ι</em></strong></span> 
     </span>
    </p>
   </div>
   <div class='ocr_carea' id='block_1_33' title="bbox 554 3299 2148 3365">
    <p class='ocr_par' dir='ltr' id='par_1_33' title="bbox 554 3299 2148 3365">
     <span class='ocr_line' id='line_1_33' title="bbox 554 3299 2148 3365; baseline 0.007 -13"><span class='ocrx_word' id='word_1_261' title='bbox 554 3299 690 3365; x_wconf 86' lang='lat' dir='ltr'><strong>Quid</strong></span> <span class='ocrx_word' id='word_1_262' title='bbox 717 3299 782 3355; x_wconf 91' lang='lat' dir='ltr'><strong>ad</strong></span> <span class='ocrx_word' id='word_1_263' title='bbox 818 3299 931 3356; x_wconf 82' lang='lat' dir='ltr'><strong>haec</strong></span> <span class='ocrx_word' id='word_1_264' title='bbox 960 3301 1131 3357; x_wconf 86' lang='lat' dir='ltr'><strong>dicis?</strong></span> <span class='ocrx_word' id='word_1_265' title='bbox 1158 3302 1274 3358; x_wconf 89' lang='lat' dir='ltr'><strong>Non</strong></span> <span class='ocrx_word' id='word_1_266' title='bbox 1304 3304 1405 3359; x_wconf 91' lang='lat' dir='ltr'><strong>hoc</strong></span> <span class='ocrx_word' id='word_1_267' title='bbox 1438 3315 1625 3360; x_wconf 91' lang='lat' dir='ltr'><strong>auctor</strong></span> <span class='ocrx_word' id='word_1_268' title='bbox 1654 3307 1755 3362; x_wconf 91' lang='lat' dir='ltr'><strong>iste</strong></span> <span class='ocrx_word' id='word_1_269' title='bbox 1785 3308 1925 3363; x_wconf 89' lang='lat' dir='ltr'><strong>male</strong></span> <span class='ocrx_word' id='word_1_270' title='bbox 1963 3310 2148 3363; x_wconf 85' lang='lat' dir='ltr'><strong>viven-</strong></span> 
     </span>
    </p>
   </div>
   <div class='ocr_carea' id='block_1_34' title="bbox 555 3392 2146 3469">
    <p class='ocr_par' dir='ltr' id='par_1_34' title="bbox 555 3392 2146 3469">
     <span class='ocr_line' id='line_1_34' title="bbox 555 3392 2146 3469; baseline 0.006 -24"><span class='ocrx_word' id='word_1_271' title='bbox 555 3393 687 3447; x_wconf 87' lang='lat' dir='ltr'><strong>tium</strong></span> <span class='ocrx_word' id='word_1_272' title='bbox 721 3392 956 3448; x_wconf 88' lang='lat' dir='ltr'><strong>morilms</strong></span> <span class='ocrx_word' id='word_1_273' title='bbox 983 3393 1117 3449; x_wconf 85' lang='lat' dir='ltr'><strong>dixit</strong></span> <span class='ocrx_word' id='word_1_274' title='bbox 1156 3394 1426 3461; x_wconf 81' lang='lat' dir='ltr'><strong>effectum,</strong></span> <span class='ocrx_word' id='word_1_275' title='bbox 1455 3396 1549 3451; x_wconf 89' lang='lat' dir='ltr'><strong>sed</strong></span> <span class='ocrx_word' id='word_1_276' title='bbox 1580 3406 1820 3453; x_wconf 88' lang='lat' dir='ltr'><strong>naturam</strong></span> <span class='ocrx_word' id='word_1_277' title='bbox 1847 3400 2023 3469; x_wconf 85' lang='lat' dir='ltr'><strong>potius</strong></span> <span class='ocrx_word' id='word_1_278' title='bbox 2052 3414 2146 3455; x_wconf 66' lang='grc' dir='ltr'><strong>³ο-</strong></span> 
     </span>
    </p>
   </div>
   <div class='ocr_carea' id='block_1_35' title="bbox 553 3482 2145 3553">
    <p class='ocr_par' dir='ltr' id='par_1_35' title="bbox 553 3482 2145 3553">
     <span class='ocr_line' id='line_1_35' title="bbox 553 3482 2145 3553; baseline 0.006 -16"><span class='ocrx_word' id='word_1_279' title='bbox 553 3482 776 3537; x_wconf 83' lang='lat' dir='ltr'><strong>cnsavit.</strong></span> <span class='ocrx_word' id='word_1_280' title='bbox 806 3483 938 3539; x_wconf 84' lang='lat' dir='ltr'><strong>Rem</strong></span> <span class='ocrx_word' id='word_1_281' title='bbox 968 3484 1131 3553; x_wconf 84' lang='lat' dir='ltr'><strong>vidit,</strong></span> <span class='ocrx_word' id='word_1_282' title='bbox 1176 3501 1391 3542; x_wconf 85' lang='lat' dir='ltr'><strong>causam</strong></span> <span class='ocrx_word' id='word_1_283' title='bbox 1434 3488 1681 3545; x_wconf 89' lang='lat' dir='ltr'><strong>nescivit.</strong></span> <span class='ocrx_word' id='word_1_284' title='bbox 1734 3489 1961 3545; x_wconf 87' lang='lat' dir='ltr'><strong>Latebat</strong></span> <span class='ocrx_word' id='word_1_285' title='bbox 2001 3490 2145 3546; x_wconf 89' lang='lat' dir='ltr'><strong>enim</strong></span> 
     </span>
    </p>
   </div>
   <div class='ocr_carea' id='block_1_36' title="bbox 554 3579 2149 3651">
    <p class='ocr_par' dir='ltr' id='par_1_36' title="bbox 554 3579 2149 3651">
     <span class='ocr_line' id='line_1_36' title="bbox 554 3579 2149 3651; baseline 0.005 -22"><span class='ocrx_word' id='word_1_286' title='bbox 554 3589 677 3629; x_wconf 75' lang='lat' dir='ltr'><strong>eum</strong></span> <span class='ocrx_word' id='word_1_287' title='bbox 724 3589 821 3629; x_wconf 91' lang='lat' dir='ltr'><strong>cur</strong></span> <span class='ocrx_word' id='word_1_288' title='bbox 860 3587 1002 3632; x_wconf 90' lang='lat' dir='ltr'><strong>esset</strong></span> <span class='ocrx_word' id='word_1_289' title='bbox 1035 3594 1187 3649; x_wconf 82' lang='lat' dir='ltr'><strong>grave</strong></span> <span class='ocrx_word' id='word_1_290' title='bbox 1215 3579 1405 3650; x_wconf 86' lang='lat' dir='ltr'><strong>jugum</strong></span> <span class='ocrx_word' id='word_1_291' title='bbox 1447 3596 1599 3650; x_wconf 77' lang='lat' dir='ltr'><strong>super</strong></span> <span class='ocrx_word' id='word_1_292' title='bbox 1634 3582 1770 3651; x_wconf 76' lang='lat' dir='ltr'><strong>ﬁlios</strong></span> <span class='ocrx_word' id='word_1_293' title='bbox 1795 3583 1982 3649; x_wconf 79' lang='lat' dir='ltr'><strong>Adam,</strong></span> <span class='ocrx_word' id='word_1_294' title='bbox 2012 3582 2149 3638; x_wconf 85' lang='lat' dir='ltr'><strong>adie</strong></span> 
     </span>
    </p>
   </div>
   <div class='ocr_carea' id='block_1_37' title="bbox 556 3668 2148 3747">
    <p class='ocr_par' dir='ltr' id='par_1_37' title="bbox 556 3668 2148 3747">
     <span class='ocr_line' id='line_1_37' title="bbox 556 3668 2148 3747; baseline 0.006 -26"><span class='ocrx_word' id='word_1_295' title='bbox 556 3668 720 3722; x_wconf 76' lang='lat' dir='ltr'><strong>exitus</strong></span> <span class='ocrx_word' id='word_1_296' title='bbox 748 3668 812 3723; x_wconf 84' lang='lat' dir='ltr'><strong>de</strong></span> <span class='ocrx_word' id='word_1_297' title='bbox 834 3678 1000 3725; x_wconf 81' lang='lat' dir='ltr'><strong>ventre</strong></span> <span class='ocrx_word' id='word_1_298' title='bbox 1038 3672 1216 3726; x_wconf 81' lang='lat' dir='ltr'><strong>matris</strong></span> <span class='ocrx_word' id='word_1_299' title='bbox 1246 3690 1438 3742; x_wconf 85' lang='lat' dir='ltr'><strong>eorum,</strong></span> <span class='ocrx_word' id='word_1_300' title='bbox 1470 3691 1627 3744; x_wconf 77' lang='lat' dir='ltr'><strong>usque</strong></span> <span class='ocrx_word' id='word_1_301' title='bbox 1659 3676 1711 3729; x_wconf 87' lang='lat' dir='ltr'><strong>in</strong></span> <span class='ocrx_word' id='word_1_302' title='bbox 1740 3677 1873 3729; x_wconf 84' lang='lat' dir='ltr'><strong>diem</strong></span> <span class='ocrx_word' id='word_1_303' title='bbox 1914 3677 2148 3747; x_wconf 82' lang='lat' dir='ltr'><strong>sepultu-</strong></span> 
     </span>
    </p>
   </div>
   <div class='ocr_carea' id='block_1_38' title="bbox 553 3759 2145 3836">
    <p class='ocr_par' dir='ltr' id='par_1_38' title="bbox 553 3759 2145 3836">
     <span class='ocr_line' id='line_1_38' title="bbox 553 3759 2145 3836; baseline 0.007 -24"><span class='ocrx_word' id='word_1_304' title='bbox 553 3774 630 3813; x_wconf 67' lang='lat' dir='ltr'><strong>ra:</strong></span> <span class='ocrx_word' id='word_1_305' title='bbox 648 3759 699 3813; x_wconf 85' lang='lat' dir='ltr'><strong>in</strong></span> <span class='ocrx_word' id='word_1_306' title='bbox 720 3769 926 3815; x_wconf 87' lang='lat' dir='ltr'><strong>matrem</strong></span> <span class='ocrx_word' id='word_1_307' title='bbox 946 3763 1170 3816; x_wconf 86' lang='lat' dir='ltr'><strong>omnium</strong></span> <span class='ocrx_word' id='word_1_308' title='bbox 1196 3761 1384 3834; x_wconf 87' lang='lat' dir='ltr'><strong>(Eccli.</strong></span> <span class='ocrx_word' id='word_1_309' title='bbox 1414 3780 1502 3829; x_wconf 74' lang='grc' dir='ltr'><strong>ιιι..</strong></span> <span class='ocrx_word' id='word_1_310' title='bbox 1534 3767 1610 3835; x_wconf 85' lang='grc'><strong>1);</strong></span> <span class='ocrx_word' id='word_1_311' title='bbox 1640 3767 1763 3836; x_wconf 87' lang='lat' dir='ltr'><strong>quia</strong></span> <span class='ocrx_word' id='word_1_312' title='bbox 1790 3767 1956 3822; x_wconf 88' lang='lat' dir='ltr'><strong>sacris</strong></span> <span class='ocrx_word' id='word_1_313' title='bbox 1977 3766 2145 3823; x_wconf 82' lang='lat' dir='ltr'><strong>Litte-</strong></span> 
     </span>
    </p>
   </div>
   <div class='ocr_carea' id='block_1_39' title="bbox 554 3848 2141 3927">
    <p class='ocr_par' dir='ltr' id='par_1_39' title="bbox 554 3848 2141 3927">
     <span class='ocr_line' id='line_1_39' title="bbox 554 3848 2141 3927; baseline 0.007 -25"><span class='ocrx_word' id='word_1_314' title='bbox 554 3848 632 3903; x_wconf 91' lang='lat' dir='ltr'><strong>ris</strong></span> <span class='ocrx_word' id='word_1_315' title='bbox 662 3862 766 3901; x_wconf 92' lang='lat' dir='ltr'><strong>non</strong></span> <span class='ocrx_word' id='word_1_316' title='bbox 795 3850 1065 3917; x_wconf 91' lang='lat' dir='ltr'><strong>eruditus,</strong></span> <span class='ocrx_word' id='word_1_317' title='bbox 1120 3852 1401 3922; x_wconf 81' lang='lat' dir='ltr'><strong>ignorabat</strong></span> <span class='ocrx_word' id='word_1_318' title='bbox 1444 3855 1701 3925; x_wconf 85' lang='lat' dir='ltr'><strong>originale</strong></span> <span class='ocrx_word' id='word_1_319' title='bbox 1744 3866 2039 3927; x_wconf 90' lang='lat' dir='ltr'><strong>peccatum.</strong></span> <span class='ocrx_word' id='word_1_320' title='bbox 2084 3855 2141 3913; x_wconf 89' lang='lat' dir='ltr'><strong>Si</strong></span> 
     </span>
    </p>
   </div>
   <div class='ocr_carea' id='block_1_40' title="bbox 555 3937 2144 4013">
    <p class='ocr_par' dir='ltr' id='par_1_40' title="bbox 555 3937 2144 4013">
     <span class='ocr_line' id='line_1_40' title="bbox 555 3937 2144 4013; baseline 0.007 -22"><span class='ocrx_word' id='word_1_321' title='bbox 555 3947 733 3994; x_wconf 88' lang='lat' dir='ltr'><strong>autem</strong></span> <span class='ocrx_word' id='word_1_322' title='bbox 755 3937 823 3994; x_wconf 89' lang='lat' dir='ltr'><strong>de</strong></span> <span class='ocrx_word' id='word_1_323' title='bbox 842 3939 1084 4008; x_wconf 89' lang='lat' dir='ltr'><strong>libidine,</strong></span> <span class='ocrx_word' id='word_1_324' title='bbox 1111 3958 1272 4013; x_wconf 90' lang='lat' dir='ltr'><strong>quam</strong></span> <span class='ocrx_word' id='word_1_325' title='bbox 1304 3943 1566 4013; x_wconf 83' lang='lat' dir='ltr'><strong>defendis,</strong></span> <span class='ocrx_word' id='word_1_326' title='bbox 1600 3946 1736 4002; x_wconf 86' lang='lat' dir='ltr'><strong>bene</strong></span> <span class='ocrx_word' id='word_1_327' title='bbox 1757 3948 2001 4013; x_wconf 88' lang='lat' dir='ltr'><strong>sentiret,</strong></span> <span class='ocrx_word' id='word_1_328' title='bbox 2037 3962 2144 4003; x_wconf 86' lang='lat' dir='ltr'><strong>non</strong></span> 
     </span>
    </p>
   </div>
   <div class='ocr_carea' id='block_1_41' title="bbox 554 4028 1761 4107">
    <p class='ocr_par' dir='ltr' id='par_1_41' title="bbox 554 4028 1761 4107">
     <span class='ocr_line' id='line_1_41' title="bbox 554 4028 1761 4107; baseline 0.007 -24"><span class='ocrx_word' id='word_1_329' title='bbox 554 4028 606 4083; x_wconf 85' lang='lat' dir='ltr'><strong>ei</strong></span> <span class='ocrx_word' id='word_1_330' title='bbox 638 4044 835 4097; x_wconf 91' lang='lat' dir='ltr'><strong>pronus</strong></span> <span class='ocrx_word' id='word_1_331' title='bbox 859 4030 910 4084; x_wconf 91' lang='lat' dir='ltr'><strong>in</strong></span> <span class='ocrx_word' id='word_1_332' title='bbox 934 4031 1181 4089; x_wconf 89' lang='lat' dir='ltr'><strong>libidines</strong></span> <span class='ocrx_word' id='word_1_333' title='bbox 1205 4035 1412 4091; x_wconf 89' lang='lat' dir='ltr'><strong>animus</strong></span> <span class='ocrx_word' id='word_1_334' title='bbox 1438 4037 1761 4107; x_wconf 87' lang='lat' dir='ltr'><strong>displiceret.</strong></span> 
     </span>
    </p>
   </div>
   <div class='ocr_carea' id='block_1_42' title="bbox 627 4141 2143 4219">
    <p class='ocr_par' dir='ltr' id='par_1_42' title="bbox 627 4141 2143 4219">
     <span class='ocr_line' id='line_1_42' title="bbox 627 4141 2143 4219; baseline 0.008 -23"><span class='ocrx_word' id='word_1_335' title='bbox 627 4141 717 4196; x_wconf 86' lang='lat'><strong>6|.</strong></span> <span class='ocrx_word' id='word_1_336' title='bbox 758 4142 861 4198; x_wconf 90' lang='lat' dir='ltr'><strong>Sed</strong></span> <span class='ocrx_word' id='word_1_337' title='bbox 886 4143 928 4198; x_wconf 92' lang='lat' dir='ltr'><strong>si</strong></span> <span class='ocrx_word' id='word_1_338' title='bbox 956 4143 1070 4200; x_wconf 61' lang='lat' dir='ltr'><strong>haec</strong></span> <span class='ocrx_word' id='word_1_339' title='bbox 1098 4156 1348 4217; x_wconf 87' lang='lat' dir='ltr'><strong>tanquam</strong></span> <span class='ocrx_word' id='word_1_340' title='bbox 1384 4149 1588 4204; x_wconf 92' lang='lat' dir='ltr'><strong>minora</strong></span> <span class='ocrx_word' id='word_1_341' title='bbox 1623 4149 1763 4206; x_wconf 91' lang='lat' dir='ltr'><strong>bona</strong></span> <span class='ocrx_word' id='word_1_342' title='bbox 1798 4150 2060 4219; x_wconf 82' lang='lat' dir='ltr'><strong>defendis,</strong></span> <span class='ocrx_word' id='word_1_343' title='bbox 2090 4153 2143 4208; x_wconf 92' lang='lat' dir='ltr'><strong>in</strong></span> 
     </span>
    </p>
   </div>
   <div class='ocr_carea' id='block_1_43' title="bbox 553 4232 2144 4316">
    <p class='ocr_par' dir='ltr' id='par_1_43' title="bbox 553 4232 2144 4316">
     <span class='ocr_line' id='line_1_43' title="bbox 553 4232 2144 4316; baseline 0.011 -34"><span class='ocrx_word' id='word_1_344' title='bbox 553 4246 677 4301; x_wconf 80' lang='lat' dir='ltr'><strong>qme</strong></span> <span class='ocrx_word' id='word_1_345' title='bbox 707 4246 813 4285; x_wconf 91' lang='lat' dir='ltr'><strong>non</strong></span> <span class='ocrx_word' id='word_1_346' title='bbox 835 4232 991 4288; x_wconf 89' lang='lat' dir='ltr'><strong>debet</strong></span> <span class='ocrx_word' id='word_1_347' title='bbox 1017 4251 1047 4291; x_wconf 90' lang='lat' dir='ltr'><strong>a</strong></span> <span class='ocrx_word' id='word_1_348' title='bbox 1075 4239 1322 4307; x_wconf 89' lang='lat' dir='ltr'><strong>supernis</strong></span> <span class='ocrx_word' id='word_1_349' title='bbox 1346 4240 1555 4296; x_wconf 89' lang='lat' dir='ltr'><strong>animus</strong></span> <span class='ocrx_word' id='word_1_350' title='bbox 1586 4241 1853 4311; x_wconf 88' lang='lat' dir='ltr'><strong>inclinari,</strong></span> <span class='ocrx_word' id='word_1_351' title='bbox 1887 4261 1991 4299; x_wconf 92' lang='lat' dir='ltr'><strong>non</strong></span> <span class='ocrx_word' id='word_1_352' title='bbox 2018 4245 2144 4316; x_wconf 89' lang='lat' dir='ltr'><strong>quia</strong></span> 
     </span>
    </p>
   </div>
   <div class='ocr_carea' id='block_1_44' title="bbox 554 4320 2146 4399">
    <p class='ocr_par' dir='ltr' id='par_1_44' title="bbox 554 4320 2146 4399">
     <span class='ocr_line' id='line_1_44' title="bbox 554 4320 2146 4399; baseline 0.009 -24"><span class='ocrx_word' id='word_1_353' title='bbox 554 4320 721 4376; x_wconf 82' lang='lat' dir='ltr'><strong>libido</strong></span> <span class='ocrx_word' id='word_1_354' title='bbox 745 4322 929 4377; x_wconf 90' lang='lat' dir='ltr'><strong>vitium</strong></span> <span class='ocrx_word' id='word_1_355' title='bbox 950 4332 1052 4389; x_wconf 88' lang='lat' dir='ltr'><strong>est,</strong></span> <span class='ocrx_word' id='word_1_356' title='bbox 1077 4326 1170 4380; x_wconf 89' lang='lat' dir='ltr'><strong>sed</strong></span> <span class='ocrx_word' id='word_1_357' title='bbox 1202 4328 1323 4397; x_wconf 87' lang='lat' dir='ltr'><strong>quia</strong></span> <span class='ocrx_word' id='word_1_358' title='bbox 1347 4329 1589 4384; x_wconf 87' lang='lat' dir='ltr'><strong>infimum</strong></span> <span class='ocrx_word' id='word_1_359' title='bbox 1616 4331 1850 4399; x_wconf 92' lang='lat' dir='ltr'><strong>bonum;</strong></span> <span class='ocrx_word' id='word_1_360' title='bbox 1878 4334 2000 4388; x_wconf 89' lang='lat' dir='ltr'><strong>audi</strong></span> <span class='ocrx_word' id='word_1_361' title='bbox 2031 4349 2146 4389; x_wconf 91' lang='lat' dir='ltr'><strong>ma-</strong></span> 
     </span>
    </p>
   </div>
   <div class='ocr_carea' id='block_1_45' title="bbox 561 4410 2145 4494">
    <p class='ocr_par' dir='ltr' id='par_1_45' title="bbox 561 4410 2145 4494">
     <span class='ocr_line' id='line_1_45' title="bbox 561 4410 2145 4494; baseline 0.008 -27"><span class='ocrx_word' id='word_1_362' title='bbox 561 4410 838 4467; x_wconf 89' lang='lat' dir='ltr'><strong>nifestiora</strong></span> <span class='ocrx_word' id='word_1_363' title='bbox 865 4431 982 4484; x_wconf 73' lang='lat' dir='ltr'><strong>qua:</strong></span> <span class='ocrx_word' id='word_1_364' title='bbox 1006 4415 1145 4472; x_wconf 89' lang='lat' dir='ltr'><strong>dicat</strong></span> <span class='ocrx_word' id='word_1_365' title='bbox 1167 4418 1220 4472; x_wconf 91' lang='lat' dir='ltr'><strong>in</strong></span> <span class='ocrx_word' id='word_1_366' title='bbox 1245 4418 1433 4475; x_wconf 91' lang='lat' dir='ltr'><strong>eodem</strong></span> <span class='ocrx_word' id='word_1_367' title='bbox 1462 4420 1577 4491; x_wconf 90' lang='lat' dir='ltr'><strong>ipso</strong></span> <span class='ocrx_word' id='word_1_368' title='bbox 1598 4422 1733 4478; x_wconf 90' lang='lat' dir='ltr'><strong>libro</strong></span> <span class='ocrx_word' id='word_1_369' title='bbox 1757 4422 1825 4478; x_wconf 93' lang='lat' dir='ltr'><strong>de</strong></span> <span class='ocrx_word' id='word_1_370' title='bbox 1852 4423 2145 4494; x_wconf 73' lang='lat' dir='ltr'><strong>Republica</strong></span> 
     </span>
    </p>
   </div>
   <div class='ocr_carea' id='block_1_46' title="bbox 556 4504 2138 4586">
    <p class='ocr_par' dir='ltr' id='par_1_46' title="bbox 556 4504 2138 4586">
     <span class='ocr_line' id='line_1_46' title="bbox 556 4504 2138 4586; baseline 0.008 -26"><span class='ocrx_word' id='word_1_371' title='bbox 556 4504 739 4572; x_wconf 91' lang='lat' dir='ltr'><strong>tertio,</strong></span> <span class='ocrx_word' id='word_1_372' title='bbox 768 4521 889 4561; x_wconf 92' lang='lat' dir='ltr'><strong>cum</strong></span> <span class='ocrx_word' id='word_1_373' title='bbox 925 4518 1106 4579; x_wconf 89' lang='lat' dir='ltr'><strong>ageret</strong></span> <span class='ocrx_word' id='word_1_374' title='bbox 1142 4510 1211 4567; x_wconf 93' lang='lat' dir='ltr'><strong>de</strong></span> <span class='ocrx_word' id='word_1_375' title='bbox 1235 4527 1393 4569; x_wconf 88' lang='lat' dir='ltr'><strong>causa</strong></span> <span class='ocrx_word' id='word_1_376' title='bbox 1424 4515 1743 4586; x_wconf 86' lang='lat' dir='ltr'><strong>imperandi.</strong></span> <span class='ocrx_word' id='word_1_377' title='bbox 1778 4535 1797 4568; x_wconf 66' lang='grc' dir='ltr'>ι</span> <span class='ocrx_word' id='word_1_378' title='bbox 1820 4519 1918 4572; x_wconf 87' lang='lat' dir='ltr'><strong>-An</strong></span> <span class='ocrx_word' id='word_1_379' title='bbox 1950 4534 2075 4584; x_wconf 88' lang='lat' dir='ltr'><strong>non,</strong></span> <span class='ocrx_word' id='word_1_380' title='bbox 2116 4536 2138 4573; x_wconf 76' lang='grc' dir='ltr'><strong><em>ι</em></strong></span> 
     </span>
    </p>
   </div>
   <div class='ocr_carea' id='block_1_47' title="bbox 554 4605 2144 4688">
    <p class='ocr_par' dir='ltr' id='par_1_47' title="bbox 554 4605 2144 4688">
     <span class='ocr_line' id='line_1_47' title="bbox 554 4605 2144 4688; baseline 0.009 -29"><span class='ocrx_word' id='word_1_381' title='bbox 554 4605 751 4675; x_wconf 88' lang='lat' dir='ltr'><strong>inquit,</strong></span> <span class='ocrx_word' id='word_1_382' title='bbox 782 4624 801 4658; x_wconf 80' lang='grc' dir='ltr'>ι</span> <span class='ocrx_word' id='word_1_383' title='bbox 838 4607 1106 4664; x_wconf 91' lang='lat' dir='ltr'><strong>cernimus</strong></span> <span class='ocrx_word' id='word_1_384' title='bbox 1128 4611 1330 4681; x_wconf 92' lang='lat' dir='ltr'><strong>optimo</strong></span> <span class='ocrx_word' id='word_1_385' title='bbox 1353 4614 1545 4684; x_wconf 88' lang='lat' dir='ltr'><strong>cuique</strong></span> <span class='ocrx_word' id='word_1_386' title='bbox 1569 4613 1899 4672; x_wconf 90' lang='lat' dir='ltr'><strong>dominatum</strong></span> <span class='ocrx_word' id='word_1_387' title='bbox 1931 4617 1999 4672; x_wconf 89' lang='lat' dir='ltr'><strong>ab</strong></span> <span class='ocrx_word' id='word_1_388' title='bbox 2027 4619 2144 4688; x_wconf 90' lang='lat' dir='ltr'><strong>ipsa</strong></span> 
     </span>
    </p>
   </div>
   <div class='ocr_carea' id='block_1_48' title="bbox 554 4708 2144 4770">
    <p class='ocr_par' dir='ltr' id='par_1_48' title="bbox 554 4708 2144 4770">
     <span class='ocr_line' id='line_1_48' title="bbox 554 4708 2144 4770; baseline 0.009 -16"><span class='ocrx_word' id='word_1_389' title='bbox 554 4710 745 4757; x_wconf 89' lang='lat' dir='ltr'><strong>natura</strong></span> <span class='ocrx_word' id='word_1_390' title='bbox 773 4719 893 4759; x_wconf 94' lang='lat' dir='ltr'><strong>cum</strong></span> <span class='ocrx_word' id='word_1_391' title='bbox 924 4719 1130 4761; x_wconf 89' lang='lat' dir='ltr'><strong>summa</strong></span> <span class='ocrx_word' id='word_1_392' title='bbox 1161 4708 1389 4765; x_wconf 89' lang='lat' dir='ltr'><strong>utilitate</strong></span> <span class='ocrx_word' id='word_1_393' title='bbox 1431 4710 1738 4766; x_wconf 85' lang='lat' dir='ltr'><strong>infimorum</strong></span> <span class='ocrx_word' id='word_1_394' title='bbox 1767 4711 1993 4768; x_wconf 80' lang='lat' dir='ltr'><strong>datum?</strong></span> <span class='ocrx_word' id='word_1_395' title='bbox 2032 4715 2144 4770; x_wconf 88' lang='lat' dir='ltr'><strong>Cur</strong></span> 
     </span>
    </p>
   </div>
   <div class='ocr_carea' id='block_1_49' title="bbox 553 4791 2144 4874">
    <p class='ocr_par' dir='ltr' id='par_1_49' title="bbox 553 4791 2144 4874">
     <span class='ocr_line' id='line_1_49' title="bbox 553 4791 2144 4874; baseline 0.011 -30"><span class='ocrx_word' id='word_1_396' title='bbox 553 4791 715 4862; x_wconf 90' lang='lat' dir='ltr'><strong>igitur</strong></span> <span class='ocrx_word' id='word_1_397' title='bbox 743 4795 759 4827; x_wconf 86' lang='grc'>¹</span> <span class='ocrx_word' id='word_1_398' title='bbox 793 4796 933 4852; x_wconf 92' lang='lat' dir='ltr'><strong>Deus</strong></span> <span class='ocrx_word' id='word_1_399' title='bbox 963 4797 1165 4854; x_wconf 92' lang='lat' dir='ltr'><strong>homini</strong></span> <span class='ocrx_word' id='word_1_400' title='bbox 1191 4840 1207 4867; x_wconf 93' lang='lat'><strong>,</strong></span> <span class='ocrx_word' id='word_1_401' title='bbox 1235 4801 1444 4856; x_wconf 90' lang='lat' dir='ltr'><strong>animus</strong></span> <span class='ocrx_word' id='word_1_402' title='bbox 1475 4802 1702 4872; x_wconf 87' lang='lat' dir='ltr'><strong>imperat</strong></span> <span class='ocrx_word' id='word_1_403' title='bbox 1728 4805 1975 4874; x_wconf 91' lang='lat' dir='ltr'><strong>corpori,</strong></span> <span class='ocrx_word' id='word_1_404' title='bbox 2005 4807 2144 4863; x_wconf 91' lang='lat' dir='ltr'><strong>ratio</strong></span> 
     </span>
    </p>
   </div>
   <div class='ocr_carea' id='block_1_50' title="bbox 554 4882 2144 4965">
    <p class='ocr_par' dir='ltr' id='par_1_50' title="bbox 554 4882 2144 4965">
     <span class='ocr_line' id='line_1_50' title="bbox 554 4882 2144 4965; baseline 0.011 -29"><span class='ocrx_word' id='word_1_405' title='bbox 554 4882 762 4940; x_wconf 87' lang='lat' dir='ltr'><strong>libidini</strong></span> <span class='ocrx_word' id='word_1_406' title='bbox 792 4888 1187 4962; x_wconf 61' lang='lat' dir='ltr'><strong>iracundiaeque</strong></span> <span class='ocrx_word' id='word_1_407' title='bbox 1216 4900 1270 4948; x_wconf 90' lang='lat' dir='ltr'><strong>et</strong></span> <span class='ocrx_word' id='word_1_408' title='bbox 1292 4893 1502 4949; x_wconf 58' lang='lat' dir='ltr'><strong>caeteris</strong></span> <span class='ocrx_word' id='word_1_409' title='bbox 1523 4894 1726 4950; x_wconf 86' lang='lat' dir='ltr'><strong>vitiosis</strong></span> <span class='ocrx_word' id='word_1_410' title='bbox 1753 4895 1992 4965; x_wconf 88' lang='lat' dir='ltr'><strong>ejusdem</strong></span> <span class='ocrx_word' id='word_1_411' title='bbox 2023 4899 2144 4953; x_wconf 90' lang='lat' dir='ltr'><strong>ani-</strong></span> 
     </span>
    </p>
   </div>
   <div class='ocr_carea' id='block_1_51' title="bbox 554 4976 2144 5061">
    <p class='ocr_par' dir='ltr' id='par_1_51' title="bbox 554 4976 2144 5061">
     <span class='ocr_line' id='line_1_51' title="bbox 554 4976 2144 5061; baseline 0.01 -31"><span class='ocrx_word' id='word_1_412' title='bbox 554 4976 628 5030; x_wconf 89' lang='lat' dir='ltr'><strong>mi</strong></span> <span class='ocrx_word' id='word_1_413' title='bbox 662 4981 942 5047; x_wconf 83' lang='lat' dir='ltr'><strong>partibus?</strong></span> <span class='ocrx_word' id='word_1_414' title='bbox 986 5003 1004 5036; x_wconf 76' lang='grc' dir='ltr'><strong><em>ι</em></strong></span> <span class='ocrx_word' id='word_1_415' title='bbox 1036 4984 1226 5040; x_wconf 80' lang='lat' dir='ltr'><strong>Jamne</strong></span> <span class='ocrx_word' id='word_1_416' title='bbox 1249 4987 1438 5042; x_wconf 88' lang='lat' dir='ltr'><strong>saltem</strong></span> <span class='ocrx_word' id='word_1_417' title='bbox 1468 4986 1696 5043; x_wconf 87' lang='lat' dir='ltr'><strong>docente</strong></span> <span class='ocrx_word' id='word_1_418' title='bbox 1728 4989 1831 5043; x_wconf 90' lang='lat' dir='ltr'><strong>isto</strong></span> <span class='ocrx_word' id='word_1_419' title='bbox 1862 4989 1978 5054; x_wconf 90' lang='lat' dir='ltr'><strong>has,</strong></span> <span class='ocrx_word' id='word_1_420' title='bbox 2008 5005 2144 5061; x_wconf 90' lang='lat' dir='ltr'><strong>quas</strong></span> 
     </span>
    </p>
   </div>
   <div class='ocr_carea' id='block_1_52' title="bbox 551 5067 2144 5149">
    <p class='ocr_par' dir='ltr' id='par_1_52' title="bbox 551 5067 2144 5149">
     <span class='ocr_line' id='line_1_52' title="bbox 551 5067 2144 5149; baseline 0.009 -26"><span class='ocrx_word' id='word_1_421' title='bbox 551 5067 722 5124; x_wconf 89' lang='lat' dir='ltr'><strong>bonas</strong></span> <span class='ocrx_word' id='word_1_422' title='bbox 746 5085 866 5127; x_wconf 89' lang='lat' dir='ltr'><strong>esse</strong></span> <span class='ocrx_word' id='word_1_423' title='bbox 890 5073 1152 5143; x_wconf 82' lang='lat' dir='ltr'><strong>defendis,</strong></span> <span class='ocrx_word' id='word_1_424' title='bbox 1183 5077 1403 5133; x_wconf 87' lang='lat' dir='ltr'><strong>vitiosas</strong></span> <span class='ocrx_word' id='word_1_425' title='bbox 1428 5086 1606 5149; x_wconf 90' lang='lat' dir='ltr'><strong>partes</strong></span> <span class='ocrx_word' id='word_1_426' title='bbox 1633 5080 1798 5135; x_wconf 88' lang='lat' dir='ltr'><strong>animi</strong></span> <span class='ocrx_word' id='word_1_427' title='bbox 1826 5082 2144 5139; x_wconf 82' lang='lat' dir='ltr'><strong>confiteris?</strong></span> 
     </span>
    </p>
   </div>
   <div class='ocr_carea' id='block_1_53' title="bbox 554 5160 2144 5243">
    <p class='ocr_par' dir='ltr' id='par_1_53' title="bbox 554 5160 2144 5243">
     <span class='ocr_line' id='line_1_53' title="bbox 554 5160 2144 5243; baseline 0.011 -29"><span class='ocrx_word' id='word_1_428' title='bbox 554 5160 750 5215; x_wconf 75' lang='lat' dir='ltr'><strong>Adhuc</strong></span> <span class='ocrx_word' id='word_1_429' title='bbox 769 5163 914 5218; x_wconf 88' lang='lat' dir='ltr'><strong>audi.</strong></span> <span class='ocrx_word' id='word_1_430' title='bbox 938 5164 1103 5221; x_wconf 89' lang='lat' dir='ltr'><strong>Paulo</strong></span> <span class='ocrx_word' id='word_1_431' title='bbox 1128 5180 1250 5238; x_wconf 90' lang='lat' dir='ltr'><strong>post</strong></span> <span class='ocrx_word' id='word_1_432' title='bbox 1269 5168 1412 5224; x_wconf 92' lang='lat' dir='ltr'><strong>enim</strong></span> <span class='ocrx_word' id='word_1_433' title='bbox 1439 5186 1453 5226; x_wconf 86' lang='lat'><strong>:</strong></span> <span class='ocrx_word' id='word_1_434' title='bbox 1483 5189 1502 5223; x_wconf 72' lang='grc' dir='ltr'>ι</span> <span class='ocrx_word' id='word_1_435' title='bbox 1535 5169 1639 5226; x_wconf 91' lang='lat' dir='ltr'><strong>Sed</strong></span> <span class='ocrx_word' id='word_1_436' title='bbox 1659 5180 1715 5227; x_wconf 90' lang='lat' dir='ltr'><strong>et</strong></span> <span class='ocrx_word' id='word_1_437' title='bbox 1742 5172 2062 5243; x_wconf 87' lang='lat' dir='ltr'><strong>imperandi,</strong></span> <span class='ocrx_word' id='word_1_438' title='bbox 2087 5184 2144 5231; x_wconf 88' lang='lat' dir='ltr'><strong>et</strong></span> 
     </span>
    </p>
   </div>
   <div class='ocr_carea' id='block_1_54' title="bbox 552 5253 2142 5337">
    <p class='ocr_par' dir='ltr' id='par_1_54' title="bbox 552 5253 2142 5337">
     <span class='ocr_line' id='line_1_54' title="bbox 552 5253 2142 5337; baseline 0.011 -31"><span class='ocrx_word' id='word_1_439' title='bbox 552 5253 822 5310; x_wconf 86' lang='lat' dir='ltr'><strong>serviendi</strong></span> <span class='ocrx_word' id='word_1_440' title='bbox 858 5273 878 5308; x_wconf 72' lang='grc' dir='ltr'><strong>ι</strong></span> <span class='ocrx_word' id='word_1_441' title='bbox 914 5257 1102 5328; x_wconf 89' lang='lat' dir='ltr'><strong>inquit,</strong></span> <span class='ocrx_word' id='word_1_442' title='bbox 1132 5278 1151 5312; x_wconf 74' lang='grc' dir='ltr'>ι</span> <span class='ocrx_word' id='word_1_443' title='bbox 1180 5269 1305 5316; x_wconf 91' lang='lat' dir='ltr'><strong>sunt</strong></span> <span class='ocrx_word' id='word_1_444' title='bbox 1327 5262 1791 5320; x_wconf 86' lang='lat' dir='ltr'><strong>dissimilitudines</strong></span> <span class='ocrx_word' id='word_1_445' title='bbox 1811 5281 2142 5337; x_wconf 88' lang='lat' dir='ltr'><strong>cognoscen-</strong></span> 
     </span>
    </p>
   </div>
   <div class='ocr_carea' id='block_1_55' title="bbox 551 5346 2138 5427">
    <p class='ocr_par' dir='ltr' id='par_1_55' title="bbox 551 5346 2138 5427">
     <span class='ocr_line' id='line_1_55' title="bbox 551 5346 2138 5427; baseline 0.008 -26"><span class='ocrx_word' id='word_1_446' title='bbox 551 5346 654 5401; x_wconf 72' lang='lat' dir='ltr'><strong>dte.</strong></span> <span class='ocrx_word' id='word_1_447' title='bbox 688 5346 819 5401; x_wconf 88' lang='lat' dir='ltr'><strong>Nam</strong></span> <span class='ocrx_word' id='word_1_448' title='bbox 847 5360 905 5404; x_wconf 92' lang='lat' dir='ltr'><strong>ut</strong></span> <span class='ocrx_word' id='word_1_449' title='bbox 932 5351 1142 5406; x_wconf 89' lang='lat' dir='ltr'><strong>animus</strong></span> <span class='ocrx_word' id='word_1_450' title='bbox 1165 5356 1377 5423; x_wconf 88' lang='lat' dir='ltr'><strong>corpori</strong></span> <span class='ocrx_word' id='word_1_451' title='bbox 1403 5354 1599 5411; x_wconf 85' lang='lat' dir='ltr'><strong>dicitur</strong></span> <span class='ocrx_word' id='word_1_452' title='bbox 1626 5356 1911 5427; x_wconf 85' lang='lat' dir='ltr'><strong>imperare,</strong></span> <span class='ocrx_word' id='word_1_453' title='bbox 1942 5358 2138 5414; x_wconf 89' lang='lat' dir='ltr'><strong>dicitur</strong></span> 
     </span>
    </p>
   </div>
   <div class='ocr_carea' id='block_1_56' title="bbox 550 5437 2141 5515">
    <p class='ocr_par' dir='ltr' id='par_1_56' title="bbox 550 5437 2141 5515">
     <span class='ocr_line' id='line_1_56' title="bbox 550 5437 2141 5515; baseline 0.011 -25"><span class='ocrx_word' id='word_1_454' title='bbox 550 5437 713 5492; x_wconf 80' lang='lat' dir='ltr'><strong>etiam</strong></span> <span class='ocrx_word' id='word_1_455' title='bbox 743 5438 950 5496; x_wconf 90' lang='lat' dir='ltr'><strong>libidini</strong></span> <span class='ocrx_word' id='word_1_456' title='bbox 985 5458 1000 5495; x_wconf 91' lang='lat'><strong>:</strong></span> <span class='ocrx_word' id='word_1_457' title='bbox 1032 5443 1127 5497; x_wconf 91' lang='lat' dir='ltr'><strong>sed</strong></span> <span class='ocrx_word' id='word_1_458' title='bbox 1157 5446 1403 5515; x_wconf 87' lang='lat' dir='ltr'><strong>corpori,</strong></span> <span class='ocrx_word' id='word_1_459' title='bbox 1436 5455 1493 5503; x_wconf 91' lang='lat' dir='ltr'><strong>ut</strong></span> <span class='ocrx_word' id='word_1_460' title='bbox 1520 5463 1615 5503; x_wconf 84' lang='lat' dir='ltr'><strong>rex</strong></span> <span class='ocrx_word' id='word_1_461' title='bbox 1648 5449 1853 5505; x_wconf 90' lang='lat' dir='ltr'><strong>civibus</strong></span> <span class='ocrx_word' id='word_1_462' title='bbox 1881 5450 2016 5515; x_wconf 89' lang='lat' dir='ltr'><strong>suis,</strong></span> <span class='ocrx_word' id='word_1_463' title='bbox 2049 5460 2141 5507; x_wconf 89' lang='lat' dir='ltr'><strong>aut</strong></span> 
     </span>
    </p>
   </div>
   <div class='ocr_carea' id='block_1_57' title="bbox 553 5530 2136 5611">
    <p class='ocr_par' dir='ltr' id='par_1_57' title="bbox 553 5530 2136 5611">
     <span class='ocr_line' id='line_1_57' title="bbox 553 5530 2136 5611; baseline 0.011 -33"><span class='ocrx_word' id='word_1_464' title='bbox 553 5543 747 5596; x_wconf 72' lang='lat' dir='ltr'><strong>parcns</strong></span> <span class='ocrx_word' id='word_1_465' title='bbox 786 5530 1007 5598; x_wconf 88' lang='lat' dir='ltr'><strong>liberis;</strong></span> <span class='ocrx_word' id='word_1_466' title='bbox 1048 5532 1253 5590; x_wconf 90' lang='lat' dir='ltr'><strong>libidini</strong></span> <span class='ocrx_word' id='word_1_467' title='bbox 1299 5546 1474 5592; x_wconf 87' lang='lat' dir='ltr'><strong>autem</strong></span> <span class='ocrx_word' id='word_1_468' title='bbox 1502 5581 1516 5606; x_wconf 94' lang='lat'><strong>,</strong></span> <span class='ocrx_word' id='word_1_469' title='bbox 1556 5548 1613 5593; x_wconf 92' lang='lat' dir='ltr'><strong>ut</strong></span> <span class='ocrx_word' id='word_1_470' title='bbox 1639 5540 1807 5595; x_wconf 82' lang='lat' dir='ltr'><strong>servis</strong></span> <span class='ocrx_word' id='word_1_471' title='bbox 1852 5539 2136 5611; x_wconf 91' lang='lat' dir='ltr'><strong>dominus,</strong></span> 
     </span>
    </p>
   </div>
   <div class='ocr_carea' id='block_1_58' title="bbox 556 5617 2140 5704">
    <p class='ocr_par' dir='ltr' id='par_1_58' title="bbox 556 5617 2140 5704">
     <span class='ocr_line' id='line_1_58' title="bbox 556 5617 2140 5704; baseline 0.009 -31"><span class='ocrx_word' id='word_1_472' title='bbox 556 5617 696 5687; x_wconf 79' lang='lat' dir='ltr'><strong>quod</strong></span> <span class='ocrx_word' id='word_1_473' title='bbox 721 5635 839 5676; x_wconf 85' lang='lat' dir='ltr'><strong>cam</strong></span> <span class='ocrx_word' id='word_1_474' title='bbox 865 5633 1080 5681; x_wconf 86' lang='lat' dir='ltr'><strong>coercet</strong></span> <span class='ocrx_word' id='word_1_475' title='bbox 1112 5636 1167 5681; x_wconf 90' lang='lat' dir='ltr'><strong>et</strong></span> <span class='ocrx_word' id='word_1_476' title='bbox 1210 5623 1421 5700; x_wconf 88' lang='lat' dir='ltr'><strong>frangit.</strong></span> <span class='ocrx_word' id='word_1_477' title='bbox 1456 5630 1544 5687; x_wconf 88' lang='lat' dir='ltr'><strong>Sic</strong></span> <span class='ocrx_word' id='word_1_478' title='bbox 1571 5647 1771 5703; x_wconf 84' lang='lat' dir='ltr'><strong>regum,</strong></span> <span class='ocrx_word' id='word_1_479' title='bbox 1802 5635 1880 5689; x_wconf 86' lang='lat' dir='ltr'><strong>sic</strong></span> <span class='ocrx_word' id='word_1_480' title='bbox 1909 5631 2140 5704; x_wconf 82' lang='lat' dir='ltr'><strong>impera-</strong></span> 
     </span>
    </p>
   </div>
   <div class='ocr_carea' id='block_1_59' title="bbox 617 5751 1376 5827">
    <p class='ocr_par' dir='ltr' id='par_1_59' title="bbox 617 5751 1376 5827">
     <span class='ocr_line' id='line_1_59' title="bbox 617 5751 1376 5827; baseline -0.018 0"><span class='ocrx_word' id='word_1_481' title='bbox 617 5754 637 5827; x_wconf 65' lang='lat'>:</span> <span class='ocrx_word' id='word_1_482' title='bbox 660 5751 932 5827; x_wconf 55' lang='lat'><strong>9153190353</strong></span> <span class='ocrx_word' id='word_1_483' title='bbox 954 5767 1056 5827; x_wconf 64' lang='grc' dir='ltr'><strong>θίξιν,</strong></span> <span class='ocrx_word' id='word_1_484' title='bbox 1072 5769 1190 5827; x_wconf 71' lang='lat' dir='ltr'><strong>(‘ttm</strong></span> <span class='ocrx_word' id='word_1_485' title='bbox 1214 5761 1376 5827; x_wconf 75' lang='lat' dir='ltr'><strong>igitur.</strong></span> 
     </span>
    </p>
   </div>
   <div class='ocr_carea' id='block_1_60' title="bbox 614 5814 2087 5897">
    <p class='ocr_par' dir='ltr' id='par_1_60' title="bbox 614 5814 2087 5897">
     <span class='ocr_line' id='line_1_60' title="bbox 614 5814 2087 5897; baseline 0.015 -37"><span class='ocrx_word' id='word_1_486' title='bbox 614 5814 638 5845; x_wconf 76' lang='grc'>⁸</span> <span class='ocrx_word' id='word_1_487' title='bbox 660 5816 802 5878; x_wconf 75' lang='lat' dir='ltr'><strong>Editi,</strong></span> <span class='ocrx_word' id='word_1_488' title='bbox 825 5829 934 5875; x_wconf 81' lang='lat' dir='ltr'><strong>quo.</strong></span> <span class='ocrx_word' id='word_1_489' title='bbox 962 5814 1203 5875; x_wconf 59' lang='lat' dir='ltr'><strong>Sic&#39;etiam</strong></span> <span class='ocrx_word' id='word_1_490' title='bbox 1228 5814 1447 5879; x_wconf 65' lang='lat' dir='ltr'><strong>Eallicani</strong></span> <span class='ocrx_word' id='word_1_491' title='bbox 1482 5836 1584 5880; x_wconf 78' lang='lat' dir='ltr'><strong>Mss.</strong></span> <span class='ocrx_word' id='word_1_492' title='bbox 1623 5837 1665 5881; x_wconf 77' lang='lat' dir='ltr'><strong>tt</strong></span> <span class='ocrx_word' id='word_1_493' title='bbox 1692 5839 1705 5857; x_wconf 89' lang='lat'><em>‘</em></span> <span class='ocrx_word' id='word_1_494' title='bbox 1725 5832 1917 5897; x_wconf 80' lang='lat' dir='ltr'><strong>atieani,</strong></span> <span class='ocrx_word' id='word_1_495' title='bbox 1942 5832 2087 5894; x_wconf 73' lang='lat' dir='ltr'><strong>quod.</strong></span> 
     </span>
    </p>
   </div>
   <div class='ocr_carea' id='block_1_61' title="bbox 1359 344 3793 425">
    <p class='ocr_par' dir='ltr' id='par_1_61' title="bbox 1359 344 3793 425">
     <span class='ocr_line' id='line_1_61' title="bbox 1359 344 3793 425; baseline 0.002 -22"><span class='ocrx_word' id='word_1_496' title='bbox 1359 344 1635 403; x_wconf 77' lang='lat' dir='ltr'><strong>CONTRA</strong></span> <span class='ocrx_word' id='word_1_497' title='bbox 1672 344 2012 403; x_wconf 73' lang='lat' dir='ltr'><strong>JULIANIIM</strong></span> <span class='ocrx_word' id='word_1_498' title='bbox 2052 344 2512 413; x_wconf 72' lang='lat' dir='ltr'><strong>PBLAGIANUll,</strong></span> <span class='ocrx_word' id='word_1_499' title='bbox 2553 347 2612 403; x_wconf 88' lang='lat' dir='ltr'><strong>S.</strong></span> <span class='ocrx_word' id='word_1_500' title='bbox 2653 346 3017 406; x_wconf 71' lang='lat' dir='ltr'><strong>AUGUSTINI</strong></span> <span class='ocrx_word' id='word_1_501' title='bbox 3710 367 3793 425; x_wconf 68' lang='grc' dir='ltr'><strong>τοι</strong></span> 
     </span>
    </p>
   </div>
   <div class='ocr_carea' id='block_1_62' title="bbox 2271 463 3797 549">
    <p class='ocr_par' dir='ltr' id='par_1_62' title="bbox 2271 463 3797 549">
     <span class='ocr_line' id='line_1_62' title="bbox 2271 463 3797 549; baseline 0.01 -32"><span class='ocrx_word' id='word_1_502' title='bbox 2271 472 2443 518; x_wconf 92' lang='lat' dir='ltr'><strong>torum</strong></span> <span class='ocrx_word' id='word_1_503' title='bbox 2469 505 2483 528; x_wconf 93' lang='lat'><strong>,</strong></span> <span class='ocrx_word' id='word_1_504' title='bbox 2512 463 2592 518; x_wconf 91' lang='lat' dir='ltr'><strong>sic</strong></span> <span class='ocrx_word' id='word_1_505' title='bbox 2629 465 3028 534; x_wconf 85' lang='lat' dir='ltr'><strong>magistratuum</strong></span> <span class='ocrx_word' id='word_1_506' title='bbox 3055 509 3070 535; x_wconf 92' lang='lat'><strong>,</strong></span> <span class='ocrx_word' id='word_1_507' title='bbox 3117 467 3194 522; x_wconf 90' lang='lat' dir='ltr'><strong>sic</strong></span> <span class='ocrx_word' id='word_1_508' title='bbox 3238 479 3442 541; x_wconf 85' lang='lat' dir='ltr'><strong>patrum</strong></span> <span class='ocrx_word' id='word_1_509' title='bbox 3470 516 3482 537; x_wconf 92' lang='lat'><strong>,</strong></span> <span class='ocrx_word' id='word_1_510' title='bbox 3513 475 3583 529; x_wconf 83' lang='lat' dir='ltr'><strong>sic</strong></span> <span class='ocrx_word' id='word_1_511' title='bbox 3612 483 3797 549; x_wconf 81' lang='lat' dir='ltr'><strong>populo-</strong></span> 
     </span>
    </p>
   </div>
   <div class='ocr_carea' id='block_1_63' title="bbox 2266 555 3797 636">
    <p class='ocr_par' dir='ltr' id='par_1_63' title="bbox 2266 555 3797 636">
     <span class='ocr_line' id='line_1_63' title="bbox 2266 555 3797 636; baseline 0.013 -27"><span class='ocrx_word' id='word_1_512' title='bbox 2266 570 2385 609; x_wconf 89' lang='lat' dir='ltr'><strong>rum</strong></span> <span class='ocrx_word' id='word_1_513' title='bbox 2413 555 2633 625; x_wconf 85' lang='lat' dir='ltr'><strong>imperia</strong></span> <span class='ocrx_word' id='word_1_514' title='bbox 2658 556 2862 611; x_wconf 86' lang='lat' dir='ltr'><strong>civibus</strong></span> <span class='ocrx_word' id='word_1_515' title='bbox 2887 558 3150 628; x_wconf 89' lang='lat' dir='ltr'><strong>sociisque</strong></span> <span class='ocrx_word' id='word_1_516' title='bbox 3182 575 3430 630; x_wconf 66' lang='lat' dir='ltr'><strong>praesunt,</strong></span> <span class='ocrx_word' id='word_1_517' title='bbox 3456 575 3510 619; x_wconf 92' lang='lat' dir='ltr'><strong>ut</strong></span> <span class='ocrx_word' id='word_1_518' title='bbox 3528 570 3797 636; x_wconf 82' lang='lat' dir='ltr'><strong>corporibus</strong></span> 
     </span>
    </p>
   </div>
   <div class='ocr_carea' id='block_1_64' title="bbox 2265 646 3794 729">
    <p class='ocr_par' dir='ltr' id='par_1_64' title="bbox 2265 646 3794 729">
     <span class='ocr_line' id='line_1_64' title="bbox 2265 646 3794 729; baseline 0.011 -30"><span class='ocrx_word' id='word_1_519' title='bbox 2265 646 2511 701; x_wconf 89' lang='lat' dir='ltr'><strong>animus:</strong></span> <span class='ocrx_word' id='word_1_520' title='bbox 2541 646 2742 702; x_wconf 89' lang='lat' dir='ltr'><strong>domini</strong></span> <span class='ocrx_word' id='word_1_521' title='bbox 2771 654 2946 703; x_wconf 90' lang='lat' dir='ltr'><strong>autem</strong></span> <span class='ocrx_word' id='word_1_522' title='bbox 2977 663 3163 706; x_wconf 89' lang='lat' dir='ltr'><strong>servos</strong></span> <span class='ocrx_word' id='word_1_523' title='bbox 3188 651 3258 705; x_wconf 87' lang='lat' dir='ltr'><strong>ita</strong></span> <span class='ocrx_word' id='word_1_524' title='bbox 3290 650 3524 723; x_wconf 76' lang='lat' dir='ltr'><strong>fatigant,</strong></span> <span class='ocrx_word' id='word_1_525' title='bbox 3552 665 3606 712; x_wconf 93' lang='lat' dir='ltr'><strong>ut</strong></span> <span class='ocrx_word' id='word_1_526' title='bbox 3630 659 3794 729; x_wconf 80' lang='lat' dir='ltr'><strong>optima</strong></span> 
     </span>
    </p>
   </div>
   <div class='ocr_carea' id='block_1_65' title="bbox 2267 736 3801 811">
    <p class='ocr_par' dir='ltr' id='par_1_65' title="bbox 2267 736 3801 811">
     <span class='ocr_line' id='line_1_65' title="bbox 2267 736 3801 811; baseline 0.012 -23"><span class='ocrx_word' id='word_1_527' title='bbox 2267 749 2388 806; x_wconf 91' lang='lat' dir='ltr'><strong>pars</strong></span> <span class='ocrx_word' id='word_1_528' title='bbox 2411 736 2595 803; x_wconf 88' lang='lat' dir='ltr'><strong>animi,</strong></span> <span class='ocrx_word' id='word_1_529' title='bbox 2629 736 2678 791; x_wconf 92' lang='lat' dir='ltr'><strong>id</strong></span> <span class='ocrx_word' id='word_1_530' title='bbox 2706 745 2787 793; x_wconf 87' lang='lat' dir='ltr'><strong>est</strong></span> <span class='ocrx_word' id='word_1_531' title='bbox 2808 777 2825 803; x_wconf 91' lang='lat'><strong>,</strong></span> <span class='ocrx_word' id='word_1_532' title='bbox 2856 739 3111 808; x_wconf 87' lang='lat' dir='ltr'><strong>sapientia</strong></span> <span class='ocrx_word' id='word_1_533' title='bbox 3135 782 3148 803; x_wconf 86' lang='lat'><strong>,</strong></span> <span class='ocrx_word' id='word_1_534' title='bbox 3178 741 3412 811; x_wconf 85' lang='lat' dir='ltr'><strong>ejusdem</strong></span> <span class='ocrx_word' id='word_1_535' title='bbox 3438 746 3591 800; x_wconf 90' lang='lat' dir='ltr'><strong>animi</strong></span> <span class='ocrx_word' id='word_1_536' title='bbox 3620 751 3801 806; x_wconf 78' lang='lat' dir='ltr'><strong>vitiosas</strong></span> 
     </span>
    </p>
   </div>
   <div class='ocr_carea' id='block_1_66' title="bbox 2266 825 3799 901">
    <p class='ocr_par' dir='ltr' id='par_1_66' title="bbox 2266 825 3799 901">
     <span class='ocr_line' id='line_1_66' title="bbox 2266 825 3799 901; baseline 0.009 -19"><span class='ocrx_word' id='word_1_537' title='bbox 2266 825 2662 898; x_wconf 88' lang='lat' dir='ltr'><strong>imbecillasque</strong></span> <span class='ocrx_word' id='word_1_538' title='bbox 2694 838 2869 897; x_wconf 88' lang='lat' dir='ltr'><strong>partes</strong></span> <span class='ocrx_word' id='word_1_539' title='bbox 2892 872 2907 897; x_wconf 92' lang='lat'><strong>,</strong></span> <span class='ocrx_word' id='word_1_540' title='bbox 2940 838 2997 886; x_wconf 92' lang='lat' dir='ltr'><strong>ut</strong></span> <span class='ocrx_word' id='word_1_541' title='bbox 3028 831 3309 901; x_wconf 89' lang='lat' dir='ltr'><strong>libidines,</strong></span> <span class='ocrx_word' id='word_1_542' title='bbox 3342 843 3399 888; x_wconf 92' lang='lat' dir='ltr'><strong>ut</strong></span> <span class='ocrx_word' id='word_1_543' title='bbox 3437 835 3728 901; x_wconf 83' lang='lat' dir='ltr'><strong>iracundias,</strong></span> <span class='ocrx_word' id='word_1_544' title='bbox 3755 849 3799 896; x_wconf 94' lang='lat' dir='ltr'><strong>ut</strong></span> 
     </span>
    </p>
   </div>
   <div class='ocr_carea' id='block_1_67' title="bbox 2265 917 3799 997">
    <p class='ocr_par' dir='ltr' id='par_1_67' title="bbox 2265 917 3799 997">
     <span class='ocr_line' id='line_1_67' title="bbox 2265 917 3799 997; baseline 0.01 -28"><span class='ocrx_word' id='word_1_545' title='bbox 2265 917 2690 986; x_wconf 84' lang='lat' dir='ltr'><strong>perturbationes</strong></span> <span class='ocrx_word' id='word_1_546' title='bbox 2711 928 2949 974; x_wconf 71' lang='lat' dir='ltr'><strong>ceteras.</strong></span> <span class='ocrx_word' id='word_1_547' title='bbox 2986 938 3006 972; x_wconf 78' lang='grc' dir='ltr'><strong><em>ι</em></strong></span> <span class='ocrx_word' id='word_1_548' title='bbox 3037 920 3281 978; x_wconf 87' lang='lat' dir='ltr'><strong>Habesne</strong></span> <span class='ocrx_word' id='word_1_549' title='bbox 3304 924 3475 980; x_wconf 88' lang='lat' dir='ltr'><strong>adhuc</strong></span> <span class='ocrx_word' id='word_1_550' title='bbox 3495 926 3625 997; x_wconf 89' lang='lat' dir='ltr'><strong>quod</strong></span> <span class='ocrx_word' id='word_1_551' title='bbox 3645 940 3799 985; x_wconf 83' lang='lat' dir='ltr'><strong>contra</strong></span> 
     </span>
    </p>
   </div>
   <div class='ocr_carea' id='block_1_68' title="bbox 2265 1007 3801 1089">
    <p class='ocr_par' dir='ltr' id='par_1_68' title="bbox 2265 1007 3801 1089">
     <span class='ocr_line' id='line_1_68' title="bbox 2265 1007 3801 1089; baseline 0.008 -28"><span class='ocrx_word' id='word_1_552' title='bbox 2265 1022 2364 1061; x_wconf 91' lang='lat' dir='ltr'><strong>nos</strong></span> <span class='ocrx_word' id='word_1_553' title='bbox 2404 1007 2471 1062; x_wconf 92' lang='lat' dir='ltr'><strong>de</strong></span> <span class='ocrx_word' id='word_1_554' title='bbox 2519 1008 2854 1064; x_wconf 79' lang='lat' dir='ltr'><strong>saecularium</strong></span> <span class='ocrx_word' id='word_1_555' title='bbox 2905 1009 3197 1067; x_wconf 90' lang='lat' dir='ltr'><strong>litterarum</strong></span> <span class='ocrx_word' id='word_1_556' title='bbox 3249 1015 3550 1071; x_wconf 87' lang='lat' dir='ltr'><strong>auctoribus</strong></span> <span class='ocrx_word' id='word_1_557' title='bbox 3589 1019 3801 1089; x_wconf 81' lang='lat' dir='ltr'><strong>garrias?</strong></span> 
     </span>
    </p>
   </div>
   <div class='ocr_carea' id='block_1_69' title="bbox 2265 1096 3797 1179">
    <p class='ocr_par' dir='ltr' id='par_1_69' title="bbox 2265 1096 3797 1179">
     <span class='ocr_line' id='line_1_69' title="bbox 2265 1096 3797 1179; baseline 0.007 -26"><span class='ocrx_word' id='word_1_558' title='bbox 2265 1096 2370 1153; x_wconf 89' lang='lat' dir='ltr'><strong>Sed</strong></span> <span class='ocrx_word' id='word_1_559' title='bbox 2410 1098 2454 1152; x_wconf 92' lang='lat' dir='ltr'><strong>si</strong></span> <span class='ocrx_word' id='word_1_560' title='bbox 2483 1108 2667 1154; x_wconf 87' lang='lat' dir='ltr'><strong>contra</strong></span> <span class='ocrx_word' id='word_1_561' title='bbox 2706 1100 2985 1171; x_wconf 83' lang='lat' dir='ltr'><strong>episcopos</strong></span> <span class='ocrx_word' id='word_1_562' title='bbox 3007 1103 3336 1174; x_wconf 91' lang='lat' dir='ltr'><strong>eloquiorum</strong></span> <span class='ocrx_word' id='word_1_563' title='bbox 3357 1106 3643 1162; x_wconf 88' lang='lat' dir='ltr'><strong>divinorum</strong></span> <span class='ocrx_word' id='word_1_564' title='bbox 3682 1125 3797 1179; x_wconf 72' lang='lat' dir='ltr'><strong>prm-</strong></span> 
     </span>
    </p>
   </div>
   <div class='ocr_carea' id='block_1_70' title="bbox 2264 1187 3800 1269">
    <p class='ocr_par' dir='ltr' id='par_1_70' title="bbox 2264 1187 3800 1269">
     <span class='ocr_line' id='line_1_70' title="bbox 2264 1187 3800 1269; baseline 0.01 -29"><span class='ocrx_word' id='word_1_565' title='bbox 2264 1187 2586 1244; x_wconf 87' lang='lat' dir='ltr'><strong>clarissimos</strong></span> <span class='ocrx_word' id='word_1_566' title='bbox 2631 1196 2945 1248; x_wconf 85' lang='lat' dir='ltr'><strong>tractatores</strong></span> <span class='ocrx_word' id='word_1_567' title='bbox 2966 1234 2982 1258; x_wconf 94' lang='lat'><strong>,</strong></span> <span class='ocrx_word' id='word_1_568' title='bbox 3043 1208 3141 1264; x_wconf 87' lang='lat' dir='ltr'><strong>pro</strong></span> <span class='ocrx_word' id='word_1_569' title='bbox 3183 1195 3285 1251; x_wconf 91' lang='lat' dir='ltr'><strong>isto</strong></span> <span class='ocrx_word' id='word_1_570' title='bbox 3316 1197 3511 1269; x_wconf 89' lang='lat' dir='ltr'><strong>(quem</strong></span> <span class='ocrx_word' id='word_1_571' title='bbox 3538 1215 3567 1255; x_wconf 87' lang='lat' dir='ltr'><strong>a</strong></span> <span class='ocrx_word' id='word_1_572' title='bbox 3597 1208 3644 1255; x_wconf 89' lang='lat' dir='ltr'><strong>te</strong></span> <span class='ocrx_word' id='word_1_573' title='bbox 3684 1200 3800 1257; x_wconf 79' lang='lat' dir='ltr'><strong>Deus</strong></span> 
     </span>
    </p>
   </div>
   <div class='ocr_carea' id='block_1_71' title="bbox 2263 1277 3801 1360">
    <p class='ocr_par' dir='ltr' id='par_1_71' title="bbox 2263 1277 3801 1360">
     <span class='ocr_line' id='line_1_71' title="bbox 2263 1277 3801 1360; baseline 0.01 -30"><span class='ocrx_word' id='word_1_574' title='bbox 2263 1277 2507 1347; x_wconf 89' lang='lat' dir='ltr'><strong>avertat)</strong></span> <span class='ocrx_word' id='word_1_575' title='bbox 2533 1293 2717 1335; x_wconf 89' lang='lat' dir='ltr'><strong>errore</strong></span> <span class='ocrx_word' id='word_1_576' title='bbox 2744 1280 3064 1350; x_wconf 71' lang='lat' dir='ltr'><strong>qumsiturus</strong></span> <span class='ocrx_word' id='word_1_577' title='bbox 3090 1298 3149 1339; x_wconf 88' lang='lat' dir='ltr'><strong>es</strong></span> <span class='ocrx_word' id='word_1_578' title='bbox 3177 1286 3301 1356; x_wconf 90' lang='lat' dir='ltr'><strong>quid</strong></span> <span class='ocrx_word' id='word_1_579' title='bbox 3328 1286 3495 1356; x_wconf 91' lang='lat' dir='ltr'><strong>dicas,</strong></span> <span class='ocrx_word' id='word_1_580' title='bbox 3524 1304 3683 1360; x_wconf 87' lang='lat' dir='ltr'><strong>quove</strong></span> <span class='ocrx_word' id='word_1_581' title='bbox 3705 1307 3801 1346; x_wconf 86' lang='lat' dir='ltr'><strong>mo-</strong></span> 
     </span>
    </p>
   </div>
   <div class='ocr_carea' id='block_1_72' title="bbox 2263 1368 3803 1452">
    <p class='ocr_par' dir='ltr' id='par_1_72' title="bbox 2263 1368 3803 1452">
     <span class='ocr_line' id='line_1_72' title="bbox 2263 1368 3803 1452; baseline 0.012 -30"><span class='ocrx_word' id='word_1_582' title='bbox 2263 1368 2333 1423; x_wconf 92' lang='lat' dir='ltr'><strong>do</strong></span> <span class='ocrx_word' id='word_1_583' title='bbox 2355 1370 2562 1425; x_wconf 87' lang='lat' dir='ltr'><strong>illorum</strong></span> <span class='ocrx_word' id='word_1_584' title='bbox 2585 1373 2849 1428; x_wconf 89' lang='lat' dir='ltr'><strong>sanctitati</strong></span> <span class='ocrx_word' id='word_1_585' title='bbox 2874 1374 3127 1443; x_wconf 88' lang='lat' dir='ltr'><strong>resistas;</strong></span> <span class='ocrx_word' id='word_1_586' title='bbox 3150 1377 3277 1447; x_wconf 90' lang='lat' dir='ltr'><strong>quid</strong></span> <span class='ocrx_word' id='word_1_587' title='bbox 3306 1379 3397 1436; x_wconf 89' lang='lat' dir='ltr'><strong>tibi</strong></span> <span class='ocrx_word' id='word_1_588' title='bbox 3418 1381 3517 1435; x_wconf 91' lang='lat' dir='ltr'><strong>erit</strong></span> <span class='ocrx_word' id='word_1_589' title='bbox 3537 1382 3738 1452; x_wconf 85' lang='lat' dir='ltr'><strong>Tullius,</strong></span> <span class='ocrx_word' id='word_1_590' title='bbox 3758 1392 3803 1440; x_wconf 89' lang='lat' dir='ltr'><strong>ut</strong></span> 
     </span>
    </p>
   </div>
   <div class='ocr_carea' id='block_1_73' title="bbox 2264 1462 3801 1539">
    <p class='ocr_par' dir='ltr' id='par_1_73' title="bbox 2264 1462 3801 1539">
     <span class='ocr_line' id='line_1_73' title="bbox 2264 1462 3801 1539; baseline 0.009 -24"><span class='ocrx_word' id='word_1_591' title='bbox 2264 1475 2370 1515; x_wconf 92' lang='lat' dir='ltr'><strong>non</strong></span> <span class='ocrx_word' id='word_1_592' title='bbox 2392 1477 2511 1516; x_wconf 89' lang='lat' dir='ltr'><strong>eum</strong></span> <span class='ocrx_word' id='word_1_593' title='bbox 2538 1462 2593 1517; x_wconf 93' lang='lat' dir='ltr'><strong>in</strong></span> <span class='ocrx_word' id='word_1_594' title='bbox 2616 1462 2717 1519; x_wconf 87' lang='lat' dir='ltr'><strong>hac</strong></span> <span class='ocrx_word' id='word_1_595' title='bbox 2744 1467 3008 1523; x_wconf 89' lang='lat' dir='ltr'><strong>sententia</strong></span> <span class='ocrx_word' id='word_1_596' title='bbox 3032 1467 3328 1539; x_wconf 89' lang='lat' dir='ltr'><strong>desipuisse</strong></span> <span class='ocrx_word' id='word_1_597' title='bbox 3355 1485 3418 1527; x_wconf 87' lang='lat' dir='ltr'><strong>ac</strong></span> <span class='ocrx_word' id='word_1_598' title='bbox 3436 1471 3677 1529; x_wconf 89' lang='lat' dir='ltr'><strong>delirasse</strong></span> <span class='ocrx_word' id='word_1_599' title='bbox 3697 1489 3801 1530; x_wconf 85' lang='lat' dir='ltr'><strong>con-</strong></span> 
     </span>
    </p>
   </div>
   <div class='ocr_carea' id='block_1_74' title="bbox 2266 1552 3802 1630">
    <p class='ocr_par' dir='ltr' id='par_1_74' title="bbox 2266 1552 3802 1630">
     <span class='ocr_line' id='line_1_74' title="bbox 2266 1552 3802 1630; baseline 0.01 -25"><span class='ocrx_word' id='word_1_600' title='bbox 2266 1552 2478 1607; x_wconf 88' lang='lat' dir='ltr'><strong>tendas?</strong></span> <span class='ocrx_word' id='word_1_601' title='bbox 2496 1553 2633 1609; x_wconf 91' lang='lat' dir='ltr'><strong>Tace</strong></span> <span class='ocrx_word' id='word_1_602' title='bbox 2647 1570 2774 1626; x_wconf 89' lang='lat' dir='ltr'><strong>ergo</strong></span> <span class='ocrx_word' id='word_1_603' title='bbox 2789 1555 2857 1613; x_wconf 90' lang='lat' dir='ltr'><strong>de</strong></span> <span class='ocrx_word' id='word_1_604' title='bbox 2873 1557 3011 1615; x_wconf 90' lang='lat' dir='ltr'><strong>illius</strong></span> <span class='ocrx_word' id='word_1_605' title='bbox 3023 1559 3413 1630; x_wconf 88' lang='lat' dir='ltr'><strong>generislibris,</strong></span> <span class='ocrx_word' id='word_1_606' title='bbox 3426 1564 3590 1619; x_wconf 87' lang='lat' dir='ltr'><strong>etnoli</strong></span> <span class='ocrx_word' id='word_1_607' title='bbox 3607 1579 3694 1620; x_wconf 91' lang='lat' dir='ltr'><strong>nos</strong></span> <span class='ocrx_word' id='word_1_608' title='bbox 3704 1566 3802 1621; x_wconf 87' lang='lat' dir='ltr'><strong>inde</strong></span> 
     </span>
    </p>
   </div>
   <div class='ocr_carea' id='block_1_75' title="bbox 2262 1643 3800 1724">
    <p class='ocr_par' dir='ltr' id='par_1_75' title="bbox 2262 1643 3800 1724">
     <span class='ocr_line' id='line_1_75' title="bbox 2262 1643 3800 1724; baseline 0.01 -29"><span class='ocrx_word' id='word_1_609' title='bbox 2262 1643 2457 1713; x_wconf 90' lang='lat' dir='ltr'><strong>aliquid</strong></span> <span class='ocrx_word' id='word_1_610' title='bbox 2484 1648 2870 1704; x_wconf 89' lang='lat' dir='ltr'><strong>contumeliose</strong></span> <span class='ocrx_word' id='word_1_611' title='bbox 2896 1648 3091 1706; x_wconf 88' lang='lat' dir='ltr'><strong>docere</strong></span> <span class='ocrx_word' id='word_1_612' title='bbox 3111 1653 3313 1720; x_wconf 89' lang='lat' dir='ltr'><strong>conari,</strong></span> <span class='ocrx_word' id='word_1_613' title='bbox 3332 1669 3400 1709; x_wconf 89' lang='lat' dir='ltr'><strong>ne</strong></span> <span class='ocrx_word' id='word_1_614' title='bbox 3414 1669 3631 1724; x_wconf 89' lang='lat' dir='ltr'><strong>quorum</strong></span> <span class='ocrx_word' id='word_1_615' title='bbox 3653 1666 3698 1712; x_wconf 91' lang='lat' dir='ltr'><strong>te</strong></span> <span class='ocrx_word' id='word_1_616' title='bbox 3715 1657 3800 1711; x_wconf 80' lang='lat' dir='ltr'><strong>ina-</strong></span> 
     </span>
    </p>
   </div>
   <div class='ocr_carea' id='block_1_76' title="bbox 2262 1736 3799 1818">
    <p class='ocr_par' dir='ltr' id='par_1_76' title="bbox 2262 1736 3799 1818">
     <span class='ocr_line' id='line_1_76' title="bbox 2262 1736 3799 1818; baseline 0.008 -28"><span class='ocrx_word' id='word_1_617' title='bbox 2262 1736 2400 1791; x_wconf 84' lang='lat' dir='ltr'><strong>niter</strong></span> <span class='ocrx_word' id='word_1_618' title='bbox 2418 1739 2684 1794; x_wconf 89' lang='lat' dir='ltr'><strong>sublevari</strong></span> <span class='ocrx_word' id='word_1_619' title='bbox 2703 1741 2899 1809; x_wconf 87' lang='lat' dir='ltr'><strong>credis,</strong></span> <span class='ocrx_word' id='word_1_620' title='bbox 2916 1757 3100 1798; x_wconf 90' lang='lat' dir='ltr'><strong>eorum</strong></span> <span class='ocrx_word' id='word_1_621' title='bbox 3122 1745 3439 1801; x_wconf 89' lang='lat' dir='ltr'><strong>testimoniis</strong></span> <span class='ocrx_word' id='word_1_622' title='bbox 3453 1750 3799 1818; x_wconf 62' lang='lat' dir='ltr'><strong>comprimaris.</strong></span> 
     </span>
    </p>
   </div>
   <div class='ocr_carea' id='block_1_77' title="bbox 2330 1826 3799 1909">
    <p class='ocr_par' dir='ltr' id='par_1_77' title="bbox 2330 1826 3799 1909">
     <span class='ocr_line' id='line_1_77' title="bbox 2330 1826 3799 1909; baseline 0.009 -25"><span class='ocrx_word' id='word_1_623' title='bbox 2330 1826 2555 1885; x_wconf 61' lang='lat' dir='ltr'><strong>CAPUT</strong></span> <span class='ocrx_word' id='word_1_624' title='bbox 2574 1831 2791 1886; x_wconf 80' lang='lat' dir='ltr'><strong>Xlll.—</strong></span> <span class='ocrx_word' id='word_1_625' title='bbox 2808 1834 2896 1890; x_wconf 72' lang='lat'><strong>62.</strong></span> <span class='ocrx_word' id='word_1_626' title='bbox 2915 1836 3049 1903; x_wconf 89' lang='lat' dir='ltr'><strong>Quid</strong></span> <span class='ocrx_word' id='word_1_627' title='bbox 3064 1845 3239 1893; x_wconf 89' lang='lat' dir='ltr'><strong>autem</strong></span> <span class='ocrx_word' id='word_1_628' title='bbox 3260 1838 3327 1894; x_wconf 92' lang='lat' dir='ltr'><strong>de</strong></span> <span class='ocrx_word' id='word_1_629' title='bbox 3340 1851 3483 1895; x_wconf 92' lang='lat' dir='ltr'><strong>motu</strong></span> <span class='ocrx_word' id='word_1_630' title='bbox 3499 1840 3710 1909; x_wconf 68' lang='lat' dir='ltr'><strong>feminae,</strong></span> <span class='ocrx_word' id='word_1_631' title='bbox 3724 1855 3799 1899; x_wconf 86' lang='lat' dir='ltr'><strong>co-</strong></span> 
     </span>
    </p>
   </div>
   <div class='ocr_carea' id='block_1_78' title="bbox 2256 1918 3803 2003">
    <p class='ocr_par' dir='ltr' id='par_1_78' title="bbox 2256 1918 3803 2003">
     <span class='ocr_line' id='line_1_78' title="bbox 2256 1918 3803 2003; baseline 0.009 -31"><span class='ocrx_word' id='word_1_632' title='bbox 2256 1918 2344 1989; x_wconf 80' lang='lat' dir='ltr'><strong>jus</strong></span> <span class='ocrx_word' id='word_1_633' title='bbox 2364 1930 2416 1975; x_wconf 89' lang='lat' dir='ltr'><strong>et</strong></span> <span class='ocrx_word' id='word_1_634' title='bbox 2441 1921 2609 1991; x_wconf 86' lang='lat' dir='ltr'><strong>ipsam</strong></span> <span class='ocrx_word' id='word_1_635' title='bbox 2639 1924 2842 1993; x_wconf 87' lang='lat' dir='ltr'><strong>puduit,</strong></span> <span class='ocrx_word' id='word_1_636' title='bbox 2868 1926 3094 1983; x_wconf 88' lang='lat' dir='ltr'><strong>inaniter</strong></span> <span class='ocrx_word' id='word_1_637' title='bbox 3113 1929 3587 1999; x_wconf 83' lang='lat' dir='ltr'><strong>argumentandum</strong></span> <span class='ocrx_word' id='word_1_638' title='bbox 3610 1935 3803 2003; x_wconf 82' lang='lat' dir='ltr'><strong>putasti?</strong></span> 
     </span>
    </p>
   </div>
   <div class='ocr_carea' id='block_1_79' title="bbox 2261 2010 3801 2085">
    <p class='ocr_par' dir='ltr' id='par_1_79' title="bbox 2261 2010 3801 2085">
     <span class='ocr_line' id='line_1_79' title="bbox 2261 2010 3801 2085; baseline 0.008 -20"><span class='ocrx_word' id='word_1_639' title='bbox 2261 2010 2375 2067; x_wconf 88' lang='lat' dir='ltr'><strong>Non</strong></span> <span class='ocrx_word' id='word_1_640' title='bbox 2406 2014 2590 2085; x_wconf 87' lang='lat' dir='ltr'><strong>utique</strong></span> <span class='ocrx_word' id='word_1_641' title='bbox 2617 2016 2811 2071; x_wconf 88' lang='lat' dir='ltr'><strong>femina</strong></span> <span class='ocrx_word' id='word_1_642' title='bbox 2852 2027 3055 2073; x_wconf 92' lang='lat' dir='ltr'><strong>motum</strong></span> <span class='ocrx_word' id='word_1_643' title='bbox 3092 2021 3355 2077; x_wconf 88' lang='lat' dir='ltr'><strong>visibilem</strong></span> <span class='ocrx_word' id='word_1_644' title='bbox 3391 2023 3525 2079; x_wconf 73' lang='lat' dir='ltr'><strong>texit</strong></span> <span class='ocrx_word' id='word_1_645' title='bbox 3551 2040 3564 2077; x_wconf 92' lang='lat'>:</span> <span class='ocrx_word' id='word_1_646' title='bbox 3594 2024 3680 2081; x_wconf 84' lang='lat' dir='ltr'><strong>sed</strong></span> <span class='ocrx_word' id='word_1_647' title='bbox 3704 2041 3801 2081; x_wconf 84' lang='lat' dir='ltr'><strong>cum</strong></span> 
     </span>
    </p>
   </div>
   <div class='ocr_carea' id='block_1_80' title="bbox 2261 2100 3799 2185">
    <p class='ocr_par' dir='ltr' id='par_1_80' title="bbox 2261 2100 3799 2185">
     <span class='ocr_line' id='line_1_80' title="bbox 2261 2100 3799 2185; baseline 0.01 -27"><span class='ocrx_word' id='word_1_648' title='bbox 2261 2103 2313 2159; x_wconf 94' lang='lat' dir='ltr'><strong>in</strong></span> <span class='ocrx_word' id='word_1_649' title='bbox 2364 2106 2565 2162; x_wconf 90' lang='lat' dir='ltr'><strong>eisdem</strong></span> <span class='ocrx_word' id='word_1_650' title='bbox 2606 2110 2858 2166; x_wconf 87' lang='lat' dir='ltr'><strong>membris</strong></span> <span class='ocrx_word' id='word_1_651' title='bbox 2910 2112 3015 2167; x_wconf 87' lang='lat' dir='ltr'><strong>tale</strong></span> <span class='ocrx_word' id='word_1_652' title='bbox 3040 2100 3253 2185; x_wconf 30' lang='lat' dir='ltr'><strong>aliquid.</strong></span> <span class='ocrx_word' id='word_1_653' title='bbox 3285 2117 3509 2174; x_wconf 89' lang='lat' dir='ltr'><strong>sentiret</strong></span> <span class='ocrx_word' id='word_1_654' title='bbox 3557 2120 3799 2184; x_wconf 87' lang='lat' dir='ltr'><strong>occultius,</strong></span> 
     </span>
    </p>
   </div>
   <div class='ocr_carea' id='block_1_81' title="bbox 2259 2196 3800 2279">
    <p class='ocr_par' dir='ltr' id='par_1_81' title="bbox 2259 2196 3800 2279">
     <span class='ocr_line' id='line_1_81' title="bbox 2259 2196 3800 2279; baseline 0.008 -30"><span class='ocrx_word' id='word_1_655' title='bbox 2259 2196 2417 2265; x_wconf 86' lang='lat' dir='ltr'><strong>quale</strong></span> <span class='ocrx_word' id='word_1_656' title='bbox 2444 2198 2522 2253; x_wconf 93' lang='lat' dir='ltr'><strong>vir</strong></span> <span class='ocrx_word' id='word_1_657' title='bbox 2549 2210 2824 2267; x_wconf 89' lang='lat' dir='ltr'><strong>senserat;</strong></span> <span class='ocrx_word' id='word_1_658' title='bbox 2857 2203 3014 2259; x_wconf 89' lang='lat' dir='ltr'><strong>ambo</strong></span> <span class='ocrx_word' id='word_1_659' title='bbox 3055 2212 3321 2273; x_wconf 84' lang='lat' dir='ltr'><strong>texerunt,</strong></span> <span class='ocrx_word' id='word_1_660' title='bbox 3350 2208 3493 2279; x_wconf 92' lang='lat' dir='ltr'><strong>quod</strong></span> <span class='ocrx_word' id='word_1_661' title='bbox 3528 2210 3800 2265; x_wconf 83' lang='lat' dir='ltr'><strong>alterutrum</strong></span> 
     </span>
    </p>
   </div>
   <div class='ocr_carea' id='block_1_82' title="bbox 2259 2289 3803 2368">
    <p class='ocr_par' dir='ltr' id='par_1_82' title="bbox 2259 2289 3803 2368">
     <span class='ocr_line' id='line_1_82' title="bbox 2259 2289 3803 2368; baseline 0.01 -25"><span class='ocrx_word' id='word_1_662' title='bbox 2259 2289 2489 2345; x_wconf 90' lang='lat' dir='ltr'><strong>videndo</strong></span> <span class='ocrx_word' id='word_1_663' title='bbox 2515 2292 2567 2346; x_wconf 91' lang='lat' dir='ltr'><strong>in</strong></span> <span class='ocrx_word' id='word_1_664' title='bbox 2609 2293 2925 2351; x_wconf 89' lang='lat' dir='ltr'><strong>alterutrum</strong></span> <span class='ocrx_word' id='word_1_665' title='bbox 2952 2300 3204 2354; x_wconf 90' lang='lat' dir='ltr'><strong>commoti</strong></span> <span class='ocrx_word' id='word_1_666' title='bbox 3232 2302 3391 2356; x_wconf 88' lang='lat' dir='ltr'><strong>ambo</strong></span> <span class='ocrx_word' id='word_1_667' title='bbox 3430 2310 3718 2368; x_wconf 89' lang='lat' dir='ltr'><strong>senserunt,</strong></span> <span class='ocrx_word' id='word_1_668' title='bbox 3762 2313 3803 2357; x_wconf 84' lang='lat' dir='ltr'><strong>et</strong></span> 
     </span>
    </p>
   </div>
   <div class='ocr_carea' id='block_1_83' title="bbox 2257 2382 3800 2455">
    <p class='ocr_par' dir='ltr' id='par_1_83' title="bbox 2257 2382 3800 2455">
     <span class='ocr_line' id='line_1_83' title="bbox 2257 2382 3800 2455; baseline 0.008 -19"><span class='ocrx_word' id='word_1_669' title='bbox 2257 2382 2340 2437; x_wconf 90' lang='lat' dir='ltr'><strong>vel</strong></span> <span class='ocrx_word' id='word_1_670' title='bbox 2368 2385 2730 2455; x_wconf 86' lang='lat' dir='ltr'><strong>unusquisque</strong></span> <span class='ocrx_word' id='word_1_671' title='bbox 2759 2388 2857 2442; x_wconf 92' lang='lat' dir='ltr'><strong>sibi</strong></span> <span class='ocrx_word' id='word_1_672' title='bbox 2889 2389 2973 2445; x_wconf 86' lang='lat' dir='ltr'><strong>vel</strong></span> <span class='ocrx_word' id='word_1_673' title='bbox 3009 2390 3147 2445; x_wconf 88' lang='lat' dir='ltr'><strong>alter</strong></span> <span class='ocrx_word' id='word_1_674' title='bbox 3170 2392 3324 2448; x_wconf 89' lang='lat' dir='ltr'><strong>alteri</strong></span> <span class='ocrx_word' id='word_1_675' title='bbox 3351 2395 3688 2450; x_wconf 89' lang='lat' dir='ltr'><strong>erubuerunt.</strong></span> <span class='ocrx_word' id='word_1_676' title='bbox 3716 2394 3800 2450; x_wconf 84' lang='lat' dir='ltr'><strong>Sed</strong></span> 
     </span>
    </p>
   </div>
   <div class='ocr_carea' id='block_1_84' title="bbox 2259 2472 3797 2551">
    <p class='ocr_par' dir='ltr' id='par_1_84' title="bbox 2259 2472 3797 2551">
     <span class='ocr_line' id='line_1_84' title="bbox 2259 2472 3797 2551; baseline 0.008 -24"><span class='ocrx_word' id='word_1_677' title='bbox 2259 2472 2483 2543; x_wconf 83' lang='lat' dir='ltr'><strong>loquens</strong></span> <span class='ocrx_word' id='word_1_678' title='bbox 2512 2491 2668 2542; x_wconf 86' lang='lat' dir='ltr'><strong>vana,</strong></span> <span class='ocrx_word' id='word_1_679' title='bbox 2699 2495 2719 2530; x_wconf 73' lang='grc' dir='ltr'>ι</span> <span class='ocrx_word' id='word_1_680' title='bbox 2757 2479 2894 2548; x_wconf 90' lang='lat' dir='ltr'><strong>petis</strong></span> <span class='ocrx_word' id='word_1_681' title='bbox 2922 2489 2982 2535; x_wconf 93' lang='lat' dir='ltr'><strong>ut</strong></span> <span class='ocrx_word' id='word_1_682' title='bbox 3012 2481 3289 2551; x_wconf 90' lang='lat' dir='ltr'><strong>ignoscant</strong></span> <span class='ocrx_word' id='word_1_683' title='bbox 3313 2486 3625 2541; x_wconf 81' lang='lat' dir='ltr'><strong>verecunda:</strong></span> <span class='ocrx_word' id='word_1_684' title='bbox 3649 2501 3797 2549; x_wconf 85' lang='lat' dir='ltr'><strong>aures,</strong></span> 
     </span>
    </p>
   </div>
   <div class='ocr_carea' id='block_1_85' title="bbox 2258 2568 3799 2647">
    <p class='ocr_par' dir='ltr' id='par_1_85' title="bbox 2258 2568 3799 2647">
     <span class='ocr_line' id='line_1_85' title="bbox 2258 2568 3799 2647; baseline 0.007 -27"><span class='ocrx_word' id='word_1_685' title='bbox 2258 2574 2311 2620; x_wconf 91' lang='lat' dir='ltr'><strong>et</strong></span> <span class='ocrx_word' id='word_1_686' title='bbox 2335 2568 2731 2637; x_wconf 88' lang='lat' dir='ltr'><strong>congemiscant</strong></span> <span class='ocrx_word' id='word_1_687' title='bbox 2758 2572 2950 2639; x_wconf 89' lang='lat' dir='ltr'><strong>potius,</strong></span> <span class='ocrx_word' id='word_1_688' title='bbox 2983 2588 3142 2643; x_wconf 90' lang='lat' dir='ltr'><strong>quam</strong></span> <span class='ocrx_word' id='word_1_689' title='bbox 3173 2575 3513 2647; x_wconf 87' lang='lat' dir='ltr'><strong>indignentur</strong></span> <span class='ocrx_word' id='word_1_690' title='bbox 3534 2579 3799 2634; x_wconf 86' lang='lat' dir='ltr'><strong>necessitati</strong></span> 
     </span>
    </p>
   </div>
   <div class='ocr_carea' id='block_1_86' title="bbox 2258 2660 3805 2741">
    <p class='ocr_par' dir='ltr' id='par_1_86' title="bbox 2258 2660 3805 2741">
     <span class='ocr_line' id='line_1_86' title="bbox 2258 2660 3805 2741; baseline 0.008 -31"><span class='ocrx_word' id='word_1_691' title='bbox 2258 2663 2382 2711; x_wconf 70' lang='lat' dir='ltr'><strong>tum.</strong></span> <span class='ocrx_word' id='word_1_692' title='bbox 2414 2677 2433 2711; x_wconf 78' lang='grc' dir='ltr'><strong><em>ι</em></strong></span> <span class='ocrx_word' id='word_1_693' title='bbox 2468 2660 2643 2727; x_wconf 86' lang='lat' dir='ltr'><strong>Quare</strong></span> <span class='ocrx_word' id='word_1_694' title='bbox 2671 2661 3012 2719; x_wconf 85' lang='lat' dir='ltr'><strong>confunderis</strong></span> <span class='ocrx_word' id='word_1_695' title='bbox 3036 2665 3104 2721; x_wconf 91' lang='lat' dir='ltr'><strong>de</strong></span> <span class='ocrx_word' id='word_1_696' title='bbox 3133 2666 3229 2721; x_wconf 85' lang='lat' dir='ltr'><strong>Dei</strong></span> <span class='ocrx_word' id='word_1_697' title='bbox 3257 2669 3512 2737; x_wconf 90' lang='lat' dir='ltr'><strong>operibus</strong></span> <span class='ocrx_word' id='word_1_698' title='bbox 3535 2669 3805 2741; x_wconf 82' lang='lat' dir='ltr'><strong>disputare?</strong></span> 
     </span>
    </p>
   </div>
   <div class='ocr_carea' id='block_1_87' title="bbox 2257 2751 3805 2827">
    <p class='ocr_par' dir='ltr' id='par_1_87' title="bbox 2257 2751 3805 2827">
     <span class='ocr_line' id='line_1_87' title="bbox 2257 2751 3805 2827; baseline 0.007 -22"><span class='ocrx_word' id='word_1_699' title='bbox 2257 2751 2434 2820; x_wconf 87' lang='lat' dir='ltr'><strong>Quare</strong></span> <span class='ocrx_word' id='word_1_700' title='bbox 2456 2754 2591 2823; x_wconf 89' lang='lat' dir='ltr'><strong>petis</strong></span> <span class='ocrx_word' id='word_1_701' title='bbox 2619 2764 2677 2810; x_wconf 92' lang='lat' dir='ltr'><strong>ut</strong></span> <span class='ocrx_word' id='word_1_702' title='bbox 2721 2756 3026 2827; x_wconf 88' lang='lat' dir='ltr'><strong>ignoscatur</strong></span> <span class='ocrx_word' id='word_1_703' title='bbox 3067 2760 3202 2815; x_wconf 80' lang='lat' dir='ltr'><strong>tibi?</strong></span> <span class='ocrx_word' id='word_1_704' title='bbox 3238 2760 3426 2818; x_wconf 82' lang='lat' dir='ltr'><strong>Nonne</strong></span> <span class='ocrx_word' id='word_1_705' title='bbox 3467 2764 3561 2819; x_wconf 90' lang='lat' dir='ltr'><strong>abs</strong></span> <span class='ocrx_word' id='word_1_706' title='bbox 3595 2773 3645 2820; x_wconf 88' lang='lat' dir='ltr'><strong>te</strong></span> <span class='ocrx_word' id='word_1_707' title='bbox 3666 2764 3805 2818; x_wconf 64' lang='lat' dir='ltr'><strong>venia:</strong></span> 
     </span>
    </p>
   </div>
   <div class='ocr_carea' id='block_1_88' title="bbox 2254 2845 3805 2919">
    <p class='ocr_par' dir='ltr' id='par_1_88' title="bbox 2254 2845 3805 2919">
     <span class='ocr_line' id='line_1_88' title="bbox 2254 2845 3805 2919; baseline 0.007 -21"><span class='ocrx_word' id='word_1_708' title='bbox 2254 2845 2543 2914; x_wconf 85' lang='lat' dir='ltr'><strong>postulatio</strong></span> <span class='ocrx_word' id='word_1_709' title='bbox 2592 2848 2751 2902; x_wconf 91' lang='lat' dir='ltr'><strong>etiam</strong></span> <span class='ocrx_word' id='word_1_710' title='bbox 2790 2849 2903 2919; x_wconf 91' lang='lat' dir='ltr'><strong>ipsa</strong></span> <span class='ocrx_word' id='word_1_711' title='bbox 2940 2859 3022 2906; x_wconf 88' lang='lat' dir='ltr'><strong>est</strong></span> <span class='ocrx_word' id='word_1_712' title='bbox 3051 2851 3285 2908; x_wconf 89' lang='lat' dir='ltr'><strong>libidinis</strong></span> <span class='ocrx_word' id='word_1_713' title='bbox 3312 2855 3625 2910; x_wconf 76' lang='lat' dir='ltr'><strong>accusatio?</strong></span> <span class='ocrx_word' id='word_1_714' title='bbox 3664 2873 3682 2907; x_wconf 77' lang='grc' dir='ltr'>ι</span> <span class='ocrx_word' id='word_1_715' title='bbox 3721 2853 3805 2909; x_wconf 86' lang='lat' dir='ltr'><strong>Sed</strong></span> 
     </span>
    </p>
   </div>
   <div class='ocr_carea' id='block_1_89' title="bbox 2254 2935 3806 3010">
    <p class='ocr_par' dir='ltr' id='par_1_89' title="bbox 2254 2935 3806 3010">
     <span class='ocr_line' id='line_1_89' title="bbox 2254 2935 3806 3010; baseline 0.005 -20"><span class='ocrx_word' id='word_1_716' title='bbox 2254 2935 2301 2991; x_wconf 92' lang='lat' dir='ltr'><strong>si</strong></span> <span class='ocrx_word' id='word_1_717' title='bbox 2331 2946 2555 3007; x_wconf 85' lang='lat' dir='ltr'><strong>poterat,</strong></span> <span class='ocrx_word' id='word_1_718' title='bbox 2587 2957 2606 2991; x_wconf 72' lang='grc' dir='ltr'><strong><em>ι</em></strong></span> <span class='ocrx_word' id='word_1_719' title='bbox 2638 2939 2833 3010; x_wconf 92' lang='lat' dir='ltr'><strong>inquis,</strong></span> <span class='ocrx_word' id='word_1_720' title='bbox 2865 2960 2886 2994; x_wconf 69' lang='grc' dir='ltr'>ι</span> <span class='ocrx_word' id='word_1_721' title='bbox 2932 2942 3088 2998; x_wconf 91' lang='lat' dir='ltr'><strong>virile</strong></span> <span class='ocrx_word' id='word_1_722' title='bbox 3115 2943 3413 2999; x_wconf 82' lang='lat' dir='ltr'><strong>membrum</strong></span> <span class='ocrx_word' id='word_1_723' title='bbox 3442 2953 3503 3002; x_wconf 88' lang='lat' dir='ltr'><strong>et</strong></span> <span class='ocrx_word' id='word_1_724' title='bbox 3534 2955 3677 3001; x_wconf 77' lang='lat' dir='ltr'><strong>antea</strong></span> <span class='ocrx_word' id='word_1_725' title='bbox 3714 2959 3806 2999; x_wconf 87' lang='lat' dir='ltr'><strong>mo-</strong></span> 
     </span>
    </p>
   </div>
   <div class='ocr_carea' id='block_1_90' title="bbox 2254 3026 3806 3100">
    <p class='ocr_par' dir='ltr' id='par_1_90' title="bbox 2254 3026 3806 3100">
     <span class='ocr_line' id='line_1_90' title="bbox 2254 3026 3806 3100; baseline 0.005 -20"><span class='ocrx_word' id='word_1_726' title='bbox 2254 3026 2395 3088; x_wconf 91' lang='lat' dir='ltr'><strong>veri.</strong></span> <span class='ocrx_word' id='word_1_727' title='bbox 2428 3027 2561 3082; x_wconf 88' lang='lat' dir='ltr'><strong>nihil</strong></span> <span class='ocrx_word' id='word_1_728' title='bbox 2597 3043 2726 3100; x_wconf 88' lang='lat' dir='ltr'><strong>ergo</strong></span> <span class='ocrx_word' id='word_1_729' title='bbox 2756 3032 3005 3087; x_wconf 88' lang='lat' dir='ltr'><strong>novitatis</strong></span> <span class='ocrx_word' id='word_1_730' title='bbox 3036 3033 3237 3089; x_wconf 79' lang='lat' dir='ltr'><strong>invexit</strong></span> <span class='ocrx_word' id='word_1_731' title='bbox 3266 3034 3541 3091; x_wconf 90' lang='lat' dir='ltr'><strong>delictum.</strong></span> <span class='ocrx_word' id='word_1_732' title='bbox 3578 3055 3597 3089; x_wconf 77' lang='grc' dir='ltr'><strong><em>ι</em></strong></span> <span class='ocrx_word' id='word_1_733' title='bbox 3622 3035 3806 3092; x_wconf 87' lang='lat' dir='ltr'><strong>Poterat</strong></span> 
     </span>
    </p>
   </div>
   <div class='ocr_carea' id='block_1_91' title="bbox 2253 3118 3799 3198">
    <p class='ocr_par' dir='ltr' id='par_1_91' title="bbox 2253 3118 3799 3198">
     <span class='ocr_line' id='line_1_91' title="bbox 2253 3118 3799 3198; baseline 0.006 -26"><span class='ocrx_word' id='word_1_734' title='bbox 2253 3118 2410 3191; x_wconf 87' lang='lat' dir='ltr'><strong>plane</strong></span> <span class='ocrx_word' id='word_1_735' title='bbox 2438 3122 2599 3177; x_wconf 91' lang='lat' dir='ltr'><strong>etiam</strong></span> <span class='ocrx_word' id='word_1_736' title='bbox 2630 3133 2782 3178; x_wconf 88' lang='lat' dir='ltr'><strong>antea</strong></span> <span class='ocrx_word' id='word_1_737' title='bbox 2823 3127 3047 3192; x_wconf 89' lang='lat' dir='ltr'><strong>moveri,</strong></span> <span class='ocrx_word' id='word_1_738' title='bbox 3079 3127 3173 3183; x_wconf 91' lang='lat' dir='ltr'><strong>sed</strong></span> <span class='ocrx_word' id='word_1_739' title='bbox 3205 3144 3308 3184; x_wconf 93' lang='lat' dir='ltr'><strong>non</strong></span> <span class='ocrx_word' id='word_1_740' title='bbox 3335 3138 3456 3185; x_wconf 88' lang='lat' dir='ltr'><strong>erat</strong></span> <span class='ocrx_word' id='word_1_741' title='bbox 3479 3131 3730 3198; x_wconf 88' lang='lat' dir='ltr'><strong>indecens,</strong></span> <span class='ocrx_word' id='word_1_742' title='bbox 3757 3139 3799 3183; x_wconf 90' lang='lat' dir='ltr'><strong>ut</strong></span> 
     </span>
    </p>
   </div>
   <div class='ocr_carea' id='block_1_92' title="bbox 2253 3213 3796 3295">
    <p class='ocr_par' dir='ltr' id='par_1_92' title="bbox 2253 3213 3796 3295">
     <span class='ocr_line' id='line_1_92' title="bbox 2253 3213 3796 3295; baseline 0.006 -29"><span class='ocrx_word' id='word_1_743' title='bbox 2253 3213 2479 3283; x_wconf 90' lang='lat' dir='ltr'><strong>puderet</strong></span> <span class='ocrx_word' id='word_1_744' title='bbox 2503 3216 2543 3281; x_wconf 82' lang='grc'>¹;</span> <span class='ocrx_word' id='word_1_745' title='bbox 2570 3216 2820 3286; x_wconf 90' lang='lat' dir='ltr'><strong>quoniam</strong></span> <span class='ocrx_word' id='word_1_746' title='bbox 2853 3218 2904 3273; x_wconf 92' lang='lat' dir='ltr'><strong>id</strong></span> <span class='ocrx_word' id='word_1_747' title='bbox 2932 3220 3180 3277; x_wconf 88' lang='lat' dir='ltr'><strong>movebat</strong></span> <span class='ocrx_word' id='word_1_748' title='bbox 3216 3221 3510 3281; x_wconf 90' lang='lat' dir='ltr'><strong>voluntatis</strong></span> <span class='ocrx_word' id='word_1_749' title='bbox 3535 3224 3796 3295; x_wconf 88' lang='lat' dir='ltr'><strong>imperium,</strong></span> 
     </span>
    </p>
   </div>
   <div class='ocr_carea' id='block_1_93' title="bbox 2252 3309 3800 3384">
    <p class='ocr_par' dir='ltr' id='par_1_93' title="bbox 2252 3309 3800 3384">
     <span class='ocr_line' id='line_1_93' title="bbox 2252 3309 3800 3384; baseline 0.005 -27"><span class='ocrx_word' id='word_1_750' title='bbox 2252 3318 2359 3358; x_wconf 92' lang='lat' dir='ltr'><strong>non</strong></span> <span class='ocrx_word' id='word_1_751' title='bbox 2400 3319 2526 3360; x_wconf 90' lang='lat' dir='ltr'><strong>caro</strong></span> <span class='ocrx_word' id='word_1_752' title='bbox 2568 3309 2956 3378; x_wconf 86' lang='lat' dir='ltr'><strong>concupiscens</strong></span> <span class='ocrx_word' id='word_1_753' title='bbox 3001 3309 3259 3368; x_wconf 82' lang='lat' dir='ltr'><strong>adversus</strong></span> <span class='ocrx_word' id='word_1_754' title='bbox 3306 3313 3575 3384; x_wconf 80' lang='lat' dir='ltr'><strong>Spiritum.</strong></span> <span class='ocrx_word' id='word_1_755' title='bbox 3626 3314 3677 3369; x_wconf 92' lang='lat' dir='ltr'><strong>ln</strong></span> <span class='ocrx_word' id='word_1_756' title='bbox 3721 3313 3800 3366; x_wconf 88' lang='lat' dir='ltr'><strong>hoc</strong></span> 
     </span>
    </p>
   </div>
   <div class='ocr_carea' id='block_1_94' title="bbox 2250 3394 3800 3473">
    <p class='ocr_par' dir='ltr' id='par_1_94' title="bbox 2250 3394 3800 3473">
     <span class='ocr_line' id='line_1_94' title="bbox 2250 3394 3800 3473; baseline 0.004 -24"><span class='ocrx_word' id='word_1_757' title='bbox 2250 3394 2391 3449; x_wconf 91' lang='lat' dir='ltr'><strong>enim</strong></span> <span class='ocrx_word' id='word_1_758' title='bbox 2422 3395 2626 3451; x_wconf 84' lang='lat' dir='ltr'><strong>exstitit</strong></span> <span class='ocrx_word' id='word_1_759' title='bbox 2664 3399 2874 3454; x_wconf 88' lang='lat' dir='ltr'><strong>novitas</strong></span> <span class='ocrx_word' id='word_1_760' title='bbox 2904 3400 3178 3469; x_wconf 87' lang='lat' dir='ltr'><strong>pudenda,</strong></span> <span class='ocrx_word' id='word_1_761' title='bbox 3209 3418 3369 3473; x_wconf 90' lang='lat' dir='ltr'><strong>quam</strong></span> <span class='ocrx_word' id='word_1_762' title='bbox 3400 3403 3633 3461; x_wconf 85' lang='lat' dir='ltr'><strong>defendit</strong></span> <span class='ocrx_word' id='word_1_763' title='bbox 3656 3405 3800 3473; x_wconf 87' lang='lat' dir='ltr'><strong>impu-</strong></span> 
     </span>
    </p>
   </div>
   <div class='ocr_carea' id='block_1_95' title="bbox 2249 3485 3799 3568">
    <p class='ocr_par' dir='ltr' id='par_1_95' title="bbox 2249 3485 3799 3568">
     <span class='ocr_line' id='line_1_95' title="bbox 2249 3485 3799 3568; baseline 0.006 -27"><span class='ocrx_word' id='word_1_764' title='bbox 2249 3485 2441 3542; x_wconf 88' lang='lat' dir='ltr'><strong>denter</strong></span> <span class='ocrx_word' id='word_1_765' title='bbox 2469 3488 2677 3543; x_wconf 85' lang='lat' dir='ltr'><strong>novitas</strong></span> <span class='ocrx_word' id='word_1_766' title='bbox 2696 3501 2895 3547; x_wconf 79' lang='lat' dir='ltr'><strong>vestra.</strong></span> <span class='ocrx_word' id='word_1_767' title='bbox 2929 3491 3208 3563; x_wconf 87' lang='lat' dir='ltr'><strong>Nunquam</strong></span> <span class='ocrx_word' id='word_1_768' title='bbox 3237 3511 3365 3551; x_wconf 87' lang='lat' dir='ltr'><strong>vero</strong></span> <span class='ocrx_word' id='word_1_769' title='bbox 3394 3513 3495 3568; x_wconf 78' lang='lat' dir='ltr'><strong>ego</strong></span> <span class='ocrx_word' id='word_1_770' title='bbox 3523 3509 3706 3554; x_wconf 91' lang='lat' dir='ltr'><strong>motum</strong></span> <span class='ocrx_word' id='word_1_771' title='bbox 3728 3511 3799 3567; x_wconf 86' lang='lat' dir='ltr'><strong>ge-</strong></span> 
     </span>
    </p>
   </div>
   <div class='ocr_carea' id='block_1_96' title="bbox 2252 3579 3799 3658">
    <p class='ocr_par' dir='ltr' id='par_1_96' title="bbox 2252 3579 3799 3658">
     <span class='ocr_line' id='line_1_96' title="bbox 2252 3579 3799 3658; baseline 0.006 -26"><span class='ocrx_word' id='word_1_772' title='bbox 2252 3579 2490 3634; x_wconf 90' lang='lat' dir='ltr'><strong>nitalium</strong></span> <span class='ocrx_word' id='word_1_773' title='bbox 2519 3582 2834 3651; x_wconf 88' lang='lat' dir='ltr'><strong>reprehendi</strong></span> <span class='ocrx_word' id='word_1_774' title='bbox 2858 3587 3213 3655; x_wconf 86' lang='lat' dir='ltr'><strong>generaliter,</strong></span> <span class='ocrx_word' id='word_1_775' title='bbox 3232 3588 3374 3658; x_wconf 89' lang='lat' dir='ltr'><strong>quod</strong></span> <span class='ocrx_word' id='word_1_776' title='bbox 3418 3599 3474 3645; x_wconf 93' lang='lat' dir='ltr'><strong>tu</strong></span> <span class='ocrx_word' id='word_1_777' title='bbox 3496 3590 3655 3656; x_wconf 89' lang='lat' dir='ltr'><strong>dicis,</strong></span> <span class='ocrx_word' id='word_1_778' title='bbox 3680 3608 3697 3642; x_wconf 72' lang='lat' dir='ltr'><strong>c</strong></span> <span class='ocrx_word' id='word_1_779' title='bbox 3724 3587 3799 3643; x_wconf 82' lang='lat' dir='ltr'><strong>de-</strong></span> 
     </span>
    </p>
   </div>
   <div class='ocr_carea' id='block_1_97' title="bbox 2250 3668 3801 3753">
    <p class='ocr_par' dir='ltr' id='par_1_97' title="bbox 2250 3668 3801 3753">
     <span class='ocr_line' id='line_1_97' title="bbox 2250 3668 3801 3753; baseline 0.004 -28"><span class='ocrx_word' id='word_1_780' title='bbox 2250 3668 2478 3727; x_wconf 89' lang='lat' dir='ltr'><strong>dicative</strong></span> <span class='ocrx_word' id='word_1_781' title='bbox 2510 3689 2523 3725; x_wconf 91' lang='lat'><strong>:</strong></span> <span class='ocrx_word' id='word_1_782' title='bbox 2560 3690 2579 3724; x_wconf 72' lang='grc' dir='ltr'>ι</span> <span class='ocrx_word' id='word_1_783' title='bbox 2613 3673 2706 3728; x_wconf 91' lang='lat' dir='ltr'><strong>sed</strong></span> <span class='ocrx_word' id='word_1_784' title='bbox 2745 3675 2892 3730; x_wconf 92' lang='lat' dir='ltr'><strong>illum</strong></span> <span class='ocrx_word' id='word_1_785' title='bbox 2916 3685 3118 3732; x_wconf 89' lang='lat' dir='ltr'><strong>motum</strong></span> <span class='ocrx_word' id='word_1_786' title='bbox 3152 3679 3507 3749; x_wconf 79' lang='lat' dir='ltr'><strong>reprehendi,</strong></span> <span class='ocrx_word' id='word_1_787' title='bbox 3532 3697 3678 3753; x_wconf 91' lang='lat' dir='ltr'><strong>quem</strong></span> <span class='ocrx_word' id='word_1_788' title='bbox 3703 3678 3801 3733; x_wconf 81' lang='lat' dir='ltr'><strong>facit</strong></span> 
     </span>
    </p>
   </div>
   <div class='ocr_carea' id='block_1_98' title="bbox 2250 3765 3801 3843">
    <p class='ocr_par' dir='ltr' id='par_1_98' title="bbox 2250 3765 3801 3843">
     <span class='ocr_line' id='line_1_98' title="bbox 2250 3765 3801 3843; baseline 0.005 -26"><span class='ocrx_word' id='word_1_789' title='bbox 2250 3765 2713 3835; x_wconf 87' lang='lat' dir='ltr'><strong>concupiscentia,</strong></span> <span class='ocrx_word' id='word_1_790' title='bbox 2744 3782 2849 3838; x_wconf 90' lang='lat' dir='ltr'><strong>qua</strong></span> <span class='ocrx_word' id='word_1_791' title='bbox 2884 3783 3010 3824; x_wconf 90' lang='lat' dir='ltr'><strong>caro</strong></span> <span class='ocrx_word' id='word_1_792' title='bbox 3039 3772 3369 3841; x_wconf 90' lang='lat' dir='ltr'><strong>concupiscit</strong></span> <span class='ocrx_word' id='word_1_793' title='bbox 3395 3773 3648 3829; x_wconf 90' lang='lat' dir='ltr'><strong>adversus</strong></span> <span class='ocrx_word' id='word_1_794' title='bbox 3673 3770 3801 3843; x_wconf 89' lang='lat' dir='ltr'><strong>spiri-</strong></span> 
     </span>
    </p>
   </div>
   <div class='ocr_carea' id='block_1_99' title="bbox 2251 3857 3793 3926">
    <p class='ocr_par' dir='ltr' id='par_1_99' title="bbox 2251 3857 3793 3926">
     <span class='ocr_line' id='line_1_99' title="bbox 2251 3857 3793 3926; baseline 0.008 -18"><span class='ocrx_word' id='word_1_795' title='bbox 2251 3862 2363 3909; x_wconf 92' lang='lat' dir='ltr'><strong>tum</strong></span> <span class='ocrx_word' id='word_1_796' title='bbox 2396 3871 2409 3907; x_wconf 91' lang='lat'><strong>:</strong></span> <span class='ocrx_word' id='word_1_797' title='bbox 2441 3871 2599 3926; x_wconf 89' lang='lat' dir='ltr'><strong>quam</strong></span> <span class='ocrx_word' id='word_1_798' title='bbox 2651 3857 2796 3913; x_wconf 88' lang='lat' dir='ltr'><strong>velut</strong></span> <span class='ocrx_word' id='word_1_799' title='bbox 2834 3857 3032 3915; x_wconf 92' lang='lat' dir='ltr'><strong>bonum</strong></span> <span class='ocrx_word' id='word_1_800' title='bbox 3055 3877 3178 3917; x_wconf 91' lang='lat' dir='ltr'><strong>cum</strong></span> <span class='ocrx_word' id='word_1_801' title='bbox 3213 3862 3466 3919; x_wconf 87' lang='lat' dir='ltr'><strong>defendat</strong></span> <span class='ocrx_word' id='word_1_802' title='bbox 3498 3879 3644 3920; x_wconf 85' lang='lat' dir='ltr'><strong>error</strong></span> <span class='ocrx_word' id='word_1_803' title='bbox 3680 3871 3793 3921; x_wconf 90' lang='lat' dir='ltr'><strong>tuus.</strong></span> 
     </span>
    </p>
   </div>
   <div class='ocr_carea' id='block_1_100' title="bbox 2250 3949 3796 4020">
    <p class='ocr_par' dir='ltr' id='par_1_100' title="bbox 2250 3949 3796 4020">
     <span class='ocr_line' id='line_1_100' title="bbox 2250 3949 3796 4020; baseline 0.005 -18"><span class='ocrx_word' id='word_1_804' title='bbox 2250 3949 2432 4003; x_wconf 91' lang='lat' dir='ltr'><strong>nescio</strong></span> <span class='ocrx_word' id='word_1_805' title='bbox 2470 3950 2915 4020; x_wconf 88' lang='lat' dir='ltr'><strong>quemadmodum</strong></span> <span class='ocrx_word' id='word_1_806' title='bbox 2944 3952 3200 4011; x_wconf 89' lang='lat' dir='ltr'><strong>adversus</strong></span> <span class='ocrx_word' id='word_1_807' title='bbox 3232 3956 3378 4013; x_wconf 89' lang='lat' dir='ltr'><strong>illam</strong></span> <span class='ocrx_word' id='word_1_808' title='bbox 3412 3959 3556 4015; x_wconf 90' lang='lat' dir='ltr'><strong>velut</strong></span> <span class='ocrx_word' id='word_1_809' title='bbox 3575 3958 3796 4014; x_wconf 81' lang='lat' dir='ltr'><strong>adversus</strong></span> 
     </span>
    </p>
   </div>
   <div class='ocr_carea' id='block_1_101' title="bbox 2249 4040 3229 4115">
    <p class='ocr_par' dir='ltr' id='par_1_101' title="bbox 2249 4040 3229 4115">
     <span class='ocr_line' id='line_1_101' title="bbox 2249 4040 3229 4115; baseline 0.009 -20"><span class='ocrx_word' id='word_1_810' title='bbox 2249 4040 2448 4096; x_wconf 90' lang='lat' dir='ltr'><strong>malum</strong></span> <span class='ocrx_word' id='word_1_811' title='bbox 2476 4043 2818 4113; x_wconf 90' lang='lat' dir='ltr'><strong>concupiscat</strong></span> <span class='ocrx_word' id='word_1_812' title='bbox 2843 4046 3060 4115; x_wconf 89' lang='lat' dir='ltr'><strong>spiritus</strong></span> <span class='ocrx_word' id='word_1_813' title='bbox 3090 4056 3229 4104; x_wconf 90' lang='lat' dir='ltr'><strong>tuus.</strong></span> 
     </span>
    </p>
   </div>
   <div class='ocr_carea' id='block_1_102' title="bbox 2321 4132 3800 4212">
    <p class='ocr_par' dir='ltr' id='par_1_102' title="bbox 2321 4132 3800 4212">
     <span class='ocr_line' id='line_1_102' title="bbox 2321 4132 3800 4212; baseline 0.002 -25"><span class='ocrx_word' id='word_1_814' title='bbox 2321 4132 2411 4188; x_wconf 81' lang='grc'><strong>65.</strong></span> <span class='ocrx_word' id='word_1_815' title='bbox 2450 4151 2468 4185; x_wconf 77' lang='grc' dir='ltr'>ι</span> <span class='ocrx_word' id='word_1_816' title='bbox 2491 4132 2548 4190; x_wconf 90' lang='lat' dir='ltr'><strong>Si</strong></span> <span class='ocrx_word' id='word_1_817' title='bbox 2578 4133 2632 4189; x_wconf 93' lang='lat' dir='ltr'><strong>in</strong></span> <span class='ocrx_word' id='word_1_818' title='bbox 2663 4134 2835 4191; x_wconf 87' lang='lat' dir='ltr'><strong>fructu</strong></span> <span class='ocrx_word' id='word_1_819' title='bbox 2863 4136 2991 4208; x_wconf 91' lang='lat' dir='ltr'><strong>ligni</strong></span> <span class='ocrx_word' id='word_1_820' title='bbox 3028 4139 3198 4207; x_wconf 91' lang='lat' dir='ltr'><strong>illius,</strong></span> <span class='ocrx_word' id='word_1_821' title='bbox 3230 4158 3251 4194; x_wconf 75' lang='grc' dir='ltr'><strong><em>ι</em></strong></span> <span class='ocrx_word' id='word_1_822' title='bbox 3285 4139 3493 4212; x_wconf 84' lang='lat' dir='ltr'><strong>inquis,</strong></span> <span class='ocrx_word' id='word_1_823' title='bbox 3526 4160 3545 4195; x_wconf 74' lang='grc' dir='ltr'>ι</span> <span class='ocrx_word' id='word_1_824' title='bbox 3592 4142 3698 4197; x_wconf 64' lang='lat' dir='ltr'><strong>haec</strong></span> <span class='ocrx_word' id='word_1_825' title='bbox 3725 4136 3800 4193; x_wconf 79' lang='lat' dir='ltr'><strong>fuit</strong></span> 
     </span>
    </p>
   </div>
   <div class='ocr_carea' id='block_1_103' title="bbox 2250 4224 3801 4303">
    <p class='ocr_par' dir='ltr' id='par_1_103' title="bbox 2250 4224 3801 4303">
     <span class='ocr_line' id='line_1_103' title="bbox 2250 4224 3801 4303; baseline 0.003 -25"><span class='ocrx_word' id='word_1_826' title='bbox 2250 4224 2444 4293; x_wconf 88' lang='lat' dir='ltr'><strong>libido;</strong></span> <span class='ocrx_word' id='word_1_827' title='bbox 2488 4242 2517 4281; x_wconf 91' lang='lat' dir='ltr'><strong>a</strong></span> <span class='ocrx_word' id='word_1_828' title='bbox 2546 4227 2655 4282; x_wconf 91' lang='lat' dir='ltr'><strong>Deo</strong></span> <span class='ocrx_word' id='word_1_829' title='bbox 2681 4225 2821 4283; x_wconf 90' lang='lat' dir='ltr'><strong>facta</strong></span> <span class='ocrx_word' id='word_1_830' title='bbox 2848 4238 3191 4299; x_wconf 89' lang='lat' dir='ltr'><strong>monstratur,</strong></span> <span class='ocrx_word' id='word_1_831' title='bbox 3216 4240 3268 4287; x_wconf 89' lang='lat' dir='ltr'><strong>et</strong></span> <span class='ocrx_word' id='word_1_832' title='bbox 3295 4247 3391 4303; x_wconf 90' lang='lat' dir='ltr'><strong>per</strong></span> <span class='ocrx_word' id='word_1_833' title='bbox 3416 4230 3521 4290; x_wconf 92' lang='lat' dir='ltr'><strong>hoc</strong></span> <span class='ocrx_word' id='word_1_834' title='bbox 3545 4233 3673 4288; x_wconf 88' lang='lat' dir='ltr'><strong>bona</strong></span> <span class='ocrx_word' id='word_1_835' title='bbox 3697 4245 3801 4301; x_wconf 87' lang='lat' dir='ltr'><strong>quo-</strong></span> 
     </span>
    </p>
   </div>
   <div class='ocr_carea' id='block_1_104' title="bbox 2248 4316 3798 4393">
    <p class='ocr_par' dir='ltr' id='par_1_104' title="bbox 2248 4316 3798 4393">
     <span class='ocr_line' id='line_1_104' title="bbox 2248 4316 3798 4393; baseline 0.002 -25"><span class='ocrx_word' id='word_1_836' title='bbox 2248 4331 2352 4386; x_wconf 90' lang='lat' dir='ltr'><strong>que</strong></span> <span class='ocrx_word' id='word_1_837' title='bbox 2378 4316 2493 4387; x_wconf 88' lang='lat' dir='ltr'><strong>ipsa</strong></span> <span class='ocrx_word' id='word_1_838' title='bbox 2530 4317 2854 4373; x_wconf 89' lang='lat' dir='ltr'><strong>defenditur.</strong></span> <span class='ocrx_word' id='word_1_839' title='bbox 2888 4337 2908 4372; x_wconf 82' lang='grc'>›</span> <span class='ocrx_word' id='word_1_840' title='bbox 2941 4319 3048 4376; x_wconf 88' lang='lat' dir='ltr'><strong>Sed</strong></span> <span class='ocrx_word' id='word_1_841' title='bbox 3077 4323 3431 4393; x_wconf 87' lang='lat' dir='ltr'><strong>respondetur</strong></span> <span class='ocrx_word' id='word_1_842' title='bbox 3461 4324 3555 4380; x_wconf 90' lang='lat' dir='ltr'><strong>tibi</strong></span> <span class='ocrx_word' id='word_1_843' title='bbox 3583 4341 3596 4378; x_wconf 89' lang='lat'>:</span> <span class='ocrx_word' id='word_1_844' title='bbox 3624 4323 3725 4378; x_wconf 87' lang='lat' dir='ltr'><strong>Non</strong></span> <span class='ocrx_word' id='word_1_845' title='bbox 3758 4320 3798 4373; x_wconf 89' lang='lat' dir='ltr'><strong>in</strong></span> 
     </span>
    </p>
   </div>
   <div class='ocr_carea' id='block_1_105' title="bbox 2248 4406 3798 4485">
    <p class='ocr_par' dir='ltr' id='par_1_105' title="bbox 2248 4406 3798 4485">
     <span class='ocr_line' id='line_1_105' title="bbox 2248 4406 3798 4485; baseline 0.008 -24"><span class='ocrx_word' id='word_1_846' title='bbox 2248 4406 2424 4463; x_wconf 88' lang='lat' dir='ltr'><strong>fructu</strong></span> <span class='ocrx_word' id='word_1_847' title='bbox 2452 4408 2579 4479; x_wconf 89' lang='lat' dir='ltr'><strong>ligni</strong></span> <span class='ocrx_word' id='word_1_848' title='bbox 2621 4407 2721 4465; x_wconf 87' lang='lat' dir='ltr'><strong>fuit</strong></span> <span class='ocrx_word' id='word_1_849' title='bbox 2749 4409 2914 4466; x_wconf 89' lang='lat' dir='ltr'><strong>libido</strong></span> <span class='ocrx_word' id='word_1_850' title='bbox 2936 4452 2953 4479; x_wconf 92' lang='lat'><strong>,</strong></span> <span class='ocrx_word' id='word_1_851' title='bbox 2984 4421 3039 4467; x_wconf 90' lang='lat' dir='ltr'><strong>et</strong></span> <span class='ocrx_word' id='word_1_852' title='bbox 3074 4412 3197 4468; x_wconf 92' lang='lat' dir='ltr'><strong>ideo</strong></span> <span class='ocrx_word' id='word_1_853' title='bbox 3225 4413 3425 4469; x_wconf 93' lang='lat' dir='ltr'><strong>bonum</strong></span> <span class='ocrx_word' id='word_1_854' title='bbox 3453 4424 3569 4471; x_wconf 90' lang='lat' dir='ltr'><strong>erat</strong></span> <span class='ocrx_word' id='word_1_855' title='bbox 3594 4415 3798 4485; x_wconf 79' lang='lat' dir='ltr'><strong>lignum:</strong></span> 
     </span>
    </p>
   </div>
   <div class='ocr_carea' id='block_1_106' title="bbox 2248 4501 3800 4577">
    <p class='ocr_par' dir='ltr' id='par_1_106' title="bbox 2248 4501 3800 4577">
     <span class='ocr_line' id='line_1_106' title="bbox 2248 4501 3800 4577; baseline 0.003 -23"><span class='ocrx_word' id='word_1_856' title='bbox 2248 4501 2343 4555; x_wconf 91' lang='lat' dir='ltr'><strong>sed</strong></span> <span class='ocrx_word' id='word_1_857' title='bbox 2384 4501 2522 4555; x_wconf 89' lang='lat' dir='ltr'><strong>mala</strong></span> <span class='ocrx_word' id='word_1_858' title='bbox 2560 4509 2643 4557; x_wconf 89' lang='lat' dir='ltr'><strong>est</strong></span> <span class='ocrx_word' id='word_1_859' title='bbox 2686 4502 3045 4559; x_wconf 89' lang='lat' dir='ltr'><strong>inobedientia</strong></span> <span class='ocrx_word' id='word_1_860' title='bbox 3094 4503 3367 4575; x_wconf 89' lang='lat' dir='ltr'><strong>libidinis,</strong></span> <span class='ocrx_word' id='word_1_861' title='bbox 3415 4523 3535 4577; x_wconf 77' lang='lat' dir='ltr'><strong>qua:</strong></span> <span class='ocrx_word' id='word_1_862' title='bbox 3577 4505 3800 4561; x_wconf 78' lang='lat' dir='ltr'><strong>adversus</strong></span> 
     </span>
    </p>
   </div>
   <div class='ocr_carea' id='block_1_107' title="bbox 2250 4591 3801 4669">
    <p class='ocr_par' dir='ltr' id='par_1_107' title="bbox 2250 4591 3801 4669">
     <span class='ocr_line' id='line_1_107' title="bbox 2250 4591 3801 4669; baseline 0.001 -22"><span class='ocrx_word' id='word_1_863' title='bbox 2250 4591 2482 4648; x_wconf 90' lang='lat' dir='ltr'><strong>hominis</strong></span> <span class='ocrx_word' id='word_1_864' title='bbox 2521 4592 2935 4649; x_wconf 89' lang='lat' dir='ltr'><strong>inobedientiam</strong></span> <span class='ocrx_word' id='word_1_865' title='bbox 2971 4611 3129 4667; x_wconf 91' lang='lat' dir='ltr'><strong>quam</strong></span> <span class='ocrx_word' id='word_1_866' title='bbox 3159 4598 3212 4652; x_wconf 92' lang='lat' dir='ltr'><strong>in</strong></span> <span class='ocrx_word' id='word_1_867' title='bbox 3257 4598 3401 4669; x_wconf 88' lang='lat' dir='ltr'><strong>ligno</strong></span> <span class='ocrx_word' id='word_1_868' title='bbox 3429 4598 3671 4665; x_wconf 88' lang='lat' dir='ltr'><strong>admisit,</strong></span> <span class='ocrx_word' id='word_1_869' title='bbox 3713 4594 3801 4649; x_wconf 74' lang='lat' dir='ltr'><strong>Deo</strong></span> 
     </span>
    </p>
   </div>
   <div class='ocr_carea' id='block_1_108' title="bbox 2249 4685 3801 4762">
    <p class='ocr_par' dir='ltr' id='par_1_108' title="bbox 2249 4685 3801 4762">
     <span class='ocr_line' id='line_1_108' title="bbox 2249 4685 3801 4762; baseline -0.001 -22"><span class='ocrx_word' id='word_1_870' title='bbox 2249 4685 2529 4742; x_wconf 89' lang='lat' dir='ltr'><strong>deserente</strong></span> <span class='ocrx_word' id='word_1_871' title='bbox 2557 4688 2814 4742; x_wconf 80' lang='lat' dir='ltr'><strong>surrexit.</strong></span> <span class='ocrx_word' id='word_1_872' title='bbox 2836 4686 2994 4744; x_wconf 82' lang='lat' dir='ltr'><strong>Absit</strong></span> <span class='ocrx_word' id='word_1_873' title='bbox 3021 4689 3162 4745; x_wconf 91' lang='lat' dir='ltr'><strong>enim</strong></span> <span class='ocrx_word' id='word_1_874' title='bbox 3186 4699 3242 4744; x_wconf 95' lang='lat' dir='ltr'><strong>ut</strong></span> <span class='ocrx_word' id='word_1_875' title='bbox 3267 4690 3409 4746; x_wconf 88' lang='lat' dir='ltr'><strong>Deus</strong></span> <span class='ocrx_word' id='word_1_876' title='bbox 3432 4690 3502 4747; x_wconf 91' lang='lat' dir='ltr'><strong>de</strong></span> <span class='ocrx_word' id='word_1_877' title='bbox 3527 4692 3661 4762; x_wconf 91' lang='lat' dir='ltr'><strong>ligno</strong></span> <span class='ocrx_word' id='word_1_878' title='bbox 3686 4687 3801 4743; x_wconf 85' lang='lat' dir='ltr'><strong>bono</strong></span> 
     </span>
    </p>
   </div>
   <div class='ocr_carea' id='block_1_109' title="bbox 2247 4779 3802 4853">
    <p class='ocr_par' dir='ltr' id='par_1_109' title="bbox 2247 4779 3802 4853">
     <span class='ocr_line' id='line_1_109' title="bbox 2247 4779 3802 4853; baseline -0.005 -18"><span class='ocrx_word' id='word_1_879' title='bbox 2247 4780 2565 4848; x_wconf 91' lang='lat' dir='ltr'><strong>cuicumque</strong></span> <span class='ocrx_word' id='word_1_880' title='bbox 2603 4780 2744 4834; x_wconf 64' lang='lat' dir='ltr'><strong>aetati</strong></span> <span class='ocrx_word' id='word_1_881' title='bbox 2778 4779 2989 4835; x_wconf 90' lang='lat' dir='ltr'><strong>illorum</strong></span> <span class='ocrx_word' id='word_1_882' title='bbox 3029 4780 3304 4837; x_wconf 89' lang='lat' dir='ltr'><strong>hominum</strong></span> <span class='ocrx_word' id='word_1_883' title='bbox 3334 4796 3663 4853; x_wconf 89' lang='lat' dir='ltr'><strong>quocumque</strong></span> <span class='ocrx_word' id='word_1_884' title='bbox 3696 4789 3802 4833; x_wconf 80' lang='lat' dir='ltr'><strong>tein-</strong></span> 
     </span>
    </p>
   </div>
   <div class='ocr_carea' id='block_1_110' title="bbox 2248 4869 3801 4939">
    <p class='ocr_par' dir='ltr' id='par_1_110' title="bbox 2248 4869 3801 4939">
     <span class='ocr_line' id='line_1_110' title="bbox 2248 4869 3801 4939; baseline 0.003 -20"><span class='ocrx_word' id='word_1_885' title='bbox 2248 4885 2379 4939; x_wconf 82' lang='lat' dir='ltr'><strong>pore</strong></span> <span class='ocrx_word' id='word_1_886' title='bbox 2408 4869 2721 4925; x_wconf 84' lang='lat' dir='ltr'><strong>beneficium</strong></span> <span class='ocrx_word' id='word_1_887' title='bbox 2748 4871 2852 4926; x_wconf 91' lang='lat' dir='ltr'><strong>tale</strong></span> <span class='ocrx_word' id='word_1_888' title='bbox 2879 4870 3178 4938; x_wconf 89' lang='lat' dir='ltr'><strong>conferret,</strong></span> <span class='ocrx_word' id='word_1_889' title='bbox 3205 4884 3262 4928; x_wconf 95' lang='lat' dir='ltr'><strong>ut</strong></span> <span class='ocrx_word' id='word_1_890' title='bbox 3290 4874 3547 4930; x_wconf 87' lang='lat' dir='ltr'><strong>haberent</strong></span> <span class='ocrx_word' id='word_1_891' title='bbox 3576 4875 3627 4927; x_wconf 91' lang='lat' dir='ltr'><strong>in</strong></span> <span class='ocrx_word' id='word_1_892' title='bbox 3661 4884 3801 4925; x_wconf 88' lang='lat' dir='ltr'><strong>mem-</strong></span> 
     </span>
    </p>
   </div>
   <div class='ocr_carea' id='block_1_111' title="bbox 2248 4963 3798 5038">
    <p class='ocr_par' dir='ltr' id='par_1_111' title="bbox 2248 4963 3798 5038">
     <span class='ocr_line' id='line_1_111' title="bbox 2248 4963 3798 5038; baseline 0 -20"><span class='ocrx_word' id='word_1_893' title='bbox 2248 4963 2361 5018; x_wconf 91' lang='lat' dir='ltr'><strong>bris</strong></span> <span class='ocrx_word' id='word_1_894' title='bbox 2386 4963 2744 5018; x_wconf 88' lang='lat' dir='ltr'><strong>adversariam</strong></span> <span class='ocrx_word' id='word_1_895' title='bbox 2777 4964 2798 4996; x_wconf 78' lang='grc'>³</span> <span class='ocrx_word' id='word_1_896' title='bbox 2824 4974 3009 5019; x_wconf 88' lang='lat' dir='ltr'><strong>contra</strong></span> <span class='ocrx_word' id='word_1_897' title='bbox 3047 4982 3204 5036; x_wconf 89' lang='lat' dir='ltr'><strong>quam</strong></span> <span class='ocrx_word' id='word_1_898' title='bbox 3240 4967 3491 5038; x_wconf 89' lang='lat' dir='ltr'><strong>pudicitia</strong></span> <span class='ocrx_word' id='word_1_899' title='bbox 3535 4966 3798 5022; x_wconf 77' lang='lat' dir='ltr'><strong>dimicaret.</strong></span> 
     </span>
    </p>
   </div>
   <div class='ocr_carea' id='block_1_112' title="bbox 2319 5053 3800 5130">
    <p class='ocr_par' dir='ltr' id='par_1_112' title="bbox 2319 5053 3800 5130">
     <span class='ocr_line' id='line_1_112' title="bbox 2319 5053 3800 5130; baseline -0.001 -21"><span class='ocrx_word' id='word_1_900' title='bbox 2319 5055 2408 5109; x_wconf 71' lang='grc' dir='ltr'><strong>οι.</strong></span> <span class='ocrx_word' id='word_1_901' title='bbox 2448 5053 2706 5111; x_wconf 87' lang='lat' dir='ltr'><strong>Novimus</strong></span> <span class='ocrx_word' id='word_1_902' title='bbox 2752 5065 2930 5111; x_wconf 90' lang='lat' dir='ltr'><strong>autem</strong></span> <span class='ocrx_word' id='word_1_903' title='bbox 2978 5075 2997 5109; x_wconf 73' lang='grc' dir='ltr'>ι</span> <span class='ocrx_word' id='word_1_904' title='bbox 3039 5056 3299 5115; x_wconf 88' lang='lat' dir='ltr'><strong>Joannem</strong></span> <span class='ocrx_word' id='word_1_905' title='bbox 3346 5059 3678 5130; x_wconf 89' lang='lat' dir='ltr'><strong>apostolum,</strong></span> <span class='ocrx_word' id='word_1_906' title='bbox 3715 5068 3800 5107; x_wconf 83' lang='lat' dir='ltr'><strong>non</strong></span> 
     </span>
    </p>
   </div>
   <div class='ocr_carea' id='block_1_113' title="bbox 2247 5143 3801 5217">
    <p class='ocr_par' dir='ltr' id='par_1_113' title="bbox 2247 5143 3801 5217">
     <span class='ocr_line' id='line_1_113' title="bbox 2247 5143 3801 5217; baseline -0.001 -16"><span class='ocrx_word' id='word_1_907' title='bbox 2247 5147 2506 5202; x_wconf 90' lang='lat' dir='ltr'><strong>mundum</strong></span> <span class='ocrx_word' id='word_1_908' title='bbox 2537 5148 2694 5202; x_wconf 91' lang='lat' dir='ltr'><strong>istum</strong></span> <span class='ocrx_word' id='word_1_909' title='bbox 2716 5189 2730 5215; x_wconf 95' lang='lat'><strong>,</strong></span> <span class='ocrx_word' id='word_1_910' title='bbox 2765 5147 2817 5203; x_wconf 90' lang='lat' dir='ltr'><strong>id</strong></span> <span class='ocrx_word' id='word_1_911' title='bbox 2844 5157 2927 5205; x_wconf 89' lang='lat' dir='ltr'><strong>est</strong></span> <span class='ocrx_word' id='word_1_912' title='bbox 2947 5188 2961 5208; x_wconf 88' lang='lat'><strong>.</strong></span> <span class='ocrx_word' id='word_1_913' title='bbox 2992 5150 3191 5205; x_wconf 62' lang='lat' dir='ltr'><strong>malum</strong></span> <span class='ocrx_word' id='word_1_914' title='bbox 3215 5158 3275 5206; x_wconf 86' lang='lat' dir='ltr'><strong>et</strong></span> <span class='ocrx_word' id='word_1_915' title='bbox 3304 5160 3529 5217; x_wconf 85' lang='lat' dir='ltr'><strong>terram,</strong></span> <span class='ocrx_word' id='word_1_916' title='bbox 3566 5157 3619 5203; x_wconf 89' lang='lat' dir='ltr'><strong>et</strong></span> <span class='ocrx_word' id='word_1_917' title='bbox 3652 5143 3801 5203; x_wconf 74' lang='lat' dir='ltr'><strong>omnia</strong></span> 
     </span>
    </p>
   </div>
   <div class='ocr_carea' id='block_1_114' title="bbox 2246 5238 3800 5312">
    <p class='ocr_par' dir='ltr' id='par_1_114' title="bbox 2246 5238 3800 5312">
     <span class='ocr_line' id='line_1_114' title="bbox 2246 5238 3800 5312; baseline -0.003 -20"><span class='ocrx_word' id='word_1_918' title='bbox 2246 5254 2365 5309; x_wconf 76' lang='lat' dir='ltr'><strong>qua:</strong></span> <span class='ocrx_word' id='word_1_919' title='bbox 2393 5238 2445 5292; x_wconf 94' lang='lat' dir='ltr'><strong>in</strong></span> <span class='ocrx_word' id='word_1_920' title='bbox 2471 5253 2537 5292; x_wconf 91' lang='lat' dir='ltr'><strong>eo</strong></span> <span class='ocrx_word' id='word_1_921' title='bbox 2562 5238 2582 5270; x_wconf 85' lang='grc'>⁸</span> <span class='ocrx_word' id='word_1_922' title='bbox 2613 5239 3032 5295; x_wconf 84' lang='lat' dir='ltr'><strong>substantialitcr</strong></span> <span class='ocrx_word' id='word_1_923' title='bbox 3069 5251 3224 5306; x_wconf 90' lang='lat' dir='ltr'><strong>sunt,</strong></span> <span class='ocrx_word' id='word_1_924' title='bbox 3264 5242 3356 5312; x_wconf 91' lang='lat' dir='ltr'><strong>qui</strong></span> <span class='ocrx_word' id='word_1_925' title='bbox 3397 5241 3627 5295; x_wconf 91' lang='lat' dir='ltr'><strong>mundus</strong></span> <span class='ocrx_word' id='word_1_926' title='bbox 3664 5239 3800 5292; x_wconf 84' lang='lat' dir='ltr'><strong>factus</strong></span> 
     </span>
    </p>
   </div>
   <div class='ocr_carea' id='block_1_115' title="bbox 2246 5317 3798 5402">
    <p class='ocr_par' dir='ltr' id='par_1_115' title="bbox 2246 5317 3798 5402">
     <span class='ocr_line' id='line_1_115' title="bbox 2246 5317 3798 5402; baseline 0.001 -16"><span class='ocrx_word' id='word_1_927' title='bbox 2246 5339 2330 5386; x_wconf 90' lang='lat' dir='ltr'><strong>est</strong></span> <span class='ocrx_word' id='word_1_928' title='bbox 2366 5346 2397 5385; x_wconf 91' lang='lat' dir='ltr'><strong>a</strong></span> <span class='ocrx_word' id='word_1_929' title='bbox 2426 5330 2584 5385; x_wconf 85' lang='lat' dir='ltr'><strong>Patre</strong></span> <span class='ocrx_word' id='word_1_930' title='bbox 2612 5345 2708 5402; x_wconf 90' lang='lat' dir='ltr'><strong>per</strong></span> <span class='ocrx_word' id='word_1_931' title='bbox 2734 5329 2924 5386; x_wconf 90' lang='lat' dir='ltr'><strong>Filium</strong></span> <span class='ocrx_word' id='word_1_932' title='bbox 2947 5373 2962 5396; x_wconf 92' lang='lat'><strong>,</strong></span> <span class='ocrx_word' id='word_1_933' title='bbox 2991 5317 3396 5402; x_wconf 77' lang='lat' dir='ltr'><strong>reprehendisse</strong></span> <span class='ocrx_word' id='word_1_934' title='bbox 3414 5374 3430 5400; x_wconf 93' lang='lat'><strong>,</strong></span> <span class='ocrx_word' id='word_1_935' title='bbox 3458 5349 3578 5388; x_wconf 91' lang='lat' dir='ltr'><strong>cum</strong></span> <span class='ocrx_word' id='word_1_936' title='bbox 3606 5331 3798 5387; x_wconf 74' lang='lat' dir='ltr'><strong>diceret.</strong></span> 
     </span>
    </p>
   </div>
   <div class='ocr_carea' id='block_1_116' title="bbox 2250 5421 3799 5496">
    <p class='ocr_par' dir='ltr' id='par_1_116' title="bbox 2250 5421 3799 5496">
     <span class='ocr_line' id='line_1_116' title="bbox 2250 5421 3799 5496; baseline -0.003 -18"><span class='ocrx_word' id='word_1_937' title='bbox 2250 5421 2434 5478; x_wconf 82' lang='lat' dir='ltr'><strong>Omnia</strong></span> <span class='ocrx_word' id='word_1_938' title='bbox 2459 5437 2571 5495; x_wconf 66' lang='lat' dir='ltr'><strong>qua:</strong></span> <span class='ocrx_word' id='word_1_939' title='bbox 2593 5424 2646 5479; x_wconf 86' lang='lat' dir='ltr'><strong>in</strong></span> <span class='ocrx_word' id='word_1_940' title='bbox 2673 5424 2862 5479; x_wconf 85' lang='lat' dir='ltr'><strong>mundo</strong></span> <span class='ocrx_word' id='word_1_941' title='bbox 2889 5434 3035 5491; x_wconf 82' lang='lat' dir='ltr'><strong>sunt,</strong></span> <span class='ocrx_word' id='word_1_942' title='bbox 3061 5425 3462 5496; x_wconf 80' lang='lat' dir='ltr'><strong>concupiscentia</strong></span> <span class='ocrx_word' id='word_1_943' title='bbox 3473 5425 3637 5480; x_wconf 79' lang='lat' dir='ltr'><strong>carnis</strong></span> <span class='ocrx_word' id='word_1_944' title='bbox 3661 5431 3740 5485; x_wconf 74' lang='lat' dir='ltr'><strong>est,</strong></span> <span class='ocrx_word' id='word_1_945' title='bbox 3764 5426 3799 5468; x_wconf 72' lang='grc' dir='ltr'><strong>αἰ</strong></span> 
     </span>
    </p>
   </div>
   <div class='ocr_carea' id='block_1_117' title="bbox 2309 5579 3793 5653">
    <p class='ocr_par' dir='ltr' id='par_1_117' title="bbox 2309 5579 3793 5653">
     <span class='ocr_line' id='line_1_117' title="bbox 2309 5579 3793 5653; baseline 0.005 -21"><span class='ocrx_word' id='word_1_946' title='bbox 2309 5587 2327 5617; x_wconf 78' lang='grc' dir='ltr'>ί</span> <span class='ocrx_word' id='word_1_947' title='bbox 2351 5585 2687 5653; x_wconf 72' lang='lat' dir='ltr'><strong>mvanienses</strong></span> <span class='ocrx_word' id='word_1_948' title='bbox 2696 5596 2954 5647; x_wconf 83' lang='lat' dir='ltr'><strong>perperam</strong></span> <span class='ocrx_word' id='word_1_949' title='bbox 2975 5591 3319 5653; x_wconf 75' lang='lat' dir='ltr'><strong>porrexerunt,</strong></span> <span class='ocrx_word' id='word_1_950' title='bbox 3335 5593 3508 5637; x_wconf 70' lang='lat' dir='ltr'><strong>metu</strong></span> <span class='ocrx_word' id='word_1_951' title='bbox 3529 5587 3581 5634; x_wconf 74' lang='lat' dir='ltr'><strong>ut</strong></span> <span class='ocrx_word' id='word_1_952' title='bbox 3591 5579 3793 5653; x_wconf 56' lang='lat' dir='ltr'><strong>pudet“;</strong></span> 
     </span>
    </p>
   </div>
   <div class='ocr_carea' id='block_1_118' title="bbox 2245 5639 3798 5712">
    <p class='ocr_par' dir='ltr' id='par_1_118' title="bbox 2245 5639 3798 5712">
     <span class='ocr_line' id='line_1_118' title="bbox 2245 5639 3798 5712; baseline -0.004 -15"><span class='ocrx_word' id='word_1_953' title='bbox 2245 5654 2349 5697; x_wconf 72' lang='lat' dir='ltr'><strong>mox</strong></span> <span class='ocrx_word' id='word_1_954' title='bbox 2374 5654 2539 5697; x_wconf 87' lang='lat' dir='ltr'><strong>autem</strong></span> <span class='ocrx_word' id='word_1_955' title='bbox 2561 5639 2817 5712; x_wconf 69' lang='lat' dir='ltr'><strong>quod&#39;pro&#39;,</strong></span> <span class='ocrx_word' id='word_1_956' title='bbox 2841 5645 3092 5710; x_wconf 82' lang='lat' dir='ltr'><strong>quonimn,</strong></span> <span class='ocrx_word' id='word_1_957' title='bbox 3123 5639 3409 5710; x_wconf 83' lang='lat' dir='ltr'><strong>posuerunt,</strong></span> <span class='ocrx_word' id='word_1_958' title='bbox 3438 5639 3649 5710; x_wconf 77' lang='lat' dir='ltr'><strong>quando,</strong></span> <span class='ocrx_word' id='word_1_959' title='bbox 3666 5643 3709 5691; x_wconf 89' lang='lat' dir='ltr'><strong>in</strong></span> <span class='ocrx_word' id='word_1_960' title='bbox 3724 5639 3798 5688; x_wconf 66' lang='lat' dir='ltr'><strong>hoc</strong></span> 
     </span>
    </p>
   </div>
   <div class='ocr_carea' id='block_1_119' title="bbox 2245 5714 2987 5780">
    <p class='ocr_par' dir='ltr' id='par_1_119' title="bbox 2245 5714 2987 5780">
     <span class='ocr_line' id='line_1_119' title="bbox 2245 5714 2987 5780; baseline -0.003 -22"><span class='ocrx_word' id='word_1_961' title='bbox 2245 5715 2403 5780; x_wconf 66' lang='lat' dir='ltr'><strong>secuti</strong></span> <span class='ocrx_word' id='word_1_962' title='bbox 2426 5716 2540 5780; x_wconf 71' lang='lat' dir='ltr'><strong>sunt</strong></span> <span class='ocrx_word' id='word_1_963' title='bbox 2561 5718 2663 5780; x_wconf 76' lang='lat' dir='ltr'><strong>A_n_t_.</strong></span> <span class='ocrx_word' id='word_1_964' title='bbox 2680 5717 2743 5780; x_wconf 82' lang='lat' dir='ltr'><strong>_et</strong></span> <span class='ocrx_word' id='word_1_965' title='bbox 2764 5714 2838 5780; x_wconf 63' lang='lat' dir='ltr'><strong>Er.</strong></span> <span class='ocrx_word' id='word_1_966' title='bbox 2976 5768 2987 5780; x_wconf 47' lang='lat'><em>.</em></span> 
     </span>
    </p>
   </div>
   <div class='ocr_carea' id='block_1_120' title="bbox 2311 5768 3099 5841">
    <p class='ocr_par' dir='ltr' id='par_1_120' title="bbox 2311 5768 3099 5841">
     <span class='ocr_line' id='line_1_120' title="bbox 2311 5768 3099 5841; baseline 0.001 -22"><span class='ocrx_word' id='word_1_967' title='bbox 2311 5774 2333 5841; x_wconf 65' lang='grc' dir='ltr'><strong>ξ</strong></span> <span class='ocrx_word' id='word_1_968' title='bbox 2355 5772 2425 5821; x_wconf 79' lang='lat' dir='ltr'><strong>sic</strong></span> <span class='ocrx_word' id='word_1_969' title='bbox 2447 5777 2553 5820; x_wconf 79' lang='lat' dir='ltr'><strong>Mss.</strong></span> <span class='ocrx_word' id='word_1_970' title='bbox 2575 5771 2711 5829; x_wconf 80' lang='lat' dir='ltr'><strong>Fditi,</strong></span> <span class='ocrx_word' id='word_1_971' title='bbox 2736 5768 3099 5841; x_wconf 62' lang='lat' dir='ltr'><strong>adtersariam._</strong></span> 
     </span>
    </p>
   </div>
   <div class='ocr_carea' id='block_1_121' title="bbox 2315 5832 3228 5897">
    <p class='ocr_par' dir='ltr' id='par_1_121' title="bbox 2315 5832 3228 5897">
     <span class='ocr_line' id='line_1_121' title="bbox 2315 5832 3228 5897; baseline 0.001 -15"><span class='ocrx_word' id='word_1_972' title='bbox 2315 5835 2334 5865; x_wconf 85' lang='grc'><em>³</em></span> <span class='ocrx_word' id='word_1_973' title='bbox 2357 5841 2564 5893; x_wconf 84' lang='lat' dir='ltr'><strong>Quatuor</strong></span> <span class='ocrx_word' id='word_1_974' title='bbox 2588 5843 2709 5897; x_wconf 64' lang='lat'><strong>3:55.,</strong></span> <span class='ocrx_word' id='word_1_975' title='bbox 2737 5832 2787 5886; x_wconf 82' lang='lat' dir='ltr'><strong>in</strong></span> <span class='ocrx_word' id='word_1_976' title='bbox 2806 5832 2890 5884; x_wconf 83' lang='lat' dir='ltr'><strong>eis.</strong></span> <span class='ocrx_word' id='word_1_977' title='bbox 2912 5841 3058 5889; x_wconf 77' lang='lat' dir='ltr'><strong>t‘nus.</strong></span> <span class='ocrx_word' id='word_1_978' title='bbox 3080 5832 3228 5884; x_wconf 82' lang='lat' dir='ltr'><strong>inea.</strong></span> 
     </span>
    </p>
   </div>
  </div>
