4118 6526
387 400 491 462 769

385 514 789 589 concupiscentia
805 512 1087 576 oculorum,
1103 518 1148 565 et
1164 505 1368 563 ambitio
1384 502 1558 559 swculi
1576 518 1594 567 ;
1611 514 1724 571 qua:
1744 512 1844 553 non
1864 506 1940 551 est
1952 513 1981 549 τι

396 588 567 675 Patre,
578 608 668 664 sed
693 622 756 662 ea:
774 604 963 661 mundo
974 611 1046 658 est
1073 621 1092 655 ι
1115 601 1160 673 (1
1179 600 1335 654 Joan.
1358 612 1414 664 ιι,
1437 594 1548 665 16).
1573 591 1829 648 Novimus
1842 588 1979 655 hzce,

390 704 515 757 nolo
542 715 640 756 nos
679 698 895 754 doceas.
921 693 1026 752 Sed
1053 707 1209 765 quam
1239 709 1258 743 ι
1299 682 1785 760 concupiscentiam
1807 680 1985 735 carnis

390 791 587 849 dixerit
609 805 639 846 a
661 789 817 845 Patre
845 801 951 842 non
973 800 1145 851 esse,»
1169 792 1223 837 tu
1249 781 1434 836 volens
1459 790 1750 849 exponere,
1775 791 1795 825 ί
1828 773 1985 827 luxu-

392 887 527 944 riam
552 880 944 952 intelligendam
968 892 1089 933 esse
1105 896 1126 929 ι
1143 873 1343 931 dixisti.
1373 869 1478 928 Sed
1508 884 1629 925 cum
1657 867 1751 922 abs
1770 873 1820 920 te
1837 877 1988 935 qua:-

395 995 489 1046 ro,
518 975 605 1033 cui
627 971 993 1031 consentiatur
1019 979 1075 1024 ut
1098 968 1169 1023 sit
1193 965 1419 1028 luxuria,
1442 962 1525 1018 vel
1555 960 1641 1016 cui
1667 967 1990 1029 repugnetur

395 1080 456 1126 ut
474 1084 578 1124 non
605 1066 696 1132 sit,
725 1075 811 1119 tua
838 1063 932 1119 tibi
954 1069 1202 1131 suscepta
1217 1055 1450 1113 occurrit
1476 1054 1528 1109 in
1563 1051 1786 1115 faciem;
1810 1056 1989 1103 utrum

401 1161 573 1217 adhuc
615 1155 908 1222 laudanda,
957 1163 1013 1210 tu
1051 1152 1278 1215 videris,
1328 1149 1413 1204 cui
1443 1144 1751 1202 consentire
1787 1140 1993 1197 luxuria

398 1263 502 1320 est,
528 1250 611 1307 cui
630 1261 928 1322 repugnare
950 1243 1275 1302 continentia
1306 1250 1408 1298 est.
1427 1241 1526 1297 Ubi
1550 1239 1715 1294 miror
1743 1235 1786 1290 si
1802 1232 2020 1289 deliber

400 1361 508 1411 ras,
531 1354 705 1400 utrum
723 1358 840 1399 eam
863 1341 1030 1411 magis
1050 1339 1247 1395 debeas
1260 1352 1379 1392 cum
1405 1333 1613 1390 luxuria
1643 1331 1947 1400 vituperare
1976 1365 1992 1394 ,

401 1454 523 1509 quae
546 1437 602 1493 fit
630 1450 726 1508 per
749 1436 864 1506 ejus
879 1447 1155 1490 assensum
1185 1446 1201 1498 ;
1232 1446 1298 1485 an
1317 1443 1432 1485 eam
1454 1425 1668 1482 laudare
1689 1419 1996 1479 cumconli-

404 1530 606 1597 nentia,
625 1543 742 1598 qua:
756 1527 834 1582 illi
855 1525 1046 1597 ingerit
1062 1524 1280 1588 bellum;
1304 1522 1356 1576 in
1372 1535 1477 1592 quo
1494 1518 1637 1575 bello
1652 1514 1903 1587 pudicitia
1919 1521 2002 1568 est

405 1622 625 1677 victoria
654 1619 1017 1682 continentize,
1037 1617 1239 1672 luxuria
1268 1614 1492 1671 victoria
1527 1606 1998 1680 concupiscentiae.

405 1713 487 1770 Tu
501 1722 685 1771 autem
703 1711 867 1781 judex
897 1710 1236 1779 incorruptus
1257 1716 1418 1777 atque
1446 1705 1651 1775 integer
1672 1716 1794 1757 eum
1819 1698 2002 1754 laudes

410 1802 810 1869 continentiam,
838 1802 1211 1870 vituperesque
1237 1795 1531 1861 luxuriam;
1555 1794 1633 1849 sic
1658 1802 1836 1847 tamen
1860 1789 2003 1844 acci-

409 1896 494 1967 pis
540 1908 823 1966 personam
864 1891 1309 1961 concupiscentia:
1343 1888 1537 1960 (quam
1570 1895 1625 1941 tu
1667 1884 1865 1949 videris
1909 1896 2005 1936 cur

412 1986 683 2042 offendere
714 1984 943 2056 timeas)
971 1976 991 2049 ζ
1018 1991 1078 2038 ιιι
1120 1996 1238 2038 eam
1284 1995 1389 2035 non
1434 1977 1720 2035 erubescas
1748 1990 1870 2041 cum
1908 1988 2005 2028 sua

411 2076 630 2133 laudare
656 2075 980 2141 adversaria,
999 2060 1101 2128 nec
1124 2071 1323 2128 audeas
1347 2086 1467 2126 cum
1495 2084 1593 2125 sua
1610 2067 1916 2138 vituperare
1930 2064 2010 2119 vi-

415 2168 603 2226 etoria.
628 2166 734 2224 Sed
757 2166 897 2221 absit
926 2175 982 2221 ut
1008 2165 1231 2237 quilibet
1250 2164 1412 2219 homo
1442 2162 1531 2218 Dei
1557 2162 1637 2218 sic
1659 2169 1712 2216 te
1736 2158 1915 2215 audiat
1933 2157 2011 2213 vi-

416 2268 775 2332 tuperatorem
802 2257 1044 2323 luxuriae,
1073 2266 1132 2312 ut
1153 2254 1414 2326 approbet
1431 2250 1876 2322 concupiscentia}
1895 2250 2011 2305 lau-

415 2353 678 2419 datorem;
699 2360 751 2407 et
768 2366 833 2406 ex
853 2360 947 2405 tuo
970 2364 1218 2404 sermone
1243 2347 1531 2403 arbitretur
1556 2346 1775 2407 bonum,
1798 2341 1940 2414 quod
1958 2342 2011 2396 in

417 2460 478 2500 se
512 2445 627 2515 ipso
660 2442 932 2512 experitur
964 2440 1182 2495 malum.
1225 2438 1466 2508 Denique
1500 2436 1589 2507 qui
1623 2434 2013 2503 concupiscen-

420 2535 546 2590 tiam
567 2573 582 2598 ,
612 2548 770 2604 quam
801 2546 963 2602 prave
990 2530 1210 2597 laudas,
1242 2527 1577 2598 conﬂigendo
1605 2526 1825 2591 vicerit;
1856 2524 2010 2578 luxu-

417 2625 577 2689 riam,
594 2639 751 2695 quam
772 2631 918 2678 recte
933 2623 1224 2692 vituperas,
1246 2635 1349 2674 non
1372 2618 1607 2674 habebit.
1626 2614 1905 2683 Quomodo
1922 2629 2017 2668 au-

420 2724 528 2771 tem
558 2714 746 2771 Joanni
781 2713 1023 2784 apostolo
1051 2713 1485 2782 obtemperamus
1504 2751 1520 2777 ,
1554 2708 1602 2764 si
1630 2707 2015 2778 concupiscen-

420 2809 548 2864 tiam
572 2807 752 2864 earnis
766 2806 1067 2877 diligimus?
1086 2803 1476 2876 Respondebis,
1500 2801 1619 2856 Nan
1646 2809 1717 2856 est
1739 2800 1850 2871 ipsa
1865 2814 2018 2867 quam

422 2901 597 2957 tando.
640 2900 709 2956 Et
747 2916 865 2970 qua:
895 2900 986 2954 illa
1028 2907 1111 2955 est
1134 2939 1149 2964 ,
1180 2914 1339 2968 quam
1381 2896 1615 2952 Joannes
1643 2894 1772 2949 dicit
1800 2908 1831 2948 a
1862 2892 2019 2948 Patre

425 3008 529 3047 non
585 2991 757 3048 esse?
811 2990 1042 3045 Luxuria
1074 3030 1089 3055 ,
1148 2989 1376 3058 inquies.
1434 2985 1543 3042 Sed
1595 2983 1858 3040 luxuriosi
1912 2996 2017 3036 non

424 3084 644 3149 erimus,
674 3082 776 3137 nisi
798 3082 952 3136 istam
979 3096 1138 3151 quam
1171 3079 1358 3134 laudas
1381 3074 1866 3147 concupiscentiam
1899 3074 2022 3128 dili-

424 3188 632 3244 gamus.
670 3172 749 3228 Ac
787 3186 884 3242 per
918 3170 1042 3237 hoc,
1087 3170 1259 3225 Nolite
1303 3168 1525 3238 diligere
1564 3167 1742 3222 carnis
1768 3164 2023 3234 concupi-

426 3267 687 3323 seentiam
722 3280 843 3321 cum
872 3264 1115 3331 dicebat,
1146 3261 1451 3318 luxuriosos
1481 3274 1588 3316 non
1627 3273 1747 3315 esse
1785 3257 2020 3313 nolebat.

431 3359 514 3414 Ab
554 3358 653 3414 hac
697 3358 859 3429 igitur
895 3356 991 3411 abs
1032 3365 1084 3411 te
1126 3354 1336 3410 laudata
1369 3353 1548 3409 carnis
1590 3349 2023 3419 concupiscentia

427 3449 694 3523 diligenda
739 3447 1126 3519 prohibemur,
1156 3444 1371 3518 quando
1429 3459 1458 3499 a
1507 3442 1716 3497 luxuria
1767 3439 2024 3512 prohibe-

434 3559 553 3598 mur
578 3561 592 3597 :
621 3541 739 3596 lucc
757 3548 937 3595 autem
967 3553 1126 3610 quam
1156 3537 1379 3608 diligere
1404 3535 1782 3606 prohibemur,
1812 3548 1917 3587 non
1944 3540 2029 3587 est

432 3651 461 3689 a
488 3635 681 3690 Patre:
709 3632 825 3687 hate
855 3632 1015 3703 igitur
1043 3628 1473 3699 concupiscentia
1500 3642 1660 3698 quam
1685 3624 1891 3692 laudas,
1919 3639 2026 3681 non

433 3736 517 3783 est
542 3741 572 3779 a
605 3725 782 3781 Patre.
807 3725 923 3780 Duo
960 3723 1103 3779 enim
1137 3721 1275 3777 bona
1305 3736 1427 3791 qua:
1451 3735 1480 3773 a
1502 3719 1663 3773 Patre
1697 3726 1856 3782 sunt,
1888 3717 2028 3770 inter

434 3840 493 3879 se
520 3837 751 3895 pugnare
773 3835 881 3876 non
901 3826 1125 3889 possunt
1149 3834 1162 3870 :
1194 3821 1429 3886 pugnant
1451 3823 1630 3868 autem
1656 3813 1795 3867 inter
1816 3827 1875 3866 se
1902 3826 2030 3866 eon-

438 3916 658 3971 tinentia
678 3924 732 3969 et
757 3908 1186 3979 concupiscentia
1212 3926 1224 3960 :
1254 3906 1380 3977 quid
1407 3906 1597 3960 horum
1622 3922 1652 3958 a
1681 3904 1839 3959 Patre
1863 3902 2031 3973 magis

436 4007 572 4063 velis
607 4019 729 4061 esse
767 4000 1054 4074 responde.
1086 3999 1256 4054 Video
1293 4013 1425 4069 quas
1458 3996 1678 4066 patiaris
1714 3996 2028 4066 angustias:

440 4099 587 4154 faves
627 4094 844 4171 quidem
887 4090 1356 4161 concupiscentiae.
1403 4088 1500 4143 sed
1544 4087 1818 4143 erubescis
1857 4086 2033 4142 conti-

440 4189 654 4245 nentiae.
680 4186 868 4241 Vincat
890 4182 1059 4253 pudor
1082 4190 1223 4250 tuus,
1251 4195 1421 4250 eoque
1451 4180 1691 4234 vincatur
1714 4194 1867 4233 error
1888 4187 2031 4232 tuus.

441 4283 575 4336 Cum
601 4280 759 4351 igitur
781 4293 812 4332 a
832 4277 992 4331 Patre
1011 4274 1081 4330 sit
1105 4272 1452 4339 eominentia,
1481 4286 1585 4342 qua
1606 4270 1901 4326 debellatur
1921 4284 2038 4324 car-

444 4376 528 4431 nis
552 4370 980 4443 concupiscentia
1008 4386 1024 4434 ;
1061 4383 1213 4425 sume
1246 4385 1277 4424 a
1304 4368 1459 4423 Patre
1488 4365 1870 4421 continentiam
1896 4405 1912 4430 ,
1950 4364 2037 4419 cui

446 4474 591 4523 recta
641 4463 818 4520 fronte
864 4460 1167 4518 erubuisti:
1214 4469 1269 4515 et
1317 4461 1471 4514 vince
1510 4457 1993 4528 concupiscentiam
2019 4496 2034 4523 ,

445 4572 604 4629 quam
633 4568 885 4625 perverso
913 4568 1009 4610 ore
1039 4550 1291 4608 laudasti.

518 4646 744 4703 CAPUT
773 4645 913 4701 XIV.
934 4674 1009 4686 —
1035 4645 1125 4701 65.
1160 4643 1297 4710 Quin
1336 4640 1497 4697 etiam
1534 4642 1729 4711 putasti
1754 4681 1769 4706 ,
1802 4638 2039 4695 omnium

449 4756 705 4799 sensuum
734 4742 1059 4810 voluptatem
1090 4738 1145 4792 in
1174 4737 1430 4792 auxilium
1459 4737 1856 4792 eonvoeandam
1882 4778 1897 4802 ,
1927 4744 2042 4789 tan-

450 4849 610 4906 quam
638 4833 886 4903 voluptas
913 4829 1221 4902 genitalium
1250 4816 1350 4884 nec
1377 4835 1524 4882 tanto
1549 4834 1775 4896 patrono
1801 4826 1902 4881 sibi
1930 4825 2041 4881 sola

452 4925 725 4981 sufficeret
746 4964 764 4992 ,
791 4923 895 4978 nisi
917 4921 1181 4977 sociarum
1204 4932 1407 4974 cuneus
1432 4917 1759 4973 subveniret.
1791 4934 1810 4968 ς
1839 4916 2043 4971 Conse-

452 5031 627 5089 quens
650 5015 794 5072 euim
819 5028 941 5070 esse
967 5033 988 5067 »
1031 5012 1314 5069 existimas
1335 5052 1352 5078 ,
1399 5029 1419 5063 ‹
1442 5018 1502 5064 ut
1539 5023 1757 5066 sensum
1796 5006 2045 5071 videndi,

454 5106 747 5173 audiendi,
770 5103 1060 5178 gustandi,
1092 5100 1378 5158 olfaciendi
1397 5141 1413 5168 ,
1437 5109 1595 5170 atque
1623 5096 1871 5169 tangendi
1896 5139 1911 5164 ,
1941 5111 2048 5151 non

455 5217 485 5254 a
515 5201 655 5265 Deo,
683 5198 778 5255 sed
806 5214 836 5253 a
863 5196 1076 5253 diabolo
1096 5195 1250 5251 nobis
1280 5195 1538 5249 fateamur
1557 5206 1677 5247 esse
1698 5189 1980 5255 collatum;
2004 5189 2048 5243 si

455 5289 885 5347 concesserimus
911 5303 1032 5345 eam
1072 5286 1558 5356 concupiscentiam
1602 5283 1809 5345 carnis,
1841 5282 1925 5336 cui
1958 5296 2052 5350 per

457 5381 839 5437 continentiam
885 5393 1280 5450 repugnamus,
1328 5392 1433 5431 non
1495 5375 1659 5431 fuisse
1703 5374 1754 5428 in
1806 5371 2054 5443 paradiso

459 5485 587 5531 ante
611 5483 887 5543 peceatum
908 5513 924 5539 ,
946 5480 1001 5527 et
1021 5486 1086 5526 ex
1108 5470 1198 5524 illo
1223 5468 1483 5524 accidisse
1506 5475 1729 5538 peccato
1747 5507 1762 5530 ,
1785 5464 1925 5535 quod
1950 5464 2057 5533 pri-

462 5580 609 5620 mum
633 5566 650 5597 ¹
679 5564 850 5635 primo
881 5562 1081 5617 homini
1103 5560 1347 5615 diabolus
1367 5558 1651 5630 persuasit.
1685 5576 1703 5609 ι
1729 5557 1816 5612 Sic
1843 5558 2054 5627 ignoras

465 5656 552 5713 vel
577 5655 826 5727 ignorare
846 5664 897 5708 te
923 5653 1077 5724 lingis
1098 5693 1113 5719 ,
1150 5667 1244 5721 per
1263 5649 1558 5720 quemlibet
1577 5648 1816 5718 corporis
1836 5662 2053 5703 sensum

531 5864 547 5893 ¹
576 5855 886 5911 Florircensis
908 5864 988 5905 us.
1017 5853 1209 5912 omittit,
1231 5863 1458 5917 primum.

1740 379 1943 435 LIBER
1981 375 2329 445 QUARTUS.

3580 375 3687 432 770

2089 492 2229 547 aliud
2267 507 2387 547 esse
2428 490 2688 548 sentiendi
2717 490 3052 545 vivacitatem
3074 530 3090 558 ,
3120 488 3206 545 vel
3247 487 3528 544 utilitatem
3548 528 3565 553 ,
3594 491 3683 543 vel

2091 584 2505 648 necessitatem,
2563 581 2707 637 aliud
2757 579 3024 636 sentiendi
3073 578 3366 634 libidinem.
3415 577 3683 632 Vivaettas
3722 590 3729 597 ‘

2091 674 2353 729 Sentiettdi
2384 682 2497 739 est,
2528 688 2632 744 qua
2675 657 2843 743 magis
2884 671 3055 738 alios,
3090 669 3227 724 alius
3257 668 3434 722 minus
3460 666 3513 722 in
3558 666 3690 737 ipsis

2092 767 2458 838 corporalibus
2506 765 2668 822 rebus
2711 780 2807 835 pro
2859 779 3042 820 earum
3088 760 3249 816 modo
3290 770 3450 830 atque
3496 771 3686 814 natura

2094 860 2235 931 quod
2264 874 2446 915 verum
2472 868 2553 914 est
2579 857 2835 928 percipit,
2863 865 3022 925 atque
3057 852 3108 908 id
3145 868 3174 906 a
3215 850 3349 906 fa'so
3379 850 3546 920 magis
3585 850 3689 903 mi-

2096 965 2264 1007 nusve
2301 950 2573 1006 discernit.
2597 947 2806 1005 Utilitas
2832 944 3095 1000 sentiendi
3121 952 3236 1006 est,
3263 958 3358 1012 per
3387 957 3545 1012 quam
3572 955 3696 996 cor-

2098 1043 2217 1113 pori
2244 1041 2475 1110 vitzeque
2502 1055 2660 1111 quam
2688 1039 2943 1110 gerimus,
2971 1036 3038 1091 ad
3067 1033 3265 1107 aliquid
3287 1032 3691 1103 approbandum

2097 1133 2183 1188 vel
2214 1130 2646 1202 improbandum,
2668 1127 2987 1183 sumendum
3016 1126 3097 1180 vel
3128 1122 3499 1195 rejiciendnm,
3531 1137 3698 1190 appe-

2101 1223 2319 1279 tendum
2344 1221 2691 1276 vitandumve
2707 1217 3036 1273 consulimus
3052 1216 3091 1270 ¹.
3112 1213 3419 1270 Necessitas
3435 1210 3702 1267 sentiendi

2101 1321 2214 1379 est,
2246 1311 2460 1383 quando
2487 1311 2734 1366 sensibus
2763 1308 2962 1363 nostris
2986 1305 3146 1362 etiam
3191 1320 3309 1375 qum
3336 1304 3584 1369 nolumus
3613 1302 3703 1355 in-

2102 1413 2381 1477 geruntur.
2415 1401 2605 1457 Libido
2634 1407 2811 1455 autem
2854 1396 3120 1454 sentiendi
3146 1404 3264 1463 est,
3306 1394 3375 1451 de
3415 1409 3517 1465 qua
3560 1408 3703 1447 nunc

2103 1497 2311 1568 agimus
2334 1537 2349 1561 ,
2381 1511 2501 1567 quae
2524 1508 2623 1549 nos
2666 1492 2733 1549 ad
2760 1490 3096 1547 sentiendum
3117 1529 3133 1555 ,
3166 1488 3279 1543 sive
3303 1485 3705 1541 consentientes

2104 1597 2286 1644 mente
2307 1631 2323 1656 ,
2355 1588 2468 1643 sive
2494 1595 2881 1657 repugnantes,
2906 1581 3141 1653 appetitu
3166 1578 3395 1635 carnalis
3418 1575 3708 1646 voluptatis

2100 1679 2355 1753 impellit.
2387 1678 2514 1733 ihec
2556 1684 2639 1732 est
2688 1674 2955 1730 contraria
3005 1668 3277 1727 dilectioni
3323 1667 3599 1737 sapientiae
3644 1667 3708 1729 ³,

2107 1769 2225 1825 Ιιίυο
2245 1768 2531 1822 virtutibus
2553 1765 2788 1820 inimica.
2821 1763 2932 1818 lloc
2954 1761 3112 1825 malo,
3147 1768 3403 1837 quantum
3426 1758 3616 1812 attinet
3639 1755 3709 1812 ad

2109 1861 2226 1932 ejus
2246 1875 2366 1915 eam
2392 1857 2413 1889 '
2444 1865 2650 1928 partem
2695 1870 2800 1926 qua
2848 1854 2949 1908 sibi
2986 1866 3146 1907 sexus
3193 1859 3417 1919 uterque
3434 1848 3711 1909 miscetur,

2109 1952 2247 2007 bene
2274 1957 2492 2004 utuntur
2520 1946 2751 2017 nuptias,
2795 1959 2917 2000 cum
2947 1943 3204 2012 eonjuges
3244 1946 3527 2011 procreant
3572 1936 3712 1991 filios

2110 2057 2207 2115 per
2237 2042 2401 2108 illam,
2456 2038 2696 2108 nihilque
2737 2034 2938 2091 faciunt
2978 2042 3199 2104 propter
3252 2031 3396 2086 illam
3418 2027 3462 2084 ⁸.
3492 2028 3642 2083 lianc
3667 2027 3714 2080 si

2111 2134 2378 2189 voluisses
2400 2131 2479 2187 vel
2510 2130 2775 2185 valuisses
2798 2144 2830 2183 a
2845 2125 3110 2182 sentiendi
3128 2123 3430 2186 vivacitate,
3460 2121 3711 2180 utilitate.

2115 2223 2431 2279 necessitate
2454 2221 2787 2287 discernere,
2821 2218 3037 2274 videres
3084 2230 3244 2286 quam
3286 2212 3559 2281 superﬂuo
3602 2221 3711 2264 tam

2114 2315 2282 2370 multa
2313 2313 2561 2369 dixisses.
2606 2312 2722 2367 Non
2747 2310 2892 2366 enim
2941 2309 3016 2362 ait
3045 2306 3324 2372 Dominus,
3369 2303 3472 2372 Qui
3514 2301 3708 2356 viderit

2115 2405 2419 2471 mulierem,
2475 2400 2592 2468 sed,
2639 2401 2727 2471 qui
2777 2398 2955 2454 viderit
2983 2396 3053 2449 ad
3091 2393 3563 2463 concupiscendum,
3601 2393 3718 2462 jam

2116 2495 2393 2550 max/tatus
2427 2502 2500 2548 est
2542 2509 2652 2547 eam
2677 2492 2733 2545 in
2769 2490 2920 2544 corde
2961 2503 3054 2543 suo
3095 2485 3308 2561 (Matth.
3339 2500 3393 2549 v,
3432 2482 3547 2554 9.8).
3582 2483 3725 2537 Edce

2119 2601 2339 2643 sensum
2373 2584 2586 2640 videndi
2612 2599 2644 2638 a
2674 2582 2891 2637 libidine
2911 2577 3196 2641 sentiendi,
3228 2577 3270 2630 si
3321 2576 3568 2646 pervicax
3612 2588 3721 2629 non

2120 2678 2214 2744 sis,
2250 2676 2483 2731 breviter
2525 2682 2818 2745 aperteque
2843 2670 3112 2726 discrevit.
3138 2667 3269 2723 illud
3299 2667 3439 2721 Deus
3459 2664 3717 2731 condidit,

2121 2766 2436 2823 instruendo
2465 2781 2662 2838 corpus
2693 2766 2985 2820 humanum
3019 2779 3033 2815 :
3066 2760 3198 2816 illud
3220 2759 3467 2815 diabolus
3493 2759 3726 2814 Semina-

2122 2860 2218 2926 vil,
2246 2858 2618 2929 persuadendo
2656 2866 2957 2926 peceatum.

2194 2950 2286 3004 £6.
2317 2947 2560 3003 Laudent
2589 2962 2721 3017 ergo
2761 2945 2957 3001 caelum
2984 2952 3039 2999 et
3068 2951 3265 2997 terram
3310 2949 3367 2996 et
3396 2940 3572 2995 omnia
3604 2955 3725 3009 qua;

2124 3040 2180 3096 in
2230 3038 2311 3095 eis
2356 3047 2480 3094 sunt
2518 3038 2763 3093 homines
2806 3036 2900 3107 pii,
2950 3045 3006 3090 et
3036 3050 3101 3091 ex
3143 3033 3227 3088 his
3274 3034 3522 3089 omnibus
3560 3034 3728 3087 Deum

2123 3131 2551 3188 consideratione
2601 3129 3026 3200 pulchritudinis,
3077 3143 3184 3182 non
3232 3128 3426 3182 ardore
3464 3124 3724 3180 libidinis.

2125 3220 2274 3277 Sicut
2298 3222 2411 3277 auri
2428 3220 2593 3275 decus
2614 3221 2770 3275 aliter
2790 3218 2971 3274 laudat
2989 3217 3286 3288 religiosus,
3312 3216 3474 3272 aliter
3499 3230 3728 3269 avarus:

2127 3313 2252 3377 iste,
2277 3327 2397 3366 cum
2429 3310 2625 3381 pietate
2659 3308 2947 3365 venerandi
2971 3308 3283 3363 Creatorem
3304 3346 3321 3373 ,
3342 3307 3469 3372 ille,
3505 3321 3626 3360 cum
3658 3305 3729 3359 li—

2130 3402 2315 3458 bidine
2330 3401 2636 3472 possidendi
2658 3408 2979 3456 creaturam.
3002 3399 3240 3455 Movetur
3261 3408 3407 3453 certe
3431 3397 3640 3451 animus
3660 3396 3732 3450 ad

2128 3496 2345 3565 pietatis
2369 3494 2639 3561 affectum,
2665 3494 2847 3548 divino
2870 3494 3080 3548 cantico
3106 3492 3288 3547 audito
3317 3509 3332 3545 :
3362 3499 3540 3546 tamen
3567 3489 3731 3545 etiam

2131 3586 2240 3641 illic
2262 3587 2307 3641 si
2336 3601 2546 3652 sonum,
2578 3602 2687 3641 non
2718 3601 2935 3641 sensum
2956 3584 3122 3639 libido
3150 3583 3401 3638 audiendi
3432 3581 3729 3646 desideret,

2131 3677 2492 3747 improbatur;
2548 3685 2747 3748 quanto
2796 3677 2966 3746 magis
3014 3676 3061 3731 si
3098 3675 3455 3731 cantiunculis
3484 3674 3731 3728 inanibus

2131 3769 2217 3823 vel
2244 3768 2406 3823 etiam
2437 3770 2679 3838 turpibus
2693 3768 3026 3823 delectetur?
3061 3766 3250 3822 Cancri
3271 3777 3380 3821 tres
3404 3780 3594 3820 sensus
3614 3780 3736 3820 cor-

2134 3858 2465 3930 pulentiores
2484 3899 2499 3925 ,
2527 3868 2581 3913 et
2610 3858 2843 3929 quodam
2871 3857 3031 3913 modo
3057 3858 3354 3928 grossiores
3399 3865 3525 3910 sunt
3565 3856 3608 3921 ⁸,
3638 3871 3737 3910 nec

2136 3966 2196 4007 se
2222 3950 2365 4006 foras
2397 3951 2702 4022 projiciunt,
2731 3950 2826 4006 sed
2866 3949 3089 4005 interius
3114 3947 3255 4019 quod
3282 3948 3348 4002 ad
3375 3962 3470 4003 eos
3503 3946 3740 4018 pertinet

2137 4051 2319 4112 agunt.
2347 4042 2492 4096 Odor
2538 4038 2938 4097 aboifaciente
2982 4039 3326 4104 discernitur,
3375 4052 3535 4107 sapor
3578 4052 3608 4090 a
3638 4050 3738 4107 gu-

2138 4143 2335 4201 stante,
2369 4141 2538 4188 tactus
2567 4152 2597 4187 a
2629 4141 2878 4204 tangente
2915 4131 3165 4204 plurima.
3191 4130 3306 4184 Non
3329 4129 3487 4195 enim
3533 4129 3634 4182 hoc
3657 4137 3741 4181 est

2139 4226 2369 4291 calidum
2396 4236 2450 4281 et
2477 4226 2746 4296 frigidum,
2775 4225 2916 4295 quod
2947 4225 3069 4279 lene
3090 4223 3110 4254 ⁸
3136 4234 3189 4278 et
3217 4237 3467 4292 asperum
3486 4261 3501 4286 ,
3526 4230 3617 4275 aut
3639 4220 3740 4276 ista

2142 4317 2245 4371 hoc
2268 4324 2392 4372 sunt
2411 4315 2552 4387 quod
2581 4316 2741 4370 molle
2769 4331 2832 4369 ac
2858 4314 3086 4378 durum;
3119 4322 3172 4367 et
3191 4311 3258 4366 ab
3281 4311 3363 4365 his
3387 4311 3635 4367 omnibus
3661 4310 3743 4366 di-

2142 4416 2249 4463 stat
2296 4406 2438 4478 quod
2484 4406 2678 4461 dicitur
2731 4407 2847 4460 leve
2898 4422 2992 4460 seu
3040 4419 3220 4476 grave.
3255 4402 3311 4458 ln
3366 4402 3450 4456 his
3489 4402 3738 4457 omnibus

2143 4498 2357 4570 quando
2385 4498 2611 4553 molesta
2636 4499 2898 4562 vitantur,
2930 4504 2990 4550 ut
3033 4502 3283 4565 pulores,
3323 4492 3708 4548 amaritudincs
3727 4535 3743 4559 ,

2146 4599 2330 4654 aestus,
2356 4588 2571 4658 frigora,
2600 4597 2654 4643 et
2679 4602 2903 4657 quaeque
2935 4600 3124 4655 aSpera
3144 4626 3159 4651 ,
3183 4592 3237 4637 et
3256 4583 3387 4637 dura
3409 4624 3422 4647 ,
3451 4591 3502 4636 et
3523 4583 3705 4652 gravia
3728 4625 3744 4649 ,

2146 4678 2540 4735 commoditatis
2569 4677 2834 4747 provisio,
2876 4690 2983 4730 non
3014 4674 3178 4728 libido
3205 4681 3288 4728 est
3328 4673 3632 4743 voluptatis.
3674 4672 3750 4728 Ea

2148 4786 2277 4827 vero
2306 4785 2425 4840 quae
2458 4768 2539 4822 his
2582 4768 2850 4822 contraria
2875 4764 3157 4821 commode
3182 4763 3481 4828 sumimus,
3526 4764 3569 4818 si
3613 4763 3747 4819 nihil

2150 4877 2334 4917 eorum
2359 4862 2584 4915 interest
2610 4858 2680 4914 ad
2703 4858 2926 4912 salutem
2949 4897 2966 4922 ,
2998 4856 3083 4911 vel
3108 4854 3174 4909 ad
3199 4853 3567 4908 declinandam
3594 4853 3753 4908 dolo-

2150 4950 2226 5006 ris
2253 4950 2516 5005 laborisve
2542 4948 2864 5014 molestiam,
2888 4945 3098 5001 etiamsi
3122 4959 3243 5000 eum
3267 4943 3443 5014 aliqua
3462 4953 3748 5000 sumuntur

2154 5042 2511 5099 delectatione
2559 5057 2682 5099 cum
2726 5048 2923 5110 praesto
2971 5047 3135 5105 sunt,
3171 5045 3349 5092 tamen
3393 5051 3515 5092 cum
3559 5038 3757 5093 absunt

2156 5136 2300 5190 nulla
2324 5141 2449 5190 sunt
2474 5130 2829 5189 desideranda
2854 5130 3097 5187 libidine.
3128 5129 3184 5186 Si
3223 5137 3402 5184 autem
3441 5128 3753 5187 desideran-

2196 5297 2241 5362 ἰ
2278 5288 2496 5362 ιςρηηιιιιί
2511 5295 2648 5362 atas,
2681 5276 2869 5362 Utilitas
2910 5283 3146 5362 sentiendi
3178 5289 3251 5362 est
3265 5323 3279 5346 ,
3321 5295 3435 5362 grue
3454 5283 3616 5335 noxiis
3638 5283 3756 5357 reji-

2158 5352 2344 5404 ciendis
2381 5361 2428 5402 et
2472 5345 2669 5401 utilibus
2711 5349 2996 5412 appetendis
3039 5348 3243 5399 consulit
3290 5345 3405 5399 rita:
3435 5359 3584 5410 quam
3627 5345 3761 5421 geri-

2159 5429 2473 5587 ῗίὲῑὲἒὲῒηλίιυ.
2501 5479 2555 5523 et
2576 5480 2683 5523 Mss.
2721 5471 2948 5523 Gallicani
2993 5485 3049 5523 ac
3086 5471 3312 5531 Vaticani,
3361 5467 3773 5521 delectationi

2435 5604 2511 5646 Er.
2552 5597 2697 5670 tugd.
2729 5603 2782 5646 et
2812 5604 2932 5647 \‘en.
2951 5595 3096 5645 deest
3138 5608 3252 5653 vox,
3272 5604 3396 5643 eam.
3421 5598 3533 5641 nov.
3557 5597 3761 5655 praeter-

2198 5676 2229 5710 ιι
2269 5670 2285 5710 t
2367 5667 2408 5708 'tt
2440 5695 2453 5707 .
2553 5667 2608 5707 Μ.

2167 5677 2197 5712 e
2233 5674 2586 5771 Ptglgizfcensis
2608 5718 2830 5783 118.νηίςί
2845 5717 3027 5781 feriunt
3051 5724 3243 5783 propter
3262 5713 3417 5766 illam.

2229 5786 2251 5819 ⁸
2274 5785 2401 5847 Apud
2427 5790 2518 5847 t_.ov
2543 5817 2558 5841 ,
2584 5782 2846 5847 crassiores
2869 5789 2996 5831 sunt.

2232 5850 2254 5879 ο
2279 5842 2415 5908 Eititi,
2440 5842 2555 5894 leve.
2584 5853 2636 5894 At
2655 5850 2780 5901 nas,
2800 5843 2920 5893 tene.
