4088 6562
551 560 656 617 tur,
685 561 790 601 non
831 555 910 600 est
937 545 1154 600 bonum.
1204 542 1259 596 ln
1299 541 1617 610 quibuslibet
1657 539 1796 592 enim
1823 537 1980 592 rebus
2004 537 2122 590 talis

549 639 844 698 domandus
871 647 924 693 et
945 623 1211 693 sanandus
1228 644 1307 690 est
1325 635 1604 704 appetitus.
1627 631 1756 700 Quis
1781 631 1944 695 enim,
1967 644 2128 698 quan-

548 741 861 800 tuscumque
904 731 972 784 sit
1006 729 1232 784 carnalis
1259 722 1712 794 concupiscentia:
1738 721 2046 790 castigator,
2079 719 2124 773 si

549 823 728 878 locum
754 819 1096 904 thymia‘mate
1114 815 1382 873 intraverit
1402 815 1702 878 odoratum,
1733 811 1899 882 possit
1913 809 2126 864 efficere

551 923 609 966 ut
637 913 684 967 ei
709 927 810 965 non
843 901 1075 964 suaviter
1095 909 1253 972 cleat,
1281 905 1382 960 nisi
1401 919 1557 959 nares
1578 902 1806 968 claudat,
1833 910 1924 955 aut
1948 901 2126 954 inten-

551 1005 692 1058 tione
729 1001 1029 1056 vehementi
1066 1001 1326 1054 alienetur
1366 1013 1396 1051 a
1438 996 1676 1064 corporis
1707 991 1980 1046 sensibus?
2019 989 2126 1045 Sed

551 1092 805 1162 numquid
852 1107 971 1144 cum
1016 1090 1138 1144 inde
1181 1088 1338 1142 fuerit
1381 1099 1626 1156 egressus
1647 1126 1660 1152 ,
1693 1083 1744 1138 id
1771 1081 1915 1136 domi
1945 1083 1960 1113 ¹
1992 1095 2122 1146 suae,

549 1185 629 1236 Vel
659 1195 991 1250 quacumque
1019 1179 1224 1248 pergit,
1266 1175 1622 1231 desiderabit?
1647 1183 1736 1228 aut
1763 1173 1809 1228 si
1851 1171 2123 1254 desidera-

553 1271 710 1332 verit,
740 1271 932 1323 satiare
962 1267 1121 1322 debet
1165 1269 1316 1320 istam
1359 1265 1630 1320 libidinem
1650 1305 1664 1328 ,
1697 1279 1801 1317 non
1833 1261 2043 1316 frenare
2071 1269 2126 1316 ct

549 1370 732 1416 contra
753 1359 1214 1428 concupiscentem
1239 1372 1453 1412 carnem
1491 1355 1683 1424 Spiritu
1724 1355 2122 1424 concupiscere,

551 1453 720 1507 donec
747 1451 811 1504 ad
835 1451 977 1504 illam
999 1449 1180 1503 redeat
1195 1447 1495 1509 sanitatem,
1515 1461 1616 1516 qua
1640 1445 1768 1498 nihil
1795 1446 1896 1498 tale
1917 1442 2126 1498 deside-

551 1545 669 1597 ret?
699 1543 973 1595 Minimum
1011 1539 1112 1594 hoc
1137 1538 1348 1608 quidem
1383 1554 1396 1590 :
1430 1537 1522 1590 sed
1564 1536 1650 1606 qui
1677 1535 1884 1588 minima
1910 1533 2118 1604 spernit,

548 1635 685 1690 sicut
712 1635 963 1702 scriptum
991 1641 1090 1696 est,
1119 1629 1363 1702 paulatim
1387 1628 1568 1682 decidit
1594 1627 1613 1699 (
1637 1627 1796 1680 Eccli.
1829 1639 1941 1690 six,
1973 1625 2050 1692 1).

622 1723 709 1778 67.
754 1717 1140 1778 AlimentOrum
1169 1718 1538 1775 sustentaculis
1569 1717 1864 1788 indigemus
1895 1734 1908 1770 :
1935 1715 1978 1770 si
2003 1729 2125 1768 sua-

554 1817 637 1869 via
666 1831 770 1869 non
791 1815 896 1868 sint
925 1828 1044 1884 qute
1069 1829 1160 1867 ore
1181 1821 1482 1878 sumuntur,
1511 1825 1610 1865 nec
1637 1809 1776 1864 sumi
1803 1816 2048 1878 possunt,
2069 1815 2124 1861 et

551 1906 853 1962 nauseantlo
883 1921 1024 1976 smpe
1065 1914 1420 1975 respuuntur;
1462 1913 1517 1959 et
1556 1901 1850 1974 perniciosa
1879 1909 2004 1955 sunt
2030 1914 2124 1953 ca-

549 1999 714 2054 venda
743 1997 950 2052 fastidia
980 2015 992 2052 :
1027 2013 1132 2052 non
1164 1998 1336 2052 solum
1365 2011 1495 2067 ergo
1521 1995 1661 2060 cibo,
1692 1995 1786 2050 sed
1831 1994 1989 2048 etiam
2019 1992 2122 2047 cibi

546 2103 734 2158 sapore
765 2087 964 2159 indiget
992 2088 1272 2142 inﬁrmitas
1287 2087 1526 2155 corporis
1553 2085 1749 2150 nostri;
1777 2099 1884 2140 non
1908 2091 2124 2154 propter

547 2177 959 2233 exsaturandam
989 2177 1282 2244 libidinem,
1312 2176 1408 2232 sed
1447 2185 1666 2246 propter
1697 2175 1946 2230 tuendam
1973 2173 2123 2228 salu-

545 2279 674 2322 tem.
702 2267 838 2322 Cum
878 2283 1006 2338 ergo
1046 2277 1231 2322 natura
1271 2267 1500 2337 quodam
1528 2265 1688 2320 modo
1715 2266 1884 2336 poscit
1909 2265 2124 2334 supple-

543 2369 723 2414 menta
745 2375 865 2429 quae
894 2359 1104 2424 desunt,
1136 2374 1243 2414 non
1258 2367 1476 2413 vocatur
1496 2358 1675 2422 libido,
1711 2357 1804 2411 sed
1842 2355 2007 2410 fames
2033 2363 2126 2410 aut

544 2449 692 2505 sitis:
718 2465 837 2504 cum
862 2463 990 2503 vero
1016 2449 1254 2518 suppleta
1281 2448 1598 2502 necessitate
1615 2463 1765 2502 amor
1785 2447 1976 2502 edendi
2003 2447 2121 2502 ani-

543 2558 690 2596 mum
734 2541 999 2608 sollicitat,
1040 2539 1147 2610 jam
1178 2539 1341 2594 libido
1361 2547 1462 2606 est,
1488 2540 1598 2608 jam
1639 2539 1838 2592 malum
1885 2548 1986 2600 est,
2034 2537 2118 2593 cui

543 2631 840 2688 cedendum
863 2646 968 2685 non
995 2639 1094 2696 est,
1115 2629 1207 2684 sed
1229 2630 1606 2684 resistendum.
1630 2629 1754 2683 llaec
1780 2628 1904 2693 duo,
1933 2627 1985 2682 id
2015 2637 2117 2707 est,

545 2723 744 2779 famem
780 2728 833 2776 et
859 2719 1051 2776 edendi
1086 2735 1325 2780 amorem
1354 2721 1512 2774 etiam
1539 2728 1696 2789 poeta
1731 2719 2006 2784 discrevit,
2031 2718 2120 2788 qui

543 2821 666 2884 post
681 2812 1219 2882 marisjactationem,
1249 2811 1410 2866 sociis
1439 2809 1630 2866 Eneae
1651 2809 1918 2880 naufragis
1947 2819 2002 2865 et
2024 2824 2119 2879 pe-

543 2904 772 2976 regrinis
797 2904 926 2958 satis
946 2917 1066 2958 esse
1083 2902 1330 2972 judicans
1357 2909 1557 2956 tantum
1587 2917 1798 2957 sumere
1832 2903 2117 2956 alimento-

543 3011 697 3064 rum,
748 3005 1002 3066 quantum
1048 2993 1353 3050 refectionis
1398 2996 1419 3026 ²
1458 2991 1744 3065 indigentia
1775 2995 2115 3066 postularet,

541 3087 655 3152 ait,

603 3183 853 3240 Postquam
871 3181 1100 3239 exempta
1123 3173 1274 3246 fames
1295 3175 1479 3246 epulis,
1501 3189 1784 3246 mensaeque
1803 3184 2022 3246 remque.

1170 3237 1368 3302 (Virgil.
1391 3237 1578 3290 Aineid.
1597 3237 1679 3288 lib.
1705 3237 1752 3300 1,
1775 3251 1898 3289 vers.
1923 3238 2058 3302 216.)

541 3321 676 3396 cum
697 3335 828 3376 vero
851 3319 1052 3376 Encas
1078 3321 1190 3390 ipse
1217 3322 1283 3376 ab
1315 3321 1558 3376 Evandro
1579 3337 1706 3392 rege
1732 3332 2010 3393 susceptus
2037 3333 2122 3379 est

543 3411 762 3482 hOSpes,
788 3411 1062 3466 decentius
1079 3411 1368 3465 arbitratus
1395 3413 1684 3482 ampliores
1713 3412 1954 3468 exhiberi
1983 3427 2120 3484 epu-

540 3498 621 3555 las
647 3501 840 3570 regias,
867 3515 1026 3571 quam
1053 3500 1342 3556 necessitas
1370 3511 1632 3571 posceret,
1659 3517 1766 3558 non
1785 3505 1914 3560 satis
1941 3503 2040 3559 fuit
2061 3513 2120 3561 ut

529 3592 742 3648 diceret
757 3634 773 3660 ,

663 3689 920 3748 Postquam
937 3689 1161 3750 exempta
1179 3686 1333 3750 ﬁrmes
1343 3699 1366 3747 ;

527 3765 636 3824 sed
656 3765 878 3836 addidit,

1113 3863 1167 3907 et
1185 3869 1319 3908 amor
1341 3869 1650 3920 compressus
1665 3857 1868 3920 edendi.

1427 3915 1632 3980 (ineid.
1659 3915 1745 3968 lib.
1767 3919 1815 3980 8,
1838 3931 1960 3970 vers.
1987 3919 2117 3985 184.)

529 3998 755 4066 Quanto
777 3997 943 4067 magis
969 4012 1065 4053 nos
1089 3999 1394 4054 discernere
1417 4015 1478 4054 ac
1506 4015 1664 4055 nosse
1692 3999 1969 4067 debemus,
1993 4001 2119 4073 quid

545 4088 842 4145 necessitas
866 4088 1189 4155 refectionis,
1219 4089 1346 4159 quid
1377 4089 1538 4144 libido
1557 4089 1831 4145 edacitatis
1843 4101 2112 4161 exposcat,

531 4196 768 4252 quorum
793 4181 1056 4250 negotium
1085 4191 1166 4236 est
1194 4191 1374 4237 contra
1398 4183 1864 4254 concupiscentem
1897 4201 2118 4242 carnem

545 4271 732 4342 spiritu
776 4271 1170 4342 concupiscere,
1201 4281 1256 4327 et
1289 4273 1643 4330 condelectari
1672 4275 1776 4346 legi
1807 4277 1899 4332 Dei
1925 4293 2117 4333 secun-

533 4367 670 4421 dum
699 4367 1002 4422 interiorem
1031 4367 1333 4434 hominem,
1364 4369 1582 4439 ejusque
1624 4369 1990 4426 delectationis
2029 4387 2118 4426 se-

533 4457 828 4512 renitatem
855 4457 1011 4512 nullis
1051 4457 1350 4514 libidinosis
1376 4459 1820 4516 delectationibus
1841 4463 2118 4518 nubilare?

535 4546 678 4602 Nam
721 4547 821 4601 iste
857 4562 1008 4602 amor
1046 4547 1236 4602 edendi
1277 4563 1385 4603 non
1413 4549 1640 4618 edendo,
1669 4551 1764 4606 sed
1795 4551 2118 4609 continendo

533 4645 626 4694 est
643 4651 759 4692 com
768 4638 1094 4707 primendus.

612 4727 701 4784 68.
741 4727 870 4796 Quis
896 4739 1072 4784 autem
1103 4737 1280 4784 mente
1323 4728 1533 4785 sobrius
1557 4745 1664 4785 non
1691 4731 1891 4798 mallet,
1923 4732 1970 4788 si
1999 4733 2116 4789 ﬁeri

531 4831 743 4890 :posset,
772 4821 888 4876 sine
913 4821 1015 4876 ulla
1041 4821 1274 4877 mordaci
1302 4822 1568 4890 voluptate
1595 4823 1832 4888 carnali,
1861 4825 1944 4880 vel
1968 4825 2116 4882 arida

531 4925 753 4965 sumere
779 4909 1028 4966 alimenta
1055 4953 1071 4978 ,
1100 4912 1184 4966 vel
1226 4911 1439 4965 humida
1461 4954 1474 4978 ,
1521 4913 1656 4968 sicut
1702 4915 1963 4970 sumimus
2001 4916 2117 4974 hmc

533 4999 705 5063 aeria,
727 5015 843 5069 qua:
863 5001 928 5055 de
946 5001 1278 5056 circumfusis
1300 5003 1444 5056 auris
1466 5004 1774 5072 respirando
1795 5015 1848 5060 et
1867 5007 2116 5076 spirando

529 5091 817 5143 sorbemus
846 5099 897 5143 et
935 5089 1247 5146 fundimus?
1291 5091 1441 5158 Quod
1479 5093 1824 5164 alimentum,
1864 5112 1984 5152 cum
2023 5112 2117 5155 ore

529 5193 604 5233 ac
655 5179 874 5233 naribus
913 5181 1026 5234 sine
1077 5181 1377 5236 cessatione
1431 5195 1730 5250 sumamus,
1781 5201 1882 5241 nec
1943 5189 2111 5258 sapit,

533 5285 645 5324 nec
681 5269 790 5324 olet
821 5270 1106 5340 quidquam
1163 5290 1176 5326 :
1224 5289 1324 5328 nec
1363 5285 1538 5330 tamen
1581 5277 1696 5332 sine
1739 5278 1831 5334 illo
1867 5281 1952 5335 vel
2000 5289 2117 5336 tan-

535 5361 658 5415 :tillo
703 5361 874 5430 spatio
923 5363 1209 5432 temporis,
1255 5367 1394 5420 sicut
1429 5373 1537 5421 tam
1589 5369 1794 5437 prolixe
1843 5371 1958 5427 sine
1995 5373 2116 5428 cibo

543 5459 601 5506 et
615 5459 769 5524 potu,
795 5465 1083 5522 possumus
1115 5455 1294 5511 vivere
1323 5475 1339 5512 :
1367 5472 1467 5512 nec
1495 5459 1610 5528 ejus
1639 5461 1922 5533 indigentia
1950 5469 2116 5523 senti-

543 5551 663 5609 tur,
703 5542 808 5597 nisi
847 5542 1089 5598 molestia
1115 5586 1130 5612 ,
1173 5547 1217 5598 si
1245 5562 1336 5602 ora
1366 5564 1629 5620 naresque
1656 5552 1966 5611 claudantur
1987 5600 2004 5626 ,
2032 5561 2118 5615 vel

542 5643 670 5690 nutu
701 5635 988 5690 voluntatis
1011 5677 1026 5702 ,
1071 5647 1327 5707 quantum
1353 5641 1480 5697 sinit
1517 5643 1627 5714 ipsa
1655 5647 1913 5714 molestia,
1951 5652 2116 5721 pauli-

605 5763 622 5795 ¹
653 5770 750 5812 Ain.
775 5770 849 5812 Er.
877 5771 928 5811 et
953 5771 1081 5824 Mss,
1107 5765 1284 5818 domr'i.

606 5829 627 5856 ¹
649 5832 777 5884 mm,
801 5824 1055 5888 refectimw
1082 5841 1097 5876 .'
1127 5835 1375 5880 Ittctnluse.

1314 428 1590 504 CONTRA
1630 425 1966 485 JULMNUM
2007 421 2460 486 PELACMNLTM,
2493 426 2548 480 s.
2591 426 2953 482 AUGUSTINI
3685 434 3774 493 τη

2231 551 2355 604 sper
2397 539 2700 606 pulmonum
2746 539 3075 596 inhibeamus
3116 539 3345 596 efficium
3370 585 3382 604 ,
3430 545 3617 614 quibus
3651 553 3775 608 velut

2229 627 2442 682 follibus
2482 628 2774 684 alternante
2815 640 2959 684 motu
2995 632 3179 686 vitales
3225 632 3381 687 ﬂatus
3424 635 3688 692 haurimus
3727 652 3774 697 et

2229 719 2520 777 reddimus.
2551 722 2756 788 Quanto
2782 733 2923 780 esset
2951 723 3156 781 felicius
3175 766 3192 792 ,
3219 723 3263 780 si
3295 727 3539 797 spatiosis
3583 731 3774 800 quidem

2229 809 2540 878 intervallis,
2556 811 2690 866 sicut
2707 813 2864 867 etiam
2881 829 3036 880 nunc,
3058 816 3139 868 vel
3159 824 3634 889 quantumcumque
3667 835 3774 890 spa-

2230 901 2553 969 tiosioribus,
2591 903 2707 960 sine
2734 905 2836 958 ulla
2864 906 3070 974 saporis
3097 907 3402 962 illecebrosa
3444 909 3690 964 suavitate
3711 913 3776 965 ci-

2227 991 2350 1046 bum
2379 993 2770 1062 perciperemus
2792 1004 2845 1050 et
2869 1005 3074 1066 potum,
3097 1013 3200 1068 quo
3229 1007 3424 1053 tantam
3455 1001 3772 1057 molestiam‘

2227 1083 2312 1138 vel
2339 1086 2625 1153 perniciem
2657 1086 2974 1155 pelleremus
2999 1089 3066 1142 ’ἲ
3093 1089 3222 1144 Nam
3262 1091 3306 1144 si
3338 1091 3388 1146 in
3418 1093 3658 1160 praesenti
3683 1097 3774 1150 vita

2236 1181 2593 1242 temperanter
2621 1175 2868 1230 alimenta
2899 1188 3201 1245 sumentes,
3231 1181 3563 1236 continentes
3601 1199 3777 1238 vocan-

2229 1271 2313 1318 tur
2340 1271 2394 1318 et
2422 1264 2606 1330 sobrii,
2639 1267 2932 1336 meritoque
2959 1268 3098 1324 laudi
3127 1269 3386 1324 habentur
3410 1271 3451 1338 ³,
3481 1286 3579 1326 nec
3606 1273 3775 1328 desunt

2229 1353 2553 1424 hujusmodi,
2585 1357 2672 1426 qui
2701 1368 2950 1427 quantum
2981 1368 3168 1414 natura
3200 1369 3361 1431 petat,
3393 1371 3486 1416 aut
3513 1363 3679 1417 minus
3703 1379 3775 1418 re-

2229 1447 2468 1503 fectionis
2512 1461 2822 1516 assumant.
2871 1451 3168 1518 malentes,
3213 1454 3258 1508 si
3299 1453 3458 1508 modo
3498 1456 3774 1513 necessitati

2228 1551 2462 1608 congruo
2487 1537 2510 1570 ⁸
2553 1539 2837 1606 falluntur,
2883 1543 3060 1597 minus
3089 1543 3141 1597 id
3169 1544 3457 1613 sumpsisse
3486 1559 3638 1614 quam
3673 1560 3775 1599 am-

2227 1628 2366 1698 plius
2395 1645 2408 1681 :
2439 1639 2634 1699 quanto
2663 1632 2829 1701 magis
2867 1632 2919 1686 in
2959 1632 3051 1687 illa
3082 1633 3336 1703 dignitate
3365 1633 3643 1688 honestum
3671 1651 3773 1690 mo-

2227 1715 2354 1772 dum
2403 1717 2565 1776 fuisse
2610 1721 2936 1778 credendum
2981 1733 3064 1778 est
3105 1723 3485 1779 sumendorum
3529 1726 3776 1782 alimento-

2227 1821 2367 1876 rum,
2395 1823 2499 1877 quo
2527 1819 2578 1863 et
2603 1811 2816 1865 animali
2843 1813 3050 1882 corpori
3079 1814 3378 1869 necessaria
3407 1815 3770 1884 prmberentur,

2227 1907 2282 1954 et
2305 1898 2492 1954 modus
2519 1901 2773 1955 naturalis
2811 1902 3112 1958 nullatenus
3138 1904 3523 1968 execderetur;
3567 1905 3695 1960 sicut
3729 1907 3772 1961 in

2227 1989 2474 2058 paradiso
2513 1990 2712 2059 primos
2741 1993 2982 2048 homines
3014 1994 3210 2050 vixisse
3239 1975 3562 2050 credendum
3601 1997 3716 2051 est?

2297 2079 2386 2134 69.
2417 2079 2666 2146 Quamvis
2683 2084 2941 2152 nonnulli,
2962 2099 3131 2154 neque
3157 2084 3210 2139 hi
3235 2087 3676 2155 contemptibiles,
3698 2086 3768 2141 di-

2225 2172 2334 2226 vini
2361 2173 2557 2242 eloquii
2591 2183 2932 2244 tractatores,
2970 2177 3116 2232 nullo
3143 2176 3510 2247 hujuscemodi
3535 2177 3671 2232 victu
3695 2193 3774 2232 eos

2229 2262 2521 2332 indiguisse
2549 2265 2726 2333 potius
2753 2267 3037 2336 Opinentur
3063 2308 3078 2334 ,
3122 2278 3179 2322 ut
3225 2283 3285 2322 ea
3314 2267 3424 2323 sola
3467 2267 3518 2322 in
3558 2269 3773 2338 paradiso

2225 2354 2468 2424 voluptas
2496 2356 2580 2409 vel
2612 2355 2861 2411 alimonia
2905 2359 3241 2413 existimetur
3273 2357 3434 2413 fuisse
3457 2400 3472 2426 ,
3517 2374 3616 2429 qua
3653 2359 3774 2412 delc-

2225 2453 2436 2502 ctantur
2457 2456 2512 2502 et
2538 2448 2752 2504 aluntur
2770 2449 2928 2504 corda
2955 2451 3292 2521 sapientium.
3317 2449 3422 2506 Sed
3452 2466 3550 2521 ego
3576 2467 3685 2506 cum
3708 2449 3772 2505 eis

2226 2539 2417 2605 sentio,
2449 2541 2540 2611 qui
2566 2541 2702 2596 sicut
2727 2543 2856 2596 illud
2885 2543 3026 2613 quod
3063 2543 3261 2598 dictum
3293 2553 3394 2611 est,
3429 2543 3705 2597 Masculum
3737 2551 3773 2594 et

2227 2631 2464 2700 feminam
2490 2632 2608 2702 fecit
2632 2647 2737 2700 eos,
2767 2642 2813 2686 et
2838 2632 3088 2688 benedixit
3116 2633 3234 2688 illos
3263 2633 3418 2700 Deus,
3451 2634 3649 2700 dicens,
3675 2631 3770 2688 Cre-

2223 2723 2344 2776 scite
2369 2731 2416 2776 et
2455 2723 2896 2793 multiplicamini,
2933 2735 2978 2780 et
3015 2725 3214 2796 implete
3249 2735 3431 2780 terram
3459 2767 3473 2791 ,
3513 2725 3771 2782 secundum

2223 2825 2409 2866 sexum
2452 2815 2783 2884 corporalem
2827 2825 2986 2886 atque
3021 2819 3362 2887 conspicuum
3403 2817 3692 2884 intelligunt
3714 2817 3772 2871 di-

2223 2911 2367 2955 ctum
2400 2918 2414 2955 :
2450 2903 2518 2955 ita
2547 2904 2706 2957 etiam
2733 2905 2872 2972 quod
2914 2906 3070 2975 paulo
3111 2915 3228 2977 post
3263 2907 3537 2978 sequitur,
3579 2907 3640 2961 Et
3663 2905 3772 2960 dixit

2223 2989 2384 3056 Deus,
2407 2991 2540 3048 Ecce
2555 2993 2668 3048 dedi
2696 2995 2828 3050 vobis
2843 3013 2988 3050 omne
3009 3000 3176 3068 fenum
3198 2999 3414 3052 sativum
3437 3000 3680 3053 seminans
3702 3015 3770 3052 se-

2223 3099 2336 3137 men
2359 3121 2376 3150 ,
2401 3085 2540 3154 quod
2564 3095 2638 3139 est
2669 3103 2819 3158 super
2855 3105 3050 3143 omnem
3079 3098 3263 3144 terram
3283 3132 3296 3155 ,
3340 3099 3388 3143 et
3423 3107 3568 3144 omne
3603 3091 3770 3160 lignum

2222 3174 2357 3244 quod
2395 3175 2542 3232 habet
2574 3178 2628 3231 in
2668 3194 2722 3232 se
2749 3183 2968 3249 fructum
2993 3181 3200 3234 seminis
3235 3181 3410 3246 salivi;
3451 3182 3585 3236 uobis
3625 3182 3707 3235 erit
3727 3181 3769 3235 in

2221 3279 2387 3318 escam
2407 3307 2422 3333 ,
2451 3275 2500 3319 et
2527 3266 2754 3322 omnibus
2782 3269 2948 3325 bestiis
2974 3277 3134 3336 terrm,
3175 3281 3220 3325 et
3249 3270 3479 3326 omnibus
3515 3271 3769 3326 volatilibus

2222 3359 2354 3426 caeli,
2385 3369 2434 3414 et
2455 3361 2593 3415 omni
2615 3365 2834 3434 serpenti
2861 3367 3053 3434 repenti
3077 3366 3100 3397 ⁸
3123 3383 3275 3435 super
3302 3375 3508 3432 terram,
3537 3369 3664 3438 quod
3689 3370 3768 3422 lm-

2222 3447 2302 3501 bet
2327 3449 2382 3503 in
2418 3466 2472 3504 se
2499 3452 2722 3506 animum
2746 3455 2858 3508 uiue
2873 3472 2893 3520 ;
2918 3465 2966 3509 et
2995 3473 3140 3510 omne
3163 3458 3334 3526 fenum
3362 3459 3522 3514 uiride
3553 3461 3604 3514 in
3629 3477 3768 3514 escam

2222 3537 2374 3610 (Gen.
2401 3555 2456 3610 ι,
2487 3540 2713 3616 27-50);
2745 3560 2850 3600 non
2891 3546 3044 3602 aliter
3084 3549 3375 3618 accipiunt,
3418 3551 3520 3606 nisi
3561 3553 3673 3622 quia
3697 3551 3768 3606 ille

2221 3639 2448 3703 uterque
2474 3648 2636 3690 sexus
2661 3635 2744 3691 his
2773 3637 3040 3693 alimentis
3061 3640 3250 3710 quibus
3271 3651 3322 3695 et
3341 3641 3584 3696 animalia
3603 3651 3766 3698 cmtera

2219 3726 2572 3795 corporaliter
2599 3729 2862 3795 utebatur,
2895 3738 2948 3786 et
2973 3730 3203 3786 habebat
3221 3747 3284 3786 ex
3306 3733 3407 3788 hoc
3429 3735 3568 3790 victu
3589 3742 3767 3789 susten-

2222 3816 2456 3870 taculum
2482 3831 2776 3888 congruum
2797 3860 2813 3886 ,
2854 3819 2978 3875 licet
3015 3821 3174 3877 modo
3203 3823 3432 3892 quodam
3474 3824 3764 3888 immortali,

2221 3911 2402 3959 tamen
2422 3905 2636 3960 animali
2663 3909 2875 3977 corpori
2901 3909 3283 3979 necessarium,
3307 3927 3374 3967 ne
3393 3912 3669 3984 indigentia
3690 3913 3766 3966 lte-

2221 3993 2468 4062 deretur;
2499 3995 2568 4052 de
2595 3997 2738 4068 ligno
2763 4007 2942 4054 autem
2969 3999 3109 4066 vitae,
3144 4015 3212 4055 ne
3237 4011 3515 4059 senectute
3541 4001 3765 4072 perduce-

2219 4093 2372 4140 retur
2405 4087 2474 4141 ad
2501 4097 2752 4146 mortem.
2802 4089 2908 4145 Sed
2939 4091 3081 4146 nulla
3110 4091 3316 4148 ratione
3351 4093 3693 4158 crediderim,
3720 4092 3762 4146 in

2221 4175 2314 4230 illo
2339 4184 2498 4232 tantae
2531 4177 2797 4234 felicitatis
2837 4179 2994 4248 loco,
3040 4189 3134 4236 aut
3173 4195 3388 4238 carnem
3427 4181 3762 4255 concupivisse

2219 4264 2475 4322 adversus
2495 4267 2735 4336 spiritum
2759 4276 2814 4322 et
2832 4269 3072 4338 spiritum
3099 4270 3358 4326 adversus
3377 4287 3608 4340 carnem,
3631 4279 3764 4342 atque

2220 4355 2276 4410 in
2302 4355 2403 4410 ista
2441 4357 2838 4414 conflictatione
2863 4359 2980 4416 sine
3012 4360 3222 4417 interna
3259 4376 3392 4432 pace
3427 4364 3649 4430 vixisse;
3689 4369 3763 4416 aut

2221 4449 2465 4518 spiritum
2502 4449 2785 4506 desideriis
2823 4467 2929 4508 non
2967 4469 3294 4524 repugnasse
3321 4456 3650 4520 carnalibus,
3683 4451 3760 4508 sed

2219 4539 2474 4610 quidquid
2503 4541 2872 4614 undecumque
2899 4543 3060 4600 libido
3079 4555 3431 4617 suggesserat,
3461 4547 3598 4616 turpi
3618 4544 3760 4600 servi-

2221 4629 2295 4684 tio
2324 4629 2613 4700 peregisse.
2642 4631 2902 4690 Remanet
2935 4635 3121 4705 igitur,
3151 4645 3209 4690 ut
3232 4643 3325 4691 aut
3349 4637 3493 4691 nulla
3523 4637 3588 4691 ibi
3627 4633 3760 4688 fuerit

2220 4721 2450 4776 carnalis
2467 4723 2918 4794 concupiscentia,
2940 4725 3034 4782 sed
3055 4727 3146 4782 ille
3167 4709 3324 4782 fuerit
3343 4725 3552 4782 vivendi
3575 4725 3756 4789 modus,

2220 4817 2282 4866 ut
2327 4810 2506 4865 omnia
2553 4814 2854 4868 necessaria
2903 4815 3152 4886 congruis
3193 4817 3550 4874 membrorum
3597 4814 3760 4872 ofﬁciis

2217 4903 2335 4958 sine
2381 4903 2542 4958 ullius
2583 4913 2730 4959 motu
2773 4905 3006 4962 libidinis
3050 4909 3399 4978 implerentur
3447 4911 3588 4979 (non
3633 4907 3754 4963 enim

2219 4993 2340 5063 quia
2367 5001 2508 5048 terra
2533 5011 2638 5049 non
2665 4995 2901 5064 libidine,
2933 4997 3028 5052 sed
3055 4999 3324 5054 voluntate
3347 5001 3505 5054 motis
3531 4999 3759 5070 agricola-

2219 5097 2336 5137 rum
2378 5083 2623 5140 manibus
2662 5085 2988 5154 seminatur,
3037 5088 3158 5144 ideo
3199 5103 3326 5145 suos
3361 5091 3636 5160 pariendos
3667 5101 3756 5142 non

2219 5171 2450 5242 concipit
2472 5171 2650 5244 fetus)
2683 5191 2696 5226 :
2727 5182 2852 5242 aut,
2879 5191 2948 5232 ne
2977 5177 3196 5232 nimium
3225 5179 3494 5235 videamur
3517 5177 3758 5234 offendere

2220 5263 2464 5319 homines
2483 5306 2498 5333 ,
2541 5265 2633 5337 qui
2661 5267 2986 5338 voluptatem
3015 5271 3256 5340 corporis
3295 5273 3758 5343 quomodocumqne

2285 5417 2304 5491 ξ
2322 5417 2528 5491 Eatieani
2547 5419 2765 5491 quinque
2791 5429 2917 5491 Mssa,
2942 5429 3124 5472 tinuum
3143 5423 3420 5491 molestiam.
3705 5481 3714 5491 ,

2283 5478 2304 5509 ³
2329 5477 2639 5548 Floriacen'sis
2654 5477 2797 5532 vetus
2817 5477 2974 5548 codex
2989 5485 3206 5548 ιιι-τριετῆ
3227 5486 3304 5536 hic
3318 5486 3490 5548 decem
3502 5495 3681 5548 versus,
3705 5481 3756 5548 ἰιι

2221 5547 2278 5590 ut
2289 5547 2415 5609 post,
2443 5539 2727 5602 pelleremus
2743 5581 2757 5604 ,
2794 5539 3016 5606 proxime
3037 5547 3316 5608 subjungat,
3337 5547 3460 5599 sicut
3493 5546 3542 5599 in
3559 5545 3756 5610 parum”

2223 5613 2403 5648 nrsmos
2425 5599 2635 5648 homines
2658 5603 2835 5648 vix-isse
2857 5606 3154 5648 credendum
3172 5615 3257 5648 pst.

2223 5606 2403 5665 primos
2425 5606 2635 5652 homines
2658 5606 2835 5655 vixisse
2857 5606 3154 5656 credendum
3172 5606 3257 5656 est.
3302 5606 3308 5608 ’
3559 5606 3568 5610 '

2287 5663 2308 5733 Ῠ
2333 5671 2462 5733 ΜΨίῖ
2485 5667 2806 5733 Invenisti-ses
2827 5674 3032 5733 ἓθοῑιιὲην
3049 5665 3192 5718 laude
3214 5667 3348 5733 digni
3369 5667 3610 5720 habentur.

2286 5722 2308 5754 ⁵
2425 5730 2528 5773 uss.
2555 5731 2614 5794 .At_
2631 5725 2779 5794 editi,
2803 5727 2845 5779 si
2865 5722 3028 5780 modo'
3051 5722 3343 5782 ηεατείιᾶιὶε
3386 5741 3598 5794 congruo.
3640 5731 3754 5774 Ferte

2224 5784 2506 5842 legendum,
2524 5784 2568 5834 si
2596 5785 2646 5834 in
2667 5784 2825 5837 modo.

2290 5847 2310 5878 ³
2334 5847 2467 5902 aditi,
2493 5849 2711 5902 reptanti.

2455 5880 2467 5905 θ
2493 5880 2504 5894 ι
2519 5880 2711 5902 auruncu-
