4118 6512
389 365 493 423 773

385 474 703 543 defendunt,
736 474 809 529 ita
836 473 906 531 ibi
926 471 1175 530 credatur
1200 470 1492 527 carnalium
1518 483 1774 525 sensuum
1807 468 1969 524 fuisse

388 566 688 626 libidinem.
721 572 779 620 ut
801 565 949 621 omni
971 562 1131 620 modo
1157 561 1406 619 rationali
1436 559 1644 616 subdita
1673 559 1972 623 voluntati,

387 672 499 714 non
524 656 658 713 alias
686 657 920 722 adesset,
952 654 1054 711 nisi
1079 669 1203 710 cum
1236 668 1331 724 per
1357 652 1505 709 illam
1533 650 1618 708 vel
1647 651 1806 707 saluti
1830 660 1978 709 esset

389 748 653 820 corporis,
684 746 772 803 vel
794 747 977 817 stirpis
1004 745 1280 817 propagini
1308 742 1732 809 consulendum;
1754 753 1809 798 et
1829 753 1975 799 tanta

384 841 637 910 adesset,
677 848 739 895 ut
775 838 919 895 nulla
955 854 1021 895 ex
1052 846 1202 909 parte
1238 843 1472 892 mentem
1509 834 1579 890 de
1620 849 1976 905 supernarum

385 933 770 1006 cogitationum
808 931 1166 988 delectatione
1205 929 1534 1001 deponeret,
1580 928 1761 983 nullus
1787 942 1978 998 super-

388 1038 594 1082 vacuus
615 1024 732 1082 sive
753 1022 1090 1094 importunus
1110 1029 1287 1078 motus
1306 1030 1451 1077 esset
1476 1036 1543 1077 ex
1572 1020 1679 1086 illa,
1712 1019 1845 1074 nihil
1873 1017 1976 1074 nisi

383 1114 529 1188 quod
560 1114 841 1186 prodesset
867 1116 1019 1174 ﬁeret
1051 1129 1148 1185 per
1177 1114 1325 1170 illam
1346 1156 1362 1183 ,
1395 1114 1528 1170 nihil
1559 1113 1782 1171 omnino
1821 1111 1977 1169 fieret

385 1215 608 1279 propter
629 1206 797 1262 illam.

462 1295 549 1353 70.
587 1296 741 1354 Nunc
764 1312 895 1352 vero
921 1312 1081 1368 quam
1111 1312 1170 1353 se
1193 1297 1347 1353 aliter
1366 1297 1578 1365 habeat,
1600 1297 1691 1368 qui
1718 1296 1979 1353 dimicant

383 1388 641 1443 adversus
668 1402 787 1443 eam
808 1428 823 1453 ,
854 1387 909 1443 hi
932 1389 1165 1444 maxime
1186 1388 1441 1444 sentiunt.
1473 1386 1673 1459 Ingerit
1698 1404 1758 1444 se
1783 1388 1975 1444 viden-

385 1478 529 1535 tibus
551 1478 638 1534 vel
666 1477 1004 1534 audientibus
1038 1478 1260 1549 aliquid,
1291 1479 1536 1550 quamvis
1574 1487 1793 1550 propter
1830 1478 1975 1536 aliud

383 1568 601 1624 videant
622 1576 679 1624 et
702 1567 944 1634 audiant,
976 1578 1035 1624 ut
1062 1569 1272 1624 etiamsi
1296 1569 1544 1640 tangendi
1570 1582 1675 1624 non
1702 1568 1829 1624 inde
1856 1584 1977 1639 per-

385 1659 518 1730 cipit
557 1660 912 1730 voluptatem,
959 1660 1150 1716 saltem
1196 1660 1553 1730 voluptariam
1598 1660 1974 1732 cogitationem

383 1751 525 1827 inter
562 1751 866 1808 necessaria
905 1767 1024 1824 quae
1067 1751 1136 1808 ad
1177 1766 1297 1808 eam
1336 1766 1444 1808 non
1483 1753 1773 1823 pertinent,
1824 1762 1974 1810 motu

382 1844 678 1914 obrepente
697 1844 923 1900 foretur.
951 1844 1005 1899 ln
1027 1843 1157 1914 ipsis
1176 1858 1340 1916 porro
1357 1844 1788 1915 cogitationibus,
1810 1845 1972 1901 etiam

381 1934 597 2005 quando
624 1933 757 1990 nihil
787 1934 1162 1991 illecebrosum
1186 1934 1398 2004 adjacet
1421 1935 1613 1998 oculis,
1640 1943 1733 1991 aut
1758 1936 1975 1992 insonat

380 2026 602 2083 auribus
622 2068 638 2093 ,
666 2042 787 2097 quae
821 2041 928 2081 non
956 2035 1183 2082 conatur
1206 2026 1369 2082 etiam
1410 2026 1652 2083 obsoleta
1679 2035 1840 2098 atque
1877 2041 1973 2082 so-

383 2118 496 2190 pita
523 2117 984 2175 recordationibus
1010 2119 1265 2190 inquietis
1287 2133 1412 2176 cum
1443 2119 1586 2190 turpi
1613 2118 1974 2176 delectatione

381 2211 673 2277 reiricare,
704 2219 760 2265 et
787 2211 951 2267 castis
976 2212 1283 2282 sanctisque
1325 2211 1717 2267 intentionibus
1744 2212 1973 2268 tumultu

381 2301 615 2371 quodam
664 2300 898 2357 sordida:
950 2301 1393 2371 interpellatiouis
1438 2302 1799 2372 obstrepere?
1852 2301 1971 2360 Jam

380 2406 509 2448 vero
533 2408 655 2447 cum
680 2393 749 2447 ad
773 2407 925 2448 usum
950 2402 1167 2449 ventum
1198 2393 1360 2449 fuerit
1384 2394 1700 2449 necessaria:
1725 2392 1971 2463 volupta-

381 2484 471 2550 tis,
499 2497 595 2553 per
620 2498 776 2553 quam
798 2482 1068 2538 reficimus
1092 2498 1342 2552 corpora,
1370 2483 1492 2553 quis
1513 2482 1690 2537 verbis
1714 2482 1969 2553 explicet,

378 2574 830 2648 quemadmodum
861 2592 959 2629 nos
999 2575 1215 2630 modum
1256 2573 1592 2631 necessitatis
1620 2574 1823 2630 sentire
1863 2591 1971 2631 non

378 2666 553 2735 sinat,
582 2674 638 2722 et
661 2666 834 2737 ipsum
865 2665 1087 2721 limitem
1116 2665 1468 2737 procurandae
1494 2665 1698 2729 salutis,
1746 2665 1799 2719 in
1825 2681 1974 2736 qum-

375 2771 505 2827 que,
540 2757 586 2811 si
611 2755 804 2813 adsunt
839 2757 857 2788 ί
882 2797 897 2822 ,
926 2756 1263 2812 delectabilia
1293 2755 1571 2826 rapiendo,
1601 2754 1896 2810 abscondat
1919 2764 1973 2811 et

381 2858 648 2916 transeat;
682 2849 993 2919 putantibus
1032 2848 1203 2905 nobis'
1227 2849 1358 2903 satis
1386 2864 1493 2902 non
1523 2862 1645 2903 esse
1672 2845 1815 2918 quod
1844 2847 1973 2901 satis

377 2951 483 3009 est,
513 2941 640 2997 dum
670 2942 898 2997 libenter
922 2940 1041 3010 ejus
1067 2939 1536 3010 provocationibus
1559 2939 1828 3005 ducimur,
1857 2939 1974 2993 exi-

376 3032 657 3088 stimantes
685 3046 785 3086 nos
804 3031 980 3085 adhuc
1004 3046 1163 3100 agere
1188 3030 1458 3099 negotium
1478 3028 1819 3096 valetudinis,
1847 3044 1969 3083 cum

375 3137 599 3194 agamus
629 3123 804 3193 potius
826 3119 1149 3177 cruditatis?
1177 3120 1314 3190 Quid
1336 3122 1479 3176 enim
1504 3120 1631 3177 mali
1657 3119 1967 3188 fecerimus,

376 3214 595 3284 crapula
631 3213 940 3285 pmnitenda
965 3214 987 3246 ³
1016 3221 1274 3279 testatur;
1304 3212 1449 3284 quod
1488 3222 1822 3278 metuentes,
1856 3212 1971 3282 plc-

377 3321 610 3378 rumque
673 3306 892 3370 minus,
957 3320 1117 3376 quam
1175 3304 1479 3361 eximenda:
1532 3303 1661 3360 fami
1720 3302 1967 3372 sufficit,

376 3398 649 3455 vescimur
690 3415 704 3453 :
748 3397 822 3453 ita
862 3396 1035 3452 nescit
1072 3394 1336 3467 cupiditas
1361 3435 1379 3463 ,
1424 3394 1517 3451 ubi
1554 3392 1738 3449 linitur
1782 3408 1970 3451 neces-

376 3489 510 3547 sitas
538 3488 583 3546 ³.
796 3480 807 3485 “

452 3581 541 3637 7|.
574 3579 644 3636 Et
671 3579 787 3636 haec
813 3579 1029 3651 quidem
1058 3577 1311 3635 vescendi
1336 3585 1497 3647 atque
1527 3574 1743 3647 potandi
1774 3576 1971 3632 tolera-

378 3672 506 3730 bilis
531 3680 616 3729 est
637 3672 920 3742 voluptas,
961 3678 1160 3742 quanta
1201 3684 1487 3741 possumus
1514 3669 1810 3725 intentione
1839 3669 1971 3740 vigi-

380 3764 616 3820 lantibus
642 3763 818 3831 nobis,
851 3773 909 3818 ut
933 3761 1141 3818 facilius
1161 3776 1269 3817 non
1296 3762 1531 3832 impleat,
1563 3775 1721 3831 quam
1748 3760 1967 3816 modum

380 3857 671 3929 aliquando
708 3858 885 3912 victus
928 3854 1243 3911 sufﬁcientis
1287 3854 1554 3911 excedat:
1587 3863 1775 3910 contra
1818 3854 1971 3925 cujus

378 3949 869 4021 concupiscentiam
895 3957 950 4004 et
969 3946 1264 4019 jejunando
1284 3952 1349 4001 et'
1366 3945 1575 4016 parcius
1600 3945 1851 4001 alimenta
1876 3959 1969 4000 su-

378 4042 578 4098 mendo
617 4056 952 4113 pugnamus;
995 4055 1168 4111 coque
1210 4039 1353 4094 malo
1391 4038 1529 4093 bene
1570 4043 1697 4092 tunc
1740 4038 1968 4103 utimur,

377 4132 594 4205 quando
620 4132 887 4203 peritiam
916 4131 1129 4187 nonnisi
1157 4129 1298 4201 quod
1336 4129 1493 4186 saluti
1523 4127 1864 4185 conducibile
1889 4137 1973 4183 est

376 4224 608 4296 agimus.
648 4222 774 4279 Ideo
800 4231 981 4278 autem
1013 4222 1151 4276 hanc
1192 4219 1520 4292 voluptatem
1561 4218 1670 4274 divi
1713 4217 1968 4274 tolerabi-

375 4316 524 4382 lem,
549 4316 672 4386 quia
702 4315 783 4370 vis
810 4313 926 4384 ejus
959 4321 1106 4368 tanta
1137 4327 1243 4367 non
1267 4320 1350 4367 est
1369 4352 1385 4379 ,
1415 4319 1472 4365 ut
1499 4323 1600 4366 nos
1626 4324 1658 4365 a
1687 4308 1971 4381 cogitatio-

377 4407 540 4463 nibus
565 4406 632 4462 ad
662 4405 979 4477 sapientiam
1008 4405 1423 4475 pertinentibus,
1454 4403 1500 4458 si
1530 4403 1582 4458 in
1618 4416 1712 4458 eas
1737 4417 1925 4458 sumus
1948 4401 1971 4434 δ

377 4499 577 4556 mentis
601 4498 959 4555 delectatione
993 4496 1282 4567 suspensi,
1320 4497 1604 4565 abrumpat
1634 4504 1691 4551 et
1733 4494 1969 4566 dejiciat.

377 4590 514 4648 Nam
540 4606 686 4662 saepe
711 4589 778 4647 de
804 4590 1012 4661 magnis
1052 4589 1215 4645 rebus
1254 4589 1396 4645 inter
1434 4588 1621 4658 epulas
1648 4603 1755 4642 non
1794 4587 1970 4643 solum

377 4684 698 4756 cogitamus,
723 4698 909 4741 verum
930 4682 1092 4739 etiam
1112 4681 1462 4751 disputamus,
1486 4688 1647 4751 atque
1668 4682 1806 4738 inter
1826 4681 1972 4752 ipsos

379 4775 624 4832 ciborum
652 4789 865 4830 morsus
890 4781 947 4830 et
972 4773 1247 4845 potionum
1272 4773 1471 4843 glutus,
1500 4771 1669 4827 nihilo
1698 4772 1973 4828 remissius

381 4865 652 4923 audiendo
674 4865 1011 4936 dicendoque
1039 4863 1418 4934 colloquimur,
1449 4872 1503 4918 et
1532 4862 1674 4933 quod
1701 4877 1860 4917 nosse
1887 4862 1971 4918 vel

379 4960 623 5017 recolere
649 4957 919 5025 volumus,
946 4956 1304 5014 intentissime
1328 4954 1547 5010 omnino
1579 4954 1801 5031 sinobis
1827 4954 1973 5025 lega-

380 5060 470 5109 tur
495 5049 807 5120 accipimus.
847 5049 937 5103 llla
969 5063 1097 5103 vero
1126 5062 1223 5118 pro
1251 5060 1356 5117 qua
1400 5060 1610 5101 mecum
1650 5044 1812 5099 tantis
1836 5058 1970 5099 con-

382 5141 712 5199 tentionibus
734 5140 930 5212 litigas,
959 5140 1121 5196 etiam
1145 5138 1358 5210 quando
1382 5137 1449 5193 ad
1474 5153 1593 5193 eam
1621 5137 1759 5192 bona
1791 5136 1971 5193 inten-

381 5234 527 5289 tione
547 5276 563 5302 ,
590 5232 695 5288 hoc
721 5240 838 5302 est,
879 5246 1038 5288 causa
1067 5229 1422 5304 propagandae
1451 5228 1617 5299 prolis
1653 5226 1966 5296 acceditur;

448 5406 464 5437 ¹
490 5404 623 5476 mliti.
640 5411 742 5453 Am.
760 5411 812 5455 et
832 5402 1000 5478 ἰν.ρη
1019 5416 1130 5478 quia
1144 5402 1391 5478 aiadsunt.
1417 5401 1744 5478 mv.,_si_quw
1763 5401 1976 5465 adactam

380 5478 581 5526 orutsso,
602 5472 657 5516 in
676 5478 896 5531 quisque.
930 5472 1229 5528 Castigantur
1252 5478 1318 5515 ex
1341 5472 1693 5526 manusa'iptis.

449 5531 471 5561 ³
495 5530 569 5591 sic
589 5528 943 5591 tlss._l_tt_editi,
964 5527 1253 5591 pmm'tmdo.
1355 5585 1385 5591 ,Α

450 5562 1278 5662 οὲἑὶᾷᾷῒιόἴ’βῖιῗᾶἴιῖνν“ἧὲ’ἴέἐδ“ίὶῖιὲ.
1323 5585 1510 5650 atque.
1549 5592 1676 5648 us.
1699 5584 1783 5637 ubi
1803 5581 1973 5651 ιεηει..

379 5655 760 5775 ’Ὕεέἓίιιῗοσὶἃ
780 5724 851 5764 ets
872 5724 1052 5764 manus.
1075 5710 1389 5762 Floriacensis
1413 5717 1491 5759 Ms.
1511 5709 1713 5773 melius,
1744 5709 1789 5762 at
1818 5709 1870 5761 in
1891 5722 1974 5764 eat

384 5785 564 5825 sum

426 5788 440 5823 ι

1739 356 1936 413 LIBER
1975 355 2320 423 QUARTUS.

3569 374 3674 435 7Ἱῦ

2088 478 2263 526 tamen
2294 470 2347 526 in
2377 472 2492 542 ipso
2517 487 2680 544 opere
2710 490 2825 539 suo.
2858 493 3016 547 quem
3039 481 3298 548 permittit
3317 483 3542 557 aliquid.
3560 504 3666 546 non

2085 562 2206 617 dico
2248 565 2551 634 sapientize,
2598 568 2692 623 sed
2739 569 3023 639 cujuslibet
3066 574 3143 628 rei
3189 575 3331 632 aliud
3378 582 3657 651 cogitans?

2084 654 2271 713 Nonne
2314 657 2390 712 illi
2433 666 2575 715 totus
2620 661 2830 717 animus
2876 673 2933 718 et
2976 679 3170 736 corpus
3209 668 3571 740 impenditur,
3615 683 3673 732 et

2085 745 2251 815 ipsius
2281 748 2478 804 mentis
2516 750 2745 821 quadam
2782 754 3153 812 submersione
3203 758 3334 814 illud
3373 770 3674 822 extremum

2083 836 2199 908 ejus
2220 838 2518 909 impletur?
2544 841 2678 897 Cum
2708 858 2839 898 vero
2869 846 3037 900 vincit
3064 848 3225 903 etiam
3252 850 3588 923 conjugatus,
3613 864 3676 910 ut

2081 943 2190 983 non
2222 933 2622 1002 propagationis
2642 975 2657 999 ,
2691 934 2785 989 sed
2815 935 3187 994 delectationis
3212 942 3441 998 carnalis
3466 944 3675 1011 cupidi-

2084 1025 2193 1075 tate
2223 1020 2578 1087 misceantur,
2609 1025 2751 1094 quod
2781 1026 3071 1095 Apostolus
3097 1031 3388 1086 secundum
3420 1037 3629 1089 veniam
3650 1077 3668 1102 ,

2082 1124 2189 1165 non
2227 1111 2521 1168 secundum
2567 1114 2848 1184 imperium
2884 1130 2944 1171 se
2986 1116 3189 1175 dixisse
3220 1130 3450 1178 testatur
3475 1125 3517 1194 (I
3546 1123 3662 1181 Cor.

2022 1234 2027 1238 -
2081 1214 2178 1267 vn,
2211 1199 2300 1273 6);
2330 1201 2401 1255 ita
2434 1202 2557 1257 hinc
2582 1206 2910 1276 emcrgitur,
2940 1215 2997 1263 et
3022 1212 3173 1280 quasi
3201 1212 3255 1266 in
3293 1228 3450 1269 auras
3482 1215 3499 1246 ²
3526 1218 3674 1289 εοείς

2082 1291 2296 1347 talionis
2320 1302 2442 1363 post
2466 1294 2613 1349 illum
2644 1298 2906 1368 gurgitem
2932 1302 3246 1372 respiratur,
3278 1314 3339 1359 ut
3363 1304 3455 1361 tiat
3478 1321 3672 1363 conse-

2079 1395 2271 1452 quens,
2301 1384 2444 1453 quod
2473 1400 2660 1441 verum
2687 1388 2761 1441 ait
2785 1389 3021 1459 quidam,
3049 1400 3104 1447 et
3128 1394 3421 1462 paenitendi
3444 1414 3563 1468 qua:
3587 1410 3673 1455 est

2079 1489 2202 1530 cum
2228 1476 2502 1547 voluptate
2525 1479 2790 1535 vicinitas.
2823 1482 2954 1548 Quis
2992 1499 3122 1555 ergo
3146 1498 3354 1543 amator
3378 1490 3671 1558 spiritualis

2077 1565 2224 1633 boni,
2251 1567 2413 1623 etiam
2438 1570 2550 1625 sola
2576 1586 2736 1627 causa
2764 1573 2965 1629 sobolis
2988 1577 3324 1648 conjugatus,
3352 1595 3458 1635 non
3486 1582 3671 1638 mallet

2079 1660 2163 1715 vel
2193 1660 2310 1716 sine
2338 1662 2436 1717 ista
2467 1662 2514 1717 si
2542 1673 2747 1733 posset,
2776 1666 2861 1721 vel
2891 1666 3009 1722 sine
3040 1677 3148 1724 tam
3175 1685 3366 1741 magna
3391 1673 3441 1727 vi
3471 1672 3589 1743 ejus
3615 1676 3668 1729 fl-

2078 1749 2181 1806 lios
2208 1752 2534 1821 procreare?
2567 1753 2721 1821 Quod
2760 1770 2889 1827 ergo
2934 1758 3167 1833 mallent.
3200 1762 3371 1816 sancti
3412 1763 3670 1835 conjugcs

2079 1840 2135 1896 in
2165 1840 2266 1897 hac
2290 1842 2419 1908 vita,
2446 1853 2576 1914 puto
2603 1859 2701 1899 nos
2725 1844 2828 1902 hoc
2852 1846 3052 1904 debere
3075 1848 3144 1905 de
3164 1849 3252 1904 illa
3280 1852 3514 1921 paradisi
3538 1855 3666 1920 vita,

2076 1941 2198 2004 quze
2234 1933 2404 1988 multo
2435 1935 2627 1991 melior
2648 1946 2764 1993 erat
2783 1978 2800 2005 ,
2826 1938 3071 2009 credere,
3099 1940 3147 1996 si
3176 1940 3308 1996 nihil
3331 1944 3521 1998 melius
3545 1944 3671 2001 inde

2077 2036 2363 2093 possumus
2389 2025 2644 2097 cogitare.

2147 2116 2239 2171 72.
2277 2116 2515 2174 Obsecro
2542 2130 2609 2185 te,
2640 2134 2747 2174 non
2773 2120 2842 2175 sit
2865 2119 3141 2178 honestior
3163 2122 3497 2195 philosophia
3524 2125 3668 2183 Gen-

2079 2207 2235 2274 tium,
2264 2224 2421 2278 quam
2448 2218 2633 2265 nostra
2653 2209 2978 2279 Christiana,
3006 2228 3128 2283 qurc
3153 2230 3255 2269 una
3280 2224 3364 2270 est
3392 2232 3516 2271 vera
3544 2219 3667 2287 phi-

2076 2296 2340 2369 losophia,
2372 2298 2804 2370 quandoquidem
2835 2301 3069 2356 studium
3100 2302 3184 2358 vel
3210 2319 3365 2359 amor
3391 2307 3667 2375 sapientia:

2076 2388 2404 2459 signiﬁcatur
2431 2389 2534 2445 hoc
2563 2391 2800 2446 nomine.
2833 2391 2965 2446 Vide
2990 2393 3133 2447 enim
3162 2394 3288 2464 quid
3318 2396 3369 2449 in
3398 2396 3666 2455 llortensii

2075 2482 2287 2552 dialogo
2317 2484 2337 2514 ³
2366 2482 2510 2539 dicat
2530 2483 2769 2549 Tullius;
2799 2500 2920 2555 qum
2943 2486 3111 2556 magis
3136 2487 3295 2540 verba
3325 2498 3376 2543 te
3402 2489 3670 2547 delectare

2077 2572 2406 2639 debuerant,
2452 2589 2611 2644 quam
2657 2575 2805 2629 Balbi
2846 2575 3146 2631 Stoicorum
3193 2585 3371 2646 partes
3414 2583 3665 2648 agentis:

2076 2679 2197 2735 quae
2221 2665 2343 2720 licet
2365 2681 2510 2735 vera,
2544 2673 2721 2720 tamen
2749 2665 2816 2721 de
2839 2675 2991 2737 parte
3012 2666 3244 2723 hominis
3270 2668 3539 2739 inferiore,
3569 2672 3670 2729 hoc

2077 2764 2160 2810 est
2183 2797 2198 2822 ,
2241 2754 2309 2810 de
2335 2772 2562 2825 corpore
2595 2756 2809 2813 fuerunt
2832 2798 2845 2821 ,
2879 2766 2933 2811 et
2963 2768 3015 2813 te
3045 2758 3176 2814 nihil
3201 2759 3453 2829 adjuvare
3480 2773 3669 2833 potue-

2076 2854 2221 2901 runt.
2254 2846 2389 2901 Vide
2414 2847 2542 2916 quid
2576 2847 2676 2902 istc
2709 2864 2803 2917 pro
2827 2849 3111 2903 vivacitate
3136 2852 3333 2904 mentis
3360 2861 3547 2908 contra
3573 2870 3667 2910 vo-

2076 2938 2333 3007 luptatem
2361 2941 2603 3009 corporis
2634 2939 2796 2994 dicat.
2830 2958 2849 2991 ι
2881 2942 2964 2995 An
2989 2957 3139 3009 vero,
3179 2961 3198 2995 ι
3236 2943 3425 3014 inquit,
3459 2965 3478 2999 ι
3510 2948 3705 3003 volu--

2076 3042 2250 3102 ptates
2288 3033 2533 3102 corporis
2571 3032 2906 3102 expetendm,
2953 3050 3073 3103 qua:
3117 3050 3244 3089 vere
3279 3046 3332 3089 et
3366 3039 3597 3107 graviter
3635 3056 3665 3095 a

2074 3121 2297 3177 Platone
2323 3121 2479 3177 dicta:
2504 3130 2630 3176 sunt
2670 3122 2936 3177 illecebrae
2964 3138 3084 3179 esse
3112 3133 3271 3194 atque
3312 3142 3450 3181 csem
3491 3129 3667 3183 malo-

2077 3213 2237 3268 rum?
2266 3213 2397 3280 Qua:
2425 3214 2568 3269 enim
2598 3213 2862 3269 confectio
2893 3223 2977 3271 est
2998 3256 3011 3279 ,
3050 3234 3070 3268 ι
3106 3215 3310 3287 inquit,
3350 3237 3369 3269 ι
3406 3221 3670 3277 valetudi-

2075 3305 2190 3373 nis,
2216 3320 2339 3376 quaa
2366 3304 2689 3361 deformatio
2715 3305 2911 3360 coloris
2941 3314 2995 3360 et
3019 3306 3259 3376 corporis
3281 3348 3297 3374 ,
3331 3309 3472 3378 quod
3512 3320 3668 3383 turpe

2074 3394 2328 3450 damnum
2349 3435 2366 3462 ,
2407 3393 2551 3465 quod
2594 3393 2830 3450 dedecus
2854 3434 2870 3461 ,
2910 3395 3054 3465 quod
3084 3412 3189 3450 non
3222 3409 3479 3454 evocetur
3506 3412 3669 3470 atque

2075 3487 2318 3541 eliciatur
2335 3486 2608 3557 voluptate
2629 3485 2650 3517 ³
2670 3485 2693 3540 ?
2717 3485 2883 3556 Cujus
2908 3499 3085 3542 motus
3112 3496 3167 3542 ut
3195 3490 3421 3560 quisque
3440 3501 3526 3547 est
3550 3509 3666 3548 ma-

2075 3580 2271 3647 ximus,
2301 3580 2373 3634 ita
2396 3588 2480 3635 est
2508 3579 2906 3635 inimicissimus
2941 3579 3315 3651 philosophize.
3359 3585 3668 3655 Cougruere

2077 3670 2219 3727 enim
2245 3685 2367 3727 cum
2407 3670 2734 3740 cogitatione
2762 3685 2952 3741 magna
2994 3671 3239 3741 voluptas
3276 3677 3519 3743 corporis
3558 3693 3665 3733 non

2077 3772 2272 3835 potest.
2304 3763 2435 3832 Quis
2463 3763 2606 3818 enim
2636 3778 2755 3819 cum
2783 3771 2966 3819 utatur
2989 3764 3262 3835 voluptate
3289 3782 3373 3834 ea,
3397 3783 3498 3837 qua
3522 3770 3665 3827 nulla

2078 3854 2246 3925 possit
2271 3854 2445 3923 major
2474 3868 2614 3919 esse,
2638 3853 2917 3910 attendere
2942 3855 3142 3918 animo,
3186 3855 3322 3912 inire
3361 3857 3623 3915 rationem
3643 3901 3662 3929 ,

2076 3947 2312 4018 cogitare
2347 3945 2569 4001 omnino
2608 3944 2897 4016 quidquam
2944 3946 3162 4015 potest?
3210 3945 3375 4019 Cujus
3417 3948 3440 3981 ‘
3486 3960 3666 4008 autem

2078 4048 2258 4094 tantus
2283 4047 2367 4094 est
2390 4053 2601 4109 gurges,
2626 4038 2714 4108 qui
2740 4037 2857 4093 dies
2886 4046 2941 4093 et
2966 4048 3152 4095 noctes
3182 4040 3298 4096 sine
3324 4040 3429 4096 ulla
3461 4041 3670 4101 minimi

2080 4130 2336 4200 temporis
2375 4128 2772 4184 intermissione
2795 4128 2925 4184 velit
2950 4129 3022 4183 ita
3060 4131 3263 4185 moveri
3294 4145 3421 4186 suos
3447 4148 3667 4203 sensus,

2077 4230 2137 4276 ut
2163 4221 2489 4277 moventurI
2519 4220 2573 4276 in
2613 4220 2841 4276 summis
2879 4220 3282 4291 voluptatibus?
3323 4222 3455 4291 Quis
3490 4234 3669 4282 autem

2078 4312 2217 4367 bona
2246 4320 2427 4367 mente
2457 4310 2711 4383 praeditus
2731 4352 2745 4375 ,
2774 4325 2881 4365 non
2909 4311 3093 4367 mallet
3118 4313 3292 4369 nullas
3321 4316 3539 4371 omnino
3567 4332 3670 4372 no-

2079 4402 2162 4458 bis
2193 4418 2224 4457 a
2261 4411 2448 4458 natura
2480 4402 2777 4472 voluptates
2802 4402 2995 4457 datas?
3028 4421 3050 4456 ›
3081 4403 3208 4461 Haec
3235 4405 3327 4460 ille
3361 4405 3530 4474 dixit,
3575 4410 3668 4479 qui

2078 4492 2210 4547 nihil
2235 4492 2302 4548 de
2337 4492 2635 4563 primorum
2665 4491 2939 4547 hominum
2967 4492 3073 4548 vita
3100 4535 3115 4559 ,
3160 4494 3291 4550 nihil
3330 4496 3398 4551 de
3435 4498 3669 4567 paradisi

2078 4581 2353 4648 felicitate,
2379 4581 2512 4637 nihil
2531 4581 2601 4637 de
2618 4596 2902 4651 corporum
2924 4585 3317 4642 resurrectione
3342 4588 3667 4645 crediderat.

2078 4670 2474 4727 Erubescamus
2501 4671 2714 4727 interim
2757 4672 2778 4703 °
2805 4672 2947 4727 veris
2989 4672 3438 4743 disputationibus
3478 4678 3669 4749 impio-

2078 4778 2196 4818 rum
2217 4803 2234 4828 ,
2267 4763 2358 4832 qui
2384 4762 2670 4819 didicimus
2710 4763 2765 4817 in
2805 4778 2930 4817 vera
2976 4779 3118 4819 verat
3146 4766 3355 4834 pietatis
3380 4777 3669 4840 sanctaque

2077 4851 2435 4924 philosophia,
2462 4860 2518 4908 et
2541 4861 2727 4908 contra
2751 4852 2996 4921 spiritum
3017 4866 3254 4920 carnem,
3276 4864 3330 4910 et
3349 4868 3532 4913 contra
3557 4875 3681 4915 car-

2080 4959 2204 5001 nem
2230 4944 2616 5013 concupiscere
2655 4943 2898 5013 spiritum
2912 4941 3122 5009 (Calai.
3166 4959 3203 5000 v
3225 4986 3241 5013 ,
3273 4946 3387 5019 l7).
3416 4946 3521 5005 Sed
3564 4950 3666 5008 hoc

2080 5037 2224 5094 unde
2261 5036 2549 5104 acciderit;
2592 5035 2784 5091 Cicero
2822 5036 3095 5092 nesciebat
3124 5054 3137 5091 :
3166 5046 3222 5093 et
3265 5046 3443 5096 tamen
3488 5045 3666 5101 carnis

2079 5126 2526 5199 concupiscentiae
2551 5142 2658 5183 non
2685 5126 2918 5193 favebat,
2950 5127 3090 5197 quod
3123 5138 3179 5183 tu
3205 5127 3371 5197 facis;
3413 5132 3519 5188 imo
3546 5151 3663 5190 eum

2079 5222 2429 5278 vehementer
2464 5221 2751 5292 arguebat,
2793 5220 2937 5292 quod
2968 5229 3022 5276 tu
3048 5237 3155 5278 non
3181 5223 3352 5279 solum
3380 5241 3485 5281 non
3516 5225 3666 5296 facis,

2146 5402 2163 5433 ⁸
2188 5406 2264 5462 Er.
2300 5406 2353 5449 et
2372 5404 2482 5462 ιον.
2502 5432 2517 5457 ,
2552 5409 2746 5462 auram.
2778 5405 2913 5462 Am,
2946 5410 3088 5449 aura.
3123 5407 3260 5462 ω,
3294 5413 3459 5453 auras.

2146 5464 2167 5494 ⁸
2187 5461 2501 5524 Florlacensis
2516 5466 2620 5518 Ms.,
2633 5458 2869 5524 dialogis.

2147 5524 2167 5585 ἓ
2192 5530 2242 5571 tn
2263 5529 2392 5581 Mss,
2415 5519 2662 5585 voluptati.

2143 5584 2167 5617 ⁸
2188 5586 2262 5634 sic
2281 5593 2384 5633 itm.
2413 5589 2466 5633 et
2486 5581 2595 5633 atas.
2617 5588 2764 5632 AtEr.
2793 5588 2998 5645 et_t.ov.,
3025 5581 3155 5645 ortis.

2144 5647 2166 5679 ⁸
2189 5653 2291 5695 Am.
2332 5655 2386 5695 et
2421 5657 2595 5695 omnes
2628 5651 2733 5694 Mss.
2769 5643 2994 5696 Gallicani
3028 5643 3081 5696 et
3116 5647 3349 5712 vatiuni,
3365 5652 3417 5699 ut
3445 5653 3663 5695 niovean.

2080 5714 2179 5761 tur.

2147 5769 2169 5803 ⁶
2192 5778 2276 5823 an
2321 5775 2373 5820 et
2392 5773 2520 5831 atas,
2540 5766 2801 5822 atteram.
