4118 6504
505 377 609 436 775

506 492 602 548 sed
645 483 964 546 facientibus
1002 479 1354 539 vehementer
1392 477 1642 534 irasceris
1671 493 1684 528 :
1718 477 1808 544 qui
1838 467 2092 538 concupi-

506 583 742 642 scentiae
779 589 834 636 et
875 577 1093 648 spiritus
1120 585 1176 630 et
1211 573 1392 629 carnis
1433 573 1575 626 inter
1611 584 1672 624 se
1715 567 2096 636 belligerantes

510 687 762 746 tauquam
789 675 844 727 in
879 670 1022 726 bello
1050 666 1268 722 timidus
1301 663 1488 718 ambas
1523 660 1744 716 laudare
1787 655 2001 712 conaris
2030 653 2047 688 ¹
2077 696 2094 720 ,

511 768 656 824 velut
681 765 948 822 inimicam
971 770 1218 817 metuens
1239 757 1458 818 habere,
1481 771 1598 826 quae
1623 753 1854 824 potuerit
1873 749 2096 804 alteram

512 862 750 914 vincere.
779 855 916 922 Quin
947 867 1044 923 age
1063 851 1262 921 potius,
1291 864 1360 904 ne
1388 845 1667 907 formides,
1698 853 1752 899 et
1785 841 1944 896 lauda
1966 854 2096 895 con-

509 947 897 1022 cupiscentiam
931 943 1150 1013 spiritus
1174 940 1432 996 adversus
1457 931 2096 1022 concupiscentiamcar—

509 1021 626 1104 nis,
657 1044 804 1092 tanto
828 1035 1040 1100 acrius,
1071 1039 1270 1102 quanto
1299 1028 1502 1084 castius
1528 1026 1870 1080 dimicantem
1907 1039 1920 1074 :
1950 1021 2094 1075 illam

507 1143 637 1183 vero
655 1133 1038 1197 repugnantem
1060 1122 1163 1194 legi
1185 1121 1398 1184 mentis,
1421 1119 1538 1174 sine
1563 1129 1756 1186 pavore
1775 1112 1883 1168 ullo
1903 1109 2094 1168 eadem

507 1219 596 1276 cui
624 1227 884 1289 repugnat
911 1217 1027 1288 lege
1054 1215 1250 1270 mentis
1279 1211 1600 1268 condemna.

582 1319 671 1376 75.
701 1313 868 1372 Aliud
889 1321 969 1368 est
987 1307 1344 1365 consideratio
1362 1299 1772 1376 pulchritudinis
1794 1297 1955 1354 etiam
1976 1311 2096 1352 cor-

511 1410 730 1480 poralis,
763 1409 874 1462 sive
899 1401 1140 1464 visibilis,
1169 1398 1308 1454 sicut
1333 1404 1417 1451 cst
1439 1395 1492 1449 in
1515 1392 1786 1449 coloribus
1807 1397 1862 1446 et
1887 1387 2093 1480 figuris,

507 1479 622 1556 sive
659 1497 924 1562 audihilis,
967 1495 1106 1550 sicut
1141 1499 1224 1546 est
1255 1490 1306 1544 in
1345 1485 1588 1543 cantibus
1621 1491 1782 1553 atque
1820 1479 2093 1546 modulis;

511 1607 670 1662 quam
711 1587 1214 1647 considerationem,
1246 1580 1348 1635 nisi
1379 1576 1634 1634 rationale
1663 1573 1862 1630 animal
1895 1572 2096 1628 habere

514 1699 619 1737 non
639 1687 842 1750 potest:
861 1686 915 1734 et
929 1675 1070 1731 aliud
1087 1682 1170 1730 est
1183 1670 1472 1728 commotio
1488 1666 1740 1732 libidinis,
1757 1680 1874 1736 qua:
1889 1663 2098 1718 ratione

509 1771 766 1830 frenauda
786 1779 870 1826 est
889 1770 932 1822 '.
957 1767 1189 1822 Joannes
1209 1763 1351 1819 enim
1373 1759 1644 1830 apostolus
1667 1757 1811 1812 illam
1838 1753 2096 1824 concupi-

508 1863 764 1920 scentiam
787 1876 894 1915 non
917 1873 1037 1914 esse
1059 1855 1194 1910 dixit
1215 1869 1243 1907 a
1292 1853 1448 1908 Patre
1491 1850 1533 1920 (l
1553 1849 1710 1903 Joan.
1734 1863 1803 1912 ll,
1829 1845 1918 1916 16)
1935 1886 1950 1910 ,
1977 1859 2097 1915 qua;

505 1951 839 2022 concupiscit
860 1949 1120 2005 adversus
1145 1945 1411 2016 spiritum.
1434 1941 1604 2010 Quam
1633 1954 1793 1996 nemo
1817 1945 1989 2009 potest
2011 1936 2099 1991 bo-

504 2061 626 2100 nam
651 2045 832 2100 dicere
851 2083 868 2109 ,
903 2040 1007 2096 nisi
1033 2039 1186 2109 cujus
1224 2035 1482 2090 adversus
1510 2048 1628 2089 eam
1660 2047 1764 2087 non
1791 2039 1935 2086 amat
1963 2043 2097 2084 con-

501 2136 778 2207 eupiscere
815 2133 1054 2202 spiritus.
1099 2127 1255 2198 Quod
1285 2128 1328 2183 si
1359 2127 1482 2182 talis
1521 2140 1626 2181 non
1666 2132 1749 2179 est
1777 2123 1830 2178 in
1861 2129 2008 2178 motu
2042 2129 2099 2175 et

503 2229 700 2284 ardore
741 2224 1094 2297 genitalium,
1140 2235 1250 2275 non
1293 2219 1556 2274 adversus
1596 2230 1714 2271 eam
1757 2211 2098 2284 concupiscat

503 2317 756 2387 spiritus,
799 2329 867 2369 ne
893 2312 1150 2366 adversus
1184 2309 1382 2364 donum
1429 2307 1523 2362 Dei
1553 2303 1980 2376 concupiscendo
2011 2304 2096 2358 in-

501 2407 750 2462 veniatur
789 2405 1068 2474 ingratus:
1101 2400 1196 2456 sed
1241 2397 1497 2470 quidquid
1541 2395 1860 2468 appetiverit
1900 2395 2094 2462 detur,

506 2509 757 2567 tanquam
784 2495 860 2549 illi
885 2507 1002 2564 quze
1025 2508 1090 2548 ex
1111 2492 1270 2547 Patre
1293 2499 1375 2546 est
1398 2505 1414 2556 ;
1443 2489 1489 2544 si
1515 2497 1694 2544 autem
1719 2503 1823 2543 non
1849 2497 1933 2543 est
1954 2486 2096 2558 quod

504 2591 682 2648 detur,
713 2585 817 2640 hoc
841 2584 1016 2654 potius
1044 2591 1256 2654 petatur
1290 2597 1320 2634 a
1349 2581 1528 2644 Patre,
1558 2595 1664 2635 non
1694 2589 1752 2634 ut
1775 2579 1983 2633 auferat
2013 2577 2096 2634 vel

505 2678 858 2748 comprimat,
907 2675 1002 2730 sed
1050 2682 1108 2729 ut
1145 2673 1358 2743 expleat
1401 2669 1888 2742 concupiscentiam
1933 2685 2094 2740 quam

505 2772 742 2827 donavit.
789 2767 944 2836 Quod
985 2782 1176 2838 sapere
1214 2767 1260 2821 si
1307 2764 1552 2836 desipere
1593 2773 1713 2830 est;
1743 2763 1930 2834 utquid
1973 2778 2094 2818 eam

505 2876 878 2934 comparamus
907 2859 1032 2914 vino
1059 2867 1114 2914 et
1141 2857 1282 2921 cibo,
1313 2865 1368 2911 et
1392 2855 1590 2926 aliquid
1623 2856 1776 2910 nobis
1807 2854 1986 2911 dicere
2014 2855 2095 2909 vi-

505 2955 718 3021 demur,
748 2953 872 3024 quia
897 2952 1154 3017 dicimus,
1191 2967 1210 3002 σ
1240 2947 1350 3004 Nec
1379 2947 1560 3002 vinum
1591 2947 1852 3011 ebrietas,
1884 2961 1986 3002 nec
2013 2946 2094 3001 ci-

508 3050 638 3104 bum
681 3045 1000 3102 condemuet
1037 3041 1251 3112 crapula
1289 3039 1366 3113 (a)
1398 3081 1415 3107 ,
1462 3055 1566 3095 nec
1607 3037 2095 3108 concupiscentiam

508 3137 738 3194 infamet
765 3134 1104 3198 obscenitas;
1143 3151 1162 3184 ι
1195 3131 1408 3202 quando
1435 3139 1536 3185 nec
1559 3129 1812 3194 ebrietas,
1844 3143 1948 3184 nec
1970 3143 2094 3184 cra-

506 3231 630 3300 pula
653 3228 698 3294 ³,
735 3241 834 3282 nec
853 3224 1154 3280 obscenitas
1173 3225 1280 3278 ulla
1301 3221 1682 3286 committitur,
1706 3221 1753 3276 si
1773 3220 1948 3275 carnis
1968 3232 2097 3274 con-

498 3321 832 3394 cupiscentia
855 3319 1043 3390 spiritu
1064 3318 1322 3374 adversus
1343 3333 1462 3372 eam
1483 3316 1892 3385 concupiscente
1911 3315 2095 3370 vinca-

494 3414 634 3470 tur?
658 3433 676 3467 ι
713 3413 1000 3478 Excessus,
1039 3429 1060 3464 ι
1093 3411 1290 3480 inquis,
1327 3427 1348 3461 ί
1384 3409 1498 3480 ejus
1513 3407 1579 3463 'in
1609 3408 1762 3476 culpa
1789 3415 1891 3462 est.
1931 3423 1949 3458 ι
1985 3405 2096 3462 Nec

499 3503 763 3580 perspicis
801 3500 967 3574 (quod
1005 3500 1256 3556 facillime
1289 3499 1572 3569 potuisses,
1619 3499 1666 3553 si
1693 3499 1860 3569 magis
1901 3497 2092 3568 ipsam,

501 3612 662 3666 quam
688 3609 777 3650 me
804 3595 1024 3648 vincere
1053 3588 1358 3662 voluisses),
1389 3599 1447 3644 ut
1483 3605 1588 3644 non
1621 3589 1712 3644 fiat
1757 3590 1956 3645 malum
1996 3605 2096 3646 ex-

501 3685 768 3751 cedendi,
799 3683 1155 3739 resistendum
1184 3697 1304 3736 esse
1329 3682 1471 3736 malo
1499 3680 1932 3752 concupiscendi.
1975 3681 2095 3736 Duo

505 3792 635 3848 ergo
674 3775 816 3830 mala
858 3783 1001 3838 sunt,
1045 3787 1271 3843 quorum
1319 3787 1480 3826 unum
1514 3773 1822 3837 habemus,
1863 3771 2094 3826 alterum

501 3867 754 3930 facimus,
795 3866 840 3921 si
877 3865 924 3920 ei
969 3880 1074 3918 non
1116 3863 1416 3918 resistimus
1453 3861 1596 3932 quod
1633 3863 1892 3918 habemus
1917 3861 1942 3895 ⁸
1971 3902 1984 3916 .

578 3961 668 4016 74.
715 3958 834 4015 Jam
855 3972 984 4013 vero
1003 3964 1058 4011 et
1077 3964 1234 4010 antea
1255 3954 1486 4010 diximus
1504 3953 1722 4028 (Supra,
1743 3971 1798 4009 η.
1818 3954 1948 4028 55),
1973 3971 2097 4026 pro-

578 4147 596 4178 ί
623 4143 938 4194 Floriacensis
957 4147 1080 4202 δίδη,
1101 4139 1266 4190 auibus
1288 4143 1449 4202 partes
1471 4137 1674 4190 laudare
1699 4140 1904 4192 conaris.

575 4210 598 4240 ⁸
623 4215 730 4256 MSS.
765 4203 963 4267 Belgici,
985 4201 1227 4267 Gallicani,
1247 4201 1300 4267 et
1330 4201 1536 4267 Vaticani
1555 4239 1570 4260 ,
1597 4202 1864 4267 frangenda
1879 4208 1966 4267 est.

569 4269 592 4301 ³
609 4275 731 4316 'rres
752 4279 782 4316 e
805 4263 1040 4314 vaticinia
1056 4264 1394 4326 manuscriptis
1407 4265 1654 4324 omittunt,
1674 4263 1762 4314 nec
1784 4263 1991 4316 ebrietas
2005 4277 2094 4316 nec

497 4327 779 4458 “animo
803 4392 918 4458 ante
937 4387 1133 4436 excusis
1149 4386 1450 4458 irrepserant
1463 4386 1622 4458 verba
1635 4386 1745 4444 illa,
1762 4400 1873 4458 cum
1893 4387 2020 4458 forte
2043 4389 2094 4438 in

493 4451 725 4515 margine
746 4449 982 4516 quisiiam
1007 4461 1068 4516 ea
1087 4448 1392 4516 scripsisset:
1419 4449 1530 4516 Ideo
1551 4448 1603 4498 in
1639 4449 1889 4516 pecoribus
1909 4448 2094 4500 nultum

503 4508 691 4574 noncst
713 4508 1115 4574 concupiscentia,
1151 4508 1265 4574 quiq
1301 4521 1396 4558 non
1418 4508 1650 4574 aduersus
1670 4509 1906 4574 spiritum,
1921 4524 2094 4574 concu-

493 4573 674 4642 piscit,
705 4571 792 4642 sed
813 4568 981 4642 eorum
1009 4571 1168 4642 potius
1189 4568 1389 4642 oblectat
1421 4569 1663 4642 spiritum.
1697 4568 2095 4642 concupiscentia

493 4634 633 4689 ιηὺη
653 4630 904 4697 sapiam}:
924 4630 1158 4697 carentia,
1183 4630 1371 4697 captati
1402 4630 1800 4697 coitqupt'scentia:
1935 4635 2092 4685 resut-

503 4705 625 4769 ιᾳγξι,
648 4690 748 4769 erit
770 4693 889 4769 bono
903 4692 1012 4746 vitae
1033 4690 1285 4769 felicitatis
1301 4691 1478 4769 aliena,
1499 4690 1588 4769 hoc
1611 4693 2094 4769 bonznnjm'bentguo

501 4761 540 4813 rt
569 4757 820 4810 Iactantur.
857 4758 1190 4819 Expunximus
1229 4757 1516 4806 auctoritate
1555 4757 1872 4818 antiquissimi
1911 4757 2092 4810 codicis

492 4820 881 4880 I‘loriacensiset
903 4821 1334 4880 manuscriptorum
1366 4819 1512 4880 trium
1531 4830 1596 4868 ex
1621 4820 1872 4870 Vaticanis.

565 4883 639 4944 (a)
670 4879 886 4944 Crapulze
921 4878 1224 4944 nomine—sic
1246 4878 1315 4944 uti
1338 4879 1501 4944 solent
1522 4880 1819 4944 interpretes
1837 4880 2089 4944 Evangelii

495 4939 642 4992 mea
682 4939 917 5004 x3554,
947 4947 1001 5004 et
1042 4939 1358 5004 ecclesiastici
1379 4939 1675 5004 scriptores,
1719 4943 1927 5004 ipseque
1962 4939 2095 4992 inter

495 5004 624 5072 alios
646 5001 934 5072 neiiedictus
952 5003 1200 5072 .in_P_.egula
1219 5036 1234 5060 ,
1258 5013 1362 5072 cap.
1381 5001 1567 5072 §9,'de
1589 5001 1818 5052 mensura
1827 5001 2056 5072 ciborum
2073 5037 2090 5063 ,

503 5064 689 5126 scilicet
707 5075 798 5126 pro
819 5062 1052 5126 stomachi
1076 5062 1204 5126 noxa
1225 5069 1278 5111 et
1315 5062 1556 5126 indigerie
1571 5097 1586 5118 ,
1625 5076 1722 5111 non
1744 5076 1772 5126 a
1797 5065 1906 5113 vino
1940 5075 1969 5112 a
1992 5077 2092 5126 quo

505 5132 594 5196 est.
615 5122 864 5196 ebrietas,
887 5123 976 5196 sed
997 5135 1038 5196 aI
1063 5123 1172 5194 cibo
1185 5122 1444 5196 immodico
1467 5131 1650 5196 creata.
1679 5125 1834 5196 “Huius
1855 5125 1928 5196 rei
1953 5122 2090 5196 igno-

499 5187 694 5234 ratione
718 5183 926 5244 turpitcr
945 5182 1262 5232 ballucinatur
1285 5191 1456 5233 Petrus
1477 5188 1663 5233 Petitus
1677 5185 1728 5234 in
1749 5182 2090 5237 dissertatione

505 5259 620 5308 qum
643 5245 718 5295 bis
744 5243 926 5310 diebus
944 5243 1114 5310 prodiit
1134 5244 1412 5310 dettomeri
1445 5246 1723 5310 nepent‘he,
1747 5257 1854 5310 cap.
1883 5249 1941 5296 15
1957 5283 1970 5308 ,
2006 5249 2091 5298 ubi

509 5305 540 5352 ἑ
557 5305 1308 5386 aIugitstirmmInonniuvalidum
1348 5305 1570 5386 potorem
1580 5307 1762 5386 “fuisse
1785 5305 2092 5386 smerpera‘m

504 5365 688 5432 colligit
713 5379 776 5416 ex
797 5378 864 5432 eo
887 5365 992 5414 loco
1013 5365 1370 5414 Confessionuni
1397 5402 1412 5423 ,
1440 5366 1523 5432 lih_.
1551 5367 1610 5416 10
1629 5404 1642 5426 ,
1667 5382 1771 5432 cap.
1807 5365 1888 5429 51,
1913 5365 1960 5420 ri.
1985 5371 2048 5420 45
2073 5386 2086 5422 :

508 5449 534 5475 σι
557 5425 776 5496 Ebrietas
795 5425 942 5488 longe
967 5435 1044 5476 est
1065 5439 1094 5476 a
1116 5440 1215 5487 me,
1236 5435 1330 5496 etc.
1349 5428 1548 5490 Crapula
1569 5425 1738 5479 autcm'
1749 5425 2091 5496 nonnunquam

506 5491 780 5556 ‘_§llbrepl!.
838 5501 984 5538 Servo
1041 5496 1156 5556 tuo;
1186 5505 1208 5532 »
1260 5495 1338 5538 Est
1389 5499 1554 5539 autem
1572 5553 1596 5556 η
1613 5493 1808 5556 crapula
1871 5508 1934 5543 ex
1965 5491 2091 5545 ‘ciho

500 5553 596 5616 alia
642 5547 865 5616 gravior,
903 5562 1014 5616 qua:
1053 5547 1192 5616 facile
1221 5562 1250 5598 a
1294 5547 1892 5616 temperantihus‘vitatur
1937 5570 1949 5604 :
1996 5555 2088 5606 alia

493 5611 692 5674 levrof,
737 5611 895 5676 qualis
922 5611 1041 5676 ’viro
1083 5613 1260 5676 cuique
1296 5613 1460 5676 sobrio
1491 5614 1714 5676 subrepit
1749 5618 1988 5667 interdum
2010 5619 2090 5668 vel

499 5673 694 5739 tuvtto,_
727 5673 847 5739 eam
873 5674 916 5723 is
961 5691 983 5720 ι
1017 5673 1066 5722 in
1088 5673 1232 5739 modo
1269 5675 1551 5739 necessitati
1587 5673 1801 5739 congruo
1844 5678 2037 5728 fallitur.
2061 5697 2082 5725 θ

498 5736 654 5804 quius
683 5733 894 5804 levioris
924 5737 1111 5798 peccati
1149 5747 1292 5787 causa
1332 5737 1417 5786 Dei
1453 5733 1829 5788 misericordiam
1869 5741 1948 5804 im;
1969 5741 2090 5792 lorat

499 5796 684 5846 ibidem
703 5796 1007 5861 augustioris.

1336 361 1611 420 CONTRA
1649 353 1989 416 JULIANUM
2031 350 2476 408 PELAGIANUM
2517 393 2533 416 ,
2573 350 2633 407 5.
2676 349 3042 409 AUGUSTINI

3689 357 3797 412 776

2209 476 2390 537 pterea
2417 466 2516 521 hoc
2545 481 2649 522 non
2671 483 2792 524 esse
2822 468 2876 524 in
2907 469 3190 537 pecoribus
3219 470 3438 540 malum,
3469 472 3590 542 quia
3626 473 3680 529 in
3715 475 3796 531 eis

2211 575 2316 617 non
2349 563 2675 632 concupiscit
2705 561 2961 618 adversus
2981 561 3253 633 spiritum.
3279 562 3394 620 Non
3423 567 3566 622 enim
3593 565 3797 624 habent

2207 653 2494 718 rationem,
2509 668 2612 720 qua
2635 651 2880 708 libidines
2900 646 3183 725 sinbjugent
3201 655 3521 726 superando,
3546 656 3798 730 fatigent-

2213 757 2280 798 ve
2310 743 2614 812 pugnando.
2632 743 2762 809 Quis
2791 751 2966 798 autem
2987 743 3079 799 tibi
3099 744 3250 812 dicit,
3269 764 3289 798 ‹
3307 761 3523 818 semper
3543 763 3794 820 pecorum

2208 832 2513 888 imitatione
2553 834 2805 904 peccari?
2837 853 2857 886 ι
2885 835 3056 904 Quam
3092 839 3411 895 sententiam
3440 855 3544 896 non
3574 841 3669 897 tibi
3699 842 3797 898 ob-

2207 923 2406 994 iectam
2435 933 2576 978 tanta
2609 924 2930 994 loquacitate
2955 925 3200 984 refellere
3223 929 3498 998 laberasti,
3527 941 3584 988 ut
3607 949 3795 1005 super-

2203 1015 2307 1071 ﬂua
2338 1016 2509 1072 multa
2535 1016 2834 1088 colligeres,
2864 1033 2988 1088 qua:
3012 1019 3064 1073 in
3095 1021 3376 1090 pecoribus
3399 1024 3790 1095 animadversa,

2203 1107 2363 1162 etiam
2389 1107 2669 1164 medicina:
2690 1108 2969 1180 disciplina
2997 1119 3250 1166 sectatur.
3279 1112 3386 1170 Sed
3416 1129 3485 1170 ne
3512 1126 3791 1186 propterea

2201 1207 2516 1270 putaretur,
2561 1214 2667 1254 non
2705 1214 2827 1256 esse
2865 1201 3062 1256 malum
3099 1202 3278 1258 carnis
3320 1185 3790 1276 concupiscentia,

2201 1291 2325 1360 quia
2351 1290 2548 1344 bonum
2573 1298 2656 1346 est
2682 1290 2732 1344 in
2759 1306 2973 1363 pecore,
3003 1300 3060 1348 ut
3083 1307 3150 1348 eo
3173 1309 3233 1350 se
3255 1294 3487 1352 oblectet
3514 1298 3604 1352 illa
3629 1310 3792 1356 natu-

2202 1395 2284 1446 ra,
2326 1379 2415 1436 cui
2455 1396 2560 1436 non
2590 1389 2764 1452 potest
2793 1382 2968 1438 inesse
2994 1385 3425 1456 concupiscentia
3462 1389 3740 1458 sapientia:
3773 1409 3788 1446 :

2203 1471 2330 1527 ideo
2367 1470 2570 1526 dictum
2604 1481 2686 1527 est
2720 1471 2917 1528 bonum
2955 1489 3076 1530 esse
3109 1476 3338 1545 pecoris,
3366 1477 3516 1547 cujus
3542 1479 3659 1535 sine
3685 1481 3792 1538 ulla

2203 1563 2554 1632 repugnantia
2575 1562 2804 1618 delectat
2821 1563 3096 1634 spiritum;
3120 1565 3316 1620 malum
3337 1575 3514 1624 autem
3537 1569 3785 1640 hominis,

2201 1653 2254 1710 in
2281 1670 2388 1726 quo
2409 1656 2428 1688 ι
2448 1655 2775 1726 concupiscit
2799 1655 3056 1713 adversus
3083 1658 3347 1728 spiritum.

2271 1744 2497 1802 CAPUT
2535 1744 2655 1802 XV.
2682 1775 2757 1788 --
2782 1748 2870 1803 75.
2896 1747 3224 1805 Convocasti
3263 1751 3422 1806 etiam
3457 1751 3511 1806 in
3536 1753 3790 1811 auxilium

2201 1835 2410 1891 turbam
2444 1835 2906 1908 philosOphorum,
2941 1839 3096 1909 quasi
3133 1847 3396 1910 susceptae
3435 1851 3560 1910 tum,
3599 1843 3646 1898 si
3681 1859 3789 1900 non

2203 1935 2426 1996 possunt
2451 1941 2700 1997 pecorum
2726 1927 2958 1984 solertia:
2979 1929 3269 1998 naturales,
3295 1931 3483 1987 saltem
3508 1931 3790 1992 doctorum

2199 2017 2477 2074 hominum
2505 2019 2833 2090 opitulentur
2860 2035 3094 2077 errores.
3131 2021 3240 2078 Sed
3279 2025 3398 2094 quis
3427 2041 3535 2080 non
3569 2025 3786 2096 videat,

2201 2111 2460 2167 doctrina:
2493 2117 2549 2168 te
2581 2111 2841 2182 quassisse
2871 2111 3182 2184 jactantiam
3218 2114 3272 2170 in
3304 2119 3790 2175 commemorandis

2205 2205 2512 2261 nominibus
2572 2205 2851 2261 doctorum
2893 2205 3170 2262 hominum
3221 2208 3487 2279 sectisque
3527 2209 3786 2280 diversis,

2204 2295 2418 2366 quando
2453 2295 2704 2367 perspicit
2737 2295 3075 2367 quicumque.
3098 2296 3198 2352 ista
3233 2305 3323 2353 tua
3350 2298 3498 2370 legit,
3533 2299 3600 2356 ad
3637 2317 3790 2372 qua:-

2200 2387 2426 2442 stionem
2453 2401 2572 2457 quae
2600 2385 2741 2441 inter
2767 2401 2866 2442 nos
2890 2387 3132 2456 vertitur,
3159 2388 3276 2444 haec
3299 2389 3603 2445 nullatenus
3625 2392 3790 2462 perti-

2200 2475 2372 2532 nere?
2399 2475 2530 2543 Quis
2559 2475 2704 2532 enim
2733 2477 2946 2545 audiat,
2978 2478 3121 2548 quod
3156 2479 3252 2534 abs
3279 2488 3331 2536 te
3357 2495 3790 2538 commemoran-

2203 2577 2320 2636 tur,
2357 2586 2378 2622 ‹
2410 2567 2606 2624 Thales
2646 2567 2880 2624 Milesius
2917 2555 3056 2624 unus
3093 2585 3125 2626 e
3161 2580 3370 2642 septem
3418 2573 3786 2644 sapientibus,

2199 2657 2393 2714 deinde
2426 2658 2844 2727 Anaximander,
2873 2660 3255 2730 Anaximenes,
3285 2661 3646 2734 Anaxagoras,
3673 2663 3790 2721 Xe-

2199 2750 2496 2821 n0phanes,
2523 2750 2892 2818 Parmenides,
2916 2750 3241 2824 Leucippus,
3276 2753 3634 2822 Democritus,
3663 2755 3792 2811 Eni-.-

2199 2843 2469 2914 pedocles,
2502 2843 2816 2906 Heraclitus,
2847 2842 3116 2909 Melissus,
3154 2845 3326 2912 Plato,
3365 2845 3724 2919 Pythagorici,
3751 2868 3782 2904 ι»

2200 2935 2567 3006 unusquisque
2594 2949 2715 2990 cum
2743 2935 2960 3006 proprio
2983 2933 3231 3006 dogmate
3255 2950 3354 2992 suo
3375 2937 3442 2992 de
3463 2939 3790 2996 naturalibus

2198 3027 2362 3084 rebus
2392 3045 2408 3082 :
2435 3027 2576 3098 quis,
2608 3028 2848 3098 inquam,
2881 3027 2999 3084 haec
3024 3027 3223 3095 audiat,
3254 3040 3310 3085 et
3335 3045 3440 3085 non
3470 3031 3586 3102 ipso
3614 3032 3790 3088 nomi-

2199 3135 2329 3174 num
2364 3127 2735 3188 sectarumque
2762 3117 3197 3188 conglobatarum
3232 3121 3459 3191 strepitu
3487 3130 3750 3179 terreatur
3764 3163 3788 3192 μ,

2197 3210 2244 3266 si
2261 3209 2669 3274 estineruditus,
2689 3209 2860 3278 qualis
2877 3216 2960 3264 est
2977 3209 3251 3265 hominum
3279 3212 3560 3266 multitudo
3583 3229 3598 3279 ;
3621 3223 3787 3270 etex-

2199 3301 2400 3356 istimet
2433 3308 2486 3356 te
2529 3299 2760 3370 aliquem
2785 3301 3162 3371 magnum,qui
3191 3300 3308 3358 haec
3349 3289 3488 3360 scire
3511 3306 3791 3375 potueris?

2198 3391 2341 3446 Ecce
2359 3389 2503 3462 quod
2523 3390 2730 3460 appetis
2754 3407 2768 3446 :
2790 3389 3217 3462 quandoquidem
3244 3392 3296 3446 in
3319 3391 3404 3448 bis
3423 3395 3674 3451 omnibus
3692 3395 3791 3454 abs

2198 3489 2254 3538 te
2273 3481 2627 3537 coacervatim
2649 3481 3100 3547 commemoratis,
3123 3482 3266 3552 quod
3289 3482 3355 3538 ad
3378 3499 3490 3539 rem
3511 3485 3631 3556 quae
3651 3487 3792 3552 inter

2198 3588 2298 3630 nos
2321 3573 2494 3645 agitur
2518 3574 2802 3644 pertineat,
2833 3572 2964 3628 nihil
2991 3575 3211 3630 omnino
3248 3575 3452 3633 dixisti.
3480 3577 3616 3634 Nam
3647 3594 3788 3651 prae-

2197 3665 2406 3720 locutus
2433 3678 2492 3719 es
2519 3664 2620 3720 ista
2645 3664 2906 3731 dicturus,
2936 3673 2991 3720 et
3017 3666 3136 3720 aisti
3162 3684 3176 3722 :
3201 3685 3221 3718 ι
3255 3667 3458 3725 Omnes
3485 3670 3789 3743 philosophi

2197 3754 2252 3810 in
2286 3753 2485 3810 scholis
2523 3754 2646 3809 licet
2687 3753 2829 3808 aliud
2871 3752 3218 3822 disserentes,
3263 3766 3442 3814 tamen
3483 3760 3624 3816 idola
3663 3777 3786 3819 cum

2198 3845 2355 3916 plebe
2385 3851 2702 3899 venerantes
2725 3883 2740 3908 ,
2781 3843 2872 3914 qui
2897 3844 2966 3900 de
2997 3847 3334 3904 naturalibus
3372 3851 3548 3906 causis
3587 3853 3788 3925 aliquid

2199 3937 2503 4008 excogitare
2541 3935 2908 4000 conati’sunt,
2954 3936 3094 3993 inter
3134 3939 3328 3994 multas
3369 3943 3634 4012 opinionis
3675 3961 3788 4002 sua:

2197 4028 2459 4082 vanitates
2496 4027 2542 4093 ',
2567 4026 2774 4096 aliquas
2797 4035 2970 4081 tamen
2991 4027 3232 4084 veritatis
3252 4030 3395 4086 velut
3417 4032 3654 4090 lambere
3674 4051 3787 4106 par-

2197 4126 2314 4186 tes;
2357 4117 2446 4188 qui
2479 4130 2574 4188 per
2599 4117 2878 4187 caliginem
2915 4119 3038 4174 vani
3063 4119 3085 4151 ³
3112 4161 3129 4188 ,
3175 4121 3298 4178 huic
3341 4132 3522 4180 tamen
3551 4125 3786 4198 dogmati

2197 4219 2382 4267 contra
2411 4209 2552 4281 quod
2581 4211 2806 4280 agimus,
2831 4210 2954 4280 jure
2981 4212 3235 4270 anteferri
3264 4228 3513 4285 possunt.
3554 4237 3574 4271 ι
3607 4219 3786 4292 Atque

2197 4314 2258 4360 ut
2280 4303 2383 4360 hoc
2403 4305 2679 4376 probares,
2702 4303 2980 4360 subdidisti
3007 4321 3069 4362 ea
3091 4323 3209 4378 qua:
3228 4323 3259 4362 a
3280 4325 3368 4366 me
3390 4327 3602 4383 quoque
3622 4314 3783 4370 modo

2196 4404 2612 4452 commemorata
2642 4405 2792 4462 sunt,
2825 4397 3264 4469 philosophorum
3292 4405 3506 4460 nomina
3534 4405 3786 4480 physico-

2193 4505 2316 4546 vrum
2341 4505 2462 4544 cum
2489 4489 2830 4560 opinionibus
2851 4489 2985 4555 suis,
3014 4507 3146 4562 quas
3169 4494 3237 4550 de
3257 4497 3585 4554 naturalibus
3609 4503 3787 4557 causis

2190 4583 2496 4640 habuerunt
2519 4603 2534 4640 ε
2555 4600 2654 4641 nec
2680 4593 2860 4641 tamen
2886 4579 3312 4646 commemorare
3330 4605 3524 4648 omnes
3549 4593 3663 4648 sive
3689 4607 3785 4648 νο-

2197 4675 2364 4743 luisti,
2389 4677 2502 4733 sive
2529 4678 2770 4747 potuisti.
2797 4681 2910 4748 Qua
2938 4681 2989 4734 in
3017 4697 3074 4736 re
3099 4675 3345 4737 homines
3366 4682 3642 4753 imperitos
3660 4685 3784 4740 nul-

2191 4768 2250 4823 lo
2275 4768 2551 4825 doctorum
2579 4771 2854 4831 dubitante
2877 4773 2900 4806 ⁸
2936 4773 3212 4828 fraudasﬁ.
3241 4772 3356 4829 Hoc
3378 4775 3518 4829 enim
3543 4774 3785 4832 demons-

2188 4866 2338 4914 trare
2359 4875 2710 4932 susceperas,
2746 4885 2766 4920 ι
2797 4880 2984 4922 omnes
3009 4865 3356 4937 philos0pbos
3374 4906 3391 4932 ,
3419 4867 3508 4936 qui
3532 4869 3600 4923 de
3616 4881 3785 4924 natu-

2195 4952 2394 5009 ralibus
2435 4956 2611 5016 causis
2655 4958 2854 5030 aliquid
2895 4959 3198 5030 excogitare
3239 4960 3420 5016 conati
3455 4969 3583 5017 sunt
3607 5003 3624 5032 ,
3661 4963 3785 5034 jure

2262 5130 2444 5206 inditi,
2469 5129 2694 5194 Ιιοητὶηἱε,
2717 5147 2812 5206 quo
2833 5133 3168 5200 concupiscit;
3188 5135 3388 5199 omisso,
3404 5135 3475 5199 in,
3499 5150 3611 5201 quae
3635 5141 3784 5202 parti-

2193 5189 2304 5256 cnla
2328 5201 2406 5256 est
2428 5189 2477 5242 in
2497 5189 2852 5256 manuscriptis.

2255 5254 2478 5325 {Belgici
2514 5254 2834 5325 manuscripti
2849 5263 2900 5307 et
2923 5265 3026 5308 tres
3066 5259 3407 5325 Vaticanieum
3429 5259 3620 5312 duobus
3647 5261 3788 5313 Galli-

2194 5316 2346 5382 canis,
2363 5316 2686 5382 interimitur;
2703 5316 2947 5382 opiniones
2968 5332 3072 5382 sua:
3092 5321 3331 5382 caritatis.

2261 5377 2284 5408 ³
2309 5377 2642 5450 Arna-aliquas
2842 5378 3073 5450 veritatis,
3090 5381 3218 5450 gelat
3241 5381 3461 5450 igniferae
3489 5388 3672 5450 partes,
3698 5396 3783 5446 qm

2193 5438 2553 5548 per'caligineni
2577 5439 2702 5490 vani.
2729 5447 2801 5490 Er.
2830 5450 2881 5492 et
2897 5449 3027 5500 l.ov.,
3051 5443 3239 5506 aliquos
3260 5438 3419 5494 tmwien
3449 5438 3692 5503 veritates,
3709 5438 3786 5496 ite-

2217 5505 2265 5548 ut
2284 5512 2382 5548 mm
2403 5501 2504 5548 fere
2523 5514 2664 5548 nares
2691 5515 2778 5548 ver
2795 5503 3050 5548 caliainem
3089 5504 3215 5548 uani.
3240 5507 3543 5548 Castiganmr
3560 5505 3620 5548 ad
3647 5515 3786 5548 vare.

2217 5505 2265 5548 ut
2273 5497 2382 5572 join
2395 5497 2504 5572 γενος
2523 5514 2664 5572 pares
2691 5515 2778 5566 per
2795 5497 3050 5572 caliginem
3089 5497 3215 5556 υὰηἱ.
3240 5507 3543 5572 castigantur
3560 5505 3620 5556 ad
3647 5497 3786 5572 vete-

2193 5573 2280 5624 res
2304 5559 2453 5610 libros
2473 5559 2736 5624 Gallicanos
2761 5571 2814 5614 et
2835 5559 3100 5624 Vaticanos,
3145 5579 3240 5616 nec
3260 5569 3324 5616 ab
3345 5559 3424 5618 liis
3444 5569 3786 5624 manuscrii-tis

2193 5622 2438 5692 distabant
2476 5623 2673 5692 Belgici,
2700 5627 2949 5692 nisiquod
2981 5622 3191 5692 notatur.
3217 5641 3320 5687 pro,
3343 5628 3586 5690 amrbere,
3610 5622 3708 5692 legi
3735 5631 3783 5678 in

2291 5683 2592 5792 ἐξὲξςὲ
2607 5683 2888 5792 ὲεςθιιιὶώιι
2927 5687 3127 5740 forsitan
3161 5683 3318 5754 lapsu.
3341 5697 3470 5740 Unus
3493 5703 3522 5741 e
3547 5683 3784 5741 Vaticanis

2231 5780 2239 5791 ι
2278 5759 2322 5792 )t’.
2347 5783 2360 5792 ς
2536 5759 2604 5792 ἔρξ’
2637 5781 2648 5792 .

2212 5758 2360 5800 Libat,
2389 5758 2648 5796 tammmre.

2258 5807 2278 5836 δ
2307 5807 2436 5869 Λιιιά
2470 5817 2577 5856 ων.
2599 5842 2613 5869 ,
2649 5807 2782 5859 nulla
2813 5807 3061 5861 doc-larunt
3097 5809 3406 5864 dubitatione.
