4118 6506
249 321 355 377 777

250 449 411 506 posse
438 433 559 489 huic
589 431 842 503 dogmati,
875 438 1058 488 contra
1088 428 1230 504 quod
1259 441 1466 501 ageres,
1496 425 1772 482 anteferri.
1810 443 1828 477 ι

249 525 360 583 Cur
385 541 516 597 ergo
540 567 556 593 ,
587 534 646 581 ιιι
672 525 740 582 de
765 525 883 582 aliis
913 524 1155 596 plurimis
1185 531 1387 577 taceam
1408 562 1425 587 ,
1455 533 1576 574 cum
1603 530 1839 572 commeo

250 632 523 691 morasses
544 618 931 673 Anaximencm
960 616 1180 686 ejusque
1197 613 1517 684 discipulum
1548 611 1840 680 Anaxago-

251 724 387 775 ram,
420 709 632 764 tacuisti
659 708 887 764 alterum
913 708 1033 778 ejus
1056 705 1374 776 discipulum
1395 704 1708 774 Diogenem,
1748 699 1840 771 qui

249 811 303 857 et
335 817 366 855 a
410 800 663 871 magistro
690 809 746 855 et
769 815 799 854 a
828 799 1192 869 condiscipulo
1222 813 1319 852 suo
1348 796 1400 851 in
1432 811 1611 852 rerum
1640 802 1842 849 natura:

250 893 509 963 Opinione
546 892 822 957 dissensit,
870 892 1249 962 propriumque
1287 889 1480 961 dogma
1522 886 1844 943 constituit?

250 985 390 1053 Quid
411 1027 427 1052 ,
459 984 505 1040 si
542 985 649 1040 tale
683 984 883 1056 aliquid
915 985 1027 1056 ipse
1063 984 1262 1049 sensit,
1294 990 1352 1036 ut
1377 980 1532 1036 nobis
1568 995 1673 1035 non
1704 988 1847 1034 esset

250 1076 682 1148 anteponendos,
729 1079 923 1148 quibus
966 1090 1154 1133 omnes
1196 1074 1287 1147 qui
1328 1073 1396 1129 de
1437 1088 1618 1128 rerum
1659 1080 1846 1126 natura

254 1170 614 1242 philosophati
635 1179 780 1234 sunt,
807 1167 1212 1239 anteponendos
1230 1181 1352 1222 esse
1371 1165 1584 1231 dixisti;
1608 1174 1766 1234 atque
1793 1171 1849 1218 ut

253 1260 362 1318 hoc
389 1261 543 1332 quasi
586 1259 934 1323 ostenderes,
969 1267 1022 1314 te
1048 1258 1100 1313 in
1129 1254 1614 1312 commemorandis
1651 1252 1847 1308 frustra

262 1349 573 1408 nominibus
601 1360 656 1406 et
684 1349 1022 1421 dogmatibus
1060 1346 1498 1418 philosophorum
1537 1344 1850 1415 insipienter

257 1439 492 1501 inﬂasti?
513 1439 654 1496 Ecce
678 1439 958 1511 praeteristi
986 1453 1174 1504 unum,
1205 1453 1363 1509 quem
1394 1435 1477 1491 vel
1507 1451 1573 1491 ex
1596 1435 1851 1505 magistro

255 1532 340 1587 vel
370 1546 439 1586 ex
478 1530 844 1601 condiscipulo
870 1544 1008 1601 quos
1033 1528 1350 1593 nominasti,
1378 1526 1532 1597 juxta
1574 1524 1851 1580 attendere

253 1623 511 1679 debuisti.
538 1624 620 1678 An
649 1622 785 1678 forte
811 1622 1034 1678 timuisti
1058 1637 1126 1677 ne
1153 1622 1413 1692 Diogenes
1434 1618 1666 1692 Cynicus
1694 1626 1850 1689 puta-

255 1725 412 1774 retur
430 1760 446 1784 ,
487 1726 580 1773 aut
607 1717 694 1773 ille
725 1716 886 1772 etiam
914 1714 1214 1787 legentibus
1238 1722 1458 1785 propter
1483 1711 1625 1768 idem
1655 1724 1850 1765 nomen

257 1817 596 1876 occurreret,
625 1818 678 1864 et
705 1808 912 1863 veniret
941 1806 994 1861 in
1022 1815 1258 1861 mentem
1286 1802 1429 1875 quod
1457 1802 1647 1857 melior
1677 1811 1728 1857 te
1756 1815 1850 1871 pa-

257 1910 449 1957 tronus
491 1900 729 1955 libidinis
772 1897 963 1963 fuerit,
1004 1896 1073 1952 de
1096 1912 1201 1968 qua
1227 1893 1525 1951 exercenda
1553 1908 1657 1948 non
1697 1906 1854 1948 vere-

257 1992 596 2048 cundabatur
624 1991 676 2045 in
710 1989 965 2060 publico?
996 1987 1137 2043 unde
1169 1986 1258 2041 illa
1288 1994 1437 2041 secta
1467 1984 1722 2040 caninum
1756 1998 1857 2037 no-

257 2101 386 2142 tnen
415 2084 643 2155 accepit.
674 2082 754 2137 Tn
783 2089 961 2137 autem
991 2078 1328 2136 defensorem
1366 2075 1582 2148 quidem
1623 2074 1855 2130 libidinis

259 2178 551 2250 proﬁteris,
592 2175 687 2232 sed
726 2174 794 2230 de
837 2183 924 2229 tua
953 2182 1220 2242 suscepta,
1266 2169 1407 2242 quod
1435 2168 1595 2224 fidem
1633 2165 1854 2223 liberta-

260 2281 479 2341 temque
507 2268 715 2340 patroni
747 2281 851 2322 non
877 2267 1152 2332 decuerat,
1179 2261 1472 2319 erubescis.

334 2361 427 2417 7G.
468 2360 690 2423 Verum,
721 2358 946 2413 obsecro
974 2366 1046 2423 te,
1075 2356 1119 2411 si
1147 2352 1497 2426 philosophos
1526 2352 1678 2408 nobis
1705 2362 1856 2407 ante-

263 2468 468 2525 ponere
495 2450 781 2524 gestiehas.
816 2466 912 2504 cur
937 2464 1043 2505 non
1073 2448 1250 2519 potius
1277 2461 1373 2502 eos
1399 2444 1857 2511 commemorasti,

263 2546 356 2616 qui
389 2545 453 2598 de
478 2543 734 2609 moribus,
766 2557 883 2612 quae
910 2555 1033 2610 pars
1056 2539 1123 2594 ab
1147 2539 1227 2595 eis
1254 2536 1609 2609 philosophia:
1635 2542 1861 2591 vocatur

262 2637 465 2700 ethica,
492 2650 651 2707 quam
684 2648 782 2687 nos
809 2631 1065 2687 moralem
1093 2629 1342 2696 dicimus,
1374 2626 1726 2697 solertissime
1749 2623 1861 2681 dis-

232 2724 574 2800 putarunt?
619 2726 732 2781 lloc
773 2725 915 2780 enim
962 2721 1054 2779 tibi
1102 2721 1434 2792 potissimum
1480 2716 1860 2790 congruebat,

264 2822 357 2892 qui
389 2820 669 2875 honestate
693 2817 908 2889 quidem
938 2816 1134 2874 mentis
1163 2813 1385 2870 inferius
1404 2853 1421 2880 ,
1454 2820 1635 2867 tamen
1658 2811 1861 2867 bonum

264 2911 504 2968 hominis
520 2925 640 2966 esse
660 2922 849 2965 censes
869 2908 1109 2978 corporis
1126 2905 1474 2976 voluptatem.
1494 2902 1600 2960 Sed
1613 2903 1733 2974 quis
1754 2918 1862 2959 non

263 3006 394 3078 quid
418 3004 758 3078 prospexeris
782 3003 1006 3061 cernat?
1040 3000 1118 3056 Ne
1137 3000 1341 3055 scilicet
1362 2999 1415 3054 in
1451 2998 1562 3069 ipsa
1606 2996 1675 3053 de
1712 2997 1865 3052 volu-

266 3107 414 3168 ptate
427 3097 722 3167 quaestione
743 3082 883 3150 unde
897 3101 1070 3148 tecum
1093 3091 1318 3163 agimus,
1341 3088 1678 3144 honestiores
1692 3087 1865 3158 philo-

268 3186 426 3258 sophi
450 3195 504 3242 te
524 3185 835 3251 obruerent,
856 3199 994 3256 quos
1013 3183 1202 3238 Cicero
1235 3190 1453 3253 propter
1491 3180 1659 3250 ipsam
1696 3179 1865 3237 hone-

264 3288 465 3336 statem
485 3287 734 3350 tanquam
751 3278 1060 3334 consulares
1077 3274 1430 3348 philosophos
1452 3273 1797 3343 nuncupavit;
1809 3281 1865 3329 et

267 3373 368 3441 ipsi
389 3368 556 3426 Stoici
579 3368 810 3425 maxime
839 3366 1188 3423 inimicissimi
1213 3364 1520 3435 voluptatis,
1535 3379 1761 3435 quorum
1785 3371 1864 3420 te-

266 3463 580 3519 stimonium
604 3462 623 3495 ¹
644 3476 711 3517 ex
739 3474 968 3533 persona
994 3459 1143 3516 Balbi
1171 3456 1311 3529 apud
1339 3456 1654 3513 Ciceronem
1680 3455 1866 3526 dispu-

268 3555 469 3621 tantis,
500 3568 687 3613 verum
726 3551 941 3622 quidem
962 3592 979 3619 ,
1009 3548 1105 3606 sed
1141 3549 1285 3620 quod
1338 3548 1431 3603 tibi
1472 3562 1691 3618 prorsus
1733 3547 1863 3604 nihil

265 3646 568 3721 prodesset,
583 3641 1237 3715 interponendumputasti
1253 3638 1473 3711 (Supra,
1496 3656 1551 3694 η.
1572 3637 1690 3710 58).
1709 3638 1864 3708 Quod

265 3746 449 3793 autem
476 3735 684 3792 nullum
724 3732 958 3789 hominis
982 3732 1182 3788 bonum
1210 3738 1470 3787 censeant
1494 3730 1738 3802 corporis
1764 3745 1862 3787 vo-

268 3829 534 3899 luptatem
579 3824 805 3896 cupiens
847 3821 1213 3888 abscondere,
1262 3819 1408 3876 nulla
1455 3819 1524 3877 de
1567 3820 1865 3892 quaestione

267 3919 462 3977 morali
511 3917 728 3975 nomina
780 3922 840 3972 et
882 3914 1133 3986 dogmata
1183 3911 1626 3984 philosophorum
1653 3952 1670 3980 ,
1719 3911 1863 3982 quod

267 4012 506 4069 maxime
532 4009 601 4066 ad
628 4024 745 4066 rem
777 4006 1099 4079 pertinebat,
1130 4004 1178 4060 si
1203 4003 1405 4075 aliquid
1433 4003 1502 4059 de
1532 4001 1864 4074 philosOphis

267 4103 606 4176 probandum
633 4099 755 4169 fuit,
783 4112 1209 4156 commemorare
1233 4095 1469 4152 voluisti.
1497 4094 1614 4151 Non
1640 4099 1783 4153 enim
1812 4106 1864 4153 te

267 4196 530 4252 adversus
558 4193 691 4249 istos
713 4187 1168 4257 defenderet,non
1196 4186 1319 4243 dico
1347 4186 1630 4257 Epicurus,
1651 4186 1743 4258 qui
1772 4195 1861 4244 to-

269 4295 386 4343 tum
406 4286 608 4342 bonum
633 4281 865 4339 hominis
886 4281 941 4336 in
962 4280 1237 4350 voluptate
1254 4276 1498 4349 corporis
1518 4278 1716 4348 posuit,
1739 4277 1864 4347 quia

268 4392 379 4434 non
429 4374 575 4448 quod
620 4373 714 4431 ille
758 4381 819 4429 tu
846 4370 1055 4437 sentis;
1102 4368 1198 4426 sed
1242 4367 1604 4426 Dinomachus
1645 4385 1661 4423 :
1706 4366 1865 4439 hujus

266 4471 469 4542 quippe
511 4467 707 4539 dogma
747 4465 841 4522 tibi
881 4465 1098 4537 placuit.
1134 4461 1270 4520 Nam
1299 4463 1416 4533 ipse
1438 4461 1865 4534 conjungendam

265 4562 599 4630 voluptatem
635 4556 924 4614 arbitratus
961 4564 1046 4612 est
1084 4555 1372 4620 honestati,
1418 4562 1478 4609 ut
1517 4553 1867 4625 quemadmo-

266 4653 398 4707 dum
441 4650 727 4716 honestas,
769 4648 839 4702 ita
878 4647 1123 4717 voluptas
1151 4660 1248 4716 per
1276 4660 1337 4701 se
1366 4645 1534 4715 ipsam
1565 4645 1864 4715 appetenda

266 4743 546 4798 videretur
562 4738 720 4813 (Vide
737 4737 1048 4801 Ciceronem,
1068 4736 1132 4791 de
1148 4733 1363 4790 Finibus
1390 4735 1479 4790 tib.
1498 4736 1552 4801 5,
1574 4745 1621 4791 et
1649 4734 1861 4790 Tuscut.

273 4834 374 4900 Qu.
399 4832 490 4887 lib.
532 4831 610 4903 5).
644 4830 793 4885 l-lanc
825 4844 954 4899 ergo
979 4835 1185 4899 partem
1212 4826 1302 4881 ubi
1326 4825 1394 4880 de
1420 4826 1658 4881 moribus
1682 4826 1867 4898 dispu-

268 4932 437 4989 tatur,
465 4937 588 4978 cum
616 4920 712 4976 tibi
738 4918 1004 4977 infensam
1029 4932 1300 4983 cerneres,
1330 4917 1596 4988 attingere
1619 4918 1861 4974 timuisti.

267 5014 406 5071 Nam
427 5015 449 5045 '
476 5012 564 5068 ubi
593 5010 825 5066 maxime
853 5007 1218 5065 controversia
1250 5007 1350 5062 ista
1376 5015 1650 5075 versatur,
1680 5007 1867 5079 quanti

269 5114 327 5161 et
351 5104 560 5175 quales,
587 5109 643 5157 et
670 5100 826 5171 cujus
854 5098 998 5171 apud
1018 5098 1216 5156 Gentes
1234 5098 1420 5170 gloria:
1440 5097 1745 5170 philosophi
1770 5099 1867 5156 tibi

271 5197 649 5267 przeferantur,
694 5191 891 5248 vides:
935 5192 1275 5262 maximeque
1320 5190 1437 5261 ipse
1480 5190 1663 5257 Plato,
1706 5207 1877 5263 quem

268 5288 461 5345 Cicero
509 5286 780 5356 appellare
823 5299 935 5342 non
979 5284 1185 5341 dubitat
1242 5298 1377 5355 pene
1425 5282 1865 5355 philosophorum

270 5381 433 5438 deum
461 5377 564 5451 (De
598 5376 804 5433 Natura
839 5376 1068 5445 deorum,
1095 5377 1186 5431 lib.
1205 5376 1269 5444 2,.
1283 5385 1332 5431 et
1353 5376 1499 5431 libuit
1517 5376 1585 5431 ad
1608 5377 1829 5433 Atticum
1846 5420 1862 5445 ,

336 5516 354 5548 ι
382 5520 566 5585 tuna-et
586 5512 742 5564 nostri
772 5524 949 5564 omnes
982 5519 1112 5575 Mss,
1136 5517 1344 5577 quantm
1378 5509 1643 5565 testimonio
1664 5525 1730 5565 ea:
1751 5527 1865 5579 per-

269 5573 624 5689 “23322...
656 5635 844 5687 habent
857 5672 873 5697 ,
923 5643 1045 5687 Nam
1088 5647 1106 5686 :
1142 5647 1310 5699 neque
1351 5648 1525 5688 novam
1567 5639 1865 5699 sententiam

528 5698 620 5750 nisi
651 5706 796 5763 post,
839 5702 1089 5759 versatur,
1134 5698 1195 5748 ad
1229 5697 1415 5759 verba,
1460 5697 1632 5761 Quanti
1662 5706 1708 5751 et
1740 5713 1862 5765 qua-

554 5860 822 5922 ΡΑτῐιυι..
859 5862 1075 5927 XLIV.

1618 305 1822 362 LIBER
1862 266 2177 374 QL‘lN'fUS.
2222 308 2223 311 ‘

3432 312 3541 368 ’Τῖἒῦ

1954 425 2097 496 epist.
2129 423 2195 481 16
2220 422 2240 497 )
2265 440 2279 489 ;
2315 423 2465 495 cujus
2495 438 2595 479 nec
2647 433 2701 479 tu
2746 439 2941 479 nomen
2973 428 3244 496 prmterire
3275 430 3491 499 potuisti
3521 472 3535 496 ,

1949 534 2072 574 cum
2102 516 2169 574 de
2190 517 2539 586 naturalibus,
2568 518 2763 574 nonde
2783 520 3076 577 moralibus
3100 521 3534 592 philosophorum

1950 611 2104 667 nobis
2136 610 2385 682 dogmata
2416 611 2641 668 inferres
2667 612 2781 668 sive
2809 611 3122 683 prmferres,
3161 614 3253 683 qui
3295 617 3541 686 corporis

1950 701 2253 773 voluptates
2290 717 2415 758 vere
2443 711 2498 759 et
2524 702 2758 773 graviter
2787 703 2986 759 dixisse
3015 704 3325 775 perhibetur
3355 707 3542 765 illece-

1950 795 2074 850 bras
2099 804 2259 867 atque
2289 811 2441 852 escas
2470 797 2731 851 malorum
2769 794 2986 868 (Supra,
3018 814 3072 852 η.
3106 796 3241 870 72.).

2024 887 2111 943 77.
2164 886 2431 957 Numquid
2461 898 2639 942 autem
2682 888 2808 959 quid
2853 888 2922 945 de
2963 889 3197 946 hominis
3237 891 3544 947 conditione

1952 977 2220 1033 senserint
2259 993 2391 1049 quos
2420 979 2707 1034 nominasti
2732 979 3071 1051 philosophi,
3113 983 3235 1053 quia
3262 992 3317 1039 et
3344 982 3446 1038 hoc
3477 985 3545 1038 ad

1954 1070 2249 1126 naturalem
2273 1071 2505 1140 pertinet
2523 1073 2897 1142 qutestionem,
2921 1074 3064 1145 quod
3086 1076 3548 1147 qualitercumque

1953 1174 2113 1221 causa
2145 1161 2416 1231 poscebat,
2455 1163 2984 1219 commemorandum
3014 1166 3254 1235 putasti?
3294 1167 3410 1223 Non
3442 1169 3548 1223 uti-

1955 1266 2060 1322 que
2088 1251 2296 1321 fecisti,
2339 1262 2394 1309 et
2434 1263 2598 1311 recte.
2644 1255 2783 1324 Quid
2818 1257 2962 1313 enim
2990 1258 3062 1314 illi
3095 1259 3430 1328 didicerant,
3464 1262 3549 1318 vel

1954 1341 2082 1411 quid
2128 1342 2290 1398 locuti
2334 1342 2546 1399 fuerant
2585 1344 2652 1400 de
2679 1346 2854 1417 primo
2894 1347 3112 1404 homine
3141 1349 3312 1405 Adam
3349 1358 3405 1407 et
3432 1353 3549 1423 ejus

1957 1432 2205 1503 conjuge,
2238 1433 2307 1489 de
2332 1433 2503 1504 prima
2532 1451 2719 1491 eorum
2748 1438 3206 1509 praevaricatione,
3236 1441 3305 1497 de
3330 1456 3552 1513 serpen-

1959 1523 2028 1578 tis
2056 1524 2249 1579 asitutia
2276 1566 2290 1592 ,
2322 1524 2387 1580 de
2415 1525 2654 1582 nuditate
2680 1529 2923 1599 corporis
2952 1539 3077 1586 ante
3120 1542 3399 1601 peccatum
3430 1534 3550 1591 sine

1958 1611 2293 1677 confusione,
2322 1626 2374 1670 et
2401 1630 2521 1671 cum
2546 1618 2562 1649 ί
2584 1617 2899 1675 confusione
2925 1622 3184 1699 cantinuo
3213 1635 3332 1693 post
3361 1640 3551 1695 peccas

1960 1706 2119 1760 tum?
2164 1705 2300 1774 Quid
2335 1706 2566 1780 denique
2612 1710 2715 1767 tale
2750 1711 3069 1780 audierant,
3109 1714 3265 1785 quale
3303 1716 3430 1770 illud
3469 1728 3553 1773 est

1958 1795 2101 1866 quod
2129 1798 2202 1852 ait
2228 1797 2540 1868 Apostolus,
2574 1799 2677 1855 Per
2702 1818 2861 1856 unum
2889 1804 3144 1859 hominem
3174 1817 3434 1877 peccatum
3461 1809 3547 1862 in-

1960 1888 2109 1941 travit
2135 1889 2186 1942 in
2211 1889 2478 1960 mundum,
2505 1901 2552 1945 et
2581 1910 2670 1963 per
2694 1905 2955 1965 peccatum
2985 1913 3119 1952 mors
3142 1912 3162 1962 ;
3190 1907 3239 1952 et
3269 1898 3339 1953 ita
3364 1899 3416 1953 in
3441 1916 3551 1953 om-

1960 1993 2048 2033 nes
2091 1979 2317 2035 homines
2365 1984 2700 2053 pertransiit,
2750 1985 2805 2039 in
2849 2003 2948 2058 quo
2995 2004 3168 2042 omnes
3224 2002 3553 2059 peccaverunt

1961 2069 2156 2142 (Rom.
2189 2089 2240 2140 v,
2274 2073 2341 2128 12
2363 2073 2431 2145 )?
2485 2074 2685 2131 Harum
2726 2076 3048 2134 Litterarum
3080 2081 3155 2135 illi
3190 2091 3350 2151 atque
3393 2081 3552 2153 hujus

1960 2165 2202 2220 veritatis
2235 2176 2504 2235 expertes,
2534 2168 2660 2239 quid
2690 2168 2758 2225 de
2787 2169 2887 2225 hac
2914 2186 2974 2227 re
3001 2187 3191 2243 sapere
3222 2175 3553 2243 potuerunt?

1963 2254 2161 2310 Verum
2192 2257 2235 2311 si
2262 2254 2591 2314 de-hominis
2610 2245 2922 2316 conditione
2946 2261 3195 2334 dogmata
3216 2238 3491 2320 hominum
3521 2282 3551 2319 a

1963 2349 2131 2405 sacris
2160 2350 2375 2407 Litteris
2401 2353 2598 2408 nostris
2618 2354 3022 2412 abhorrentium
3047 2358 3177 2412 nihil
3194 2358 3445 2429 judieasti
3467 2376 3554 2416 es-

1964 2455 2025 2497 se
2054 2442 2380 2511 ponendum,
2411 2453 2467 2500 et
2509 2446 2809 2504 rectissime
2828 2448 3078 2526 iudicasti
3104 2469 3117 2505 :
3145 2462 3345 2522 quanto
3378 2455 3557 2511 minus

1964 2540 2019 2588 te
2046 2549 2165 2605 qua:
2194 2537 2419 2606 posuisti
2446 2537 2699 2609 adjuvare
2727 2549 3047 2611 potuerunt,
3092 2543 3218 2614 quid
3247 2544 3315 2601 de
3354 2547 3557 2618 princi-

1966 2621 2070 2694 piis
2098 2625 2280 2680 mundi
2319 2625 2477 2697 hujus
2506 2628 2729 2685 visibilis
2765 2633 3054 2703 senserint,
3100 2635 3239 2691 unde
3278 2638 3419 2694 inter
3457 2653 3558 2694 nos

1967 2713 2111 2771 nulla
2130 2717 2353 2787 qumstio
2373 2720 2633 2775 vertitur?
2654 2721 2759 2777 Sed
2783 2738 2934 2779 mens
2960 2733 3047 2780 tua
3072 2726 3271 2797 potius,
3302 2736 3554 2801 tanquam

1966 2822 2219 2880 magnum
2264 2810 2461 2882 aliquid
2502 2812 2571 2868 de
2614 2813 3054 2887 philosophorum
3084 2816 3236 2875 libris
3263 2819 3514 2879 didiceris
3536 2864 3556 2893 ,

1963 2900 2232 2973 jactantiaa
2258 2904 2492 2961 vanitate
2519 2906 2865 2964 subvertitur.

2040 2993 2128 3050 78.
2157 2994 2421 3052 Videntur
2466 3007 2644 3054 autem
2687 3015 2796 3055 non
2840 2999 3036 3057 frustra
3065 3001 3372 3062 Christianae
3429 3007 3557 3065 fidei

1966 3085 2373 3157 propinquasse,
2422 3088 2513 3160 qui
2539 3089 2703 3144 vitam
2742 3091 2898 3147 istam
2943 3091 3170 3150 fallacia:
3217 3095 3559 3170 miseriaeque

1968 3175 2334 3246 plenissimam
2366 3195 2472 3234 non
2500 3181 2703 3251 opinati
2731 3190 2858 3237 sunt
2881 3183 2983 3238 nisi
3002 3182 3185 3241 divino
3207 3186 3408 3257 judicio
3427 3204 3562 3246 con-

1968 3269 2182 3339 tigisse,
2217 3271 2512 3326 tribuentes
2538 3272 2722 3343 utique
2765 3272 3030 3343 justitiam
3060 3276 3355 3345 Conditori,
3387 3295 3416 3333 a
3447 3296 3555 3354 quo

1968 3361 2140 3416 factus
2166 3370 2251 3418 est
2281 3372 2336 3419 et
2360 3363 2763 3421 administratur
2790 3366 2878 3424 hic
2920 3370 3169 3426 mundus.
3195 3371 3405 3441 Quanto
3430 3391 3561 3447 ergo

1970 3459 2025 3507 te
2041 3453 2237 3510 melius
2261 3456 2578 3527 veritatique
2606 3457 2834 3514 vicinius
2862 3459 2929 3515 de
2950 3459 3230 3517 hominum
3255 3466 3560 3533 generatio-

1962 3560 2038 3619 pe
2062 3555 2369 3616 senserunt,
2400 3563 2535 3619 quos
2559 3547 2750 3606 Cicero
2788 3551 2842 3607 in
2870 3554 3128 3610 extremis
3155 3557 3397 3628 partibus
3420 3559 3560 3615 llor-

1969 3639 2127 3697 tensii
2155 3639 2351 3712 dialogi
2379 3641 2524 3697 velut
2547 3642 2661 3712 ipsa
2682 3659 2864 3700 rerum
2904 3645 3173 3704 evidentia
3198 3649 3391 3721 ductus
3409 3668 3562 3708 corn-

1968 3733 2260 3804 pulsusque
2282 3735 2716 3791 commemorat?
2739 3735 2873 3791 Nam
2913 3751 3035 3792 eum
3064 3739 3230 3796 multa
3267 3757 3387 3812 qua:
3409 3743 3561 3801 vide-

1967 3839 2090 3880 mus
2109 3833 2164 3879 et
2182 3824 2464 3895 gemimus,
2493 3824 2561 3881 de
2591 3826 2869 3883 hominum
2915 3831 3152 3886 vanitate
3200 3842 3359 3904 atque
3388 3834 3564 3891 infeli-

1969 3917 2130 3974 citate
2150 3917 2409 3975 dixisset:
2432 3937 2453 3971 ι
2486 3917 2570 3974 Ex
2599 3921 2791 3991 quibus
2820 3922 3089 3992 humanm,
3120 3943 3140 3980 ι
3168 3926 3358 3997 inquit,
3394 3948 3414 3982 ι
3439 3930 3565 3987 vitae

1969 4009 2240 4065 erroribus
2255 4017 2313 4065 et
2330 4010 2583 4067 aerumnis
2601 4011 2682 4077 fit,
2708 4022 2768 4068 ut
2792 4013 3060 4071 interdum
3087 4026 3303 4075 veteres
3330 4019 3431 4088 illi,
3449 4023 3565 4080 sive

1969 4108 2140 4167 vates,
2165 4100 2278 4156 sive
2299 4101 2352 4157 in
2393 4104 2561 4159 sacris
2590 4103 2862 4176 initiisque
2893 4106 3164 4164 tradendis
3183 4109 3379 4167 divinae
3405 4128 3564 4169 men-

1972 4190 2041 4247 tis
2060 4192 2403 4262 interpretes,
2428 4194 2520 4265 qui
2551 4209 2649 4251 nos
2674 4194 2747 4251 ob
2773 4196 2949 4269 aliqua
2996 4200 3203 4255 scelera
3227 4212 3476 4274 suscepta
3500 4205 3553 4260 in

1970 4285 2078 4338 vita
2100 4284 2397 4354 superiore,
2426 4300 2707 4357 ptenarum
2738 4287 3056 4344 tuendarum
3080 4305 3240 4347 causa
3272 4303 3425 4350 natos
3442 4310 3565 4353 esse

1971 4376 2258 4446 dixerunt,
2309 4378 2510 4449 aliquid
2554 4378 2755 4436 vidisse
2788 4380 3110 4438 videantur:
3146 4399 3442 4459 verumque
3494 4389 3569 4445 sit

1971 4468 2104 4525 illud
2129 4468 2271 4539 quod
2300 4479 2383 4526 est
2417 4469 2557 4541 apud
2600 4470 2969 4541 Aristotelem,
3009 4472 3172 4530 simili
3218 4491 3316 4533 nos
3342 4478 3566 4536 affectos

1970 4577 2095 4620 esse
2117 4563 2403 4635 supplicio,
2431 4573 2592 4635 atque
2619 4579 2715 4621 eos
2734 4566 2826 4637 qui
2843 4566 3133 4637 quondam,
3176 4582 3300 4624 cum
3333 4570 3400 4626 'ln
3422 4586 3565 4643 pras-

1971 4654 2173 4711 donum
2222 4654 2572 4711 Etruscorum
2612 4670 2804 4712 manus
2852 4656 3197 4726 incidissent,
3244 4660 3565 4719 crudelitate

1971 4747 2271 4819 excogitata
2327 4747 2690 4812 necabantur,
2721 4761 2947 4818 quorum
2993 4762 3217 4818 corpora
3268 4750 3387 4806 viva
3439 4768 3563 4808 cum

1971 4844 2214 4907 mortuis,
2237 4841 2460 4897 adversa
2478 4840 2719 4897 adversis
2736 4839 3156 4907 accommodata,
3178 4857 3334 4912 quam
3352 4845 3570 4915 aptissi-

1972 4952 2060 4993 me
2110 4932 2532 5007 colligabanlur;
2560 4932 2639 4989 sic
2674 4942 2887 4989 nostros
2937 4933 3144 4989 animos
3173 4950 3293 4990 cum
3323 4939 3566 5009 corpori-

1972 5029 2074 5084 bus
2089 5026 2385 5100 c0pulatos,
2402 5034 2462 5081 ut
2485 5024 2635 5081 vivos
2653 5038 2774 5080 cum
2797 5024 3023 5079 mortuis
3039 5039 3159 5081 esse
3177 5027 3511 5098 conjunctos.
3541 5050 3561 5083 ι

1971 5120 2160 5176 Nonne
2186 5120 2277 5191 qui
2301 5118 2402 5175 ista
2428 5123 2730 5183 senserunt,
2756 5115 2926 5171 multo
2957 5132 3115 5188 quam
3145 5126 3203 5173 tu
3229 5120 3420 5177 melius
3444 5138 3566 5193 gra-

1971 5214 2241 5284 vejugum
2287 5226 2449 5281 super
2472 5209 2611 5266 filios
2648 5209 2818 5266 Adam
2845 5217 2901 5265 et
2946 5209 3041 5266 Dei
3070 5212 3361 5282 potentiam
3399 5214 3563 5286 justi-

1974 5307 2209 5378 tiamque
2246 5303 2516 5370 viderunt,
2556 5301 2765 5356 etiamsi
2811 5301 3058 5373 gratiam,
3088 5318 3209 5374 quas
3239 5319 3335 5374 per
3360 5305 3565 5363 Media-

1973 5406 2145 5453 torem
2175 5394 2466 5450 liberandis
2508 5392 2816 5449 hominibus
2839 5408 3095 5450 concessa
3122 5406 3223 5462 est,
3258 5413 3362 5454 non
3412 5400 3562 5457 vide-

1974 5488 2144 5545 runt?
2173 5487 2316 5542 Ecce
2364 5500 2464 5557 ego
2503 5485 2678 5541 inveni
2728 5485 2870 5557 quod
2914 5486 3008 5542 tibi
3048 5486 3115 5543 de
3145 5488 3251 5545 illis
3283 5493 3559 5563 gentilium

1973 5578 2415 5651 philOSOphorum
2458 5577 2650 5633 litteris
2680 5579 2849 5649 possit
2877 5578 3000 5649 jure
3038 5583 3294 5653 praeponi,
3327 5593 3379 5640 te
3404 5584 3561 5642 insti-

2040 5761 2059 5797 ι
2084 5764 2135 5810 ιιι
2157 5760 2493 5823 manuscriptis
2506 5758 2755 5813 Gallicanis
2778 5767 2831 5811 et
2846 5759 3082 5809 Vaticanis
3102 5758 3264 5820 deest.
3288 5772 3416 5813 cum

2768 5873 2808 5947 ί
2842 5872 3247 5949 i’in-gt-cinq.
3272 5872 3306 5941 )
