4088 6548
653 348 757 406 ἨΘ

651 480 827 537 gante,
862 468 949 539 qui
972 467 1041 524 de
1078 466 1183 523 illis
1233 466 1362 523 nihil
1394 468 1494 523 tale
1547 469 1785 525 invenire
1826 470 2059 539 potuisti,
2097 477 2150 524 et
2177 475 2233 521 ut

654 576 738 612 me
768 557 1084 613 admoneres
1129 557 1269 630 quod
1317 556 1571 613 adversus
1601 568 1651 614 te
1695 558 2010 625 invenirem,
2058 568 2230 613 tacere

651 650 889 706 ttoluisti.

720 740 947 799 CAPUT
984 738 1219 796 1οη-
1243 740 1332 797 79.
1384 739 1539 809 Quid,
1568 740 1709 812 quod
1748 740 1816 796 de
1862 738 2100 809 Apostoli
2152 746 2232 792 te-

650 834 899 887 stimonio
927 846 1021 903 pro
1066 840 1116 887 te
1152 845 1273 886 esse
1297 830 1593 896 existimas,
1620 829 1762 902 quod
1791 839 1875 885 est
1900 838 2083 885 contra
2133 837 2183 882 te
2216 843 2230 892 ;

648 934 698 980 et
730 925 965 981 membra
989 934 1169 981 nostra
1190 968 1205 992 ,
1233 941 1351 997 quae
1380 926 1561 996 utique
1603 934 1730 981 ante
1772 933 2044 997 peccatum
2090 924 2228 978 nuda

646 1026 820 1084 erant,
843 1031 941 1072 nec
973 1015 1369 1073 confundebant
1394 1030 1487 1072 eos
1512 1017 1703 1087 quibus
1731 1017 1962 1084 inerant,
1985 1014 2228 1086 pudenda

649 1104 812 1160 fuisse
845 1106 1060 1173 asseris,
1084 1107 1330 1161 nesciens
1354 1105 1481 1177 quid
1508 1106 1785 1176 loquaris?
1810 1107 1924 1177 Ego
1954 1106 2096 1161 enim
2131 1105 2231 1161 de-

648 1198 736 1253 bui
768 1197 1023 1255 adhibere
1053 1198 1440 1269 testimonium,
1469 1199 1611 1269 quod
1652 1199 1767 1269 ipse
1794 1198 2106 1266 adhibuisti,
2136 1197 2227 1253 ubi

646 1292 721 1345 ait
753 1291 1055 1365 Apostolus,
1089 1290 1254 1346 Multo
1281 1292 1439 1362 magis
1461 1307 1572 1359 qua:
1602 1291 1833 1347 uidentur
1875 1293 2082 1361 infirma
2123 1307 2232 1347 esse

645 1386 874 1453 corporis
912 1385 1095 1451 nostri,
1126 1385 1235 1440 hate
1287 1386 1570 1439 necessaria
1611 1395 1728 1440 sunt
1752 1395 1845 1441 :et
1886 1392 2083 1440 castera
2106 1399 2225 1454 qum

648 1491 745 1545 pro
775 1476 927 1530 nobis
953 1475 1067 1545 ipse
1102 1475 1344 1545 posuisti.
1379 1475 1484 1531 Sed
1511 1490 1686 1543 opera:
1713 1477 1941 1545 pretium
1971 1484 2055 1531 est
2096 1489 2225 1530 con-

647 1568 908 1634 sidcrare,
936 1567 1204 1638 quomodo
1231 1583 1297 1623 eo
1325 1568 1553 1633 veneris,
1576 1576 1634 1623 ut
1658 1568 1773 1623 haec
1798 1567 2026 1623 diceres.
2062 1587 2079 1619 ι
2104 1566 2222 1621 Jam

643 1659 821 1727 igitur,
852 1677 871 1711 ι
904 1660 1075 1728 inquis
1097 1700 1111 1726 ,
1136 1677 1154 1709 s
1202 1667 1412 1729 tempus
1446 1667 1528 1714 est
1576 1667 1633 1712 ut
1681 1658 2026 1714 ostendamus
2072 1665 2221 1711 extra

640 1760 844 1804 natura:
870 1752 1229 1806 testimonium
1281 1753 1439 1806 etiam
1483 1751 1658 1823 aliqua
1697 1752 2011 1807 auctoritate
2061 1750 2214 1820 legis,

638 1843 715 1895 sic
743 1851 919 1897 nostra
947 1856 1180 1897 memora
1214 1840 1376 1898 fuisse
1398 1841 1721 1909 formata,ut
1745 1843 1848 1896 alia
1867 1841 2211 1906 verecundia,

634 1934 738 1986 alia
769 1933 1012 1988 libertate
1042 1940 1354 2003 gauderent.
1404 1931 1485 1987 Ad
1530 1931 1673 2001 quod
1705 1932 2146 1998 confirmandum,
2186 1952 2206 1986 ι

636 2023 831 2091 inaniis,
868 2042 886 2075 ι
910 2022 1157 2079 Gentium
1177 2025 1371 2079 citetur
1385 2023 1651 2094 Magister,
1665 2025 1753 2094 qui
1778 2025 2016 2080 scribens
2032 2024 2099 2080 ad
2118 2026 2218 2080 Co-

633 2116 859 2169 rinthios
883 2114 974 2179 ait,
1006 2114 1202 2186 Corpus
1229 2125 1457 2170 nostrum
1486 2131 1586 2169 non
1630 2125 1702 2170 est
1741 2132 1897 2169 unum
1919 2117 2214 2183 membrum,

631 2212 721 2264 sed
742 2211 920 2285 multa.
958 2229 977 2262 ι
1004 2209 1224 2272 Deinde,
1257 2223 1381 2264 cum
1423 2210 1716 2279 apostolica
1741 2209 1899 2264 verba
1925 2210 2210 2265 subnecte-

631 2316 739 2364 res,
763 2301 955 2371 quibus
1000 2301 1087 2357 ille
1126 2299 1347 2356 miriﬁce
1369 2299 1651 2368 explicavit
1692 2300 1946 2355 unitatem
1991 2316 2218 2355 consen-

631 2407 856 2463 sumque
913 2392 1273 2447 membrorum
1311 2408 1325 2445 :
1362 2410 1382 2444 ι
1437 2392 1505 2445 Et
1547 2392 1668 2461 quia
1724 2406 1925 2462 pauca,
1964 2411 1981 2444 ι
2018 2392 2211 2462 inquis,

638 2505 656 2538 ι
694 2486 857 2539 totius
911 2484 1152 2553 corporis
1196 2483 1433 2539 membra
1483 2482 1869 2548 nominaverat,
1901 2492 2060 2552 atque
2111 2497 2208 2552 pro

631 2592 725 2630 sua
745 2572 1022 2631 honestate
1037 2574 1286 2645 genitalia
1303 2574 1418 2629 loca
1436 2573 1635 2629 directe
1647 2575 1914 2644 appellare
1931 2575 2161 2630 nolebat.
2187 2592 2205 2626 ι

632 2670 822 2722 Nonne
849 2667 932 2722 his
948 2667 1124 2721 verbis
1156 2667 1259 2722 tuis
1282 2673 1334 2723 te
1360 2666 1474 2737 ipse
1491 2666 1766 2739 redarguis
1780 2668 1806 2720 γ
1832 2667 2092 2723 Honestas
2121 2684 2211 2724 er-

630 2779 698 2831 go
724 2770 837 2815 erat
875 2774 979 2815 non
1010 2759 1274 2830 appellare
1299 2759 1498 2815 directe
1521 2799 1537 2827 ,
1568 2759 1708 2830 quod
1738 2759 1878 2815 Deus
1907 2759 2081 2816 facere
2124 2759 2205 2815 di-

629 2865 821 2923 gnatus
849 2862 930 2909 est
950 2859 1128 2917 recte;
1159 2859 1213 2907 et
1238 2850 1378 2923 quod
1403 2866 1586 2906 creare
1608 2866 1711 2907 non
1736 2852 1997 2922 puduerat
2035 2853 2209 2922 ipsum

628 2943 884 3013 judicent,
913 2941 1138 3011 pudebat
1169 2942 1445 2998 enuntiare
1465 2956 1790 3013 praeconem,
1818 2942 2042 3013 Quando
2071 2944 2209 3001 istud

631 3037 701 3089 ita
755 3045 913 3099 esset,
969 3034 1068 3088 nisi
1110 3049 1229 3103 qua:
1287 3033 1375 3090 ille
1425 3033 1621 3091 fecerat
1654 3034 1875 3091 honesta
1910 3036 2207 3104 condendo,

630 3140 729 3183 nos
759 3128 1065 3182 fecissemus
1087 3126 1360 3182 inhonesta
1386 3126 1698 3197 peccando?

700 3220 787 3276 80.
814 3219 940 3275 lude
964 3219 1238 3290 subjungis
1263 3218 1331 3275 de
1359 3218 1460 3275 bac
1497 3234 1558 3276 re
1584 3220 1939 3290 apostolicum
1972 3221 2210 3278 testimo-

629 3312 798 3378 nium,
828 3311 969 3382 quod
1014 3311 1082 3366 ita
1127 3310 1384 3381 scriptum
1425 3325 1546 3367 esse
1592 3326 2016 3369 commemoras:
2044 3313 2208 3367 Multo

626 3406 760 3460 enim
790 3404 950 3476 magis
987 3418 1099 3476 ante
1121 3402 1349 3457 uidentur
1374 3402 1579 3472 inﬁrma
1600 3419 1708 3458 esse
1753 3405 1980 3475 corporis
2027 3406 2204 3469 nostri,

627 3501 735 3553 hare
755 3495 1033 3552 necessaria
1055 3503 1170 3550 sunt
1196 3510 1216 3550 :
1240 3504 1285 3550 et
1309 3510 1423 3566 qua:
1458 3503 1693 3565 putamus
1732 3495 2164 3550 inhonorabitiora
2188 3498 2205 3529 ι

547 3648 553 3656 ,
624 3605 734 3643 esse
753 3586 975 3641 membra
1018 3585 1266 3654 corporis,
1289 3585 1368 3640 his
1398 3584 1636 3640 honorem
1664 3584 2081 3640 abundantiorem
2108 3586 2210 3639 εἰν.

623 3678 962 3741 coniciamus;
1001 3685 1049 3731 et
1071 3691 1184 3744 quat
1231 3677 1511 3731 verecunda
1560 3686 1678 3731 sunt
1728 3688 1921 3744 nostra,
1964 3678 2206 3749 majorem

627 3771 937 3824 honestatem
974 3766 1202 3820 habent:
1227 3780 1340 3836 quas
1376 3776 1542 3820 autem
1588 3777 1707 3821 sunt
1747 3767 1956 3822 honesta
2006 3778 2201 3831 nostra,

528 3926 536 3940 λ
623 3865 767 3919 nullo
793 3872 978 3935 egent;
1001 3860 1090 3916 sed
1134 3858 1274 3914 Deus
1303 3861 1592 3929 temperavit
1623 3876 1827 3930 corpus,
1859 3862 1905 3916 ei
1931 3862 2011 3915 cui
2035 3863 2204 3916 deerat

621 3953 992 4011 abundantiore
1009 3951 1129 4005 dato
1155 3950 1346 4004 honore
1370 3951 1414 4015 ⁸,
1436 3958 1493 4004 ut
1518 3965 1620 4004 non
1654 3951 1719 4005 sit
1755 3951 1976 4005 scissura
2001 3951 2056 4006 in
2082 3967 2196 4006 cor-

626 4066 768 4121 pore,
791 4046 880 4104 sed
899 4045 1073 4100 eadem
1108 4045 1221 4114 ipsa
1263 4059 1356 4113 pro
1379 4058 1433 4097 se
1459 4043 1668 4097 invicem
1719 4043 1934 4114 cogitent
1982 4045 2205 4101 membra

534 4128 535 4131 “
630 4138 687 4211 (l
718 4137 833 4194 Car.
865 4152 959 4202 xu,
988 4134 1075 4197 l2.
1097 4133 1267 4192 21-25
1286 4131 1327 4206 ).
1359 4132 1562 4203 Quibus
1588 4134 1744 4189 dictis
1763 4142 2011 4206 tanquam
2034 4136 2205 4191 victor

620 4230 893 4285 exclamas
925 4245 939 4282 :
982 4245 1002 4279 ‹
1044 4225 1119 4281 En
1164 4240 1349 4281 verum
1389 4225 1775 4281 intellectorem
1800 4226 1975 4297 operis
1997 4227 2111 4294 Dei,
2136 4243 2202 4283 en

626 4326 834 4381 ﬁdelem
868 4320 1140 4393 sapicntim
1168 4319 1283 4389 ejus
1332 4318 1755 4390 prmdicatorem.
1802 4317 2197 4386 Verecundiam,

623 4414 815 4485 inquit,
847 4421 1018 4467 nostra
1043 4412 1236 4483 majore
1276 4409 1535 4463 honestate
1556 4417 1905 4480 conteguntur.
1941 4428 1960 4463 ι
1988 4409 2068 4465 Ad
2095 4410 2199 4465 hoc

623 4517 768 4564 certe
796 4518 956 4561 unum
978 4501 1199 4558 verbum
1249 4508 1409 4555 totam
1459 4513 1672 4554 causam
1704 4508 1845 4554 tuam
1874 4498 2200 4570 religandam

623 4596 840 4669 putasti,
860 4592 1001 4666 quod
1033 4590 1341 4662 Apostolum
1389 4589 1590 4644 dixisse
1622 4588 1816 4659 legisti,
1842 4589 2201 4645 uerecundiam

620 4700 811 4748 nostra.
838 4687 895 4745 Si
919 4694 1098 4743 autem
1122 4682 1362 4755 legisses,
1407 4681 1670 4736 inhonesta
1694 4689 1884 4744 nostra,
1913 4681 2063 4736 nullo
2087 4697 2201 4736 mo-

618 4785 690 4840 do
708 4783 892 4852 utique
942 4779 1044 4833 hoc
1098 4774 1457 4832 testimonium
1510 4786 1709 4843 ponere
1751 4773 1996 4828 auderes.
2042 4773 2199 4828 Nullo

620 4875 782 4929 modo
806 4871 949 4927 enim
977 4869 1141 4935 Deus,
1166 4873 1245 4933 et,
1273 4864 1375 4920 hoc
1398 4862 1540 4935 quod
1565 4871 1649 4919 est
1672 4864 1839 4935 pejus,
1869 4874 1993 4921 ante
2011 4880 2200 4935 pecea-

621 4975 756 5025 tum,
786 4959 986 5032 aliquid
1027 4958 1226 5015 faceret
1251 4956 1305 5011 in
1334 4954 1591 5011 membris
1616 4944 1830 5010 humi-ini
1856 4956 2098 5025 corporis
2118 4956 2201 5010 in-

619 5054 924 5110 honestum.
962 5050 1119 5105 Disce
1152 5061 1289 5121 ergo
1335 5045 1477 5118 quod
1519 5048 1714 5113 nescis,
1743 5050 1866 5117 quia
1909 5045 2195 5116 diligenter

616 5156 858 5215 quzerere
872 5138 1109 5197 noluisti.
1142 5136 1419 5193 Inhonesta
1442 5136 1577 5193 dixit
1601 5136 1908 5208 Apostolus,
1933 5136 2029 5194 sed
2063 5152 2199 5193 non-

619 5236 749 5291 nulli
772 5236 1109 5304 interpretes,
1140 5230 1198 5287 in
1221 5228 1414 5301 quibus
1436 5238 1492 5285 et
1515 5229 1615 5285 iste
1640 5235 1742 5297 est,
1770 5238 2027 5300 quantum
2053 5228 2197 5284 arbi-

619 5338 749 5389 lt‘ut‘,
773 5340 929 5396 quem
950 5323 1151 5394 legisti,
1181 5320 1347 5379 credo
1372 5318 1710 5375 verecundati
1739 5319 2096 5375 verecundiam
2110 5319 2196 5375 di-

622 5427 836 5477 xerunt,
865 5432 983 5487 qua:
1008 5415 1095 5470 ille
1130 5414 1265 5469 dixit
1308 5412 1572 5467 inhonesta
1597 5426 1618 5467 :
1659 5410 1801 5481 quod
1851 5412 2102 5481 probatur
2127 5426 2195 5467 ex

618 5508 794 5563 verbis
822 5509 875 5561 in
926 5508 1040 5576 ipso
1067 5504 1249 5560 codice
1276 5503 1510 5574 scriptis,
1540 5501 1684 5558 unde
1727 5503 1829 5556 ista
1875 5502 2037 5555 verba
2062 5516 2193 5571 apo-

682 5688 698 5718 ι
724 5692 796 5733 Stc
820 5693 922 5733 \tss.
948 5684 1084 5742 illiti,
1106 5680 1470 5733 iuhmto'rtbilia.

680 5748 699 5781 ³
722 5748 791 5797 sic
824 5754 929 5795 ass.
963 5741 1096 5806 Editi,
1122 5744 1516 5796 abundantiorem
1552 5742 1716 5794 dando
1738 5741 1981 5795 honorem.

1465 350 1738 408 CONTRA
1778 352 2113 409 JULlANUM
2153 349 2614 425 PELAGIANUM,
2652 358 2710 416 S.
2752 360 3114 423 AUGUSTINI
3762 396 3835 452 περ

2343 470 2526 526 stolica
2566 476 2901 566 transtulisti.
2947 480 3101 548 Quod
3143 486 3285 541 enim
3315 488 3408 545 abs
3462 500 3507 549 te
3556 501 3829 566 positumest

2341 563 2715 632 uerecundiam,
2748 567 2800 622 in
2841 584 3018 640 grmco
3042 573 3249 646 legitur
3265 579 3526 649 ἀσχήμονα.
3555 563 3683 654 Quod
3704 605 3835 652 autem

2342 655 2602 751 sequitur,
2659 661 2904 730 majorem
2937 664 3244 723 honestatem
3290 672 3483 741 habent,
3512 677 3559 733 in
3596 695 3741 751 meo
3774 700 3834 741 est

2340 748 2707 838 sbexnuoebvnv,
2738 752 2879 821 quod
2910 754 3111 827 integre
3135 759 3527 832 interpretatum
3552 748 3641 838 est,
3660 775 3837 832 honeste

2340 845 2457 890 tem.
2492 836 2642 931 Unde
2665 855 2883 912 apparet
2905 845 2988 900 illa
3011 864 3130 918 qua:
3154 854 3402 922 ἀσχήμονα
3437 858 3562 914 dicta
3582 836 3705 931 sunt,
3722 869 3835 923 iulio-

2339 936 2481 981 nesta
2508 929 2668 987 latine
2696 935 2967 1029 appellari.
3013 939 3287 1000 Postremo
3318 949 3456 1017 quod
3483 929 3745 1023 adjunctum
3761 972 3837 1029 est,

2467 1030 2634 1075 autem
2644 1035 2767 1117 sunt
2789 1026 2995 1083 honesta
3020 1044 3211 1101 nostra,
3224 1052 3427 1108 grrecus
3444 1042 3590 1100 habet
3605 1026 3835 1117 σῦσχήμωξ

2337 1108 2488 1209 Unde
2515 1115 2852 1173 manifestum
2891 1131 2973 1176 est
3013 1124 3099 1180 illa
3132 1142 3249 1197 qua:
3298 1134 3541 1202 ἀσχήμονα
3586 1108 3837 1209 dictasset,

2335 1199 2599 1256 inhonesta
2622 1220 2761 1262 esse.
2804 1207 3056 1277 Quamvis
3075 1224 3128 1269 et
3157 1218 3295 1273 nulla
3324 1199 3605 1291 grmcoruttt
3647 1199 3839 1288 conside:

2335 1291 2537 1350 ratione
2575 1296 2854 1354 verborum
2901 1317 2966 1357 eo
3001 1304 3118 1375 ipso
3145 1308 3372 1367 debuisti
3426 1315 3698 1386 admoneri,
3725 1322 3843 1379 inho-

2338 1391 2482 1436 nesta
2513 1401 2633 1441 esse
2664 1388 2748 1443 illa
2776 1407 2895 1461 quae
2949 1395 3386 1459 abundantiorem
3436 1407 3732 1468 honestatem
3756 1415 3829 1470 ha-

2330 1472 2459 1571 bent
2478 1477 2790 1546 velaminis;
2820 1485 3031 1553 quando
3053 1505 3113 1544 ea
3126 1507 3244 1563 qua:
3265 1494 3368 1552 hoc
3393 1514 3524 1569 opus
3549 1518 3644 1559 non
3666 1504 3841 1571 habent,

2330 1563 2551 1620 honesta
2591 1579 2715 1623 sunt
2765 1570 2925 1629 dicta.
2956 1577 3091 1646 Quid
3133 1592 3216 1638 est
3242 1586 3404 1655 enim,
3431 1563 3561 1658 ’ρυω
3603 1605 3747 1651 autem
3770 1563 3842 1652 ho:

2329 1664 2470 1709 uesta
2495 1667 2614 1712 sunt
2639 1670 2829 1728 nostra,
2849 1681 2949 1720 non
2970 1684 3097 1738 opus
3115 1671 3336 1741 habent;
3358 1680 3478 1747 nisi,
3502 1681 3587 1736 Illa
3611 1683 3842 1743 inhonesta

2326 1753 2470 1840 sunt,
2497 1761 2617 1818 qua:
2641 1765 2772 1822 opus
2799 1753 3034 1812 habent?
3064 1759 3328 1819 Honestas
3350 1782 3481 1840 ergo
3514 1771 3762 1830 adhibetur
3783 1776 3842 1831 in~

2327 1834 2581 1931 honestis,
2603 1856 2724 1898 cum
2769 1847 3042 1906 rationalis
3081 1865 3282 1911 natura:
3310 1834 3471 1916 sensu
3498 1862 3611 1931 ipso
3632 1881 3844 1921 vcrecuao

2324 1926 2484 1985 dante
2508 1932 2769 1989 velantur.
2799 1936 2994 1995 Eorum
3022 1947 3218 2015 quippe
3252 1947 3502 2007 honestas
3519 1926 3571 2009 et
3597 1954 3747 2010 honor
3779 1968 3841 2013 est

2324 2020 2703 2117 velamentum,
2738 2035 2885 2085 tanto
2912 2031 3285 2105 abundantius,
3316 2051 3513 2111 quanto
3542 2048 3695 2117 magis
3726 2048 3845 2103 iulio-

2322 2119 2469 2165 nesta
2501 2121 2642 2168 sunt.
2671 2114 2824 2184 Quod
2862 2121 3098 2190 profecto
3145 2142 3249 2182 non
3276 2129 3480 2187 diceret
3515 2114 3788 2204 Apostolus,
3812 2139 3845 2191 si

2323 2215 2518 2294 corpus
2563 2205 2665 2261 tale
2713 2207 3062 2282 describeret,
3103 2218 3261 2287 quale
3313 2220 3578 2281 habebant
3628 2227 3845 2294 homines,

2319 2293 2532 2361 quando
2558 2296 2685 2350 nudi
2705 2308 2858 2354 erant
2895 2311 2947 2357 ct
2969 2319 3072 2359 non
3098 2307 3580 2369 confundebantur.

2366 2385 2481 2448 ,8l.
2540 2387 2672 2443 Vide
2717 2391 2879 2461 igitur~
2919 2411 3076 2465 quam
3117 2399 3456 2472 impudenter
3496 2426 3515 2460 ι
3552 2409 3700 2465 ideo:
3733 2410 3845 2465 dicas

2324 2493 2345 2568 ᾳ
2378 2476 2621 2537 homines
2652 2482 2815 2539 fuisse
2856 2488 3097 2555 primitus
3119 2493 3290 2550 nudos
3312 2535 3329 2563 ,
3375 2500 3501 2568 quia
3546 2500 3611 2556 ad
3660 2502 3847 2557 solertia

2317 2567 2564 2662 humana;
2594 2589 2809 2644 operam
2832 2587 2889 2630 ιιι
2917 2594 2974 2633 se
2997 2591 3233 2652 tegerent
3251 2567 3574 2656 pertinebat,
3611 2606 3719 2662 qua:
3740 2606 3845 2647 nou-

2317 2661 2442 2717 dum
2471 2663 2522 2718 in
2554 2666 2569 2697 ⁸
2602 2666 2705 2720 illis
2722 2665 2840 2722 fuit.
2881 2688 2900 2721 ι
2929 2669 3078 2728 Unde
3097 2674 3153 2729 lit
3176 2690 3517 2750 consequens
3542 2691 3598 2737 ut
3623 2661 3736 2739 ante
3757 2697 3848 2752 pec-

2313 2762 2489 2809 catum
2520 2754 2718 2813 inertes
2741 2800 2758 2825 ,
2789 2772 3007 2830 peccato
3033 2774 3211 2822 autem
3245 2766 3419 2826 factos
3447 2773 3634 2827 credas
3660 2788 3764 2829 esse
3782 2787 3848 2827 so-

2314 2844 2494 2901 lertes.
2518 2846 2686 2914 Quam
2716 2865 2877 2921 porro
2929 2855 3109 2911 multis
3160 2859 3391 2917 inaniter
3428 2863 3587 2920 dictis
3610 2865 3746 2935 quasi
3768 2864 3853 2919 clr-

2311 2946 2501 3007 ganter
2533 2950 2790 3012 acuteque
2817 2946 3090 3003 concludis
3118 2949 3320 3019 dicens,
3354 2972 3379 3006 ι
3416 2954 3537 3012 Νοη
3589 2957 3738 3027 igitur
3753 2958 3846 3026 quia

2315 3040 2681 3099 peccaverant,
2710 3035 2954 3103 genitalia
2983 3039 3067 3094 vel
3105 3040 3365 3099 diabolica
3412 3046 3499 3101 vel
3522 3047 3778 3102 inhonesta
3797 3046 3854 3099 fe-

2311 3131 2538 3189 cerunt;
2569 3125 2661 3180 sed
2709 3127 2829 3197 quia
2856 3130 3183 3199 pavitabant,
3210 3134 3263 3190 in
3289 3150 3352 3190 ea
3390 3153 3499 3208 qua
3516 3139 3732 3209 primum
3759 3137 3848 3191 fue-

2311 3221 2433 3268 rant
2474 3212 2752 3273 honestate
2779 3222 3142 3288 permanentia
3170 3227 3411 3282 membra
3445 3229 3717 3285 texerunt!
3750 3246 3768 3280 ι
3792 3224 3853 3281 Ad

2311 3303 2452 3373 quod
2477 3306 2794 3376 respondeo,
2819 3308 3074 3367 diabolica
3100 3314 3315 3384 quidem
3346 3318 3592 3374 membra
3614 3334 3712 3374 non
3737 3331 3847 3382 es»,

2310 3405 2564 3466 quantum
2607 3398 2673 3454 ad
2727 3414 2911 3457 eorum
2961 3404 3335 3473 substantiam,
3390 3409 3642 3480 ﬁguram,
3671 3408 3855 3481 qualita-

2311 3496 2524 3557 temque
2564 3489 2810 3557 pertinet,
2842 3508 2999 3561 quam
3030 3495 3269 3551 condidit
3302 3499 3484 3555 Deus:
3514 3501 3609 3556 sed
3630 3501 3674 3556 si
3699 3499 3850 3555 eadem

2309 3580 2545 3635 membra
2576 3580 2630 3636 in
2654 3598 2757 3653 qua
2784 3584 2931 3653 prius
2971 3586 3177 3642 fuerant
3227 3589 3518 3648 honestate
3567 3600 3854 3653 manserunt.

2309 3683 2406 3725 cur
2426 3688 2487 3727 ea
2523 3671 2657 3727 dixit
2683 3676 2966 3741 Apostolus
3020 3678 3348 3736 inhonesta?
3394 3684 3545 3739 Bene
3590 3685 3723 3757 quod
3763 3684 3851 3753 ipso

2308 3762 2582 3817 confessus
2609 3779 2689 3830 es,
2711 3764 2796 3820 illa
2845 3768 3082 3823 membra
3110 3768 3275 3826 fuisse
3299 3773 3454 3841 prius
3475 3774 3698 3831 honesta
3724 3792 3738 3830 :
3773 3786 3857 3829 non

2308 3853 2451 3906 enim
2480 3854 2619 3908 aliud
2643 3869 2827 3924 posses
2855 3857 2956 3912 nisi
3000 3858 3309 3929 blaspltema
3348 3866 3614 3935 Opinione
3662 3865 3856 3922 sentire.

2309 3942 2438 4010 Quae
2455 3943 2614 4012 igitur
2641 3946 2779 4001 Deus
2806 3945 3027 4003 honesta
3050 3949 3276 4020 fecerat,
3318 3954 3463 4011 dixit
3493 3957 3772 4028 Apostolus
3804 3954 3858 4007 ia-

2309 4033 2548 4089 honesta.
2579 4034 2805 4091 Causam
2822 4039 3072 4108 requiro:
3101 4040 3145 4096 si
3175 4041 3279 4099 hoc
3306 4060 3418 4102 non
3444 4057 3669 4117 peccato
3694 4045 3851 4100 factum

2307 4135 2408 4190 est,
2435 4127 2575 4181 unde
2603 4129 2797 4183 factum
2830 4130 2961 4186 est?
2991 4130 3119 4199 Quis
3136 4133 3361 4191 honesta
3387 4137 3490 4194 Dei
3529 4151 3691 4209 opera
3717 4134 3856 4193 debo-

2306 4218 2553 4281 nesmvit,
2582 4225 2639 4271 ut
2678 4234 2739 4273 ea
2763 4220 3042 4276 inhonesta
3069 4232 3286 4281 sanctus
3315 4228 3625 4298 Apostolus
3651 4226 3861 4285 diceret?

2309 4307 2494 4363 Utrum
2526 4309 2798 4375 habitudo,
2843 4311 2893 4365 in
2919 4327 3020 4382 qua
3047 4320 3133 4369 est
3158 4315 3376 4372 solertia
3399 4320 3649 4376 creantis
3673 4333 3690 4386 ;
3726 4332 3786 4371 an
3808 4315 3861 4367 lie

2304 4398 2450 4466 bido,
2478 4401 2531 4454 in
2577 4416 2679 4471 qua
2724 4411 2807 4457 est
2853 4418 3007 4472 ptena
3044 4408 3521 4475 peccantisi'Nam
3568 4412 3724 4467 etiam
3753 4418 3865 4463 nunc

2303 4491 2446 4561 quod
2466 4491 2601 4547 Deus
2632 4494 2701 4548 ibi
2731 4492 2877 4560 facit,
2920 4495 3201 4552 honestum
3229 4507 3314 4555 est
3340 4515 3355 4553 :
3387 4501 3544 4570 quod
3585 4501 3732 4572 origo
3763 4511 3865 4552 oau-

2306 4584 2484 4647 traltit,
2512 4585 2871 4640 inhonestum.
2899 4585 2967 4641 Et
2997 4595 3172 4643 tamen
3199 4604 3266 4645 ne
3286 4590 3401 4646 sint
3422 4593 3684 4648 scissura:
3706 4592 3753 4645 in
3769 4603 3864 4644 enr-

2306 4689 2469 4745 pore,
2516 4676 2874 4732 contributum
2905 4685 2989 4732 est
3039 4677 3291 4735 divinitus
3318 4683 3514 4737 sensui
3562 4680 3798 4743 naturali,
3822 4683 3865 4727 ιιι

2303 4781 2401 4838 pro
2428 4767 2653 4822 invicem
2679 4768 2906 4823 sollicita
2930 4769 3038 4824 siut
3059 4770 3297 4826 membra
3330 4787 3345 4825 :
3371 4780 3434 4827 et
3460 4774 3614 4843 quod
3658 4771 3867 4827 dehone-

2302 4860 2463 4913 stavit
2488 4860 2938 4929 concupiscentia,
2974 4869 3223 4933 contegat
3247 4864 3615 4920 verecundia.

2372 4950 2461 5007 82.
2487 4950 2593 5007 Sed
2620 4951 2773 5018 dicis,
2811 4969 2831 5004 ο
2862 4950 2970 5009 Cur
2987 4952 3163 5009 audita
3193 4968 3323 5011 voce
3367 4955 3479 5013 Dei
3509 4951 3872 5026 deambulanti!

2302 5042 2355 5099 iu
2386 5041 2631 5113 paradiso
2663 5043 3059 5100 absconderant
3099 5058 3160 5101 se
3207 5045 3382 5101 Adam
3425 5057 3487 5105 et
3537 5047 3733 5103 mulier
3754 5043 3860 5111 ejus.

2297 5147 2422 5189 eum
2449 5133 2769 5203 perizomata
2807 5134 2896 5189 illa
2939 5132 3188 5193 sufficere
3216 5137 3532 5206 potuissent
3563 5157 3586 5193 ι
3618 5139 3641 5211 (
3666 5137 3785 5193 Gen.
3810 5148 3871 5193 ut.

2300 5224 2485 5297 8.7),
2535 5225 2580 5281 si
2632 5226 2702 5283 de
2746 5227 3055 5297 genitalium
3111 5228 3348 5286 nuditate
3404 5225 3863 5289 erubuissent"!

2300 5318 2438 5388 Quid
2458 5318 2701 5390 estquod
2726 5318 2879 5387 dicis,
2909 5335 3017 5376 non
3055 5319 3378 5377 inveniendo
3408 5324 3568 5393 quod
3590 5324 3771 5386 dicas;
3798 5326 3875 5370 nec

2298 5410 2549 5478 attendis,
2577 5410 2717 5482 quod
2742 5411 2922 5465 animo
2948 5412 3244 5482 trepidante
3264 5427 3294 5467 a
3329 5411 3482 5468 facie
3515 5412 3751 5475 Domini,
3772 5406 3874 5460 abs.

2301 5507 2526 5560 trusiora
2581 5504 2793 5559 latibula
2841 5504 3207 5575 quaesierunt?
3264 5504 3353 5559 Illa
3390 5521 3537 5561 vero
3571 5504 3767 5561 lumbis
3791 5500 3875 5553 cir-

2362 5619 2378 5650 ²
2400 5614 2709 5680 Floriacensis
2730 5624 2827 5677 \ts.,
2850 5627 2961 5680 qum
2981 5613 3192 5680 nondum
3212 5612 3309 5680 illis
3332 5613 3456 5676 fuit,
3485 5617 3688 5680 eguisse.
3712 5612 3776 5662 in.

2361 5682 2383 5712 ⁸
2407 5686 2457 5730 In
2497 5685 2602 5728 uss.
2649 5676 2826 5740 deest,
2863 5676 2916 5729 ἐἰ
2963 5677 3025 5729 de
3070 5676 3348 5741 genitalium
3400 5676 3642 5728 nuditate
3692 5676 3863 5725 mn“

2303 5756 2420 5798 ατη.
