4088 6592
273 495 355 550 78!
1596 487 1798 543 LIBER
1835 484 2147 555 QUINTUS.

271 604 547 676 cumposita
593 606 841 677 tegmina,
871 612 1071 660 motum
1123 602 1214 674 qui
1264 601 1334 657 ibi
1366 598 1699 657 sentiebatur
1726 614 1849 655 eru-

271 696 523 755 bescendo
542 696 810 752 velarunt.
842 697 900 752 Si
939 711 1062 752 cum
1091 693 1217 749 nudi
1247 701 1449 757 essent,
1482 708 1587 747 non
1615 690 1847 748 confun-

269 788 549 856 debantur;
576 796 743 844 restat
766 795 825 843 ut
851 786 1165 843 confusione
1192 800 1253 841 se
1273 783 1523 841 texerint.
1553 780 1842 838 Confusio-
1907 784 1921 802 '

269 896 379 938 nem
426 880 780 936 inhonestatis
809 894 949 945 esse,
978 894 1085 934 non
1113 877 1356 934 dubium.
1388 877 1619 947 ideoque
1663 876 1735 931 ibi
1754 874 1848 930 di-

266 984 400 1029 ctum
430 981 533 1040 est,
555 971 707 1028 Nudi
744 981 904 1038 erant,
931 982 977 1027 et
1007 989 1107 1027 non
1128 970 1570 1043 confundebantur
1590 969 1610 1041 (
1629 967 1757 1024 Gen.
1784 984 1845 1036 ll,

265 1062 369 1136 23)
400 1082 413 1118 :
440 1073 498 1119 ut
539 1073 796 1136 appareat
840 1063 1154 1120 confusione
1205 1061 1425 1129 factum,
1472 1060 1614 1133 quod
1665 1067 1848 1131 postea

266 1155 502 1227 pudenda
522 1162 790 1211 texerunt.
825 1154 923 1211 Hic
959 1162 1136 1209 autem
1167 1153 1255 1209 ubi
1280 1169 1340 1209 se
1373 1152 1773 1208 absconderunt
1793 1150 1847 1206 in

265 1245 432 1303 medio
477 1245 603 1317 ligni
635 1245 886 1317 paradisi,
920 1244 1197 1316 respondit
1225 1243 1394 1299 Adam
1430 1262 1445 1299 :
1492 1242 1672 1297 Vocem
1701 1250 1843 1296 tuam

265 1337 430 1393 audivi
468 1316 839 1392 deambulantis
864 1316 918 1390 in
946 1336 1191 1407 paradiso
1212 1376 1228 1403 ,
1257 1345 1303 1389 et
1328 1334 1493 1399 timui,
1524 1334 1643 1404 quia
1682 1332 1849 1389 nudus

262 1444 382 1484 sum.
414 1426 546 1484 illud
572 1426 852 1483 manifesta
873 1427 1138 1496 confusio,
1167 1425 1307 1483 istud
1329 1424 1538 1482 occulta
1559 1424 1845 1480 conscien-

263 1520 360 1587 tia,
406 1535 510 1591 qua
562 1519 907 1592 delinquente
958 1520 1280 1591 intrinsecus
1331 1517 1526 1574 accidit
1565 1515 1850 1573 manifesta

261 1610 543 1668 confusio:
580 1610 711 1667 illud
755 1627 886 1684 ergo
936 1610 1064 1668 fecit
1109 1609 1301 1682 pudor,
1357 1609 1461 1664 hoc
1493 1609 1688 1675 timor;
1721 1607 1850 1662 illud

258 1703 622 1763 erubescenda
649 1706 1103 1777 concupiscentia,
1132 1704 1238 1760 hoc
1266 1701 1531 1774 punienda
1564 1703 1848 1758 conscien-

259 1797 360 1864 tia;
389 1796 628 1853 dementi
656 1798 861 1854 scilicet
879 1798 1091 1864 similis,
1119 1796 1334 1868 quando
1371 1810 1495 1851 eum
1550 1793 1640 1865 qui
1670 1792 1851 1849 cordis

255 1888 746 1955 cernebatinterna,
768 1889 1010 1959 corporis
1036 1888 1392 1945 occultatione
1419 1884 1668 1956 fugiebat.
1710 1881 1847 1952 Quid

256 1964 332 2036 est
361 1989 539 2035 autem
571 1979 712 2050 quod
740 1981 815 2035 ait
855 1981 1108 2037 Dominus
1133 2021 1150 2048 ,
1183 1979 1308 2047 Quis
1345 1975 1592 2032 nuntiavit
1623 1974 1709 2029 tibi
1730 1976 1849 2046 quia

255 2074 417 2126 nudus
438 2084 509 2137 es,
542 2072 641 2126 nisi
667 2070 731 2126 de
751 2052 891 2143 lign’o
932 2072 998 2126 de
1018 2082 1117 2143 quo
1142 2082 1481 2142 praceperam
1501 2066 1591 2121 tibi
1612 2082 1675 2121 ne
1701 2081 1848 2120 man-

254 2162 489 2225 ducares,
542 2162 860 2219 manducain
882 2162 902 2237 (
920 2161 1009 2217 Id.
1059 2177 1140 2230 tu,
1194 2161 1282 2227 10‘,
1302 2161 1361 2216 li
1391 2157 1453 2234 )‘i
1482 2157 1617 2228 Quid
1645 2166 1728 2214 est
1752 2172 1850 2229 gu-

264 2264 404 2312 stato
429 2256 550 2312 cibo
576 2256 842 2327 prohibito
870 2257 1081 2313 nuditas
1104 2256 1357 2323 indicata,
1376 2255 1478 2310 nisi
1507 2260 1725 2324 peccato
1753 2267 1850 2307 nu-

250 2349 434 2404 datum
481 2349 624 2420 quod
672 2350 841 2421 gratia
883 2348 1240 2422 contegebat?
1286 2347 1469 2405 Gratia
1515 2348 1711 2425 quippe
1747 2344 1848 2400 Dei

248 2455 436 2510 magna
460 2440 529 2495 ibi
570 2450 705 2508 erat,
746 2440 837 2496 ubi
878 2449 1150 2499 terrenum
1181 2448 1236 2497 et
1260 2439 1494 2496 animale
1523 2451 1722 2509 corpus
1750 2437 1847 2493 be-

246 2531 459 2586 stialem
478 2530 753 2587 libidinem
777 2548 882 2587 non
908 2531 1161 2588 habebat.
1194 2531 1298 2601 Qui
1328 2545 1457 2602 ergo
1474 2530 1701 2586 vestitus
1726 2542 1848 2601 gra-

246 2623 314 2678 tia
338 2638 448 2679 non
475 2623 781 2680 habebatin
822 2623 966 2680 nudo
1004 2638 1237 2695 corpore
1265 2623 1409 2694 quod
1439 2622 1687 2694 puderet,
1717 2635 1845 2692 spo-

240 2715 401 2773 liatus
429 2718 600 2788 gratia
622 2716 947 2790 sensitquod
977 2718 1189 2789 operire
1215 2716 1458 2773 deberet.

311 2808 406 2866 83.
450 2827 475 2862 ι
510 2808 801 2882 Fugienda,
836 2828 857 2863 ι
889 2810 1087 2882 inquis,
1121 2829 1140 2864 ι
1169 2810 1351 2881 opinio
1380 2817 1503 2876 est,
1533 2824 1656 2881 quae
1694 2814 1846 2879 putat

234 2901 320 2956 vel
346 2901 403 2957 in
433 2902 702 2958 membris
739 2901 1040 2969 hominum,
1068 2903 1154 2958 vel
1200 2903 1253 2957 in
1291 2901 1540 2958 sensibus
1568 2900 1843 2957 membro-

233 3009 359 3051 rum
380 2994 588 3065 aliqnid
613 2994 886 3051 diabolum
930 2994 1256 3051 condidisse.
1288 3012 1309 3048 ι
1340 2993 1479 3061 Quid
1507 2993 1664 3049 nobis
1702 2990 1841 3063 obji—

227 3085 312 3140 cis
333 3098 511 3139 vanas
530 3084 951 3141 exorbitationes
987 3084 1146 3141 tuas?
1173 3083 1290 3139 Non
1343 3083 1542 3155 aliquid
1593 3081 1842 3139 diabolus

226 3176 377 3246 quod
420 3176 494 3231 ad
533 3182 779 3231 naturam
828 3175 1064 3232 hominis
1118 3174 1359 3247 pertinet
1415 3173 1696 3232 condidit:
1747 3172 1843 3230 sed

224 3266 379 3340 quod
441 3267 588 3323 Deus
645 3266 786 3324 bene
838 3267 1186 3332 condiderat,
1229 3264 1435 3338 peccati
1498 3264 1843 3336 persuasione

3443 492 3547 558 πειῖ

1956 598 2093 655 seria
2128 597 2338 668 generis
2363 597 2602 655 humani.
2634 599 2803 658 Homo
2823 615 2883 659 es
2905 643 2921 670 ,
2948 602 3167 659 humani
3197 602 3328 659 nihil
3366 606 3463 661 abs
3492 614 3544 663 te

1954 691 2185 767 alienum
2236 689 2397 766 puta(
2425 691 2623 749 Terent.
2663 692 2853 749 Heaut.
2908 704 3009 751 act.
3067 697 3121 763 l,
3153 712 3289 752 scen.
3322 697 3375 765 l,
3405 712 3536 755 vers.

1959 782 2026 840 25
2053 780 2104 857 );
2136 783 2255 839 etin
2286 783 2350 838 iis
2376 800 2493 855 quae
2518 798 2625 839 non
2656 787 2872 857 pateris,
2926 796 3233 858 compotem
3290 787 3543 856 patienti-

1959 876 2078 931 bus.
2113 875 2367 942 Quamvis
2394 885 2448 932 et
2494 877 2628 947 ipse,
2675 879 3005 950 quantalibet
3034 888 3242 936 terrena
3285 877 3539 937 felicitate

1957 965 2289 1036 praepollens,
2322 967 2528 1022 nullum
2557 968 2673 1025 sine
2722 968 2863 1025 bello
2903 969 3158 1026 intestino
3185 969 3325 1025 diem
3354 969 3540 1031 ducis:

1956 1057 1999 1112 si
2022 1064 2198 1114 tamen
2227 1058 2369 1130 quod
2417 1058 2686 1130 profiteris
2722 1061 2947 1132 implere
2985 1062 3219 1117 conaris.
3251 1060 3359 1119 Sed
3398 1062 3451 1116 in
3482 1062 3547 1119 iis

1954 1161 2074 1218 qua:
2116 1149 2425 1207 meminisse
2463 1149 2575 1220 jam
2629 1165 2735 1207 non
2770 1160 2921 1220 potes
2952 1193 2965 1215 ,
3014 1152 3264 1221 parvulos
3308 1152 3541 1216 intuere,

1954 1246 2084 1309 quot
2106 1247 2161 1294 et
2179 1240 2387 1311 quanta
2404 1240 2540 1298 mala
2570 1241 2859 1312 patiantur,
2893 1242 2945 1299 in
2973 1242 3165 1313 quibus
3191 1243 3539 1317 vanitatibus,

1954 1330 2275 1385 cruciatibus
2298 1372 2315 1399 ,
2362 1331 2672 1405 erroribus,
2719 1333 3009 1389 terroribus
3041 1342 3304 1390 crescant.
3343 1334 3547 1390 Deinde

1953 1422 2059 1494 jam
2081 1422 2335 1492 grandes,
2364 1424 2525 1478 etiam
2553 1424 2663 1481 Deo
2715 1426 3012 1482 servientes
3043 1434 3217 1483 tentat
3262 1442 3438 1495 error,
3488 1438 3545 1486 ut

1953 1515 2183 1586 decipiat
2211 1533 2225 1580 ;
2258 1524 2426 1571 tentat
2454 1516 2605 1572 labor
2636 1525 2727 1573 aut
2762 1517 2937 1585 dolor,
2996 1528 3055 1575 ut
3098 1518 3304 1591 frangat
3331 1536 3347 1587 ;
3377 1528 3549 1575 tentat

1955 1606 2139 1673 libido,
2172 1608 2533 1677 utaccendat;
2565 1618 2730 1666 tentat
2756 1625 2979 1679 maeror,
3022 1620 3083 1667 ut
3102 1620 3341 1677 sternat;
3374 1614 3547 1671 tcntat

1956 1700 2171 1769 typ'.:us,
2203 1709 2262 1754 ut
2286 1699 2523 1755 extollat.
2553 1701 2619 1757 Et
2661 1702 2780 1773 quis
2802 1702 3035 1772 explicet
3073 1703 3253 1758 omnia
3284 1702 3547 1763 festinau-

1956 1797 2055 1855 ter,
2071 1789 2265 1860 quibus
2304 1799 2554 1860 gravatur
2576 1792 2761 1865 jugum
2807 1808 2968 1864 super
3013 1794 3149 1850 ﬁlios
3190 1795 3403 1852 Adam?
3435 1796 3549 1852 llu-

1948 1878 2037 1948 jus
2066 1879 2337 1935 evidentia
2362 1881 2590 1937 miseria:
2637 1884 2876 1953 gentium
2924 1884 3276 1957 philosophos
3304 1885 3436 1943 nihil
3477 1886 3547 1943 de

1954 1978 2174 2040 peccato
2201 1969 2360 2040 primi
2384 1970 2617 2028 hominis
2656 1973 2770 2031 sive
2793 1975 3046 2043 scientes,
3079 1975 3195 2031 sive
3233 1976 3542 2046 credentes,

1953 2062 2213 2131 compulit
2235 2060 2437 2128 dicere,
2483 2062 2555 2117 ob
2594 2063 2773 2134 aliqua
2819 2065 3022 2121 scelera
3068 2077 3315 2137 suscepta
3349 2067 3401 2122 in
3436 2068 3542 2135 vita

1953 2153 2229 2223 superiore
2267 2168 2549 2224 poenarum
2580 2155 2895 2211 luendarum
2912 2171 3075 2213 causa
3097 2171 3195 2212 nos
3219 2173 3339 2214 esse
3365 2167 3542 2228 natos,

1952 2255 2004 2302 et
2028 2246 2238 2302 animos
2263 2256 2476 2303 nostros
2495 2248 2927 2319 corruptibilibus
2952 2251 3289 2322 corporibus,
3315 2267 3382 2308 eo
3412 2267 3544 2324 sup-

1938 2337 2111 2410 "plicio
2127 2352 2234 2408 quo
2252 2337 2464 2394 Etrusci
2488 2338 2771 2408 praedones
2792 2348 2977 2411 captos
3002 2339 3239 2412 afﬂigere
3254 2350 3547 2398 consue‘vce

1950 2440 2092 2500 rant,
2121 2440 2373 2502 tanquam
2403 2431 2555 2488 vivos
2604 2447 2727 2488 cum
2775 2433 3002 2489 mortuis
3040 2448 3163 2491 esse
3208 2435 3543 2505 coujunctos,

1951 2523 2240 2595 Apostolus
2264 2533 2442 2580 autem
2464 2532 2704 2596 amputat
2728 2525 3056 2597 Opinionem,
3098 2541 3200 2598 qua
3252 2526 3549 2586 creduntur

1951 2616 2173 2688 singulm
2199 2616 2393 2672 animae
2425 2631 2521 2688 pro
2568 2617 2775 2673 meritis
2809 2627 2934 2673 ante
2971 2627 3105 2673 actm
3153 2619 3278 2674 vitae
3319 2618 3547 2675 diversis

1949 2709 2266 2783 corporibus
2292 2708 2476 2765 inseri.
2529 2709 2668 2779 Quid
2723 2709 2884 2783 igitur
2937 2721 3127 2779 restat,
3166 2711 3267 2767 nisi
3297 2720 3544 2771 utcausa

1951 2800 2175 2856 istorum
2220 2800 2485 2856 malorum
2535 2801 2606 2856 sit
2651 2808 2744 2856 aut
2791 2800 3043 2872 iniquitas
3082 2801 3170 2859 vel
3226 2802 3545 2873 impotentia

1951 2893 2069 2959 Dei,
2099 2901 2192 2948 aut
2231 2902 2391 2966 paena
2437 2893 2595 2965 primi
2632 2894 2938 2965 veterisque
2984 2894 3369 2965 peccatHSed
3417 2896 3545 2967 quia

1950 2999 2054 3042 nec
2072 2985 2322 3055 injustus,
2344 2999 2445 3041 nec
2471 2985 2741 3056 impotens
2759 2994 2843 3042 est
2864 2987 3038 3052 Dens;
3068 2996 3238 3045 restat
3261 2986 3401 3060 quod
3431 3004 3538 3042 non

1952 3078 2052 3143 vis,
2080 3076 2176 3133 sed
2202 3077 2415 3150 cogeris
2460 3077 2728 3143 confiteri,
2756 3076 2899 3149 quod
2951 3093 3114 3152 grave
3143 3077 3330 3151 jngnm
3380 3094 3546 3152 super

1949 3170 2089 3227 ﬁlios
2127 3170 2299 3226 Adam
2347 3185 2380 3227 a
2426 3169 2514 3228 die
2556 3171 2731 3227 exitus
2781 3170 2851 3227 de
2903 3180 3094 3229 ventre
3137 3173 3322 3229 matris
3351 3187 3539 3239 eorum

1949 3280 2117 3337 usque
2137 3266 2188 3319 in
2217 3264 2359 3321 diem
2388 3264 2680 3335 sepultura;
2708 3264 2760 3319 in
2797 3273 3025 3320 matrem
3053 3266 3292 3322 omnium
3324 3265 3345 3338 (
3369 3264 3540 3333 Eccti,

222 3359 460 3416 violavit
491 3374 508 3425 ;
540 3358 612 3413 ita
636 3368 696 3414 ut
716 3360 807 3416 illo
827 3360 1050 3416 vulnere
1089 3358 1233 3431 quod
1254 3360 1449 3416 factum
1471 3366 1555 3415 est
1595 3374 1693 3431 per
1718 3357 1845 3415 duo-

215 3466 349 3508 rum
372 3448 666 3505 hominum
693 3449 924 3509 liberum
967 3450 1270 3518 arbitrium,
1294 3457 1467 3506 totum
1495 3462 1665 3522 genus
1694 3448 1843 3504 clau-

212 3541 448 3597 dicaret
490 3537 803 3594 humanum.
833 3541 970 3596 Ecce
1014 3541 1325 3596 circumstat
1351 3553 1543 3596 sensus
1585 3547 1706 3596 tuos
1730 3538 1833 3602 mi-

1951 3359 2134 3433 xe,l)
2164 3374 2271 3416 non
2317 3357 2526 3425 fuisset,
2579 3350 2910 3417 nisi'delicti
2955 3356 3237 3431 originalis
3284 3358 3538 3417 meritum

1948 3450 2333 3523 praecessisset.
3115 3454 3119 3458 ’

1244 3712 1727 3900 LIBER
1835 3791 1935 3920 Q
1959 3712 2561 3907 UINTUS.

274 3972 615 4040 Aggrqdilttu
636 3972 811 4040 librum
840 3973 1012 4040 uitiaui
1037 3976 1235 4040 tertium
1251 3976 1539 4040 ,rdocetque
1579 3977 1786 4040 primum
1829 3989 1917 4027 cur
1938 3989 2112 4040 novam
2141 3976 2396 4040 lateresim,
2419 3987 2532 4040 qua:
2551 3982 2804 4040 peceatum
2820 3976 3026 4040 originis
3055 3976 3242 4040 reiicit,
3264 3977 3548 4029 detestetur

197 4036 498 4111 multitudo
518 4036 806 4111 christiana;
831 4040 948 4111 quia
968 4039 1192 4111 nimirum
1214 4039 1350 4088 videt
1370 4036 1736 4111 imaginembei
1761 4045 1919 4111 tantos
1935 4039 2015 4088 hic
2035 4036 2581 4111 inparvuliscruciatus
2602 4038 2717 4099 pati,
2737 4038 2852 4088 etsi
2869 4036 3058 4111 absque
3078 4036 3383 4111 sagatuento
3399 4053 3548 4103 rege—

196 4100 511 4165 nerationis
537 4098 807 4165 altercant,
824 4098 955 4148 n'ovit
975 4098 1167 4165 excludi
1186 4112 1216 4148 a
1238 4112 1396 4163 regno
1411 4098 1512 4165 Dei.
1542 4103 1877 4165 Perizoniataa
1899 4098 2367 4165 parentibusprimis
2387 4100 2452 4148 ob
2483 4098 2716 4165 pudorem
2740 4112 2804 4149 ex
2830 4098 3030 4165 peccato
3053 4101 3337 4165 venientem
3357 4098 3546 4151 assu'm-

198 4169 290 4223 pta
308 4161 496 4225 fuisse
525 4160 713 4220 probat.
733 4166 983 4225 Peccatum
1004 4160 1148 4222 [esse
1173 4174 1284 4210 esse
1298 4160 1636 4225 praecedentis
1659 4163 1844 4225 peccati
1868 4160 2059 4224 pinnam
2083 4175 2096 4210 :
2123 4160 2276 4210 veluti
2298 4173 2409 4215 cum
2427 4168 2569 4225 pene
2595 4162 2768 4224 impios
2796 4160 2942 4225 tradit
2970 4162 3018 4217 in
3040 4164 3302 4225 reprobum
3325 4176 3545 4225 sensum,

194 4220 254 4273 ut
298 4222 507 4272 faciant
529 4233 640 4287 qua:
663 4234 759 4287 non
778 4220 1093 4287 conveniunt.
1126 4226 1190 4270 Ex
1415 4224 1546 4287 enim
1560 4220 1883 4287 damnationis
1903 4236 2058 4287 massa
2092 4231 2375 4287 peceatores
2394 4220 2518 4272 alios
2549 4220 2839 4284 csse'gratis
2856 4222 3047 4287 electos
3070 4220 3124 4278 ei.
3146 4220 3547 4287 prtedestinatos,

191 4296 334 4354 quos
361 4294 499 4354 per;
514 4282 881 4354 misericordem
916 4284 1198 4354 bonitatem
1222 4284 1415 4354 adducit
1445 4285 1506 4334 ad
1529 4285 1864 4354 paenitentiam
1880 4319 1896 4345 ,
1940 4284 2061 4354 alios
2082 4282 2194 4354 vasa
2210 4283 2311 4354 ira;
2335 4283 2507 4354 laetos,
2531 4296 2671 4354 quos
2686 4282 2953 4354 secundum
2971 4282 3161 4354 justum
3193 4286 3425 4348 judicium
3450 4282 3547 4354 non

191 4343 434 4417 adducit.
463 4343 914 4417 Concupisceatiam
936 4357 1033 4394 non
1058 4345 1169 4417 ideo
1185 4344 1328 4396 laude
1349 4343 1561 4417 dignam,
1585 4347 1713 4417 quod
1737 4358 1828 4408 per
1852 4343 1961 4395 eam
1984 4346 2188 4417 hominis
2209 4343 2786 4417 inobedientiapnniatur
2804 4359 2819 4398 :
2837 4343 3130 4417 rsed‘vitiugn
3151 4343 3292 4417 esse,
3316 4355 3467 4417 atque
3484 4352 3550 4417 .in

191 4408 276 4456 eis
303 4405 608 4480 etiamigui
619 4405 779 4480 pravis
798 4406 952 4480 ipsius
971 4408 1312 4480 motibus‘non
1328 4405 1663 4480 consentiunt,
1703 4405 1903 4480 semper
1926 4407 2120 4456 malum.
2153 4406 2399 4480 Quomodo
2429 4405 2804 4480 intelligendum
2825 4405 3288 4480 Αροεςξοιί.(ὶίιξιιῃιι.⁷
3309 4405 3548 4480 _L't'_st_:_iat

186 4477 568 4538 unusquisque
588 4478 730 4538 suum
750 4467 833 4517 vas
854 4467 1100 4540 possidere
1114 4506 1127 4523 .
1157 4474 1252 4518 etc.
1281 4476 1456 4518 Verum
1478 4471 1587 4525 sine
1619 4467 1880 4521 conatbitu
1901 4481 2033 4529 esse,
2056 4468 2203 4574 quale
2224 4468 2377 4517 Mariae
2399 4480 2510 4517 cum
2526 4467 2703 4530 Joselb
2723 4468 2837 4541 fuit,
2861 4467 3157 4532 coniugium.
3188 4467 3379 4520 ﬂustra
3398 4471 3547 4523 Julia-

186 4542 319 4574 num
348 4541 427 4574 ex
455 4525 788 4574 Aristotelicas
802 4534 1064 4574 categorias
1080 4540 1296 4574 arcuere
1318 4538 1486 4574 contra
1509 4540 1761 4574 net-reatum
1784 4543 1850 4574 ex
1881 4537 2070 4574 narmm
2108 4543 2167 4574 ns
2190 4530 2478 4574 traductum.
2501 4529 2861 4574 Ostendit-nutri
2877 4542 2993 4574 mm
3013 4532 3182 4574 (ﬂii-isti
3207 4543 3237 4574 ι
3252 4539 3547 4574 malemer

186 4542 332 4600 pum.
346 4525 427 4578 ex
455 4525 788 4578 Aristotelieis
802 4525 1064 4600 categoriis
1080 4538 1486 4600 arguereeontra
1509 4540 1761 4600 peccatum
1783 4543 1863 4600 ex_
1881 4525 2167 4600 parmitibus
2190 4530 2478 4600 traductum.
2501 4525 2861 4600 ostendit-quid
2877 4525 2993 4600 car'o
3007 4525 3184 4581 intristi
3207 4543 3237 4580 α
3252 4539 3547 4584 ceterorum

182 4590 475 4659 hominum
492 4600 655 4659 carne
677 4591 863 4659 peccati
884 4589 1053 4640 distet.
1080 4589 1347 4659 nabicbteis
1370 4589 1570 4643 minime
1587 4594 1754 4642 favere
1768 4589 2053 4659 catholicos,
2074 4592 2191 4659 dum
2216 4590 2427 4644 libidinis
2445 4589 2622 4640 malum
2647 4597 2700 4641 et
2714 4589 2955 4659 originale
2977 4599 3229 4659 peccatum
3258 4602 3547 4659 agnoscunt,

179 4653 282 4717 sed
313 4649 642 4717 Pelagianos
663 4649 863 4717 potius,
898 4663 1007 4701 cum
1038 4668 1061 4696 ι
1082 4650 1149 4701 de
1172 4664 1231 4701 ea
1264 4664 1509 4717 re__qu:e_a
1544 4661 1748 4717 peccato
1778 4652 1933 4703 libera
1965 4649 2048 4717 est
2066 4670 2089 4698 ι
2117 4653 2284 4717 dicunt
2312 4669 2335 4699 ι
2358 4659 2557 4715 peccata
2578 4664 2676 4717 non
2698 4649 2848 4717 nasci.
2872 4669 2896 4699 ι
2925 4649 3101 4705 Passim
3134 4667 3253 4704 vero
3274 4649 3543 4716 monstrat;

180 4711 472 4763 incasmni
493 4712 595 4761 niti
618 4711 949 4763 adversarium
966 4745 981 4771 ,
1027 4718 1085 4762 ut
1105 4725 1193 4776 pro
1213 4725 1271 4762 se
1292 4711 1473 4777 aliduid
1499 4711 1563 4764 ei
1587 4714 1739 4778 ipsius
1759 4714 2023 4767 sententiis
2048 4716 2186 4779 quasi
2210 4715 2340 4764 inter
2356 4711 2414 4765 ac
2436 4714 2691 4764 contrariis
2712 4713 2895 4767 eiiciat.

256 4917 535 4977 CAPUT
578 4915 952 4975 PRIMUM.—
976 4917 1029 4977 ι.
1056 4915 1201 4972 Ordo
1248 4918 1364 4987 ipse
1405 4919 1673 4992 postulat,
1712 4935 1845 4991 quo-
1949 4922 2107 4976 ritate
2130 4918 2363 4989 iactatis,
2387 4929 2441 4975 et
2484 4917 2555 4977 de
2584 4920 2849 4991 paucitate
2868 4920 3015 4977 velut
3042 4919 3383 4993 prudentium
3423 4922 3544 4996 qui-

171 5015 338 5069 niam
374 5012 595 5085 primo
621 5011 967 5082 secundoque
982 5010 1382 5082 respondimus,
1408 5011 1534 5084 quid
1560 5012 1699 5070 liber
1724 5021 1844 5070 tuus
1950 5012 2051 5069 bus
2076 5027 2173 5068 vos
2193 5011 2402 5083 placere
2430 5008 2713 5085 gaudetis?
2742 5032 2763 5068 ι
2810 5013 2934 5070 Hac
2960 5013 3104 5071 enim
3130 5011 3186 5071 et
3217 5025 3461 5075 veterum
3489 5026 3546 5074 et

172 5107 401 5162 tertius
427 5102 734 5161 contineat
751 5102 950 5160 deinde
977 5103 1259 5159 videamus
1292 5121 1305 5158 :
1337 5112 1393 5160 et
1421 5104 1845 5174 respondeamus
1949 5118 2209 5160 novorum
2234 5103 2472 5161 omnium
2501 5120 2605 5161 vox
2630 5112 2714 5161 est
2733 5104 3131 5175 hareticorum,
3148 5096 3278 5179 ipsa
3307 5124 3539 5167 consue.

100 5250 119 5261 ,
167 5194 632 5268 pestilentiosis
674 5193 949 5251 laboribus
992 5194 1117 5261 tuis,
1149 5202 1406 5267 quantum
1449 5194 1707 5251 Dominus
1732 5197 1845 5267 opi-
1952 5195 2134 5253 tudine
2165 5195 2276 5267 jam
2311 5195 2581 5252 sordidata
2606 5204 2769 5269 atque
2815 5198 3039 5267 protrita
3063 5200 3102 5254 ³.
3154 5199 3222 5258 Et
3242 5209 3424 5267 tamen
3448 5217 3543 5259 ne-

166 5292 407 5348 tulatur
432 5331 453 5358 ,
527 5284 846 5343 salubribus
883 5284 1158 5343 laboribus
1207 5286 1441 5355 nostris;
1475 5296 1719 5344 tenentes
1742 5290 1743 5293 “
1763 5287 1847 5344 in-
1950 5287 2199 5343 cessitate
2222 5286 2562 5360 compellitur
2589 5287 2785 5346 talibus
2802 5290 2997 5361 pannis
3022 5291 3171 5349 indui
3212 5300 3321 5350 tam
3347 5310 3542 5367 magna

158 5384 460 5441 stitutum
499 5376 765 5443 modum,
790 5386 850 5433 ut
870 5391 935 5434 ea
953 5392 1078 5453 qum
1105 5392 1212 5435 non
1243 5377 1447 5436 habent
1472 5379 1540 5434 ad
1580 5394 1695 5435 rem
1727 5395 1846 5452 quae
1951 5381 2111 5436 etiam
2138 5388 2315 5436 vestra
2339 5380 2612 5452 superbia,
2630 5396 2750 5454 quas
2772 5382 2854 5440 sic
2882 5383 3121 5442 tenditur
3145 5385 3452 5453 etinllatur,
3484 5399 3544 5444 ut

158 5474 332 5531 inter
373 5487 504 5529 nos
533 5470 725 5542 agitur
752 5471 1110 5541 pertinean
1137 5471 1583 5536 controversiam,
1607 5482 1847 5530 transea-
1951 5486 2047 5528 eos
2072 5471 2365 5530 deformius
2384 5472 2511 5529 dum
2540 5474 2701 5544 gestit
2723 5483 3032 5544 ostentare,
3058 5476 3378 5550 disrutupat.
3402 5479 3548 5537 Tuas

154 5583 344 5634 mus;
388 5582 476 5622 ne
511 5563 624 5634 qui
658 5561 776 5619 haec
803 5574 986 5619 nostra
1009 5578 1170 5620 nosse
1193 5564 1483 5632 voluerint,
1507 5565 1627 5636 plus
1650 5565 1849 5623 laboris
1953 5563 2112 5621 etiam
2137 5563 2643 5624 calumniosissimas
2672 5569 3026 5627 contumelias
3054 5586 3162 5628 non
3196 5581 3280 5628 est
3320 5588 3542 5629 necesse

152 5670 220 5718 et
256 5658 592 5730 temporis
623 5656 674 5711 in
701 5671 867 5726 opere
898 5656 1129 5728 legendi,
1156 5672 1314 5726 quam
1340 5657 1391 5712 in
1429 5657 1673 5714 discendi
1698 5659 1846 5715 utili-
1953 5655 2147 5726 saepius
2168 5654 2423 5720 refutare,
2456 5658 2649 5727 quibus
2684 5674 2773 5715 me
2807 5675 2971 5715 unum
3004 5663 3318 5718 nominatim
3346 5661 3545 5716 videris

150 5762 284 5811 ιηιε
315 5755 729 5809 consumant.
758 5746 895 5816 Quid
943 5763 1074 5818 ergo
1113 5762 1250 5818 Opus
1275 5757 1392 5812 est,
1421 5757 1484 5804 ut
1522 5747 1720 5819 aliquid
1746 5749 1847 5805 ad-
1953 5756 2240 5817 appetere;
2264 5754 2321 5802 et
2341 5747 2391 5802 in
2423 5756 2501 5803 tot
2547 5764 2611 5806 ac
2647 5758 2791 5807 tanta
2820 5752 3085 5808 catholica
3124 5753 3343 5817 lumina,
3368 5752 3545 5815 tacitis

148 5858 389 5900 versus
410 5858 490 5897 ea
530 5839 753 5902 dicam,
772 5852 892 5908 qua:
920 5838 970 5892 in
998 5838 1260 5909 principio
1287 5839 1513 5907 posuisti
1542 5840 1661 5895 libri
1691 5840 1848 5911 hujus
1953 5851 2137 5893 eorum
2168 5838 2498 5907 nominibus,
2526 5842 2611 5897 vel
2651 5836 2873 5901 insanus
2901 5844 3105 5911 insllis,
3136 5844 3219 5900 vel
3242 5855 3418 5903 erectis
3448 5837 3537 5905 οἷν

146 5937 336 5999 mli”
362 5945 429 5993 et
454 5944 651 5995 vana,
676 5948 696 5982 t
721 5930 788 5987 de
818 5930 1012 5989 invidia
1042 5946 1197 6005 quam
1230 5946 1326 5987 vos
1346 5932 1611 5992 sustinere
1640 5952 1736 6002 pro
1756 5949 1848 5992 ve-

2018 5960 2034 5992 ¹
2060 5962 2134 6003 ΕΙ.
2163 5958 2216 6002 et
2235 5957 2369 6004 ια..
2387 5952 2611 6005 vertrtta.
