4118 6564
579 442 680 498 783

573 557 764 613 tendis.
797 556 950 615 Unde
993 557 1088 613 tibi
1131 556 1340 613 duobus
1361 555 1634 627 prioribus
1656 553 1809 611 libris
1832 553 1911 610 sic
1945 566 2033 607 me
2077 565 2164 606 re-

570 648 856 720 spondisse
876 648 1128 715 arbitror,
1161 657 1220 703 ut
1244 662 1273 701 a
1296 646 1444 702 nullo
1470 646 1701 715 amplius
1727 648 2047 716 requiratur.

643 738 697 794 2.
729 738 1033 809 Exaggeras
1062 755 1220 808 quam
1247 738 1317 793 sit
1346 755 1367 790 ι
1403 735 1637 792 diﬂicilis
1652 735 1945 806 paucisque
1968 746 2166 788 conve-

570 833 723 887 niens
772 832 996 887 eruditis
1021 841 1322 887 sanctarum
1361 829 1601 900 cognitio
1642 827 1996 883 Litterarum:
2030 843 2049 878 ι
2084 823 2165 878 vi-

569 922 786 990 delicet,
823 941 843 975 t
874 933 930 977 ut
952 923 1091 978 Deus
1117 922 1412 988 hominum,
1441 922 1580 978 sicut
1599 920 1832 976 universi
1860 917 2162 983 conditor',

567 1022 625 1069 et
639 1013 816 1084 justus
835 1022 888 1070 et
917 1029 1079 1070 verax
1125 1028 1190 1069 ac
1229 1003 1378 1083 pius,
1412 1012 1554 1068 idem
1581 1013 1602 1045 ³
1633 1011 1898 1066 donorum
1944 1023 2163 1064 suorum

570 1104 625 1158 in
654 1103 900 1160 homines
943 1104 1247 1159 cumulator
1280 1104 1574 1173 probetur;
1622 1102 1745 1172 quia
1783 1116 1887 1155 una
1917 1108 2020 1166 est,
2056 1117 2076 1152 ι
2106 1107 2166 1154 ut

572 1194 776 1258 fateris,
810 1213 830 1248 ι
866 1195 1068 1265 optima
1095 1209 1257 1250 causa
1278 1193 1575 1249 studiorum
1604 1192 1886 1258 bonorum,
1913 1199 1971 1245 ut
1995 1189 2167 1244 hono-

572 1296 721 1341 retur
749 1286 906 1342 Deus.
936 1305 955 1339 ι
985 1286 1159 1354 Quem
1185 1294 1365 1341 tamen
1415 1284 1493 1339 sic
1536 1283 1793 1349 honoras,
1821 1292 1879 1337 ut
1910 1281 2161 1353 parvulo-

570 1393 687 1431 rum
714 1377 1054 1433 liberatorem
1074 1392 1238 1448 neges
1287 1392 1382 1447 per
1409 1376 1683 1431 Christum
1734 1374 1942 1441 Jesum,
1977 1374 2030 1429 id
2058 1381 2160 1438 est,

568 1469 921 1534 Salvatorem,
968 1468 1123 1538 cujus
1164 1483 1260 1523 eos
1283 1467 1613 1536 Baptismate
1637 1466 1717 1521 sic
1737 1466 1879 1520 ablui
1910 1465 2087 1519 dicitis
2116 1462 2160 1530 ³,

570 1570 629 1616 nt
658 1576 764 1617 non
794 1569 1197 1631 consequantur
1236 1559 1485 1622 salutem,
1515 1567 1769 1627 tanquam
1815 1555 2026 1611 medico
2055 1569 2161 1609 non

570 1653 842 1723 indigeant
867 1651 1117 1717 Christo;
1142 1650 1390 1705 humanm
1419 1649 1642 1721 originis
1677 1664 1868 1704 venam
1899 1648 2164 1717 sagaciter

569 1744 885 1816 inspiciente
903 1783 919 1810 ,
943 1751 997 1797 et
1015 1757 1110 1798 ens
1134 1756 1295 1796 sanos
1322 1740 1701 1811 pronuntiante
1721 1738 1960 1795 Juliano.
1985 1737 2162 1805 Quan-

567 1846 625 1890 to
651 1836 842 1892 melius
872 1836 1000 1890 nihil
1036 1836 1257 1889 omnino
1301 1833 1618 1898 didicisses,
1666 1847 1824 1902 quam
1858 1846 1959 1902 .per
2003 1830 2161 1885 istam

569 1928 719 1983 velut
748 1926 1025 1982 scientiam
1056 1925 1225 1996 legis,
1256 1925 1309 1979 in
1338 1939 1443 1995 qua
1481 1933 1533 1978 te
1559 1921 1797 1993 turgidus
1835 1922 2024 1991 jactas,
2055 1934 2162 1975 non

565 2034 694 2075 sane
731 2017 867 2074 duce
903 2018 997 2073 Dei
1044 2018 1195 2088 lege,
1243 2016 1338 2072 sed
1367 2025 1544 2071 vestra
1570 2016 1747 2085 potius
1796 2014 2052 2079 vanitate,
2093 2012 2163 2068 ad

568 2110 705 2167 hanc
731 2111 953 2181 impiam
978 2109 1450 2178 praesumptionem
1478 2107 1748 2163 inimicam
1776 2105 1896 2161 fidei
1923 2104 2164 2160 christia-

567 2219 651 2257 na:
672 2210 726 2256 et
747 2212 850 2256 tua:
878 2202 1073 2255 anima:
1105 2199 1461 2270 pervenisses.

640 2292 694 2347 3.
747 2312 765 2343 ι
802 2290 1100 2357 Sententia,
1132 2309 1151 2343 ι
1185 2289 1383 2360 inquis,
1402 2307 1432 2363 ⁷ι
1456 2296 1632 2344 vestra
1663 2294 1770 2342 tam
1814 2285 2073 2342 deformis
2110 2294 2166 2340 et

568 2397 703 2437 vana
734 2390 835 2445 est,
863 2397 984 2453 qua:
1025 2389 1077 2437 et
1115 2380 1228 2436 Deo
1254 2380 1587 2450 iniquitatem
1609 2420 1626 2444 ,
1654 2387 1709 2435 et
1739 2376 1952 2433 diabolo
1981 2376 2167 2431 condi-

570 2477 768 2530 tionem
794 2473 1097 2540 hominum,
1142 2481 1197 2528 et
1226 2480 1446 2543 peccato
1482 2470 1875 2534 substantiam,
1935 2477 1991 2524 et
2031 2484 2163 2523 con-

570 2567 850 2623 scientiam
880 2566 997 2621 sine
1017 2564 1243 2620 scientia
1275 2563 1510 2634 parvulis
1532 2572 1758 2618 conatur
1780 2560 2107 2616 adscribere.
2139 2577 2158 2613 ι

570 2658 814 2714 Breviter
854 2655 1197 2727 respondeo:
1228 2653 1504 2711 Sententia
1537 2663 1717 2707 nostra
1763 2666 1864 2707 nec
1911 2647 2165 2705 deformis

568 2759 683 2815 est;
715 2749 1160 2821 quiaspeciosum
1200 2746 1370 2802 forma
1396 2761 1505 2817 prae
1530 2744 1653 2800 filiis
1676 2743 1950 2799 hominum
1980 2740 2167 2797 Salva-

571 2855 741 2898 torem
774 2841 1027 2912 praedicat
1064 2840 1304 2895 omnium
1349 2837 1628 2892 hominum
1662 2832 1836 2909 (Psal.
1887 2848 2039 2897 xuv,
2067 2832 2123 2904 5)
2146 2874 2162 2900 ,

568 2952 633 2991 ac
660 2951 753 3005 per
779 2935 882 2989 hoc
919 2934 1078 2990 etiam
1111 2931 1452 3003 parvulorum
1483 2944 1622 2985 :nee
1662 2943 1794 2983 vana
1839 2935 1960 2993 est;
2001 2924 2167 2997 quae"

570 3043 677 3082 non
714 3028 929 3093 frustra,
963 3024 1057 3080 sed
1087 3020 1431 3096 praecedente
1457 3028 1679 3092 peccato
1723 3018 1854 3074 dicit
1892 3016 2166 3072 hominem

569 3119 787 3174 vanitati
805 3118 1031 3174 similem
1050 3118 1268 3183 factum,
1288 3114 1440 3186 cujus
1455 3114 1570 3170 dies
1586 3111 1722 3169 sicut
1742 3110 1928 3166 umbra
1942 3118 2166 3181 praeter-

569 3218 699 3265 eunt
737 3209 907 3280 (Psat.
953 3224 1139 3273 cum,
1162 3207 1221 3279 4)
1242 3225 1255 3260 :
1278 3220 1376 3262 nec
1404 3207 1514 3261 Deo
1533 3203 1789 3260 adscribit
1810 3203 2163 3273 iniquitatem,

569 3302 662 3357 sed
676 3302 852 3373 potius
863 3302 1190 3373 aequitatem;
1210 3299 1333 3371 quia
1350 3314 1456 3354 non
1474 3298 1672 3367 injuste
1696 3305 1774 3351 tot
1795 3304 1851 3352 et
1873 3295 2033 3350 tantis
2053 3309 2168 3349 ma-

571 3393 659 3461 lis,
674 3409 793 3463 qua!
808 3392 1105 3463 szepissime
1124 3391 1416 3457 cernimus,
1434 3389 1594 3445 etiam
1615 3386 1863 3458 parvulus
1877 3386 2126 3456 plectitur
2148 3403 2163 3440 :

572 3498 673 3538 nec
684 3482 899 3538 diabolo
929 3481 1291 3538 conditionem
1304 3479 1604 3545 hominum,
1624 3478 1719 3533 sed
1740 3476 1985 3531 humana:
2001 3474 2166 3545 origi-

571 3575 654 3630 nis
669 3574 1142 3644 depravationem;
1173 3587 1275 3629 nec
1298 3580 1519 3644 peccato
1536 3568 1893 3626 substantiam
1916 3567 1960 3635 ⁵,
1988 3566 2084 3622 sed
2112 3567 2166 3622 in

578 3665 765 3735 primis
792 3664 1100 3719 hominibus
1127 3672 1328 3729 actum,
1377 3662 1432 3717 in
1484 3676 1671 3717 eorum
1699 3674 1828 3716 vero
1857 3657 2169 3730 posteritate

570 3757 876 3827 contagium
902 3773 918 3810 :
944 3769 1045 3810 nec
1073 3753 1311 3825 parvulis
1339 3751 1724 3808 conscientiam
1774 3750 1892 3805 sine
1920 3748 2165 3815 scientia,

571 3852 625 3905 in
656 3849 849 3920 quibus
871 3862 973 3904 nec
1000 3846 1223 3903 scientia
1251 3853 1371 3913 est,
1408 3859 1510 3901 nec
1539 3842 1902 3907 conscientia;
1941 3840 2037 3895 sed
2066 3840 2171 3896 sci-

571 3939 765 3995 vitille
791 3939 917 4010 quid
958 3937 1149 3993 fecerit
1187 3936 1240 3991 in
1282 3949 1390 4007 quo
1444 3948 1634 3990 omnes
1681 3940 2069 4004 peccaverunt,
2115 3941 2170 3987 et

571 4031 765 4101 singuli
796 4030 991 4084 malum
1020 4027 1146 4083 inde
1188 4032 1490 4082 traxerunt.

644 4126 701 4180 4.
724 4123 804 4178 'l‘u
818 4132 995 4178 autem
1011 4122 1099 4192 qui
1121 4120 1143 4152 ⁸
1165 4118 1560 4175 multitudinem
1578 4115 2168 4189 praestruisidiotarum,

573 4230 710 4286 quos
738 4213 977 4284 appellas
999 4231 1019 4266 ι
1042 4212 1334 4283 simplices,
1359 4211 1473 4281 qui,
1501 4210 1620 4266 aliis
1636 4208 1879 4279 occupati
1906 4209 2134 4279 negotiis
2151 4251 2167 4275 ,

576 4305 707 4360 nihil
734 4303 800 4359 de
826 4302 1130 4359 eruditione
1167 4308 1459 4371 ceperunt,
1482 4300 1595 4355 sola
1625 4308 1802 4355 tamen
1838 4298 1942 4354 fide
1970 4297 2037 4352 ad
2062 4298 2169 4352 Ec-

576 4396 793 4454 clesiam
821 4395 1018 4450 Christi
1047 4394 1327 4465 pervenire
1354 4401 1630 4460 curarunt,
1676 4406 1746 4447 ne
1789 4389 1945 4446 facile
1973 4390 2170 4445 obseu-

578 4491 653 4546 ris
678 4487 1060 4560 quaestionibus
1081 4494 1407 4552 terreantur,
1434 4484 1530 4540 sed
1556 4484 1840 4539 credentes
1881 4483 2049 4538 Deum
2080 4498 2173 4537 ve-

576 4570 695 4637 rum
713 4578 1047 4635 conditorem
1065 4592 1185 4632 esse
1202 4576 1504 4643 hominum,
1533 4574 1895 4629 indubitanter
1910 4574 1931 4606 "
1958 4588 2172 4644 quoque

577 4680 796 4728 teneant
823 4670 943 4740 quia
976 4668 1093 4739 pius
1122 4676 1204 4723 est
1223 4708 1241 4735 ,
1269 4666 1393 4737 quia
1421 4680 1581 4721 verax
1604 4706 1618 4731 ,
1647 4665 1771 4735 quia
1784 4664 1991 4734 justus;
2013 4673 2173 4731 atque

579 4762 716 4819 hanc
746 4760 1152 4817 mstimationem
1179 4758 1246 4814 de
1282 4757 1374 4812 illa
1397 4755 1660 4811 Trinitate
1682 4763 1977 4816 servantes,
2017 4752 2174 4823 quid-

577 4848 703 4927 quid
731 4854 996 4911 audierint
1037 4852 1161 4907 huic
1190 4850 1483 4907 convenire
1510 4848 1792 4903 sententiis
1811 4887 1827 4915 ,
1858 4846 2173 4915 amplexen-

580 4956 669 5001 tur
691 4956 850 5016 atque
877 4943 1181 5000 collaudent
1209 4961 1223 4997 :
1257 4956 1359 4998 nec
1387 4941 1487 4996 hoc
1530 4939 1609 4994 eis
1640 4939 1744 4994 ulla
1771 4939 1852 4992 vis
1890 4952 2174 5007 argumen-

581 5036 797 5091 tationis
826 5036 1022 5091 evellat
1038 5077 1054 5103 ,
1083 5035 1176 5091 sed
1201 5034 1540 5090 detestentur
1560 5046 1775 5086 omnem
1799 5030 2172 5082 auctoritatem

584 5138 744 5200 atque
763 5143 974 5185 omnem
996 5129 1307 5184 societatem
1355 5124 1623 5181 contraria
1647 5121 1971 5194 persuadere
2001 5121 2174 5175 niten-

651 5284 664 5315 ί
687 5283 762 5353 sic
784 5281 1007 5353 plerique
1030 5291 1136 5333 Mss.
1164 5282 1248 5333 Alli
1279 5295 1388 5353 cum
1428 5289 1530 5353 Am:
1556 5288 1609 5331 et
1630 5285 1726 5353 For-3
1760 5282 1817 5353 ζα
1832 5273 2174 5353 ίίυςειξίηξξῖξέ-

584 5358 700 5395 unm
720 5343 844 5394 sicut
879 5343 1207 5394 miiversornm
1230 5343 1465 5403 conditor.
1513 5349 1647 5403 Lov.,
1673 5346 1726 5392 ut
1749 5347 1882 5391 Deus
1901 5343 2027 5389 sicut
2064 5343 2176 5387 um-

586 5405 822 5456 versitatis
839 5405 1056 5455 conditor
1072 5420 1089 5465 ;
1105 5408 1297 5465 omisso,
1317 5401 1578 5455 hominum.

568 5516 571 5519 λ
655 5471 675 5502 ³
700 5465 1012 5518 Floriacensis
1029 5475 1108 5516 Ms.
1127 5475 1390 5527 correctus,
1411 5466 1496 5516 ita.

658 5531 679 5562 ³
701 5529 837 5586 Editi,
862 5526 1003 5579 dicis.
1030 5536 1158 5587 Mss,
1183 5526 1361 5578 dicitis.

649 5594 671 5661 ξ
699 5592 828 5661 Αριιᾴ
852 5590 1130 5661 Lov_.,__quiq.
1157 5595 1212 5661 In
1232 5590 1372 5638 editis
1390 5588 1497 5661 aliis
1522 5595 1878 5661 et_Mss_.,_qu_a'.

651 5650 779 5721 {ilic
802 5660 874 5703 Fr.
899 5650 1047 5721 addit,
1067 5650 1368 5721 deputqmus.
1394 5650 1769 5721 I.ov.,_deputat.
1796 5659 1896 5696 Am.
1920 5658 2030 5721 curn
2041 5657 2176 5721 non:

591 5717 736 5765 nnllis
761 5722 888 5771 λιες..
912 5709 1167 5777 αιφιιιίιηί.Δ
1193 5714 1341 5762 Abest
1369 5724 1398 5761 a
1434 5709 1716 5763 melioribus
1745 5709 2098 5771 manuscriptis,
2122 5713 2178 5757 ut

592 5777 923 5834 subaudiatur,
950 5773 1201 5825 adscribit.

654 5842 676 5871 ⁸
703 5840 1028 5887 tawanienses
1046 5843 1406 5896 exnunxerant.
1431 5834 1531 5892 qui.

655 5902 675 5933 ⁷
692 5906 804 5949 Lov.
833 5908 885 5947 et
906 5900 1038 5962 Belg.
1064 5905 1191 5956 Mss,
1210 5896 1493 5948 indubitate.

1397 440 1667 500 CONTRA
1707 438 2045 498 JULIANUM
2083 435 2547 509 PELAGIANUM,
2586 439 2643 496 S.
2685 439 3051 498 AUGUSTINI
3745 449 3831 506 1.84

2274 559 2415 614 tem;
2453 568 2474 604 ι
2510 552 2554 607 si
2590 551 2706 609 haec
2733 553 2845 623 ipsa
2895 562 2981 608 tua
3025 551 3188 608 verba
3235 553 3571 621 consideras,
3598 556 3834 615 adversus

2273 651 2325 698 te
2369 642 2488 698 illos
2531 643 2872 700 firmissimos
2919 644 3117 699 reddis.
3149 642 3334 716 Neque
3379 646 3521 701 enim
3548 647 3647 702 alia
3688 664 3831 707 causa

2271 741 2353 788 est
2371 774 2387 799 ,
2409 748 2506 788 cur
2528 735 2815 790 novitatem
2846 744 3074 790 vestram
3101 734 3397 791 detestetur
3424 738 3583 793 etiam
3613 739 3836 795 multitu-

2270 823 2341 879 do
2368 823 2657 881 christiana
2691 827 2732 893 ¹,
2777 842 2810 881 a
2859 826 3012 897 cujus
3060 826 3210 883 velut
3255 827 3501 899 imperito
3549 829 3745 899 judicio
3777 831 3838 888 ad

2270 931 2469 987 paucos
2494 928 2720 986 vestros,
2754 934 2888 990 quos
2916 918 3085 974 videri
3130 920 3283 990 cupis
3335 921 3772 992 prudentissimos
3791 932 3840 978 et

2268 1007 2641 1075 doctissimos,
2674 1025 2970 1080 provocas;
3005 1010 3105 1066 nisi
3131 1013 3254 1082 quia
3286 1012 3452 1068 Deum
3495 1024 3549 1070 et
3576 1013 3835 1069 hominum

2268 1100 2624 1168 conditorem,
2672 1113 2726 1157 et
2754 1103 3158 1173 ‘justissimum
3209 1105 3487 1175 cogitant,
3538 1114 3594 1160 et
3639 1120 3843 1160 suorum

2267 1200 2448 1249 tantos
2506 1195 2775 1250 cruciatus
2828 1197 3167 1267 conspiciunt
3217 1197 3592 1267 parvulorum,
3642 1207 3699 1251 ut
3755 1197 3844 1253 snb

2272 1280 2385 1339 De'o
2427 1294 2672 1341 creatore
2711 1286 2915 1357 optimo
2958 1298 3118 1357 atque
3159 1287 3456 1357 justissimo
3508 1287 3655 1343 nullo
3698 1287 3845 1342 modo

2267 1376 2444 1449 imago
2474 1378 2589 1447 ejus
2611 1380 2662 1433 in
2694 1379 2783 1433 illa
2812 1388 2970 1434 aetate
2994 1388 3140 1433 tanta
3169 1380 3305 1434 mala
3344 1388 3639 1449 pateretur,
3670 1379 3711 1433 si
3743 1393 3840 1433 non

2266 1477 2412 1522 esset
2437 1470 2697 1540 originale
2743 1478 3041 1538 peceatum.
3088 1469 3325 1537 Quorum
3370 1469 3415 1523 si
3446 1468 3722 1540 quisquam
3764 1483 3848 1539 ge-

2266 1568 2416 1617 stans
2447 1561 2721 1631 parvulum
2766 1561 2963 1626 filium,
2994 1570 3046 1618 te
3067 1562 3184 1618 sine
3212 1561 3449 1618 clamore
3476 1561 3769 1627 invidioso,
3798 1569 3848 1617 et

2267 1652 2320 1707 in
2352 1662 2502 1723 parte
2545 1655 2633 1710 ubi
2663 1655 2842 1710 nullus
2867 1655 3107 1719 audiret,
3149 1654 3501 1724 compellaret
3535 1668 3600 1709 ac
3634 1653 3859 1717 diceret,

2266 1743 2382 1813 Ego
2408 1760 2467 1800 ea
2498 1755 2707 1811 mente,
2739 1746 3087 1815 intelligentia
3106 1787 3122 1812 ,
3155 1745 3361 1801 ratione
3384 1786 3399 1811 ,
3428 1744 3482 1798 in
3508 1760 3613 1815 qua
3641 1759 3755 1798 sum
3781 1745 3849 1797 fa-

2265 1846 2383 1891 ctus
2401 1836 2468 1890 ad
2494 1835 2780 1908 imaginem
2818 1838 2941 1903 Dei;
2975 1847 3179 1893 tantum
3208 1850 3333 1891 amo
3377 1850 3603 1906 regnum
3635 1834 3765 1899 Dei,
3795 1842 3851 1888 ut

2266 1923 2499 1981 hominis
2538 1942 2787 1997 magnam
2830 1927 3066 1997 judicem
3115 1942 3351 1998 pinnam,
3387 1927 3434 1981 si
3476 1940 3542 1981 eo
3582 1918 3844 1996 nunquam

2265 2017 2435 2087 possit
2459 2016 2680 2072 intrare.
2707 2017 2857 2073 Itane
2892 2033 3021 2074 vero
3062 2027 3119 2074 tu
3148 2034 3253 2074 non
3285 2017 3448 2073 homo
3474 2017 3547 2073 de
3575 2016 3728 2073 turba
3755 2016 3849 2072 im-

2266 2108 2588 2177 peritorum,
2613 2108 2707 2163 sed
2743 2109 2885 2164 inter
2920 2125 3119 2181 paucos
3145 2109 3599 2181 prudentissimos
3624 2110 3770 2181 regni
3796 2108 3853 2164 il-

2266 2197 2368 2253 lius
2390 2209 2616 2264 amator,
2650 2208 2797 2255 tanto
2833 2201 3016 2272 utique
3055 2201 3331 2257 ardentior
3368 2211 3576 2272 quanto
3620 2200 3785 2270 magis
3808 2207 3855 2253 te

2266 2288 2678 2361 flagrantissima
2705 2307 2997 2362 paucorum
3040 2293 3270 2349 societas
3314 2293 3368 2348 in
3417 2293 3556 2348 illud
3595 2291 3851 2357 accendit,

2267 2396 2368 2437 nec
2393 2382 2514 2443 facit
2535 2381 2659 2439 inde
2685 2391 2994 2454 torpescere
3020 2383 3262 2455 frigidior
3281 2383 3573 2439 multitudo
3590 2426 3606 2449 ,
3642 2396 3857 2452 respon-

2266 2488 2426 2528 surus
2467 2488 2528 2529 es
2572 2473 2773 2531 homini
2812 2487 2972 2548 atque
3021 2477 3279 2543 dicturus,
3314 2477 3433 2533 Non
3464 2478 3643 2532 solum
3679 2489 3858 2544 magna

2267 2578 2373 2619 non
2403 2574 2505 2633 est,
2528 2565 2625 2623 sed
2677 2567 2821 2623 nulla
2850 2567 3070 2624 omnino
3112 2583 3269 2639 pinna
3319 2577 3404 2624 est
3445 2567 3700 2638 imaginis
3749 2564 3856 2627 Dei.

2266 2668 2536 2725 nunquam
2566 2671 2725 2727 posse
2767 2658 2968 2715 intrare
3015 2659 3070 2714 in
3111 2674 3335 2730 regnum
3370 2659 3516 2715 Dei?
3556 2659 3692 2714 Puto
3728 2654 3861 2727 quod

2266 2761 2369 2802 nec
2388 2748 2478 2802 uni
2507 2748 2709 2805 homini
2734 2790 2748 2813 ,
2782 2750 2935 2820 cujus
2956 2765 3055 2806 nec
3081 2751 3187 2806 vim
3214 2765 3314 2805 nec
3351 2745 3860 2806 testimOnium’for-

2267 2836 2530 2905 midabis,
2559 2838 2664 2896 hoc
2689 2838 2871 2897 dicere
2904 2840 3148 2897 audebis.
3183 2841 3260 2896 Te
3289 2840 3472 2912 itaque
3500 2841 3620 2897 sive
3646 2854 3862 2910 respon-

2267 2926 2433 2985 dente
2458 2930 2760 2999 quodlibet,
2805 2932 2919 2987 sive
2961 2930 3127 3004 (quod
3178 2931 3346 3002 magis
3382 2946 3413 2985 a
3461 2941 3514 2987 te
3563 2932 3796 3001 exigeret
3821 2927 3863 2982 si

2267 3037 2376 3077 non
2401 3021 2687 3081 christiana
2711 3065 2726 3099 ε
2756 3033 2903 3081 certe
2934 3025 3163 3080 humana
3191 3024 3544 3094 verecundia)
3580 3025 3863 3087 reticente,

2268 3112 2531 3183 ingereret
2573 3115 2878 3183 aspectibus
2923 3116 3028 3171 tuis
3081 3116 3361 3186 parvulum
3415 3131 3614 3178 suum.
3647 3115 3859 3169 dicens:

2267 3203 2451 3260 Justus
2473 3213 2555 3260 est
2601 3206 2779 3272 Deus;
2833 3205 2961 3277 quid
3010 3208 3134 3262 mali
3178 3216 3281 3274 est,
3331 3207 3480 3278 quod
3529 3207 3863 3262 innocentem

2269 3295 2410 3352 hanc
2434 3296 2552 3366 ejus
2578 3297 2861 3368 imaginem
2888 3298 3136 3371 prohibet
3159 3300 3359 3355 intrare
3381 3300 3437 3355 in
3460 3316 3693 3372 regnum
3723 3297 3864 3366 ejus:

2269 3389 2314 3443 si
2354 3405 2459 3443 non
2491 3389 2593 3444 hoc
2636 3400 2719 3445 est
2757 3401 3031 3462 peccatum
3056 3432 3073 3458 ,
3099 3391 3239 3462 quod
3269 3406 3364 3462 per
3395 3409 3570 3447 unum
3597 3392 3860 3446 hominem

2269 3478 2485 3533 intravit
2514 3478 2567 3535 in
2608 3480 2863 3536 mundum
2895 3481 3072 3554 (Rom.
3098 3498 3175 3547 v,_
3208 3483 3334 3553 ην
3370 3483 3515 3538 Puto
3544 3482 3691 3553 quod
3735 3480 3868 3535 nulla

2234 3569 2364 3625 'tibi
2395 3570 2567 3627 aderit
2617 3571 2911 3642 sapientia,
2957 3589 3060 3644 qua
3105 3574 3199 3628 tibi
3249 3573 3490 3628 videaris
3535 3575 3630 3630 illo
3661 3571 3870 3628 indocto

2271 3659 2491 3718 homine
2519 3662 2757 3729 doctior;
2786 3663 2882 3719 sed
2929 3664 3033 3718 sia
3078 3673 3131 3719 te
3181 3666 3476 3719 recesserit
3521 3662 3869 3734 impudentia,

2271 3751 2364 3806 illo
2395 3751 2594 3808 infante
2613 3754 2917 3809 remanebis
2948 3754 3225 3809 infanlior.

2344 3838 2573 3898 CAPUT
2618 3842 2682 3898 ll.
2728 3872 2800 3884 -—
2841 3843 2896 3898 5.
2940 3842 3046 3901 Sed
3086 3844 3347 3914 prooemio
3398 3846 3724 3911 terminato,
3776 3854 3877 3913 quo

2272 3934 2549 4004 imperitos
2576 3933 2875 3990 admonitos
2911 3937 3205 4001 removisti,
3236 3946 3291 3992 et
3319 3952 3626 4007 paucorum
3659 3938 3754 3993 tibi
3791 3950 3880 3990 au-

2271 4041 2361 4081 res
2397 4025 2787 4081 eruditissimas
2816 4027 3167 4097 praeparasti,
3199 4027 3325 4097 quid
3375 4027 3770 4099 diSputationis
3790 4040 3878 4095 ag-

2272 4116 2519 4187 grediare
2547 4116 2843 4172 videamus.
2892 4116 3087 4172 Nescio
3117 4116 3246 4187 quid
3292 4117 3441 4172 enim
3495 4118 3636 4174 satis
3674 4125 3881 4173 acutum

2274 4208 2368 4264 tibi
2390 4209 2534 4264 venit
2561 4209 2614 4263 in
2644 4219 2913 4276 mentem,
2957 4209 3098 4280 quod
3131 4221 3183 4266 te
3220 4211 3275 4265 in
3314 4211 3567 4266 secundo
3615 4211 3754 4266 libro
3796 4216 3882 4263 tuo

2238 4300 2245 4309 ’
2274 4284 2501 4368 fugerat,
2526 4312 2648 4353 cum
2679 4298 2748 4355 de
2767 4299 3025 4355 membris
3050 4299 3317 4369 pudendis
3338 4340 3353 4365 ,
3390 4316 3523 4371 quae
3546 4310 3673 4373 post
3703 4311 3886 4372 pecca-

2276 4396 2388 4444 tum
2438 4389 2684 4445 rationali
2729 4391 3123 4447 verecundante
3166 4400 3353 4447 natura
3388 4392 3755 4450 ﬁculneorum
3796 4390 3884 4446 ad-

2275 4490 2460 4550 operta
2485 4489 2610 4536 sunt
2631 4483 2864 4552 tegmine
2891 4481 3161 4549 foliorum,
3190 4484 3356 4539 multa
3371 4484 3662 4553 dixisses;
3696 4484 3887 4540 frustra

2275 4571 2510 4628 refutare
2536 4586 2759 4628 conatus
2780 4574 2925 4644 quod
2974 4590 3075 4646 ego
3109 4574 3347 4631 dixeram
3369 4616 3387 4643 ,
3434 4594 3457 4629 ι
3498 4576 3614 4633 Cur
3653 4590 3784 4646 ergo
3819 4587 3884 4628 ex

2278 4665 2382 4720 illis
2408 4665 2663 4721 membris
2685 4665 2930 4721 confusio
2958 4676 3079 4739 post
3128 4678 3408 4738 peccatum
3433 4710 3450 4734 ,
3501 4670 3612 4725 nisi
3632 4668 3765 4741 quia
3794 4680 3881 4722 ex-

2278 4756 2413 4811 stitit
2433 4757 2538 4811 illic
2564 4756 2816 4813 indecens
2837 4769 3016 4814 motus
3046 4757 3177 4831 )(De
3193 4757 3409 4830 Nuptiis
3431 4770 3483 4814 et
3511 4760 3887 4831 Concupiscet:-

2279 4849 2371 4915 n'a,
2400 4847 2487 4902 lib.
2534 4847 2588 4914 1,
2618 4865 2673 4902 n.
2726 4849 2816 4920 5)?
2871 4849 3008 4917 Quid
3044 4849 3205 4919 igitur
3237 4852 3595 4921 excogitasti,
3638 4850 3784 4923 quod
3824 4848 3887 4904 ita

2280 4938 2375 4993 tibi
2407 4939 2621 5009 placuit,
2654 4949 2709 4994 ut
2750 4954 2850 4995 nec
2881 4940 3030 4995 ﬁnito
3061 4940 3367 5008 volumine,
3424 4942 3521 4998 ubi
3558 4942 3705 4998 hanc
3743 4954 3881 5011 qua:-

2278 5031 2506 5086 stionem
2532 5038 2641 5085 tam
2683 5031 2933 5101 diuturna
2984 5030 3308 5101 loquacitate
3336 5033 3607 5098 versasti,
3652 5032 3768 5104 jam
3798 5029 3891 5082 hoc

2279 5134 2496 5195 putares
2536 5125 2930 5179 omittendum?
2973 5125 3240 5195 Seriptum
3290 5140 3415 5180 esse
3463 5126 3650 5192 dicis,
3676 5124 3746 5180 Et
3773 5126 3897 5194 {eu-

2280 5228 2397 5271 r'mt
2422 5216 2517 5271 sibi
2563 5218 2855 5270 vestimenta
2884 5217 3037 5287 (Gen.
3066 5234 3144 5283 tu,
3173 5218 3252 5287 7),
3297 5217 3584 5289 aliamque
3629 5220 3894 5286 interpre-

2282 5309 2536 5362 tationem
2583 5307 2782 5363 habere
2811 5322 3202 5362 commemoras
3232 5309 3563 5378 perizomata
3596 5325 3619 5362 :
3644 5317 3703 5367 et
3748 5304 3892 5361 vesti-

2281 5410 2451 5453 menta
2474 5398 2721 5468 perhibes
2752 5416 2772 5450 ι
2804 5398 2968 5452 totius
2995 5400 3234 5467 corporis
3257 5397 3652 5455 indumentum
3682 5393 3900 5464 intelligi

2284 5490 2470 5559 posse,
2499 5487 2640 5558 quod
2667 5487 2731 5542 ad
2765 5487 2985 5557 pudoris
3025 5488 3253 5543 refertur
3285 5488 3561 5542 officium.
3613 5509 3634 5542 ι
3669 5486 3773 5544 Ubi
3805 5486 3871 5539 mi

2284 5579 2557 5635 roris-tum
2603 5578 2951 5645 interpretem
2996 5594 3155 5648 quem
3197 5576 3416 5648 legisti,
3481 5579 3533 5633 si
3582 5576 3905 5649 Pelagianus

2285 5687 2388 5726 non
2445 5668 2571 5733 fuit,
2603 5683 2668 5723 ex
2719 5683 2785 5724 eo
2828 5669 2969 5740 quod
3015 5685 3219 5741 graecus
3270 5669 3343 5722 ait
3393 5670 3769 5739 perizomata,
3818 5682 3902 5720 vc-

2352 5828 2366 5859 ι
2394 5821 2581 5883 Aliquot
2598 5827 2728 5880 Mss,
2752 5820 3150 5871 Christianorum.

2353 5894 2370 5921 ²
2392 5883 2667 5944 Copulativa
2692 5884 2942 5942 particula,
2963 5892 3025 5946 et,
3053 5892 3225 5934 omissa
3248 5886 3324 5935 ine
3346 5893 3416 5944 ap
3438 5887 3485 5936 nl
3515 5896 3635 5939 ιον.
