4118 6494
402 391 504 447 785

404 518 639 571 sumente
684 505 921 581 potuisse
952 497 1264 557 transferre.
1314 493 1510 549 Verum
1541 497 1593 545 ct
1617 486 1704 542 hic
1746 482 1789 540 si
1823 479 1992 553 pudor

405 614 563 662 ausu.
592 600 661 657 ad
679 575 833 671 cujus
858 593 1091 651 officium
1131 587 1447 643 vestimenta
1474 579 1673 636 asseris
1698 575 1992 646 pertinere,

406 708 743 769 nequaquam
798 685 1121 761 persuadere
1167 675 1450 736 conaberis
1502 670 1751 726 homines
1794 665 1997 735 primos

409 753 632 859 πέρδιξ)
661 753 916 854 magistro
940 781 1039 834 ista
1076 772 1295 846 pudoris
1319 766 1493 823 officia
1523 761 1799 822 didicisse,
1846 764 1900 810 et
1948 753 2000 807 in

413 884 492 936 eis
526 878 673 950 prius
702 875 835 931 duas
880 868 1033 941 quasi
1073 864 1249 920 socias
1297 868 1351 913 et
1389 855 1589 911 amicas
1621 846 2005 906 convenienter

414 935 686 1026 habitasse
711 935 1069 1020 innocentiam
1092 964 1148 1011 et
1172 948 1578 1021 impudentiam.
1607 939 1832 1009 Quando
1859 935 2002 991 enim

417 1062 546 1120 nudi
574 1065 745 1123 erant,
773 1064 950 1110 etnon
970 1043 1453 1106 confundebantur,
1492 1029 2009 1092 inverecundierant

417 1153 710 1212 secundum
740 1159 881 1204 tuam
903 1139 1314 1213 disputationem
1335 1176 1349 1199 ,
1381 1142 1436 1188 et
1464 1146 1494 1186 a
1531 1125 1758 1184 naturali
1785 1119 2005 1192 pudoris

417 1261 581 1302 sensu
624 1210 1027 1297 abhorrebant:
1060 1229 1155 1286 scd
1205 1224 1452 1281 videlicet
1496 1220 1566 1275 ab
1608 1216 1707 1272 ista
1749 1210 2011 1285 pravitate

421 1334 693 1409 peccando
712 1327 940 1387 correcti
970 1332 1128 1388 sunt,
1156 1328 1212 1376 et
1244 1331 1434 1373 sensus
1464 1312 1723 1382 reprobus
1761 1301 2015 1375 prievari-

388 1393 653 1482 rationis
684 1421 853 1476 factus
899 1427 982 1471 est
1028 1413 1082 1468 in
1130 1411 1211 1466 eis
1240 1407 1429 1463 doctor
1473 1399 1712 1473 pudoris.
1743 1393 2016 1451 Pudentes

424 1524 623 1591 quippe
655 1509 1058 1581 fecit'nequitia,
1093 1519 1228 1577 quos
1250 1499 1593 1570 impudentes
1617 1492 1823 1566 justitia
1852 1488 2017 1543 facie-

427 1584 681 1686 bat.lmo
713 1620 840 1659 vero
888 1611 977 1657 tua
1025 1600 1126 1654 ista
1176 1592 1439 1651 sententia
1483 1590 1563 1644 ita
1593 1596 1676 1642 est
1708 1584 2019 1644 indecenter

429 1681 714 1772 impudens
739 1706 792 1752 et
811 1692 1124 1749 deformiter
1157 1686 1296 1742 nuda
1318 1726 1343 1750 ι
1383 1692 1438 1737 ιιι
1486 1696 1605 1736 eam
1632 1721 1646 1745 ,
1691 1672 2023 1747 quantalibet

429 1792 556 1848 folia
580 1790 861 1844 verborum
890 1796 1161 1845 consuas,
1188 1776 1405 1847 operire
1442 1789 1547 1827 non
1577 1769 1773 1840 possis.

503 1884 560 1942 6.
592 1882 635 1938 Α
664 1877 959 1951 pictoribus
991 1888 1078 1927 me
1103 1869 1354 1925 didicisse
1389 1864 1603 1920 derides
1618 1904 1639 1929 ,,
1672 1858 1815 1931 quod
1853 1855 2023 1912 Adam

433 1985 494 2030 et
519 1950 709 2028 mulier
749 1971 867 2039 ejus
917 1962 1161 2036 pudenda
1190 1957 1564 2025 contexerint;
1593 1964 1649 2011 et
1677 1950 2025 2008 Horatianum

434 2064 566 2121 illud
596 2062 937 2118 decantatum
958 2053 1146 2110 audire
1166 2066 1257 2108 me
1278 2049 1525 2120 prrecipis
1546 2088 1562 2113 ,

1284 2140 1552 2190 victoribus
1571 2143 1721 2199 atque
1744 2133 1906 2196 poetis

559 2213 801 2276 Quidlibet
822 2207 1032 2277 audendi
1061 2204 1377 2277 semper-fuit
1399 2204 1796 2277 aquapotesta‘s;

1235 2266 1316 2327 (In
1339 2252 1656 2325 Arte'poet'ica
1670 2294 1685 2316 .
1709 2268 1833 2307 vers.
1852 2254 1902 2315 9,
1931 2252 2029 2315 i0).

438 2363 555 2434 Ego
594 2374 725 2416 vero
765 2371 873 2411 non
914 2369 944 2408 a
985 2352 1194 2423 pictore
1235 2347 1472 2403 inanium
1524 2343 1845 2413 ﬁgurarum,
1878 2335 1973 2392 sed
2001 2350 2031 2390 a

439 2426 701 2523 scriptore
734 2448 1033 2503 divinarum
1057 2440 1218 2497 didici
1245 2438 1591 2501 Litterarum,
1623 2433 1745 2504 quia
1777 2430 1852 2487 illi
1874 2426 2034 2498 primi

441 2545 687 2597 homines
716 2545 1000 2606 antequam
1033 2537 1318 2602 peccarent
1341 2525 1470 2582 nudi
1500 2532 1672 2587 erant,
1698 2531 1753 2576 et
1774 2534 1878 2574 non
1906 2533 2037 2572 con-

450 2633 832 2691 fundebantur.
864 2629 920 2683 lu
950 2626 1141 2696 quibus
1169 2622 1310 2677 absit
1335 2629 1395 2677 ut
1420 2626 1564 2674 tanta
1598 2610 1899 2670 innocentia
1926 2620 2032 2664 tam

448 2726 731 2796 impudens
750 2730 921 2777 esset:
943 2717 1037 2774 sed
1059 2714 1295 2771 nondum
1313 2712 1484 2767 inerat
1503 2706 1642 2779 quod
1660 2705 1899 2776 puderet.
1915 2701 2038 2756 Pec-

451 2825 729 2884 caverunt,
757 2798 1126 2874 attenderunt,
1148 2806 1497 2866 cruhuerunt,
1524 2804 1849 2869 operuerunt
1884 2790 2038 2865 (Gen.

451 2931 512 2979 tt,
542 2913 724 2973 ἢεί-ιιι,
759 2908 883 2976 ll):
914 2914 967 2960 et
997 2902 1169 2957 adhuc
1185 2900 1406 2964 clamas,
1441 2913 1459 2947 ι
1491 2892 1630 2949 Nihil
1657 2891 1766 2946 illic
1791 2886 2043 2942 indecens

450 3016 752 3073 novumque
815 3003 1122 3054 senserunt.
1170 3009 1190 3043 ι
1245 2988 1396 3043 Hanc
1445 2985 1607 3056 plane
1656 2976 2045 3050 impudentiam

451 3110 597 3154 tuam
639 3069 799 3150 nimis
838 3084 1205 3158 incredibilem
1226 3123 1243 3150 ,
1280 3079 1424 3135 absit
1453 3085 1512 3131 ut
1548 3075 1746 3137 dicam,
1780 3069 1954 3126 nullus
1985 3077 2038 3124 te

451 3185 730 3259 apostolus
764 3191 856 3236 aut
899 3177 1195 3250 propheta,
1232 3171 1327 3228 sed
1365 3184 1466 3224 nec
1507 3167 1678 3237 pictor
1703 3163 1916 3229 docuit,
1945 3173 2046 3216 nec

454 3251 632 3350 poeta.
666 3276 744 3330 llli
774 3272 971 3343 quippe
1002 3267 1139 3338 ipsi,
1166 3264 1361 3335 quibus
1392 3278 1411 3312 ι
1440 3257 1705 3332 quidlibet
1733 3251 1990 3318 audendi,
2023 3268 2043 3304 ι

455 3345 594 3426 sicut
643 3366 913 3435 eleganter
941 3359 1143 3415 dictum
1171 3353 1407 3421 videtur,
1452 3370 1473 3403 ι
1501 3362 1719 3417 semper
1756 3345 1855 3400 fuit
1898 3355 2051 3413 aequa

456 3466 694 3531 potestas
713 3433 788 3521 ς’»
844 3448 1302 3508 confunderentur
1356 3442 1464 3498 tale
1517 3438 1718 3509 aliquid
1765 3433 2051 3491 ridendum

459 3524 665 3620 finget’e
684 3589 698 3612 ,
728 3544 887 3617 quale
915 3551 969 3597 te
996 3536 1331 3596 credendum
1359 3547 1468 3587 non
1497 3526 1844 3586 confunderis
1865 3524 2055 3594 dispu-

464 3619 599 3700 tare.
631 3642 772 3696 Duas
800 3638 944 3693 enim
961 3632 1121 3689 simul
1151 3629 1475 3692 habitantes,
1506 3635 1743 3694 quarum
1775 3619 1944 3673 altera
1973 3622 2058 3670 est

464 3738 662 3810 optima
682 3775 699 3802 ,
727 3734 894 3789 altera
924 3736 1007 3785 est
1028 3724 1280 3797 pessima,
1301 3720 1453 3776 velut
1473 3718 1613 3772 inter
1644 3728 1717 3769 se
1732 3709 2057 3768 convenien-

470 3842 553 3886 tes
579 3837 740 3898 atque
760 3820 1055 3880 concordes
1073 3860 1088 3886 ,
1117 3814 1479 3872 innocentiam
1523 3807 1917 3875 scilicetratque
1955 3802 2058 3857 im-

468 3920 778 3995 pudentiam
806 3958 821 3981 ,
853 3913 1033 3995 nullus
1053 3910 1229 3982 pictor
1267 3907 1520 3978 pingere,
1562 3901 1741 3957 nullus
1793 3906 1947 3969 poeta
1973 3910 2061 3950 ca-

471 4029 602 4071 uere
619 4011 839 4067 auderet
873 3988 1011 4061 :nec
1051 4015 1238 4059 eorum
1283 3997 1569 4068 quisquam
1605 3993 1679 4047 ita
1712 3990 1781 4046 de
1816 3987 2064 4044 sensibus

471 4106 785 4175 desperaret
801 4095 1157 4161 humanis,_ut
1170 4091 1330 4146 etiam
1355 4089 1458 4142 hoc
1473 4085 1574 4139 sibi
1596 4081 1827 4137 audendi
1853 4092 2063 4148 aequam

473 4170 718 4256 crederet
773 4196 1128 4265 potestatem,
1177 4183 1274 4240 sed
1328 4180 1571 4236 insanam
1629 4173 1808 4246 potius
1857 4170 2067 4226 vanita-

477 4301 609 4349 tem.

549 4385 604 4438 7.
630 4381 685 4435 lu
710 4394 777 4435 eo
803 4391 934 4432 vero
974 4370 1117 4444 quod
1161 4369 1335 4435 aisti,
1370 4385 1390 4419 ι
1419 4364 1477 4421 Si
1526 4363 1603 4418 illi
1648 4355 2071 4430 interpretationi

479 4490 598 4547 qua:
629 4472 969 4545 perizomata,
1000 4463 1055 4518 id
1084 4468 1201 4527 est,
1255 4455 1628 4529 prmcinctoria
1675 4454 1889 4523 posuit,
1929 4445 2076 4501 fave—

483 4579 592 4632 tur,
626 4555 805 4620 latera.
818 4558 987 4629 magis
1015 4556 1192 4611 dicam
1220 4558 1359 4606 tecta
1385 4546 1553 4603 fuisse
1592 4558 1750 4614 quam
1781 4539 2017 4602 femora;
2050 4553 2071 4588 ι

482 4627 713 4733 primum
766 4627 959 4716 doleo,
1002 4649 1093 4703 sie
1130 4653 1187 4701 te
1227 4640 1371 4697 abuti
1423 4652 1611 4695 eorum
1654 4631 1951 4705 ignorantia
1990 4627 2081 4697 qui

481 4767 658 4827 graece
696 4748 970 4808 nesciunt,
1011 4749 1070 4795 ut
1106 4751 1292 4793 eorum
1339 4733 1430 4803 qui
1473 4730 1647 4786 sciunt
1688 4725 1946 4797 judicium
1991 4734 2081 4774 re-

486 4814 692 4899 veritus
719 4856 825 4895 non
862 4837 958 4891 sis.
989 4828 1097 4887 Sed
1135 4823 1472 4882 commodius
1499 4818 1726 4879 accidit,
1757 4824 1815 4869 ut
1841 4814 1955 4883 ipsa
1984 4824 2086 4879 po-

489 4940 749 4994 rizomata
797 4942 929 5000 quae»
968 4925 1216 4994 leguntur
1254 4916 1307 4971 in
1348 4911 1621 4969 codicibus
1681 4905 1872 4977 grzccis
1896 4943 1911 4967 ,
1963 4910 2084 4955 tan-

491 5043 651 5102 quam
683 5024 905 5079 verbum
927 4991 1043 5071 suie
1066 5013 1260 5082 lingua:
1278 5021 1396 5061 mos
1417 5002 1615 5057 latinus
1637 5003 1877 5065 usurpet.
1898 4991 2088 5049 Proin-

493 5082 561 5178 de
585 5132 707 5175 cum
748 5114 1073 5186 perizomate
1097 5104 1117 5138 ¹
1148 5117 1255 5158 non
1283 5098 1513 5161 femora,
1541 5091 1645 5148 sed
1678 5090 1845 5145 latera
1876 5082 2100 5148 contegi

496 5173 1076 5283 potuisse-asseverasti
1099 5236 1113 5260 ,
1148 5202 1278 5265 puto
1316 5186 1459 5259 quod
1492 5196 1543 5240 te
1567 5183 1728 5239 etiam
1759 5181 1876 5250 ipse
1902 5173 2087 5233 risisti.

501 5264 630 5371 ignis
653 5298 795 5354 enim
838 5293 1029 5348 doctus
1052 5285 1136 5342 vel
1180 5281 1430 5338 indoctus
1454 5276 1697 5347 ignoret,
1725 5281 1859 5340 quas
1882 5264 2092 5336 perizo-

502 5353 644 5449 niata
672 5393 958 5455 contegant
986 5375 1232 5448 corporis
1258 5368 1484 5444 partes?
1510 5364 1652 5437 quod
1679 5374 1875 5417 nomen
1906 5353 2094 5426 tegmi-

506 5481 780 5539 nis‘etiam
808 5476 860 5530 in
904 5471 1219 5527 feminarum
1249 5462 1464 5518 dotibus
1493 5450 1818 5525 frequentari
1858 5456 1914 5502 et
1950 5444 2097 5531 msti-

506 5571 643 5629 mari
670 5568 828 5631 solet,
855 5574 1029 5631 neque
1078 5557 1132 5613 id
1183 5552 1388 5624 alligari
1430 5548 1531 5603 nisi
1564 5559 1697 5599 zona
1729 5555 1847 5612 qua:
1893 5526 2102 5592 lumbos

450 5726 457 5732 _
512 5662 693 5732 cingit.
717 5660 1011 5723 Interroga,
1043 5659 1096 5706 et
1123 5648 1304 5710 disce,
1333 5640 1473 5713 quod
1500 5648 1553 5693 te
1583 5652 1686 5690 non
1727 5632 1892 5688 credo
1921 5626 2101 5683 uesci-

581 5798 757 5857 mliti,
783 5786 1090 5860 perizoinma‘.
1131 5785 1430 5846 fastigatum
1467 5775 1525 5826 ad
1561 5773 1810 5823 vaticanos
1834 5775 1884 5819 et
1906 5760 2103 5815 Gallica-

517 5858 990 5917 nostiaazittSCriptt-s.
1465 5882 1469 5887 .
1528 5880 1531 5885 .
1868 5874 1873 5881 ,
1948 5862 1956 5873 .

1744 351 1945 413 LIBER
1987 348 2302 419 QUINTUS.

3585 335 3691 390 786

2104 489 2183 530 re.
2210 469 2465 539 Quamvis
2493 468 2656 524 etiam
2681 466 2735 520 si
2749 462 2957 520 nescias
2977 504 2991 526 .
3013 474 3120 517 non
3143 474 3317 530 usque
3351 456 3487 512 adeo
3520 464 3570 509 te
3595 469 3685 508 ar-

2105 565 2292 627 bitror,
2327 576 2432 616 non
2471 559 2759 613 humanum
2785 553 3090 625 eloquium.
3132 546 3228 605 sed
3276 546 3567 603 humanum
3598 544 3692 596 ha-

2111 657 2279 712 bitum
2325 652 2465 709 velle
2508 655 2847 721 pervertere,
2874 653 2932 698 ut
2957 642 3283 714 perizomata
3329 639 3489 694 etiam
3535 650 3695 704 super

2110 749 2361 801 humeros
2380 744 2562 799 levare
2589 738 2834 802 coneris;
2860 741 2955 790 aut
2972 734 3053 789 eis
3073 732 3144 787 ita
3172 732 3341 787 latera
3360 728 3573 783 illorum
3601 725 3699 780 ho-

2109 842 2314 896 minum
2337 838 2497 892 fuisse
2534 840 2801 895 contecta,
2844 838 2905 885 ut
2932 825 3181 899 genitalia
3231 832 3462 892 totaeque
3490 820 3699 874 lumbo-

2111 948 2228 987 rum
2289 944 2410 984 cnm
2470 923 2760 981 femoribus
2807 928 2987 990 partes
3038 915 3194 971 nuda:
3243 914 3696 983 relinquerentur.

2112 1022 2246 1091 Quid
2279 1034 2407 1090 ergo
2446 1028 2498 1073 te
2523 1016 2773 1085 adjuvat,
2805 1021 2860 1068 et
2887 1025 2993 1067 non
3026 1023 3113 1077 me
3136 1006 3341 1079 potius,
3377 1018 3441 1058 ex
3473 1009 3703 1073 quanta-

2114 1116 2192 1167 vis
2215 1122 2365 1184 parte
2387 1108 2626 1178 corporis
2653 1102 2930 1173 superiore
2956 1098 3207 1155 inferiora
3235 1096 3409 1150 velata
3438 1094 3545 1148 sint
3562 1133 3577 1158 ,
3607 1090 3700 1145 ubi

2101 1180 2275 1258 "lexin
2295 1199 2551 1256 membris
2578 1206 2885 1265 repugnans
2918 1190 3020 1260 legi
3054 1186 3249 1242 mentis
3276 1184 3455 1256 (Rern.
3486 1198 3580 1247 vn,
3604 1180 3702 1243 23)

2117 1293 2310 1349 affectu
2337 1288 2672 1346 sentiebatur
2709 1284 3013 1345 amborum,
3044 1288 3099 1335 et
3132 1277 3349 1331 alterno
3373 1271 3710 1329 excitabatur

2118 1393 2361 1455 aspectu,
2382 1376 2803 1436 inobedientium
2841 1372 3157 1443 pravitatem
3188 1383 3299 1422 sua:
3332 1362 3710 1420 inobedientiie

2123 1476 2360 1530 novitate
2379 1469 2750 1528 confundens?
2770 1468 2901 1534 Quae
2926 1472 3124 1535 quanto
3148 1458 3507 1517 turbulentius
3528 1469 3713 1511 movc-

2123 1567 2300 1629 batur,
2332 1573 2480 1618 tanto
2522 1557 2878 1617 verecundius
2907 1556 3096 1617 fieret;
3141 1551 3186 1606 si
3221 1564 3351 1607 caro
3395 1549 3551 1617 cujus
3594 1560 3713 1599 eam

2125 1653 2433 1711 stimulabat
2461 1659 2742 1721 aspectus,
2788 1646 3064 1715 aliquanto
3087 1640 3381 1710 spatiosius
3422 1637 3714 1692 velaretur.

2126 1747 2252 1802 Sive
2282 1745 2489 1815 igitura
2520 1740 2751 1804 lumbis,
2798 1737 2913 1792 sive
2956 1749 2988 1789 a
3029 1731 3287 1788 lateribus
3324 1729 3559 1787 demissa
3609 1726 3721 1780 sint

2130 1837 2365 1906 tegmina
2391 1875 2408 1900 ,
2440 1831 2687 1905 pudenda
2714 1836 2840 1886 sunt
2870 1836 3055 1882 tecta:
3084 1839 3203 1895 quae
3226 1821 3475 1894 pudenda
3502 1835 3608 1874 non
3635 1833 3724 1877 es-

2129 1937 2250 1984 sent
2268 1968 2285 1993 ,
2317 1926 2417 1980 nisi
2446 1924 2546 1994 legi
2573 1921 2769 1977 mentis
2796 1920 2878 1974 lex
2905 1917 3111 1988 peccati
3128 1913 3305 1969 invide
3326 1919 3655 1982 repugnaret
3676 1911 3719 1963 ⁸.

2130 2020 2236 2076 Sed
2264 2018 2353 2073 ubi
2381 2015 2665 2071 manifesta
2694 2027 2783 2068 res
2827 2020 2946 2077 est,
2986 2009 3280 2078 Scriptura:
3305 2005 3503 2060 divinat
3537 2003 3723 2059 sensui

2131 2120 2375 2167 nostrum
2396 2122 2615 2164 sensum
2641 2104 2838 2160 addere
2869 2117 2973 2156 non
2994 2100 3290 2156 debemus:
3311 2112 3417 2151 non
3441 2095 3584 2151 enim
3617 2093 3721 2148 hoc

2134 2202 2196 2256 fit
2222 2201 2452 2256 humana
2494 2195 2791 2266 ignorantia
2812 2234 2827 2259 ,
2857 2191 2955 2248 sed
2995 2186 3417 2260 pnesumptione
3446 2197 3722 2256 perversa.

2135 2292 2307 2349 Adam
2335 2299 2390 2345 et
2413 2288 2608 2344 mulier
2633 2286 2751 2355 ejus
2771 2325 2787 2352 ,
2811 2284 2900 2354 qui
2924 2281 3051 2337 nudi
3078 2287 3233 2336 erant
3259 2286 3385 2334 ante
3413 2286 3686 2347 peccatum
3706 2316 3720 2337 .

2137 2395 2193 2442 et
2220 2400 2326 2439 non
2348 2379 2844 2444 confundebantur,
2893 2388 3018 2429 mox
3072 2380 3132 2426 ut
3173 2377 3566 2442 peccaverunt,
3598 2382 3733 2438 quas

2140 2484 2320 2547 partes
2346 2471 2589 2542 corporis
2615 2465 2918 2523 amicierint
2934 2506 2950 2532 ,
2981 2461 3374 2534 perizomatum
3403 2458 3622 2514 nomine
3640 2472 3731 2511 sa-

2143 2569 2211 2622 tis
2238 2564 2512 2621 evidenter
2538 2572 2851 2632 expressum
2870 2565 2976 2611 est.
3008 2553 3266 2611 Videmus
3293 2550 3423 2623 quid
3452 2547 3719 2606 texerint:

2147 2658 2326 2715 nimiae
2354 2656 2674 2726 insipientia
2715 2659 2801 2708 est
2847 2649 3025 2705 adhuc
3044 2662 3319 2719 quierere,
3347 2644 3528 2700 nimiae
3554 2644 3732 2712 impu»

2144 2751 2339 2809 dentia:
2366 2749 2543 2805 adhuc
2566 2759 2764 2817 negare
2793 2741 2921 2813 quid
2955 2739 3243 2796 senserint.
3275 2737 3409 2793 Nam
3434 2744 3492 2791 tu
3517 2748 3733 2806 quoque

2146 2860 2269 2902 cum
2297 2839 2717 2898 obstinatissime
2742 2833 3102 2898 contradicas,
3137 2844 3307 2901 usque
3327 2828 3464 2884 adeo
3482 2825 3736 2897 judicasu

2148 2934 2280 2992 nihil
2302 2932 2444 2990 aliud
2464 2929 2712 2987 humanis
2731 2939 3015 2984 occurrere
3034 2923 3304 2989 sensibus,
3337 2920 3461 2976 nisi-
3481 2917 3743 2986 concupii-

2150 3026 2461 3086 scentialem
2489 3032 2693 3079 motum
2722 3018 3102 3076 erubescentes
3118 3014 3239 3070 illos
3255 3011 3500 3072 homines
3518 3010 3571 3064 in
3587 3008 3741 3079 genie

2151 3122 2348 3178 talibus
2386 3128 2570 3190 tegere
2593 3110 3301 3178 voluisseiutperizomata
3325 3104 3532 3173 erigere
3560 3099 3627 3156 ad
3656 3099 3739 3155 la-

2154 3225 2267 3272 tera
2288 3211 2583 3275 conareris,
2600 3215 2691 3263 aut
2710 3204 2960 3275 operiens
2974 3201 3122 3256 latus
3147 3198 3237 3254 ubi
3262 3204 3574 3267 peccatores
3609 3193 3742 3248 nihil

2153 3307 2281 3364 mali
2301 3303 2537 3362 sensisse
2560 3296 2864 3362 contendis,
2893 3302 2986 3348 aut
3012 3290 3333 3349 deformiter.
3353 3286 3582 3351 nudans,
3602 3285 3746 3357 quod

2156 3401 2326 3471 magis
2350 3395 2636 3467 tegendum
2664 3405 2784 3447 esse
2811 3387 3131 3487 cpnsentis-

2230 3469 2455 3549 CAPUT
2481 3486 2573 3543 ui.
2595 3482 2743 3539 -.s.
2776 3469 3103 3536 Inserisalia
3120 3475 3203 3531 ide
3228 3474 3368 3529 libro
3398 3486 3520 3528 meo
3547 3469 3747 3533 verba,

2159 3585 2250 3642 ubi
2292 3582 2422 3647 dixi,
2457 3577 2684 3635 «carnis
2713 3570 3132 3629 inobedientiam
3176 3563 3507 3622 inobedienti
3547 3560 3752 3616 homini

2162 3676 2472 3750 dignissime
2486 3670 2799 3728 retributam
2823 3682 2839 3732 ;
2867 3664 2991 3735 quia
3014 3660 3273 3731 injustam
3295 3664 3415 3714 erat
3445 3662 3508 3711 ut
3540 3654 3753 3710 obtemo

2164 3774 2443 3842 peraretur
2470 3779 2501 3819 a
2529 3775 2687 3819 servo
2714 3772 2843 3824 suo,
2886 3755 2942 3811 id
2984 3761 3069 3810 est
3095 3767 3125 3806 a
3155 3764 3385 3820 corpore
3423 3761 3522 3803 suo
3539 3787 3557 3816 ,
3579 3745 3630 3802 ei
3664 3744 3759 3815 qui

2166 3834 2273 3917 non
2298 3858 2763 3925 obtemperaverat
2780 3847 3000 3905 domino
3024 3857 3126 3900 suo
3159 3839 3293 3911 »(οε
3316 3837 3533 3908 Nuptiis
3551 3846 3599 3892 et
3624 3834 3760 3891 Con.

2169 3952 2507 4024 cupiscentia,
2552 3946 2641 4000 lib.
2689 3944 2715 3998 i
2740 3982 2757 4009 ,
2795 3958 2850 3996 η.
2899 3938 2956 4009 7)
3006 3953 3022 3991 :
3071 3942 3128 3991 et
3166 3931 3383 3990 conaris
3431 3926 3721 3985 ostendere
3741 3964 3759 3991 .

2178 4066 2198 4099 ι
2231 4017 2371 4100 hanc
2425 4034 2843 4095 inobedientiam
2902 4027 3080 4086 carnis
3131 4024 3311 4096 potius
3365 4034 3488 4079 esse
3535 4017 3767 4075 laudabip

2173 4140 2304 4205 lem,
2345 4135 2391 4191 si
2421 4146 2579 4204 pinna
2610 4127 2812 4201 peccati
2851 4132 2964 4190 est;
2995 4141 3015 4176 ι
3061 4127 3115 4178 et
3148 4127 3399 4189 tanquam
3431 4126 3663 4185 persona
3695 4111 3781 4169 sit.

2174 4202 2380 4299 aliqua,
2424 4202 2550 4295 quin
2596 4226 2932 4291 peccatorem
2992 4213 3226 4268 scienter
3264 4206 3488 4277 afﬂigat,
3536 4202 3617 4259 sic
3649 4217 3769 4258 eam

2183 4342 2203 4377 ι
2238 4297 2384 4379 velut
2408 4317 2656 4374 ultricem
2683 4310 3013 4375 scelerishet
3039 4305 3092 4360 in
3120 4304 3227 4358 hoc
3253 4300 3348 4355 Dei
3385 4297 3713 4362 ministram,
3746 4313 3767 4347 ι

2180 4424 2439 4484 tauquam.
2461 4419 2712 4478 magnum
2733 4398 2949 4472 aliquod
2975 4398 3175 4452 bonum
3212 4390 3480 4449 cothurno
3503 4385 3774 4443 sermonis

2182 4479 2430 4561 exornas.
2461 4498 2570 4555 Nec
2592 4495 2797 4566 cogitas
2832 4503 2992 4561 posse
3019 4496 3073 4542 te
3099 4486 3204 4541 isto
3243 4482 3405 4538 modo
3430 4479 3653 4535 laudare
3676 4492 3774 4534 an:

2183 4596 2335 4670 gelos
2359 4590 2528 4648 malos
2551 4587 2687 4657 ,λιιιί
2702 4586 2888 4653 utique
2918 4594 3023 4635 non
3055 4585 3180 4633 sunt
3207 4575 3308 4633 nisi
3332 4570 3782 4643 praevaricatores

2186 4662 2348 4755 atque
2388 4680 2569 4750 impii,
2614 4691 2713 4747 per
2750 4687 2887 4744 quos
2937 4679 3114 4725 tamen
3146 4666 3313 4721 neum
3341 4662 3561 4720 meritas
3591 4672 3787 4728 ponas

2190 4747 2427 4846 irrogare
2452 4747 2819 4841 peccantibus,
2843 4768 3029 4816 sancta
3063 4757 3340 4824 Scriptura
3360 4759 3641 4815 testatur,
3693 4747 3780 4803 di-

2190 4838 2330 4927 cens
2343 4884 2357 4921 :
2390 4838 2532 4918 Misit
2552 4861 2604 4913 in
2625 4873 2708 4913 eos
2734 4856 2867 4917 iram
2894 4847 3261 4921 indignationis
3301 4858 3428 4908 sua,
3473 4838 3789 4911 indignatio-

2193 4975 2310 5016 nem
2334 4965 2381 5012 et
2408 4955 2540 5008 iram
2563 4959 2610 5005 et
2648 4943 3049 5006 tribulationem,
3076 4936 3439 4992 inmussionem
3468 4948 3558 5002 per
3580 4928 3797 5000 angelos

2194 5050 2357 5107 malos
2387 5041 2557 5118 (Psai.
2587 5053 2785 5101 Lxxvtt,
2822 5033 2939 5105 49).
2978 5028 3161 5086 Lauda
3208 5026 3370 5082 etiam
3416 5024 3571 5089 istos,
3620 5019 3801 5076 lauda.

2198 5114 2704 5209 eorumtprincipem
2734 5138 2974 5183 satanam
2996 5165 3013 5189 ,
3042 5120 3164 5191 quia
3192 5128 3247 5174 et
3288 5118 3404 5188 ipse
3446 5114 3638 5170 vindex
3668 5127 3793 5183 pec-

2198 5235 2304 5290 cati
2342 5207 2443 5286 fuit
2464 5221 2717 5295 ,.quando
2768 5219 2819 5274 ei
2867 5214 3086 5273 tradidit
3112 5210 3404 5282 Apostolus
3434 5207 3710 5263 hominem
3739 5207 3803 5261 in.

2203 5323 2477 5382 interitum
2504 5314 2684 5372 carnis
2711 5309 2972 5382 (ἱέσθην,
3003 5304 3082 5378 5).
3112 5301 3279 5359 Valde
3300 5301 3442 5357 enim
3470 5299 3708 5355 disertus
3736 5313 3797 5352 es

2202 5425 2386 5475 contra
2412 5410 2637 5483 gratiam
2684 5402 2902 5466 ChriSti,
2946 5410 3000 5456 et
3045 5394 3474 5454 idoneusdicere
3509 5391 3797 5463 panegyri-
3874 5394 3883 5403 '

2205 5524 2327 5565 cum
2346 5500 2543 5561 satana:
2564 5509 2616 5555 et
2647 5498 2854 5569 angelis
2882 5494 3019 5564 ejus,
3055 5507 3152 5564 per
3177 5504 3315 5561 quos
3346 5488 3633 5543 multorum
3662 5485 3802 5539 Deus

2272 5641 2286 5667 ¹
2318 5639 2524 5693 Quatuor
2549 5640 2578 5677 e
2603 5625 2836 5693 vaticapis
2863 5629 3023 5693 _Mss_..,‘
3040 5617 3219 5693 inde":
3244 5618 3553 5693 repugnaret:
3580 5611 3803 5679 Quintus,

2209 5675 2576 5750 ίίιὶάῖἓῆἶῖλῖίιιέ
2601 5702 2664 5738 ex
2698 5686 2921 5750 Belgicis,
2954 5681 3151 5750 ibidem.
3190 5675 3705 5750 Putant"Lemniensis
3726 5676 3803 5720 re-

2210 5734 2839 5822 2.33365Augustinum
2850 5734 2971 5822 illud
2989 5742 3147 5822 λκιο(ξηί
3172 5755 3237 5800 iv,
3260 5739 3291 5788 5
3312 5751 3324 5786 :
3356 5737 3424 5786 Ad
3440 5734 3674 5786 uiridium
3692 5746 3806 5783 conn

2216 5802 2418 5873 ξἰιῖὶξςὲἷι
2434 5802 2629 5868 M'Httts
2650 5808 2732 5871 qui
2751 5805 2928 5859 habitat
2952 5804 3001 5855 in
3026 5802 3170 5855 tubis.
