4098 6560
538 396 638 463 i8?

529 514 697 587 jude'x
741 528 902 587 atque
952 516 1093 571 ultor
1136 526 1218 569 est
1268 521 1608 583 peccatorum
1633 552 1650 583 ,
1691 514 1991 570 retribueus
2042 513 2122 569 eis

536 606 831 662 secundum
856 621 1019 676 Opera
1060 621 1153 659 sua
1175 646 1190 668 ,
1231 618 1325 660 eos
1352 604 1496 673 ipsos
1527 605 1790 675 pessimos
1819 615 1872 659 et
1899 605 2122 658 damna-

537 697 672 753 biles
691 697 911 766 spiritus
943 695 1332 766 puniendorum
1357 695 1614 765 supplicia
1638 693 1842 750 faciens
1860 737 1875 759 ,
1905 696 1996 766 qui
2029 694 2121 750 be-

537 806 604 844 ne
629 790 878 860 justeque
906 789 1070 843 utitur
1095 798 1149 843 et
1190 785 1347 842 bonis
1394 795 1450 842 et
1480 786 1652 841 malis.
1684 786 1920 842 Prtedica
1967 786 2124 857 igitur

534 881 899 952 iniquissimae.
938 886 1262 950 potestates,
1305 878 1430 949 quia
1469 892 1565 947 per
1611 878 1754 948 ipsas
1800 877 1939 932 mala
1966 878 2123 932 retri-

534 971 770 1027 buuntur
806 970 962 1026 malis
988 970 1108 1040 :qui
1154 978 1435 1040 propterea
1466 968 1953 1037 concupiscentiam
1983 983 2123 1040 pra:-

536 1062 684 1117 dicas
725 1062 925 1127 carnis,
975 1062 1098 1132 quia
1135 1058 1493 1116 iuobedientia
1539 1060 1793 1115 retributa
1820 1068 1904 1114 est
1934 1059 2121 1115 iuobe-

535 1154 748 1210 dientiao
767 1155 1078 1224 peccatoris.
1098 1153 1274 1208 Lauda
1292 1153 1527 1224 iniquum
1547 1168 1722 1222 regem
1745 1152 1984 1220 Saftiem,
2000 1153 2121 1222 quia

533 1255 586 1301 et
614 1246 727 1315 ipse
755 1244 856 1300 fuit
889 1260 1044 1315 paena
1076 1244 1427 1314 peccantium,
1462 1244 1685 1299 Domino
1713 1244 1951 1311 dicente,
1987 1243 2121 1299 Dedi

536 1339 623 1393 tibi
639 1354 805 1410 regem
828 1338 882 1392 in
905 1338 984 1391 ira
1008 1353 1120 1391 mea
1137 1336 1291 1407 (Osee
1312 1352 1429 1403 xm,
1457 1336 1567 1406 ll).
1598 1334 1775 1390 Lauda
1793 1331 2118 1390 daemonium

538 1431 674 1502 quod
700 1446 796 1486 rex
823 1431 936 1502 ipse
962 1430 1258 1502 patiebatur
1276 1429 1318 1500 (I
1342 1428 1468 1500 Reg.
1497 1445 1606 1495 xw,
1644 1431 1729 1502 Η)
1748 1471 1763 1498 ,
1792 1431 1914 1501 quia
1937 1439 1992 1484 et
2020 1429 2122 1485 hoc

537 1538 689 1595 pmua
718 1523 892 1579 fuerat
923 1523 1237 1592 peccatoris.
1264 1522 1443 1577 Lauda
1474 1522 1768 1576 caecitatem
1800 1521 1978 1576 cordis
1999 1536 2119 1591 quae

537 1632 595 1672 ea:
618 1626 763 1689 parte
791 1614 958 1671 Israel
984 1615 1001 1647 ⁸
1029 1618 1168 1686 facta
1213 1622 1306 1669 est.
1336 1613 1446 1669 Nec
1494 1621 1697 1668 tacetur
1733 1628 1899 1683 quare
1919 1614 1939 1645 '
1964 1629 1979 1665 :
2010 1612 2120 1666 Do-

539 1722 622 1761 nec
651 1706 932 1778 plenitudo,
966 1706 1155 1777 inquit,
1185 1702 1422 1761 Gentium
1442 1704 1652 1758 intraret
1684 1702 1860 1777 (Rom.
1893 1719 1968 1767 att,
1996 1703 2113 1776 9.5).

537 1794 639 1854 Nisi
661 1798 798 1855 forte
816 1808 872 1854 et
900 1799 1053 1853 istam
1083 1810 1295 1868 pmnam
1334 1796 1553 1868 negabis
1580 1810 1720 1863 esse,
1748 1811 1929 1866 quam,
1955 1796 2000 1850 si
2028 1795 2114 1850 lu-

534 1891 606 1946 cis
634 1891 862 1946 interna:
908 1899 1117 1945 amator
1152 1903 1325 1954 esses,
1365 1905 1473 1944 non
1500 1889 1672 1945 solum
1719 1889 1984 1960 aliquam,
2022 1888 2117 1943 sed

533 1982 682 2038 valde
702 1996 945 2053 magnam
973 1996 1187 2052 pmnam
1211 1996 1333 2038 esse
1358 1981 1641 2037 clamares.
1675 1980 1744 2035 At
1773 1980 1874 2035 ista
1901 1980 2117 2036 caecitas

526 2072 629 2129 fuit
656 2073 710 2128 in
750 2072 951 2129 ludatis
991 2072 1196 2144 grande
1224 2071 1614 2128 incredulitatis
1641 2072 1836 2126 malum
1866 2080 1921 2127 et
1950 2085 2116 2142 gran-

524 2166 609 2220 dis
624 2180 784 2221 causa
814 2165 1041 2236 peccati,
1073 2174 1131 2219 ut
1155 2164 1464 2220 occiderent
1489 2161 1785 2218 Christum.
1819 2161 1978 2216 istam
2009 2177 2115 2217 ca:-

524 2256 739 2312 citatem
761 2254 783 2288 ⁸
803 2255 851 2312 si
881 2270 1096 2327 pinnam
1125 2254 1290 2312 fuisse
1319 2254 1616 2326 negaveris,
1648 2254 1877 2310 similem
1907 2263 1959 2311 te
1990 2270 2115 2325 per-

524 2351 636 2419 peti
665 2349 827 2406 etiam
862 2366 969 2406 uou
1001 2350 1265 2407 conﬁtens
1292 2349 1569 2406 iudicabis.
1608 2350 1666 2407 Si
1692 2361 1871 2407 autem
1902 2366 2115 2422 poenam

520 2442 738 2511 quidem
763 2442 960 2510 fuisse,
992 2443 1088 2500 sed
1129 2444 1333 2514 peccati
1379 2458 1592 2516 penam
1624 2460 1730 2501 non
1775 2443 1942 2501 fuisse
1985 2460 2115 2501 con-

523 2532 743 2599 tendis;
774 2532 990 2589 interim
1017 2532 1203 2590 fateris
1230 2534 1371 2606 quod
1398 2550 1563 2590 unum
1609 2535 1808 2608 aliquid
1844 2546 1899 2593 et
1927 2551 2114 2607 pecca-

523 2635 638 2679 tum
663 2638 785 2681 esse
804 2624 973 2695 possit
992 2633 1047 2681 et
1068 2640 1228 2696 pmna
1251 2643 1266 2681 :
1293 2626 1338 2681 si
1367 2635 1545 2683 autem
1570 2642 1678 2683 non
1707 2637 1791 2684 est
1817 2626 1935 2684 haec
1954 2643 2113 2701 poma

522 2716 770 2786 peccati,
802 2716 1040 2787 profecto
1073 2717 1255 2789 iniqua
1279 2732 1440 2789 pmna
1468 2728 1573 2787 est,
1604 2728 1661 2776 ct
1700 2719 1954 2791 injustam
1982 2722 2113 2779 facis

520 2810 714 2875 Deum,
743 2808 1094 2880 quojubente
1117 2810 1203 2865 vel
1232 2810 1476 2877 sinente;
1523 2822 1616 2866 aut
1661 2810 1954 2879 infirmum,
2003 2828 2113 2884 quo

519 2914 631 2954 non
659 2909 954 2965 avertente,
986 2900 1243 2973 inﬂigitur
1286 2902 1554 2959 innocenti
1581 2902 1625 2959 ⁸.
1655 2903 1809 2972 Quod
1857 2906 1901 2961 si
1949 2907 2111 2963 etiam

520 3005 737 3063 pmuam
764 2994 966 3063 peccati
987 3007 1110 3049 esse
1136 2994 1409 3062 concedis,
1442 3010 1509 3050 ne
1539 2994 1642 3052 hoc
1662 3009 1772 3053 non
1801 2998 2109 3054 conceden-

520 3083 595 3138 do
616 3084 640 3117 ⁸
666 3092 721 3138 tu
750 3084 863 3154 ipse
898 3084 1063 3142 corde
1093 3098 1273 3144 caecus
1319 3103 1609 3158 appareas;
1644 3089 1765 3146 vidc
1808 3090 1918 3161 jam
1965 3091 2111 3164 quod

520 3175 708 3232 videre
750 3176 1009 3246 nolebas,
1061 3177 1216 3234 istam
1257 3194 1419 3251 quam
1477 3182 1690 3237 movisti
1735 3184 1963 3240 solutam
1990 3200 2111 3241 esse

521 3268 873 3338 qumstidnem
901 3286 918 3325 :
943 3270 1066 3342 quia
1086 3271 1225 3328 sicut
1252 3271 1499 3329 diabolus
1524 3283 1682 3345 atque
1710 3275 1884 3345 angeli
1908 3277 2027 3346 ejus
2051 3287 2111 3334 et

518 3360 648 3415 mali
672 3374 849 3431 rcges,
883 3377 990 3417 non
1019 3363 1193 3418 solum
1226 3363 1328 3435 ipsi
1375 3373 1687 3434 peccatores
1716 3376 1861 3433 sunt,
1891 3368 1985 3424 sed
2015 3384 2111 3440 per

515 3452 776 3523 justitiam
826 3455 917 3511 Dei
948 3455 1082 3511 ﬁunt
1104 3457 1268 3512 etiam
1296 3457 1556 3528 supplicia
1609 3469 1980 3528 peccatorum,
2009 3477 2109 3518 nec

517 3543 643 3600 ideo
671 3545 824 3603 laude
851 3557 976 3602 sunt
1000 3546 1144 3618 digni
1162 3588 1178 3616 ,
1205 3547 1330 3619 quia
1357 3562 1515 3618 pinna
1541 3563 1610 3604 ex
1659 3549 1768 3605 illis
1796 3550 1940 3621 justa
1963 3550 2109 3607 inlli-

515 3637 661 3705 gitur
676 3637 881 3710 dignis;
909 3639 990 3695 sic
1013 3640 1113 3696 lex.
1131 3639 1183 3695 in
1210 3640 1466 3697 membris
1493 3656 1798 3713 repugnans
1822 3642 1927 3716 legi
1955 3661 2108 3701 men-

517 3728 621 3797 tis,
643 3744 750 3785 uou
778 3729 901 3786 ideo
921 3731 1190 3801 ipsajuste
1210 3731 1340 3802 agit,
1371 3732 1494 3802 quia
1523 3732 1639 3803 ejus
1658 3733 1750 3804 qui
1775 3735 1884 3806 egit
1910 3735 2108 3804 injuste

519 3836 678 3893 pana
707 3822 770 3878 lit
808 3822 973 3893 justa.
1007 3823 1075 3878 Et
1111 3823 1253 3879 sicut
1279 3824 1493 3879 caecitas
1524 3825 1724 3891 cordis,
1770 3842 1929 3897 quam
1960 3828 2108 3884 solus

521 3923 766 3969 removet
791 3914 1121 3968 illumiuator
1166 3914 1328 3981 Deus,
1370 3922 1426 3969 et
1473 3924 1751 3985 peccatum
1791 3925 1893 3985 est,
1922 3920 2106 3989 quoin

518 4005 691 4060 Deum
719 4018 826 4059 non
871 4005 1145 4072 creditur;
1185 4015 1241 4062 et
1286 4021 1446 4078 pinna
1480 4008 1705 4078 peccati,
1733 4024 1837 4081 qua
1877 4026 1973 4065 cor
2017 4027 2107 4066 su-

518 4094 742 4163 perbum
795 4093 955 4166 digna
1000 4095 1465 4152 animadversione
1524 4097 1778 4167 punitur;
1834 4110 1889 4155 et
1944 4116 2103 4157 causa

518 4188 742 4257 peccati,
760 4203 881 4244 cum
909 4189 1033 4245 mali
1054 4189 1255 4261 aliquid
1281 4191 1410 4246 caeci
1439 4191 1616 4247 cordis
1638 4206 1822 4249 errore
1850 4196 2100 4250 commit-

518 4279 648 4334 titur
675 4294 692 4332 :
722 4280 796 4335 ita
834 4282 1267 4352 concupiscentia
1294 4283 1494 4349 carnis,
1525 4285 1786 4340 adversus
1815 4302 1973 4356 quam
2010 4287 2103 4342 bo-

516 4386 621 4424 nus
666 4372 1003 4441 concupiscit
1035 4372 1279 4443 spiritus,
1311 4382 1368 4429 et
1413 4386 1693 4445 peccatum
1722 4385 1825 4444 est,
1856 4379 1981 4447 quia
2023 4378 2104 4432 in-

514 4471 601 4517 est
626 4463 702 4518 illi
756 4463 1119 4519 iuobedientia
1154 4475 1341 4521 contra
1385 4466 1717 4524 dominatum
1764 4471 1997 4535 mentis;
2045 4479 2101 4526 et

515 4570 672 4625 paena
699 4557 900 4626 peccati
928 4566 1032 4622 est,
1062 4558 1186 4626 quia
1211 4557 1419 4614 reddita
1442 4568 1525 4615 est
1554 4562 1762 4616 meritis
1792 4562 2103 4617 iuobedien-

513 4648 611 4713 tis;
641 4655 696 4704 et
718 4662 876 4704 causa
899 4648 1101 4719 peccati
1126 4660 1208 4705 est
1227 4687 1244 4717 ,
1274 4649 1573 4706 defectione
1601 4653 1989 4709 consentientis
2015 4655 2100 4710 vel

508 4738 828 4809 contagione
853 4740 1143 4798 nascentis.

582 4830 639 4884 9.
668 4829 901 4886 Proinde
927 4833 1106 4886 omnia
1136 4846 1256 4902 quae
1282 4845 1382 4903 pro
1417 4830 1517 4888 bac
1544 4843 1631 4887 tua
1660 4848 1802 4890 amca
1828 4842 1883 4890 et
1911 4836 2095 4893 incon-

510 4920 742 4977 siderata
766 4922 1019 4991 Opinione
1043 4922 1248 4990 dixisti,
1275 4938 1378 4993 qua
1406 4923 1584 4979 carnis
1612 4927 2095 4998 concupiscentiam

507 5026 576 5065 eo
607 5011 724 5082 ipso
750 5012 892 5083 quod
920 5028 1037 5069 eam
1069 5029 1280 5084 pcenam
1320 5012 1553 5071 diximus
1585 5030 1705 5071 esse
1732 5014 1954 5085 peccati,
1988 5032 2095 5073 nou

509 5104 683 5158 solum
722 5118 829 5158 non
871 5104 1309 5177 vituperandam,
1356 5120 1541 5161 verum
1590 5106 1747 5161 etiam
1780 5107 2095 5163 laudandam

573 5362 742 5419 'Lov.,
764 5357 816 5411 in
841 5357 1009 5412 Israel.
1036 5361 1200 5425 Abest.
1219 5357 1290 5420 in,
1315 5361 1377 5410 ab
1396 5360 1541 5413 editis
1553 5360 1663 5414 aliis
1680 5373 1731 5415 et
1754 5372 1879 5425 Mss,
1904 5378 2095 5416 necnon

508 5435 534 5472 ε
739 5420 1125 5494 tenuerent“:
1280 5483 1290 5494 .

569 5489 588 5516 ³
603 5483 740 5540 aditi.
765 5490 860 5548 Nec
881 5483 1065 5548 lactetur
1090 5483 1152 5534 de
1170 5483 1383 5548 ctecitatc
1402 5485 1564 5548 Israel.
1586 5485 1782 5548 orare?
1803 5490 2095 5539 auctoritate

507 5551 638 5606 ttss.,
662 5545 988 5604 removimus,
1011 5544 1075 5597 de
1096 5545 1310 5597 siccitate
1338 5547 1504 5598 Israel.

570 5610 591 5639 ³
609 5612 681 5656 Fr.
703 5615 755 5656 et
776 5612 909 5678 Lota,
934 5614 1046 5657 Jam
1081 5606 1226 5658 istam
1260 5616 1541 5661 ctecttatem.
1571 5611 1734 5673 Abest,
1759 5620 1886 5673 Jam,
1906 5613 1967 5663 ab
1988 5621 2089 5662 Am.

504 5679 555 5719 et
580 5676 939 5731 unaunam-iptis.

568 5731 589 5761 ⁸
610 5728 716 5781 Sola
742 5728 891 5785 editio
907 5737 1035 5790 hom,
1071 5731 1257 5783 nocenti
1282 5746 1299 5783 :
1322 5747 1416 5784 non
1440 5742 1595 5786 recte.

566 5796 588 5826 ³
614 5802 736 5842 item
758 5799 889 5861 ωε,
927 5806 986 5845 ne
1019 5792 1108 5845 hoc
1132 5799 1481 5861 concedendo;
1513 5796 1710 5861 sublata
1746 5798 1974 5861 [articulat
2002 5811 2090 5849 nco

502 5862 672 5917 gente,
691 5866 801 5917 qua:
826 5854 920 5907 illic
946 5865 1107 5908 exstat
1131 5858 1179 5907 iu
1198 5860 1391 5909 caeteris
1414 5854 1565 5909 libris.

1333 398 1607 459 CONTRA
1643 400 1983 459 JULIANUM
2021 398 2486 468 PEL.\Gl.-\'.\'U.\l,
2531 402 2588 458 S.
2628 396 2996 462 AUGUSTI)"

3713 412 3807 480 788

2234 513 2446 584 putasti,
2487 514 2779 584 quamlibet
2806 518 3009 585 prolixa
3038 518 3399 591 disputatione
3428 524 3483 580 in
3513 541 3583 582 eo
3616 528 3631 562 '
3663 530 3808 590 fueris

2231 605 2565 672 imutoratus,
2620 609 2901 664 evanuisse
2948 613 3303 670 certissimum
3348 627 3457 672 est.
3505 618 3637 675 Nam
3682 627 3807 695 quod

2228 697 2370 762 aisli,
2402 697 2463 753 Si
2494 696 2649 754 libido
2679 715 2827 770 pinna
2868 703 3057 773 peccati
3099 714 3170 759 est
3190 746 3205 769 ,
3237 705 3581 778 abjiciendam
3608 729 3707 767 esse
3728 733 3810 784 pn-

2230 788 2482 857 dicitiam,
2511 807 2574 845 ne
2596 791 2796 847 rebellis
2821 794 2874 847 in
2907 793 3065 848 Deum
3094 798 3302 853 castitas
3332 799 3541 855 illatam
3571 802 3632 857 ab
3658 821 3712 858 eo
3739 806 3809 861 di-

2228 889 2374 932 catur
2398 895 2634 935 enervare
2659 883 2955 937 senteutiam
2979 924 2995 950 ,
3046 894 3100 941 et
3138 900 3328 942 cmtcra
3375 888 3681 959 hujusmodi
3707 913 3812 965 qua:

2230 967 2369 1025 hanc
2422 971 2705 1027 vanitatem
2755 975 3135 1043 consequentia
3191 984 3350 1049 atque
3408 978 3539 1036 hinc
3604 985 3806 1054 religata

2226 1061 2517 1115 contexis:
2552 1061 2771 1118 totidem
2813 1062 2990 1119 verbis
3037 1065 3106 1121 de
3143 1069 3383 1126 caecitate
3423 1071 3605 1128 cordis
3643 1089 3809 1133 errore

2227 1150 2504 1205 simillimo
2531 1150 2634 1207 dici
2664 1162 2856 1223 potest,
2898 1154 2957 1212 Si
2984 1158 3197 1213 caecitas
3225 1160 3405 1216 cordis
3437 1176 3595 1232 pinna
3624 1170 3806 1235 peccati

2227 1251 2330 1305 est,
2361 1242 2659 1312 abjicieuda
2687 1244 2928 1303 doctrina
2949 1289 2965 1314 ,
2996 1263 3064 1304 ne
3092 1251 3310 1306 rebellis
3340 1253 3395 1307 in
3431 1254 3601 1310 Deum
3632 1261 3807 1315 mentis

2227 1333 2541 1390 illuminatio
2567 1335 2762 1392 illatam
2784 1338 2852 1393 ab
2876 1354 2942 1394 eo
2969 1337 3179 1395 dicatur
3196 1357 3458 1399 enervare
3480 1350 3803 1402 sententiam.

2225 1425 2376 1492 Quod
2404 1426 2448 1482 si
2477 1427 2917 1485 absurdissimum
2943 1439 3027 1486 est
3054 1431 3254 1494 dicere.
3291 1437 3544 1504 quamvis
3572 1437 3640 1493 sit
3663 1440 3804 1494 αυρὶ-

2227 1525 2308 1570 tas
2337 1516 2515 1573 cordis
2541 1533 2697 1588 paena
2728 1521 2959 1589 peccati;
2986 1536 3055 1578 eo
3080 1525 3240 1578 modo
3273 1525 3716 1584 absurdissimum
3735 1542 3805 1587 est

2224 1608 2384 1662 etiam
2431 1609 2574 1679 quod
2622 1609 2738 1680 ipse
2773 1611 2974 1679 dixisti,
3023 1615 3262 1685 quamvis
3290 1617 3361 1672 sit
3391 1617 3582 1685 libido,
3627 1621 3678 1676 id
3712 1634 3799 1688 est,

2224 1699 2580 1757 iuobedientia
2619 1704 2797 1760 carnis
2825 1720 2982 1774 paena
3012 1708 3234 1776 peccati.
3271 1708 3543 1776 Quoniam
3592 1716 3801 1770 ctecitati

2223 1790 2400 1845 cordis
2415 1790 2575 1847 debet
2594 1795 2845 1852 resistere
2864 1797 3105 1864 scientia,
3135 1809 3188 1854 et
3215 1800 3423 1857 libidini
3454 1804 3798 1862 continentia:

2221 1896 2339 1936 eam
2368 1898 2496 1939 vero
2520 1900 2731 1955 pmnam
2762 1903 2883 1958 qua:
2908 1903 3007 1945 nec
3039 1904 3190 1946 error
3213 1902 3434 1960 est,uec
3462 1895 3800 1962 libido,dcbet

2223 1974 2450 2031 tolerare
2477 1978 2751 2049 patientia.
2791 1980 3148 2053 Quapropter,
3188 1985 3403 2055 quando
3445 1987 3560 2043 Deo
3586 1988 3798 2046 donante

2220 2080 2290 2124 cx
2316 2085 2439 2126 vera
2471 2072 2663 2126 vivitur
2692 2073 2816 2142 fide,
2843 2074 2959 2144 ipse
2986 2075 3125 2131 Deus
3150 2076 3303 2133 adest
3324 2087 3380 2135 et
3409 2080 3581 2135 menti
3617 2081 3797 2136 illumlll

2220 2160 2433 2229 ualidae,
2466 2173 2521 2218 et
2558 2164 3005 2237 concupiscentiae
3056 2170 3396 2239 superanda,
3450 2180 3508 2228 et
3559 2173 3797 2229 molestia:

2221 2252 2570 2325 perferendae.
2619 2255 2730 2312 lloc
2768 2257 2913 2313 enim
2968 2265 3137 2314 totum
3190 2273 3335 2316 recte
3379 2261 3465 2329 tit,
3518 2263 3723 2334 quando
3749 2266 3796 2318 tit

2219 2355 2437 2417 propter
2464 2347 2674 2418 ipsum,
2717 2349 2770 2405 id
2810 2358 2924 2418 est,
2969 2351 3183 2423 quando
3207 2355 3376 2425 gratis
3403 2364 3619 2412 amatur
3654 2360 3792 2427 ipse:

2218 2437 2392 2506 qualis
2419 2453 2571 2495 amor
2599 2439 2752 2496 nobis
2774 2455 2895 2498 esse
2917 2454 3024 2497 non
3048 2451 3241 2512 potest,
3270 2444 3375 2500 nisi
3401 2459 3469 2501 ex
3498 2447 3634 2517 ipso.
3661 2446 3794 2502 Alio.

2219 2529 2348 2600 quin
2377 2531 2592 2601 quando
2618 2531 2721 2588 sibi
2747 2532 2907 2588 homo
2929 2534 3154 2589 multaut
3180 2535 3374 2606 placet,
3406 2545 3465 2593 et
3492 2537 3561 2593 de
3583 2552 3674 2593 sua
3697 2538 3793 2592 vir-

2218 2627 2332 2677 tute
2359 2622 2617 2690 conlidit,
2647 2623 2692 2680 si
2725 2623 2953 2680 traditur
2979 2624 3032 2680 iu
3057 2624 3325 2683 desideria
3348 2628 3619 2700 superbiae
3652 2643 3751 2684 sua:
3772 2670 3786 2694 ,

2218 2716 2370 2769 tanto
2409 2714 2641 2783 amplius
2682 2725 2907 2787 augetur
2935 2715 3040 2773 hoc
3065 2717 3284 2785 malum,
3313 2728 3523 2790 quanto
3550 2721 3714 2792 magis
3746 2720 3788 2774 ei

2215 2802 2533 2872 cupiditates
2560 2815 2771 2863 caetera:
2799 2807 3062 2863 cesserint
3082 2846 3099 2876 ,
3128 2823 3326 2881 easque
3349 2810 3503 2869 velut
3531 2810 3788 2868 laudabilis
3842 2866 3847 2871 .

2216 2891 2357 2949 hanc
2384 2911 2543 2951 unam
2571 2896 2889 2953 oblectaudo
2918 2902 3318 2971 compresserit.

2289 2990 2377 3045 10.
2406 2991 2558 3059 Quod
2590 3007 2721 3075 ergo
2749 2992 2801 3047 in
2852 2991 2969 3048 aliis
3008 2995 3276 3065 opusculis
3329 2996 3470 3052 meis
3518 2997 3700 3067 legisse
3742 3003 3788 3051 te

2214 3083 2369 3149 dicis,
2402 3093 2562 3154 atque
2603 3084 2656 3140 id
2701 3083 2898 3141 frustra
2927 3085 3163 3143 refutare
3185 3097 3413 3144 conatus
3438 3104 3522 3157 es,
3550 3106 3654 3144 esse
3678 3105 3789 3142 uen-

2214 3176 2357 3230 nulla
2386 3185 2591 3245 peccata
2617 3192 2732 3249 qua:
2751 3193 2914 3248 paena:
2925 3178 3027 3234 sint
3053 3179 3203 3234 etiam
3225 3190 3546 3250 peccatorum
3575 3179 3672 3253 (De
3689 3178 3786 3234 Na-

2215 3274 2332 3320 tura
2355 3276 2400 3319 et
2418 3265 2616 3334 Gratia,
2641 3282 2695 3320 n.
2712 3266 2830 3336 25);
2845 3267 3091 3338 deposito
3106 3269 3347 3325 vincendi
3374 3270 3557 3326 studio
3580 3270 3783 3340 diligen-

2216 3364 2298 3410 ter
2335 3355 2583 3422 attende,
2615 3365 2669 3412 et
2709 3356 2950 3413 invenies
2975 3373 3096 3415 esse
3125 3360 3468 3416 verssimum
3513 3360 3779 3418 secundum

2216 3463 2278 3503 ea
2308 3463 2427 3518 quas
2453 3448 2521 3503 de
2558 3448 2735 3504 cordis
2761 3450 3002 3507 caecitate
3032 3460 3252 3507 tractata
3294 3463 3441 3508 sunt.
3482 3453 3617 3523 Quid
3654 3452 3778 3508 enim

2212 3539 2393 3609 egisti,
2422 3554 2604 3610 qumso
2632 3547 2704 3607 te,
2734 3540 2861 3612 quid
2888 3541 3062 3612 egisti,
3086 3545 3562 3601 commemorando
3589 3551 3778 3615 aposto-

2214 3630 2372 3686 licum
2400 3632 2784 3697 testimonium,
2823 3648 2931 3702 quo
2973 3648 3073 3703 ego
3118 3633 3246 3689 illud
3290 3635 3537 3705 probavi,
3576 3631 3775 3705 quodin

2212 3723 2315 3776 alia
2371 3736 2489 3776 mea
2530 3721 2893 3791 diSputatione
2942 3722 3138 3793 legisti,
3195 3725 3318 3795 quia
3358 3725 3431 3781 de
3484 3723 3774 3796 quibusdam

2212 3814 2426 3883 scripsit
2455 3812 2660 3878 dicens,
2693 3813 2931 3869 Tradidit
2972 3816 3088 3870 illos
3130 3815 3266 3872 Deus
3294 3817 3348 3870 in
3375 3817 3639 3887 reprobum
3674 3831 3774 3869 sen-

2210 3923 2344 3973 sum,
2372 3917 2425 3960 ut
2449 3907 2638 3978 faciant
2660 3922 2775 3977 qua:
2793 3923 2894 3961 non
2917 3909 3217 3967 conveniunt
3233 3909 3259 3963 Ρ
3285 3904 3398 3964 Hoc
3421 3909 3564 3964 enim
3588 3904 3772 3963 voluisti

2211 3996 2382 4052 videri
2414 3997 2792 4069 hyperbolicos
2817 3998 3017 4053 dictum
3057 4016 3070 4051 :
3097 3998 3238 4069 quod
3265 3998 3326 4054 fit
3351 4013 3476 4054 cum
3502 4000 3567 4053 ad
3589 4009 3773 4068 permoo

2211 4089 2411 4143 vendas
2435 4090 2663 4153 animos.
2697 4089 2858 4145 fidem
2884 4104 3062 4145 rerum
3088 4090 3178 4159 qui
3205 4091 3610 4155 sermocinatur,
3637 4099 3775 4142 exce-

2208 4179 2305 4236 dit.
2326 4177 2427 4236 Ubi
2449 4196 2576 4252 ergo
2602 4180 2653 4236 id
2684 4181 2975 4253 Apostolus
3004 4181 3208 4249 fecerit,
3227 4197 3333 4238 non
3358 4183 3594 4254 graveris
3615 4190 3772 4236 osten-

2209 4271 2359 4327 dere.
2391 4272 2519 4328 Cum
2544 4274 2878 4340 inveheretur,
2912 4274 3116 4345 inquis,
3147 4276 3200 4330 in
3228 4277 3505 4345 impiorum
3543 4274 3767 4336 crimina,

2207 4377 2469 4434 plenarum
2497 4380 2555 4419 ea
2584 4364 2870 4419 nominibus
2897 4367 3207 4436 aggravavit,
3235 4376 3577 4437 quantumque
3604 4360 3768 4434 pectori

2206 4470 2299 4508 suo
2324 4454 2561 4510 virtutum
2590 4457 2813 4510 onmium
2835 4456 3092 4511 domicilio
3110 4458 3370 4527 turpitudo
3385 4459 3606 4513 horreret
3619 4464 3767 4510 osten-

2207 4543 2354 4612 dens,
2382 4562 2485 4599 non
2510 4556 2613 4600 tam
2648 4563 2760 4602 reas
2781 4563 2932 4617 quam
2960 4548 3227 4604 damnatos
3245 4549 3341 4604 sibi
3367 4551 3495 4604 tales
3519 4549 3587 4603 ait
3610 4543 3765 4602 uideri.

2208 4634 2320 4690 Ιηιο
2343 4676 2359 4703 ,
2395 4635 2536 4691 sicut
2564 4635 2677 4706 ipse
2703 4636 2957 4707 loquitur,
2988 4653 3093 4692 non
3119 4638 3257 4693 sicut
3284 4654 3406 4697 cum
3439 4649 3494 4693 tu
3522 4636 3654 4708 loqui
3680 4632 3767 4688 fiu-

2205 4723 2305 4793 gis,
2338 4731 2393 4780 et
2417 4724 2697 4781 damnatos
2729 4726 3116 4784 demonstravit
3141 4738 3196 4783 et
3221 4744 3362 4795 reos,
3401 4745 3499 4785 nec
3527 4727 3687 4783 solum
3710 4723 3767 4776 de

2205 4817 2489 4887 praeteritis
2511 4832 2633 4873 reos
2661 4828 2877 4889 propter
2896 4834 3016 4891 quas
3041 4819 3342 4888 damnatos,
3368 4821 3466 4878 sed
3490 4819 3609 4876 inde
3625 4817 3764 4872 etiam

2203 4923 2327 4964 reos
2370 4908 2513 4965 unde
2540 4909 2839 4967 damnatos.
2873 4911 3005 4967 Nam
3033 4926 3158 4968 reos
3181 4913 3439 4981 ostendit,
3480 4911 3568 4967 ubi
3596 4908 3681 4973 ait,
3710 4902 3763 4957 Et

2202 5002 2484 5064 coluerunt,
2517 5010 2563 5057 et
2590 5002 2865 5056 servierunt
2892 5012 3138 5057 creatum
3166 5004 3333 5073 potius
3361 5019 3512 5074 quam
3540 4994 3760 5057 Creatori.

2118 5096 2143 5107 '
2201 5091 2287 5157 qui
2314 5101 2383 5144 cst
2409 5090 2696 5147 benedictus
2723 5092 2777 5146 in
2811 5093 3019 5147 uacula.
3058 5093 3239 5149 Amen.
3273 5094 3473 5150 Deinde
3509 5092 3760 5148 damnatos

2204 5190 2420 5249 propter
2448 5181 2608 5236 istum
2639 5191 2843 5237 reatum
2870 5201 2882 5236 :
2902 5182 3143 5252 sequitur
3164 5184 3328 5251 enim,
3348 5183 3562 5255 Propter
3576 5179 3762 5234 bactra-

2201 5272 2328 5325 didit
2354 5271 2469 5325 illos
2490 5268 2632 5326 Deus
2650 5272 2704 5326 in
2724 5272 2982 5343 passiones
3011 5273 3321 5344 ignominiae.
3358 5272 3521 5329 Audis
3539 5311 3553 5334 ,
3581 5270 3761 5339 ρνορεσ

2201 5362 2294 5435 [ioc
2322 5378 2340 5415 :
2365 5371 2418 5417 et
2446 5363 2642 5433 quaeris
2677 5364 2924 5430 inaniter,
2962 5363 3213 5435 quomoda
3238 5362 3583 5435 intelligendus
3596 5359 3656 5411 sit
3672 5366 3760 5406 tra-

2183 5429 2317 5509 .dere
2333 5429 2486 5521 Deus,
2507 5456 2728 5511 multum
2748 5429 3077 5522 laborans,ut
3095 5455 3347 5513 ostendas
3361 5429 3474 5512 eum
3489 5445 3755 5509 tradenda-

2198 5547 2429 5602 serendo.
2460 5546 2563 5603 Sed
2590 5547 2991 5617 quomodolibet
3019 5550 3224 5612 tradat,
3257 5558 3471 5622 propter
3495 5547 3592 5601 boc
3613 5534 3757 5595 tradi-

2200 5637 2308 5697 dit.
2341 5646 2559 5709 propter
2586 5638 2689 5694 hoc
2711 5638 2945 5694 deseruit
2966 5655 2991 5693 ξ
3023 5648 3079 5695 et
3097 5639 3267 5707 vides,
3292 5639 3410 5709 ejus
3429 5633 3752 5693 traditionem.

2197 5729 2540 5799 qualemlibet
2566 5739 2619 5785 et
2640 5729 3038 5799 quomodolibet
3060 5731 3340 5802 intelligas,
3364 5744 3479 5803 qua:
3498 5723 3747 5785 consecuta

2264 5860 2279 5891 ι
2309 5822 2527 5921 Quinque
2552 5866 2680 5918 διεε..
2708 5858 2761 5915 in
2784 5872 2860 5913 ea.
