4098 6496
265 498 273 505 .
317 438 420 511 759

316 567 442 623 slut.
474 564 693 621 Curavit
736 561 878 619 enim
923 557 1213 630 Apostolus
1264 555 1442 613 dicere
1493 565 1689 625 quanta
1745 566 1902 624 pana

316 659 383 713 sit
405 673 435 712 a
460 656 570 712 Deo
589 654 725 710 tradi
750 652 1084 723 passionibus
1110 648 1437 721 ignontinim,
1450 648 1561 702 sive
1579 640 1901 705 deserendo,

315 749 429 804 sive
456 746 563 800 alio
587 757 925 817 quocumque
954 741 1036 798 vel
1063 738 1365 811 explicabili
1390 777 1405 803 ,
1438 737 1518 793 vel
1548 730 1906 805 inexiilicahili

317 836 498 903 modo,
530 850 637 906 quo
683 832 809 890 facit
853 835 967 888 hrec
1007 843 1218 887 summe
1256 828 1428 884 bonus
1465 834 1521 882 et
1567 823 1906 882 incliabiliter

312 930 509 1000 justus.
540 923 682 980 Nam
710 925 913 999 [entinte
937 938 1130 987 eorum,
1165 920 1366 991 inquit,
1395 919 1781 973 immutaverunt
1813 931 1907 970 na-

318 1021 532 1076 turalem
574 1034 724 1074 usum
766 1018 820 1071 in
860 1032 977 1071 eum
1019 1031 1167 1069 usum
1194 1013 1282 1084 qni
1319 1022 1389 1068 est
1430 1020 1605 1066 contra
1648 1018 1904 1063 naturam.

320 1111 568 1169 Similiter
587 1120 757 1163 autem
783 1116 831 1163 et
854 1105 1068 1161 masculi
1092 1103 1426 1174 relinquentes
1452 1101 1732 1156 naturalem
1761 1112 1908 1152 usum

324 1204 520 1277 femina
544 1244 559 1269 ,
610 1208 906 1255 exarserunt
956 1199 1010 1253 in
1044 1197 1325 1269 appetitum
1365 1211 1516 1249 suum
1557 1194 1611 1247 in
1655 1191 1865 1245 iiwicem
1890 1228 1905 1255 ,

321 1292 527 1349 masculi
554 1294 607 1346 in
628 1292 880 1345 masculos
904 1288 1272 1361 deformitatem
1299 1295 1585 1357 operantes,
1623 1292 1671 1338 et
1716 1297 1908 1336 merce-

320 1386 435 1440 dem
472 1394 722 1451 mutuam,
754 1399 908 1453 quant
938 1381 1182 1450 aportuit,
1225 1377 1412 1433 erroris
1446 1376 1526 1432 sui
1550 1377 1604 1430 in
1630 1372 1910 1443 semetipsis

318 1476 631 1548 recipientes.
661 1475 796 1542 Quid
826 1474 927 1529 hoc
953 1472 1286 1528 evidentius?
1313 1470 1437 1542 quid
1478 1466 1757 1538 apertius?
1782 1464 1911 1536 quid

318 1565 655 1637 expressius?
684 1565 982 1620 Mercedem
1024 1572 1260 1617 mutuam
1312 1560 1579 1631 recepisse
1608 1558 1774 1623 dicit;
1803 1556 1909 1610 uti-

320 1672 427 1727 que
451 1655 732 1710 damnatos
774 1665 829 1708 ut
876 1664 1018 1707 tanta
1059 1660 1411 1723 operarcntur
1440 1650 1577 1703 mala
1610 1666 1623 1702 :
1657 1658 1710 1703 et
1736 1656 1912 1702 tamen

321 1748 421 1803 ista
444 1747 716 1803 damnatio
740 1747 899 1800 etiam
927 1755 1108 1800 reatus
1132 1752 1232 1810 est,
1262 1758 1368 1813 quo
1396 1742 1607 1812 gratius
1635 1739 1914 1810 itttplican-

325 1851 431 1893 tur.
465 1838 540 1893 lta
570 1848 624 1892 et
651 1846 866 1907 peccata
902 1844 1029 1892 sunt
1067 1836 1188 1902 ista,
1216 1845 1270 1890 et
1299 1849 1471 1905 paena:
1498 1832 1912 1904 praecedentium

322 1939 683 2002 peccatorum.
711 1930 779 1986 Et
807 1929 950 2002 quod
977 1937 1061 1985 est
1085 1927 1399 1996 mirabilius,
1428 1927 1590 1981 etiam
1612 1924 1915 1994 Oportuisse

321 2022 453 2078 dicit
497 2037 592 2079 eos
639 2023 794 2077 istam
834 2030 1073 2077 mutuam
1117 2017 1419 2075 mercedem
1455 2018 1717 2088 recipere.
1747 2015 1821 2069 Ita
1851 2028 1912 2070 se

326 2115 522 2169 habent
559 2115 721 2170 etiam
770 2113 1047 2185 superiora
1099 2110 1263 2167 verba
1310 2110 1573 2181 Apostoli,
1626 2123 1746 2178 qua:
1801 2107 1916 2177 ipse

326 2206 571 2280 posuisti.
609 2206 1015 2261 lmmutaverunt
1056 2204 1271 2277 gloriam
1308 2200 1712 2273 incorruptibilis
1741 2200 1837 2253 Dei
1864 2198 1918 2253 in

324 2299 707 2356 similitudinem
753 2290 990 2374 imaginis
1034 2295 1380 2368 corruptibilis
1416 2294 1661 2362 hominis,
1692 2301 1739 2347 et
1766 2291 1914 2346 volu-

324 2411 487 2461 crum,
514 2402 561 2448 et
585 2392 991 2464 quadrupedum,
1043 2401 1088 2447 et
1132 2389 1464 2459 serpentium.
1516 2386 1737 2457 Propter
1782 2384 1919 2457 quod

327 2483 536 2540 tradidit
592 2483 708 2538 illos
760 2481 896 2537 Deus
942 2482 998 2536 in
1046 2480 1297 2536 desideria
1345 2478 1513 2535 cordis
1574 2492 1747 2532 eorum
1776 2517 1793 2543 ,
1865 2476 1920 2529 in

326 2573 699 2629 immunditiam
729 2574 905 2644 (Rom.
952 2588 1043 2640 vn,
1087 2570 1283 2643 23-28)
1328 2589 1343 2625 :
1386 2579 1440 2627 et
1465 2579 1660 2625 caetera
1686 2582 1805 2639 qua:
1833 2581 1920 2624 se-

326 2675 580 2737 quuntur.
622 2664 693 2721 Et
731 2664 819 2721 hic
858 2666 1039 2735 utique
1079 2662 1229 2719 vides
1265 2678 1481 2718 causam
1512 2670 1736 2732 propter
1760 2674 1920 2730 quam

330 2759 507 2817 traditi
547 2767 693 2823 sunt,
725 2758 842 2814 sine
868 2758 973 2813 ulla
1002 2757 1347 2828 ambiguitate
1374 2762 1750 2809 monstratam.
1783 2751 1924 2806 Dixit

329 2852 527 2924 quippe
550 2850 679 2923 qttid
707 2850 834 2906 mali
864 2860 991 2904 ante
1019 2849 1292 2916 fecissent,
1322 2856 1377 2904 et
1399 2846 1666 2919 adjunxit,
1702 2843 1919 2914 Propter

330 2943 465 3017 quod
504 2941 714 2996 tradidit
765 2941 882 2996 illos
938 2939 1078 2995 Deus
1122 2940 1176 2994 in
1214 2937 1465 2992 desideria
1512 2935 1681 2991 cordis
1728 2949 1922 2990 eorum.

322 3034 565 3105 ~Proinde
593 3032 942 3106 praecedentis
970 3041 1053 3087 est
1081 3030 1196 3087 hinc
1225 3044 1386 3101 poma
1409 3027 1646 3099 peccati;
1669 3033 1725 3081 et
1748 3035 1924 3079 tamen

333 3129 493 3184 etiam
522 3127 636 3196 ipsa
662 3134 941 3198 peccatum
964 3131 1067 3191 est,
1097 3122 1240 3194 quod
1270 3119 1449 3177 verbis
1475 3115 1927 3189 consequentibus

254 3290 259 3299 ι
333 3216 584 3290 explicat.

409 3312 497 3367 ll.
537 3306 645 3366 Sed
689 3316 745 3363 tu
790 3315 973 3364 contra
1003 3305 1296 3369 disserens,
1326 3318 1395 3359 eo
1420 3301 1580 3359 modo
1609 3300 1703 3357 tibi
1734 3298 1930 3355 videris

336 3403 492 3459 istam
536 3401 762 3456 solvisse
789 3399 1160 3469 quaestionem,
1190 3396 1314 3468 quia
1340 3394 1619 3451 desideriis
1646 3390 1759 3448 suis
1784 3392 1931 3459 Apo-

338 3494 507 3549 stolus
536 3492 756 3547 traditos
782 3491 935 3545 dixit.
981 3489 1103 3544 1am
1151 3490 1285 3544 enim
1327 3487 1660 3560 ﬂagitiorum,
1711 3483 1929 3554 inquis,

341 3582 602 3639 desideriis
630 3581 932 3637 mstuabant.
966 3582 1030 3635 Et
1057 3578 1322 3649 adiungis,
1362 3592 1425 3633 ac
1451 3576 1589 3632 dicis
1618 3592 1632 3629 :
1665 3573 1933 3640 Quomodo

340 3692 461 3747 ergo
501 3690 590 3743 per
619 3673 896 3743 potentiam
933 3672 1176 3726 tradentis
1214 3670 1311 3725 Dei
1341 3668 1560 3741 putandi
1589 3677 1705 3724 sunt
1729 3667 1782 3720 in
1809 3666 1935 3720 talia

342 3770 481 3839 facta
504 3766 779 3821 cecidisse?
821 3763 960 3833 Quid
1004 3778 1133 3834 ergo
1171 3762 1292 3835 plus
1339 3761 1536 3816 factum
1576 3768 1680 3824 est,
1710 3752 1935 3813 obsecro

343 3869 415 3923 te,
445 3868 539 3913 aut
565 3867 620 3912 ut
640 3856 767 3928 quid
794 3854 1015 3920 diceret,
1035 3853 1272 3909 Tradidit
1296 3852 1413 3907 illos
1440 3849 1577 3906 Deus
1603 3852 1655 3904 in
1684 3847 1936 3903 desideria

345 3951 515 4006 cordis
558 3965 774 4013 eorum;
804 3948 850 4002 si
883 3947 994 4018 jam
1024 3954 1179 4001 erant
1224 3943 1458 4017 possessi
1504 3941 1736 4014 quodam
1777 3938 1937 3994 modo

345 4040 500 4097 malis
545 4037 824 4093 desideriis
869 4035 1047 4091 cordis
1079 4034 1193 4088 sui?
1219 4030 1487 4103 Numquid
1517 4040 1694 4085 autem
1741 4044 1936 4085 conse-

345 4145 517 4203 quens
542 4140 644 4195 est,
676 4136 735 4183 ut
773 4128 818 4183 si
861 4126 1022 4181 habet
1047 4125 1238 4195 aliquis
1276 4123 1454 4180 cordis
1482 4121 1748 4177 desideria
1776 4120 1939 4186 mala,

345 4225 456 4296 jam
522 4223 683 4279 etiam
737 4218 1039 4276 consentiat
1087 4218 1165 4272 eis
1214 4216 1279 4272 ad
1328 4212 1706 4271 committenda
1750 4212 1938 4268 eadem

350 4315 531 4372 mala?
560 4314 639 4371 Ac
668 4329 764 4383 per
800 4310 904 4367 hoc
944 4309 1087 4365 aliud
1131 4319 1212 4365 est
1260 4308 1459 4364 habere
1508 4306 1648 4362 mala
1676 4304 1941 4361 desideria

354 4408 569 4473 cordis,
600 4406 743 4463 aliud
787 4404 924 4460 tradi
968 4403 1075 4470 eis;
1119 4402 1301 4473 utique
1347 4410 1403 4455 ut
1451 4398 1838 4456 consentiendo
1864 4400 1943 4455 eis

352 4500 691 4574 possideatur
718 4498 785 4552 ab
813 4498 912 4563 eis,
943 4495 1084 4566 quod
1118 4493 1174 4550 lit
1201 4509 1322 4550 cum
1346 4493 1528 4549 divino
1548 4491 1751 4563 judicio
1780 4492 1943 4549 tradi—

351 4603 440 4649 tur
460 4593 561 4649 eis.
588 4590 836 4661 Alioquin
858 4588 1053 4644 frustm
1079 4586 1278 4642 dictum
1305 4595 1408 4651 est,
1432 4584 1558 4639 Post
1579 4584 1943 4656 concupiscen-

353 4686 450 4739 tias
491 4692 605 4737 tuas
631 4698 732 4736 non
759 4696 876 4743 eas;
914 4678 958 4733 si
998 4678 1106 4748 jam
1138 4676 1362 4748 quisque
1388 4690 1510 4730 reus
1538 4684 1642 4738 est,
1683 4672 1825 4743 quod
1856 4683 1942 4726 tu-

355 4776 675 4831 multuantes
699 4780 754 4827 et
772 4772 837 4825 ad
864 4770 1001 4825 mala
1033 4770 1244 4824 trahere
1271 4768 1500 4822 nitentes
1527 4767 1688 4822 sentit
1707 4781 1821 4831 eas,
1847 4781 1948 4821 nec

354 4879 448 4920 eas
474 4864 750 4935 sequitur,
780 4860 827 4916 si
853 4877 959 4915 non
985 4860 1063 4915 eis
1089 4856 1350 4923 traditur;
1389 4870 1651 4913 exercens
1688 4855 1947 4911 adversus

335 4968 449 5007 .eas
492 4954 722 5025 gloriosa
765 4951 1079 5015 certamina,
1110 4950 1155 5005 si
1188 4950 1317 5004 vivit
1358 4948 1410 5004 in
1455 4948 1646 5019 gratia.
1685 4945 1823 5016 Quid
1854 4946 1948 5001 tibi

359 5047 500 5099 cuitu
533 5044 740 5098 videtur
761 5084 777 5107 ,
823 5043 914 5113 qui
943 5042 962 5073 ¹
995 5042 1261 5095 observat
1283 5037 1423 5109 quod
1450 5037 1709 5108 scriptum
1749 5045 1853 5099 est,
1890 5035 1953 5091 Si

361 5144 563 5206 priuatas
584 5134 768 5188 animm
794 5144 894 5188 tute
927 5130 1360 5201 concupiscentias
1380 5130 1510 5201 ejus,
1533 5127 1695 5201 (quod
1714 5127 1841 5199 quid
1870 5136 1955 5182 ρει

361 5226 529 5294 aliud,
560 5241 719 5298 quam
748 5223 1016 5280 desideria
1041 5223 1157 5291 ejus
1184 5220 1388 5292 mala?)
1417 5220 1566 5292 faciet
1593 5221 1614 5251 ¹
1645 5229 1691 5272 te
1710 5216 1955 5290 gaudium

362 5317 579 5373 inimicis
622 5327 667 5371 et
708 5316 892 5370 invidis
921 5314 1021 5369 tuis
1048 5310 1236 5385 (Eccli.
1283 5328 1432 5379 xvttt,
1469 5310 1538 5367 50
1566 5319 1613 5365 et
1636 5310 1731 5379 3i)
1751 5309 1775 5363 ἲ
1799 5322 1957 5363 num-

363 5408 491 5479 quid
520 5408 631 5479 jam
658 5408 758 5462 iste
787 5420 909 5463 reus
935 5413 1036 5469 est,
1072 5403 1317 5460 habendo
1348 5404 1481 5458 tales
1519 5402 1711 5456 anima:
1753 5414 1955 5456 concu—

368 5498 676 5569 piscentias,
703 5511 836 5567 quas
856 5495 903 5550 ei
924 5501 1179 5565 prmstare
1207 5508 1313 5548 non
1340 5492 1519 5558 debet,
1551 5506 1618 5547 ne
1640 5491 1691 5546 in
1707 5489 1956 5561 gaudium

372 5589 550 5644 veniat
573 5588 786 5643 diabolo
810 5597 866 5642 et
890 5585 1097 5657 angelis
1121 5585 1257 5654 ejus,
1287 5585 1379 5655 qui
1409 5593 1533 5639 sunt
1571 5580 1771 5638 inimici
1801 5589 1960 5652 atque

372 5682 532 5738 invidi
564 5681 727 5736 nostri
744 5680 768 5734 ’ἒ

438 5839 454 5869 θ
476 5841 576 5887 Sola
597 5838 745 5888 editio
763 5843 894 5893 Iov.,
920 5833 1066 5901 quod.
1147 5896 1162 5901 _
1222 5894 1230 5901 .

439 5902 458 5932 ⁸
480 5902 750 5960 bixotianus
776 5906 914 5948 vetus
933 5897 1107 5955 codex,
1135 5896 1324 5956 faciant.

1669 436 1869 495 LIBER
1909 430 2227 503 QUL‘iTiIS.

3496 432 3595 488 7ῦο

2084 549 2171 605 12.
2201 549 2332 605 Cum
2357 563 2485 618 ergo
2524 547 2721 604 dicitur
2754 545 2921 603 homo
2955 547 3089 602 tradi
3131 546 3413 604 desideriis
3442 553 3553 603 suis
3580 590 3595 610 .

2010 638 2135 698 inde
2161 640 2219 696 tit
2246 656 2389 704 reus,
2412 641 2535 711 quia
2554 639 2797 696 desertus
2824 653 2857 695 a
2885 639 2999 695 Deo
3019 640 3161 696 cedit
3188 652 3269 695 ets
3287 653 3445 709 atque
3470 660 3595 695 ctut-

2009 732 2191 798 sentit;
2217 733 2466 799 vincitur,
2496 732 2723 802 capitur,
2752 728 2979 786 trahitur
3001 731 3042 797 ι,
3072 731 3396 803 possidetur.
3427 734 3465 784 Α
3496 748 3592 800 quo

2008 826 2144 882 enim
2187 826 2299 897 quis
2347 824 2569 881 devictus
2619 833 2727 892 est,
2776 822 2895 878 huic
2921 832 2990 895 eet
3039 836 3211 878 servits
3247 821 3481 877 addictus
3528 835 3598 877 cst

2012 918 2086 989 (ll
2114 915 2259 977 Petr.
2291 933 2351 984 ll,
2382 917 2471 989 l9)
2502 934 2515 971 :
2542 926 2596 973 et
2616 916 2676 973 tit
2702 916 2751 973 ei
2779 898 3054 988 peccatum
3080 928 3433 985 consequens,
3457 929 3596 986 pra--

2011 1009 2249 1065 cedentis
2304 1023 2458 1081 pmna
2521 1008 2744 1079 peccati.
2812 1008 3005 1064 Annon
3056 999 3159 1062 est‘
3214 1015 3486 1077 peccatum
3545 1016 3601 1061 et

2011 1116 2170 1173 poma
2221 1102 2452 1172 peccati,
2496 1100 2588 1158 ubi
2618 1100 2875 1173 legitur,
2931 1099 3181 1156 Dominus
3226 1101 3360 1155 enim
3400 1101 3600 1154 miscui:

2012 1193 2115 1247 illis
2175 1194 2408 1263 spiritum
2458 1194 2641 1248 erroris
2667 1231 2686 1258 ,
2741 1204 2788 1247 et
2850 1192 3159 1246 seduxerunt
3205 1190 3493 1263 Egyptian
3548 1194 3602 1246 in

2014 1285 2243 1340 omnibus
2268 1285 2500 1356 operibus
2520 1284 2656 1346 suis.
2686 1265 2815 1338 sicitt
2839 1283 3098 1338 seducitur
3124 1284 3290 1338 ebrius
3312 1281 3463 1354 (lsai.
3490 1300 3599 1348 xix,

2016 1376 2139 1447 id)?
2173 1376 2290 1431 Non
2334 1388 2417 1430 est
2458 1384 2734 1446 peccatum
2774 1385 2829 1429 et
2869 1388 3026 1446 poma
3070 1374 3306 1446 peccati,
3354 1373 3442 1427 ubi
3495 1372 3604 1427 Dm

2014 1470 2145 1526 dicit
2166 1470 2455 1540 PrOpbeta,
2485 1469 2621 1538 Quid
2677 1485 2845 1525 errare
2872 1469 3033 1541 fecisti
3058 1486 3169 1536 nos,
3201 1467 3436 1533 Domine,
3468 1488 3495 1520 ιι
3527 1472 3603 1521 ria

2017 1574 2142 1627 tua;
2168 1562 2404 1618 obtudisti
2444 1562 2599 1616 corda
2627 1572 2802 1618 nostra
2821 1603 2837 1629 ,
2886 1571 2938 1615 ut
2965 1577 3069 1617 non
3099 1563 3389 1618 timeremus
3417 1574 3464 1615 te
3491 1562 3602 1631 (id.

2018 1669 2181 1720 unt,
2227 1653 2360 1725 t7)?
2400 1653 2514 1709 Non
2552 1663 2634 1709 est
2663 1662 2939 1725 peccatum
2965 1662 3022 1709 et
3051 1666 3208 1724 pana
3256 1655 3481 1724 peccati,
3517 1655 3603 1707 ubi

2018 1762 2204 1803 rursus
2229 1746 2336 1802 Deo
2365 1747 2577 1813 dicitur,
2609 1746 2742 1801 Ecce
2767 1757 2821 1801 tu
2857 1747 3018 1801 iratus
3063 1762 3136 1811 es,
3181 1757 3227 1800 et
3264 1761 3356 1801 nos
3383 1748 3605 1821 peccavi-

2018 1854 2161 1903 mus;
2186 1847 2452 1908 propterea
2471 1839 2773 1903 erravimus,
2801 1848 2848 1893 et
2875 1839 2997 1910 facti
3016 1852 3190 1891 sumus
3208 1838 3337 1892 sicut
3359 1820 3607 1892 ἰητριιῇάί

2019 1945 2190 1985 οηιηεε
2216 1928 2326 2003 (Id.
2357 1944 2496 1994 utv,
2526 1929 2561 1985 5
2588 1938 2633 1983 et
2659 1929 2754 2001 6)?
2794 1928 2910 1984 Non
2935 1939 3017 1985 est
3045 1938 3322 2000 peccatum
3357 1938 3413 1985 et
3452 1944 3607 2000 poena

2021 2021 2248 2091 peccati,
2280 2018 2372 2075 ubi
2403 2020 2596 2091 legitur
2618 2019 2686 2076 de
2709 2021 2959 2091 gentibus
2982 2035 3117 2093 quas
3143 2020 3428 2077 debellavit
3454 2021 3611 2077 lesus

2021 2111 2184 2179 Nave,
2210 2110 2330 2183 quia
2362 2126 2462 2182 per
2490 2111 2771 2167 Dominum
2814 2111 3011 2168 factum
3050 2123 3165 2181 est,
3200 2112 3487 2168 cottt'ortari
3517 2127 3611 2168 eor

2020 2217 2229 2270 eorum,
2263 2213 2318 2258 ut
2344 2202 2555 2259 obviam
2581 2203 2719 2259 irent
2741 2204 2809 2259 ad
2837 2204 3039 2260 bellum
3059 2204 3126 2260 ad
3150 2203 3331 2273 Israel,
3356 2213 3413 2259 ut
3433 2216 3612 2260 exter-

2021 2296 2354 2350 minarentur
2378 2292 2561 2365 (Josue
2580 2310 2654 2362 χι,
2682 2294 2815 2366 20)?
2837 2294 2954 2351 Non
2975 2304 3060 2351 est
3080 2305 3354 2368 peccatum
3376 2307 3430 2352 et
3453 2314 3610 2367 parua

2025 2385 2226 2455 peccati
2254 2385 2398 2456 quod
2425 2400 2532 2442 non
2558 2386 2766 2442 audivit
2799 2386 3041 2442 Roboam
3091 2404 3183 2444 rex
3225 2387 3437 2459 plebem
3477 2389 3615 2446 bono

2025 2485 2354 2543 monentem,
2392 2477 2668 2547 quoniam,
2712 2478 2850 2533 sicut
2887 2478 3162 2547 Scriptura
3187 2480 3443 2550 loquitur,
3488 2478 3615 2534 Erat

2025 2572 2282 2625 conversio
2306 2585 2340 2624 a
2363 2568 2606 2638 Domino,
2635 2581 2691 2625 ut
2717 2579 2956 2626 statueret
2985 2571 3188 2625 uerbum
3214 2588 3362 2627 suum
3393 2574 3531 2645 quod
3552 2575 3619 2629 de

2024 2662 2117 2717 illo
2144 2663 2340 2718 loeutus
2365 2671 2440 2718 est
2464 2664 2519 2717 in
2548 2678 2702 2717 manu
2738 2663 3000 2735 prophetas
3023 2666 3045 2696 ⁸
3076 2662 3167 2738 (Ill
3190 2665 3317 2737 Reg.
3354 2681 3449 2733 xu,
3484 2666 3616 2739 ιδῃ

2025 2753 2143 2810 Non
2173 2766 2251 2811 est
2282 2763 2559 2826 peccatum
2583 2765 2641 2812 et
2668 2768 2824 2825 [)(Blla
2852 2757 3053 2826 peccati
3099 2755 3153 2811 in
3188 2771 3256 2813 eo
3293 2757 3437 2828 quod
3471 2761 3608 2814 scri-

2027 2856 2176 2916 ptum
2202 2853 2305 2908 est,
2334 2844 2604 2901 Amasiam
2633 2858 2815 2916 regem
2838 2845 2977 2903 inda
2997 2846 3237 2904 noluisse
3259 2848 3444 2905 audire
3463 2850 3617 2905 Joam

2029 2954 2209 3008 regem
2233 2937 2396 2995 Israel
2421 2938 2560 2995 bene
2583 2948 2912 3006 monentem,
2946 2955 3014 2996 ne
3042 2941 3362 3011 procederet
3399 2944 3463 2997 ad
3506 2944 3619 2998 bel-

2030 3027 2285 3085 landum?
2308 3028 2398 3085 Sic
2422 3030 2566 3086 enim
2597 3029 2792 3101 legitur
2819 3048 2834 3085 :
2869 3030 2939 3086 Et
2976 3047 3079 3086 non
3110 3032 3304 3087 audivit
3339 3032 3579 3089 Amasias
3603 3076 3617 3097 .

2028 3121 2265 3193 quoniam
2289 3134 2323 3173 α
2351 3118 2460 3175 Deo
2484 3130 2591 3175 erat
2618 3132 2674 3176 ut
2697 3122 2978 3177 traderetur
3005 3123 3060 3178 in
3093 3139 3276 3179 manus
3305 3123 3351 3189 ⁸,
3372 3126 3614 3195 quoniam

2029 3214 2335 3284 quiasierunt
2361 3214 2511 3269 deum
2537 3211 2702 3269 Edam
2729 3213 2812 3286 (ll
2838 3211 3021 3268 Paral.
3055 3229 3181 3281 xxv,
3213 3213 3330 3286 20).
3362 3214 3428 3270 Et
3454 3217 3619 3271 multa

2031 3310 2135 3364 alia
2164 3320 2588 3363 commemorare
2630 3320 2937 3377 possumus,
2968 3306 3023 3361 in
3062 3308 3253 3378 quibus
3282 3306 3487 3378 liquido
3522 3321 3619 3376 ap-

2035 3406 2206 3468 paret,
2233 3398 2446 3453 occulto
2482 3396 2685 3467 judicio
2714 3396 2811 3453 Dei
2840 3396 2954 3452 ﬁeri
2983 3398 3388 3467 perversitatem
3418 3397 3623 3461 cordis,

2036 3502 2094 3546 ut
2114 3506 2220 3546 non
2243 3489 2488 3545 audiatur
2506 3489 2647 3561 quod
2670 3503 2853 3544 verum
2881 3490 3096 3553 dicitur,
3119 3499 3175 3546 et
3200 3490 3322 3546 inde
3351 3498 3621 3560 peccetur,

2038 3593 2094 3639 et
2120 3584 2188 3637 sit
2217 3584 2391 3652 ipsum
2420 3591 2695 3653 peccatum
2737 3580 3091 3651 praecedentis
3119 3581 3280 3637 etiam
3312 3596 3465 3652 pinna
3497 3597 3624 3652 pec-

2036 3676 2162 3733 cati.
2188 3673 2321 3731 Natn
2350 3674 2572 3729 credere
2610 3674 2908 3741 mendacio,
2936 3682 2991 3729 et
3016 3688 3121 3728 non
3141 3673 3363 3731 credere
3388 3675 3622 3739 veritati,

2040 3766 2221 3836 utique
2240 3774 2518 3835 peccatum
2530 3764 2797 3819 est.\'enit
2814 3773 2989 3820 tamen
3007 3764 3074 3819 ab
3089 3779 3152 3819 ea
3172 3766 3409 3821 caicitate
3424 3765 3625 3828 cordis,

2039 3874 2158 3929 qnte
2178 3857 2389 3915 occulto
2411 3856 2614 3927 judicio
2639 3856 2754 3922 Dei,
2776 3856 2870 3912 sed
2891 3866 3067 3912 tamen
3091 3857 3257 3927 justo,
3284 3858 3445 3912 etiam
3469 3873 3624 3928 pmna

2042 3949 2246 4020 peccati
2298 3956 2645 4003 monstratur.
2695 3946 2863 4016 Quale
2893 3958 2977 4003 est
3005 3949 3165 4003 etiam
3207 3948 3335 4003 illud
3379 3950 3521 4020 quod
3560 3950 3625 4003 ad

2042 4039 2550 4096 Tltessalonicenses
2574 4038 2763 4093 scribit
2787 4039 3077 4110 Apostolus
3103 4055 3118 4093 :
3146 4037 3252 4093 Pro
3278 4054 3337 4092 co
3373 4040 3510 4110 quod
3548 4042 3627 4093 di»

2044 4132 2306 4186 lectionem
2328 4130 2552 4185 veritatis
2590 4144 2693 4183 non
2716 4138 3028 4200 receperunt,
3058 4137 3114 4183 ut
3140 4128 3268 4183 salui
3306 4129 3504 4197 ﬁerent,
3534 4139 3579 4182 ct
3612 4130 3631 4159 ⁸

2044 4224 2158 4278 ideo
2187 4223 2345 4277 mittet
2387 4222 2490 4277 illis
2527 4221 2663 4278 Deus
2705 4222 3050 4295 operationem
3077 4222 3285 4287 erroris,
3329 4231 3385 4276 ut
3423 4224 3631 4276 credam

2046 4316 2306 4372 mendacio
2339 4315 2404 4387 (ll
2437 4314 2613 4370 Thess.
2653 4329 2715 4383 ιι,
2748 4312 2861 4387 10).
2893 4315 3036 4370 Ecce
3062 4329 3218 4384 ptBtta
3247 4315 3471 4385 peccati,
3504 4328 3586 4385 pe.
3611 4343 3632 4351 -

2046 4419 2225 4466 catum
2254 4417 2357 4464 est.
2397 4406 2695 4479 Utrumque
2746 4407 2938 4473 claret,
2989 4406 3227 4463 breviter
3275 4405 3473 4462 dictum
3503 4415 3585 4461 est
3622 4456 3635 4473 ,

2047 4510 2233 4570 aperte
2257 4500 2456 4556 dictum
2486 4508 2589 4563 est.
2617 4498 2686 4554 ab
2710 4514 2776 4555 eo
2803 4498 3002 4555 dictum
3024 4508 3129 4567 est,
3157 4498 3307 4569 cujus
3344 4496 3445 4552 alia
3475 4480 3640 4553 verba

2049 4594 2104 4650 itt
2136 4604 2278 4649 tuam
2305 4592 2624 4648 sententiam
2650 4590 2846 4647 frustra
2873 4590 3192 4660 detorquere
3211 4597 3436 4644 conatus
3458 4604 3535 4642 os.

2124 4685 2211 4740 15.
2242 4682 2379 4752 Quid
2411 4692 2494 4739 est
2521 4690 2698 4738 autem
2725 4681 2864 4750 quod
2894 4681 3049 4747 dicis,
3080 4681 3205 4735 Cum
3229 4679 3494 4734 desideriis
3531 4684 3641 4733 suis

2052 4775 2224 4828 traditi
2251 4774 2508 4838 dicmuur,
2535 4772 2694 4827 relicti
2721 4788 2812 4841 per
2849 4772 3073 4827 divinam
3110 4769 3406 4840 patientiam
3445 4771 3604 4824 intelti

2054 4867 2203 4939 gandi
2229 4873 2369 4931 sunt,
2414 4881 2518 4920 non
2557 4880 2648 4935 per
2686 4864 2961 4933 potentiam
2998 4864 3051 4917 in
3095 4872 3301 4933 peccata
3345 4863 3593 4931 contimlsi
3618 4865 3643 4916 Ρ

2053 4959 2203 5029 quasi
2231 4972 2338 5012 non
2368 4956 2523 5011 simul
2566 4956 2742 5024 posuit
2768 4956 2791 4988 ⁸
2821 4955 2936 5010 lucc
2966 4955 3074 5009 duo
3101 4954 3241 5009 idem
3268 4955 3563 5023 apostolus,
3589 4967 3644 5009 et

2058 5050 2392 5121 patientiam,
2432 5058 2486 5103 et
2517 5047 2829 5117 potentiam,
2877 5046 2965 5101 ubi
2999 5047 3094 5110 ait,
3138 5044 3200 5101 Si
3229 5044 3251 5077 ⁸
3282 5056 3450 5100 autem
3479 5046 3647 5100 soletis

2058 5142 2196 5197 Deus
2220 5139 2481 5197 ostendere
2510 5141 2644 5195 iram
2681 5148 2728 5194 et
2776 5139 3121 5193 demonstrare
3156 5138 3432 5209 potentiam
3466 5155 3607 5192 suam
3630 5181 3644 5201 ,

2059 5234 2229 5290 attulit
2251 5234 2304 5289 in
2325 5233 2484 5288 multa
2505 5231 2748 5304 patientia
2774 5246 2896 5285 vasa
2922 5230 3034 5297 irai,
3061 5246 3174 5301 qua:
3201 5235 3423 5302 perfecta
3451 5242 3568 5284 sunt
3590 5234 3640 5283 in

2120 5330 2144 5397 ,ι
2166 5327 2492 5397 tpvanieupes
2512 5332 2684 5397 putant
2704 5323 2997 5397 legendum,
3010 5324 3243 5397 traditur.
3259 5326 3469 5397 Quissic
3483 5338 3557 5397 su;
3576 5338 3649 5397 ra,

2062 5388 2196 5456 aliud
2219 5386 2352 5441 tradi
2372 5387 2473 5449 eis;
2510 5384 2672 5456 inique
2715 5384 3242 5456 ut‘_cansentie_ndo_eis
3264 5386 3565 5450 possideatur
3588 5390 3650 5435 ab

2064 5450 2169 5513 eis;
2192 5459 2263 5509 et,
2284 5462 2374 5513 nec
2394 5446 2478 5501 eas
2499 5446 2801 5513 sequitur,_s_i
2821 5460 2915 5500 non
2936 5446 3007 5500 eis
3030 5447 3261 5500 traditur.

2128 5509 2305 5585 fan
2328 5519 2437 5585 hor.
2462 5510 2670 5585 additur,
2696 5509 2843 5561 nhiw.

2131 5575 2153 5609 ⁸
2175 5570 2258 5624 Hic
2292 5574 2439 5623 etiam
2476 5573 2800 5623 Levanienses
2831 5570 3137 5631 addiderunt,
3183 5570 3387 5622 hostium
3415 5581 3435 5619 :
3459 5577 3650 5619 tametsi

2069 5640 2131 5688 ab
2149 5636 2377 5686 omnibus
2397 5643 2503 5685 Mss.
2528 5634 2655 5683 absit
2670 5642 2723 5685 et
2743 5646 2771 5682 a
2796 5641 2924 5683 LXX.

2133 5698 2154 5730 δ
2178 5697 2294 5746 1⁷Λὶιί
2312 5729 2329 5755 ,
2352 5703 2403 5760 ut
2426 5693 2547 5760 salri
2574 5692 2739 5760 ﬁerent
2763 5694 3035 5760 ideontiltet
3056 5690 3153 5745 illis
3169 5726 3187 5760 ρ
3209 5701 3403 5760 emisse.
3420 5695 3469 5760 ς(
3485 5722 3499 5745 ν
3525 5686 3665 5748 illm"

2072 5764 2119 5813 in
2157 5748 2493 5821 tnanuseriptis
2524 5748 2730 5807 habetur
2755 5765 2805 5806 et
2828 5758 2874 5807 in
2895 5767 3057 5816 greco
3078 5748 3221 5806 textu
3245 5748 3468 5813 Αιιιιθιυιι.

2137 5824 2158 5854 ³
2179 5818 2285 5867 Sola
2310 5819 2455 5868 editio
2479 5824 2607 5878 I.ov.,
2632 5818 2861 5878 posuerit.

2182 5833 2285 5867 50m
2310 5833 2455 5868 eunte
2480 5833 2607 5879 Ιδογη
2632 5833 2861 5878 ροειιερτι.

2140 5886 2159 5915 ⁸
2184 5881 2316 5939 itiiti,
2340 5882 2429 5929 fit.
