4098 6558
548 478 648 536 791

553 592 885 657 perditionem
910 587 1088 664 (Rom.
1128 603 1205 660 ιι,
1235 588 1354 663 22).
1382 589 1519 659 Quid
1563 588 1754 645 horum
1795 596 1970 644 tamen
1999 584 2135 641 dicis

552 700 673 741 esse
696 683 838 755 quod
860 684 1119 754 scriptum
1150 692 1254 751 est,
1285 681 1350 737 Et
1381 683 1627 753 propheta
1652 682 1697 737 si
1723 681 1962 735 erraverit
1983 688 2030 732 et
2056 679 2136 733 lo-

552 786 701 831 cutus
727 778 899 848 fuerit,
944 793 1035 848 ego
1071 775 1323 832 Dominus
1346 776 1525 832 seduxi
1560 776 1859 849 prophetam
1888 774 2065 841 illum,
2089 781 2138 828 et

552 868 819 920 extendam
845 884 1050 922 manum
1075 884 1238 923 meam
1266 884 1416 940 super
1434 884 1570 936 eum,
1597 878 1645 922 et
1664 867 2001 924 exterminabo
2022 881 2140 921 eum

551 963 617 1013 de
639 960 802 1013 medio
831 960 1008 1031 populi
1031 960 1130 1014 mei
1153 958 1322 1015 Israel
1342 958 1556 1033 (Ezech.
1598 975 1705 1026 xlv,
1743 960 1836 1031 9)?
1880 959 2137 1031 patientia

553 1062 657 1118 est,
688 1069 756 1108 an
782 1054 1059 1124 potentia?
1084 1054 1371 1123 Quodlibet
1398 1055 1593 1126 eligas,
1622 1055 1708 1110 vel
1742 1062 2026 1124 utrumque
2058 1051 2139 1106 fa-

556 1145 747 1209 tearis;
780 1145 931 1201 vides
955 1155 1132 1202 tamen
1150 1145 1281 1200 falsa
1305 1146 1673 1217 praphetantis
1695 1153 1969 1216 peccatum
1995 1158 2135 1211 esse,

555 1253 872 1309 poenamque
900 1239 1123 1309 peccati.
1166 1239 1246 1294 An
1280 1248 1337 1294 et
1363 1239 1449 1293 hic
1478 1237 1720 1293 dicturus
1744 1252 1823 1301 es,
1852 1234 1994 1306 quod
2022 1235 2136 1302 ait,

555 1326 668 1399 Ego
694 1326 943 1382 Dominus
966 1328 1147 1383 seduxi
1172 1329 1468 1401 praphetam
1501 1328 1647 1382 illum
1670 1368 1686 1393 ,
1735 1324 2137 1396 intelligendum

552 1436 697 1490 esse,
725 1421 965 1486 Deserui,
988 1431 1046 1481 ut
1074 1437 1169 1492 pro
1197 1424 1316 1492 ejus
1341 1422 1359 1453 ¹
1390 1421 1593 1477 meritis
1615 1419 1868 1475 seductus
1887 1415 2140 1474 erraret?

552 1513 666 1582 Age
691 1522 745 1567 ut
772 1514 884 1578 vis,
923 1522 1099 1567 tamen
1128 1528 1194 1568 eo
1223 1513 1382 1569 modo
1410 1512 1623 1579 punitus
1646 1520 1730 1567 est
1756 1526 1851 1581 pro
1872 1517 2094 1581 peccato
2119 1550 2136 1577 ,

556 1614 614 1661 ut
657 1604 849 1662 falsum
887 1606 1260 1678 pr0phetando
1301 1616 1567 1676 peccaret.
1612 1605 1717 1662 Sed
1763 1604 1891 1659 illud
1934 1604 2141 1659 intuere

553 1694 698 1764 quod
726 1694 857 1751 vidit
882 1696 1129 1751 Michzeas
1157 1695 1442 1767 propheta,
1474 1695 1750 1749 Dominum
1778 1693 2029 1750 sedentem
2054 1709 2142 1747 su-

554 1802 646 1858 per
669 1786 905 1841 thronum
933 1803 1117 1854 suum,
1148 1796 1196 1841 et
1222 1788 1384 1842 omnis
1409 1787 1657 1842 exercitus
1677 1786 1789 1841 creti
1816 1787 1978 1839 stabat
2006 1784 2142 1838 circa

553 1893 667 1932 eum
693 1894 724 1931 a
744 1878 933 1933 dextris
953 1879 1062 1948 ejus
1091 1885 1138 1932 et
1157 1895 1189 1931 a
1212 1878 1430 1935 sinistris
1457 1878 1589 1948 ejus.
1619 1877 1685 1931 Et
1710 1877 1838 1932 dixit
1864 1876 2141 1930 Dominus:

557 1968 684 2036 Quis
708 1969 905 2025 seducet
930 1969 1102 2024 Achab
1127 1987 1295 2042 regem
1318 1969 1520 2036 Israel,
1548 1979 1594 2024 et
1619 1970 1873 2037 ascendet,
1913 1977 1962 2025 et
1995 1967 2143 2022 cadet

552 2062 606 2114 in
650 2061 870 2119 Ramoth
913 2059 1157 2116 Galaad?
1211 2061 1280 2116 Et
1308 2060 1437 2115 dixit
1474 2061 1570 2115 iste
1608 2062 1702 2127 sic,
1747 2069 1795 2115 et
1830 2062 1924 2116 iste
1950 2059 2042 2113 sic.
2076 2057 2144 2111 Et

551 2153 675 2208 exiit
710 2153 921 2226 spiritus
945 2194 961 2219 ,
1005 2163 1053 2209 et
1098 2154 1233 2209 stetit
1268 2154 1322 2208 in
1351 2162 1622 2224 conspectu
1648 2151 1875 2220 Domini,
1903 2160 1948 2206 et
1973 2151 2142 2206 dixit:

554 2241 665 2317 Ego
691 2243 927 2300 seducam
952 2261 1086 2299 etim.
1112 2243 1177 2299 Et
1201 2243 1331 2299 dixit
1358 2243 1604 2298 Dominus
1632 2243 1700 2297 ad
1731 2259 1884 2300 eum:
1911 2240 1973 2295 In
2001 2241 2144 2312 quo?

554 2335 625 2389 Et
653 2337 781 2390 dixit
812 2352 832 2390 :
861 2336 1023 2392 Exibo
1047 2345 1095 2392 et
1123 2350 1208 2391 ero
1234 2336 1445 2407 spiritus
1485 2334 1705 2389 mendax
1732 2336 1784 2387 in
1807 2350 1895 2389 ore
1918 2334 2144 2387 omnium

556 2427 919 2497 prophetarum
957 2427 1087 2499 ejus.
1130 2425 1198 2481 Et
1225 2426 1354 2482 dixit
1392 2442 1412 2481 .°
1454 2425 1710 2492 Seduces,
1737 2435 1782 2479 et
1813 2425 2144 2497 prxtvalebis;

551 2518 637 2571 exi
660 2526 707 2570 et
741 2519 822 2589 [ac
849 2519 924 2572 sic
963 2517 1051 2591 (ΙΙΙ
1078 2517 1206 2590 Reg.
1239 2535 1375 2583 χχιι,
1404 2517 1613 2588 19-22).
1638 2517 1776 2587 Quid
1812 2519 1876 2572 ad
1922 2517 2023 2574 ista
2058 2516 2144 2585 die

555 2617 742 2663 cturus
765 2608 862 2663 es?
889 2624 1085 2681 nempe
1127 2625 1223 2665 rex
1259 2610 1373 2680 ipse
1408 2610 1667 2681 peccavit,
1711 2609 1854 2665 falsis
1877 2609 2146 2667 credendo

558 2700 855 2770 prophetis.
882 2704 949 2755 At
975 2701 1091 2757 tunc
1119 2703 1232 2773 ipsa
1263 2713 1380 2758 erat
1405 2712 1459 2758 et
1481 2718 1635 2774 paena
1664 2703 1898 2773 peccati,
1930 2703 2041 2758 Deo
2061 2702 2147 2774 ju-

556 2791 798 2860 dicante,
836 2793 945 2848 Deo
974 2792 1217 2849 mittente
1254 2795 1502 2865 angelum
1546 2795 1779 2861 malum;
1812 2805 1869 2850 ut
1909 2796 2147 2865 apertius

558 2879 979 2951 iutelligeremus
999 2883 1266 2953 quomodo
1294 2884 1346 2938 in
1370 2884 1582 2939 Psalmo
1601 2884 1799 2941 dictum
1823 2886 1911 2950 sit,
1936 2885 2147 2940 misisse

557 2972 691 3025 iram
716 2971 1092 3043 indignationis
1106 2988 1217 3029 sua:
1228 2988 1324 3043 per
1334 2974 1555 3046 angelos
1568 2975 1738 3030 malos
1749 2975 1769 3047 (
1779 2975 1921 3029 Psal.
1943 2991 2143 3042 Lxxvu,

557 3063 675 3133 49).
706 3064 809 3121 Sed
846 3065 1099 3135 numquid
1144 3065 1376 3122 errando
1399 3108 1414 3134 ,
1463 3067 1720 3137 numquid
1772 3066 1967 3138 injuste
1994 3066 2148 3138 quid-

558 3171 717 3226 quam
741 3157 822 3211 vel
846 3166 1045 3214 temere
1068 3158 1379 3229 judioando,
1399 3160 1512 3216 sive
1536 3157 1819 3216 faciendo?
1839 3160 1992 3215 Absit
2014 3178 2027 3213 :
2050 3159 2146 3215 sed

559 3264 665 3302 non
696 3248 889 3305 frustm
916 3251 991 3307 illi
1017 3250 1217 3307 dictum
1259 3261 1364 3320 est,
1405 3252 1615 3308 Iudicia
1657 3262 1746 3309 tua
1778 3254 1910 3309 sicut
1935 3256 2147 3327 abyssus

558 3340 720 3394 multa
748 3339 917 3409 (Psal.
940 3356 1108 3408 xxxv,
1140 3341 1218 3410 7).
1257 3342 1373 3398 Non
1397 3342 1595 3399 frustra
1624 3344 1890 3400 exclamat
1916 3347 2147 3415 Aposto-

558 3430 663 3495 lus,
706 3428 752 3485 0
799 3432 1013 3488 altitudo
1046 3433 1338 3488 divitiarum
1380 3434 1644 3504 sapientia:
1677 3444 1727 3490 et
1763 3436 1983 3491 scientiw
2009 3435 2149 3493 Dei!

556 3538 710 3592 quam
744 3523 1095 3581 inscrutabilia
1132 3535 1251 3580 sunt
1274 3525 1479 3597 judicia
1514 3528 1644 3596 ejus,
1693 3536 1740 3582 et
1777 3528 2147 3599 investigabiles

557 3613 654 3667 uite
690 3614 843 3685 ejus!
887 3615 1012 3682 Quis
1064 3618 1198 3673 enim
1236 3617 1468 3689 cognovit
1521 3634 1723 3672 sensum
1762 3616 2013 3674 Domini?
2056 3628 2148 3674 aut

556 3704 669 3775 quis
707 3704 1027 3762 consiliarius
1056 3709 1165 3779 ejus
1197 3708 1293 3777 fuit
1313 3708 1339 3761 ?
1361 3707 1462 3761 Aut
1482 3708 1592 3776 quis
1615 3709 1756 3779 prior
1784 3709 1926 3763 dedit
1961 3710 2062 3773 illi,
2090 3717 2147 3763 ut

556 3796 863 3851 retribuatur
887 3797 933 3851 ei
952 3796 1128 3868 (Rom.
1155 3813 1231 3864 x1,
1255 3798 1479 3868 53-35)?
1500 3798 1710 3854 Nullum
1732 3800 1882 3870 eligit
1899 3799 2143 3872 dignum,

456 3902 463 3911 ’
557 3887 657 3942 sed
701 3888 946 3959 eligendo
989 3888 1151 3945 efﬁcit
1183 3888 1402 3961 dignum
1437 3891 1488 3952 ’ς
1534 3891 1734 3946 nullum
1773 3900 1950 3947 tamen
1993 3893 2147 3963 punit

556 3977 854 4048 indignum.

632 4068 858 4126 CAPUT
887 4069 973 4126 IV.
998 4101 1071 4112 —
1096 4074 1182 4129 14.
1216 4092 1235 4126 ι
1254 4074 1375 4141 Ait,
1403 4093 1424 4127 ι
1449 4074 1647 4145 inquis,
1668 4093 1686 4127 ι
1706 4075 2025 4148 Apostolus,
2044 4076 2149 4132 Bo-

559 4162 692 4216 nitas
715 4162 806 4218 Dei
832 4164 900 4217 ad
919 4167 1260 4236 paenitentiam
1287 4176 1335 4222 te
1353 4167 1613 4222 adducita
1642 4167 1836 4225 Verum
1865 4179 1979 4235 est,
2010 4185 2145 4226 con-

559 4267 696 4325 stat;
729 4252 823 4314 sed
843 4275 1002 4329 quem
1031 4261 1430 4330 praedestinavit
1466 4262 1722 4318 adducit:
1750 4264 1990 4333 quamvis
2032 4264 2146 4335 ipse

557 4352 853 4406 secundum
883 4352 1132 4407 duritiam
1169 4368 1320 4408 suam
1364 4362 1419 4410 et
1445 4369 1540 4409 eor
1567 4355 1937 4425 impcenitens,
1979 4372 2147 4427 quan-

559 4454 671 4496 tum
693 4442 759 4497 ad
787 4442 959 4512 ipsum
988 4444 1198 4511 attinet,
1228 4444 1550 4502 thesaurizet
1583 4448 1684 4502 sibi
1713 4448 1846 4502 iram
1870 4448 1922 4503 in
1946 4447 2145 4504 dieirae

557 4541 615 4588 et
637 4529 977 4589 révelationis
997 4535 1125 4604 justi
1146 4535 1331 4606 judicii
1359 4536 1472 4602 Dei,
1503 4539 1591 4609 qui
1630 4538 1820 4594 reddet
1859 4539 2169 4615 unicuique

558 4622 852 4679 secundum
877 4639 1038 4694 opera
1068 4626 1184 4696 ejus
1209 4625 1322 4697 (Id.
1350 4644 1409 4695 ιι,
1430 4628 1978 4699 4ο6).ριιειιιδιη1ἰῐ›ρι
2001 4632 2143 4687 enim

559 4713 802 4784 pravbeat
828 4710 1137 4785 patientiam
1158 4733 1172 4783 ;
1199 4718 1298 4774 nisi
1327 4719 1440 4790 ipse
1462 4719 1689 4787 dederit,
1709 4722 1828 4792 quis
1847 4723 1954 4793 agit
1971 4724 2145 4794 pani-

560 4805 783 4861 tentiam
809 4807 835 4860 ?
857 4808 936 4862 An
966 4808 1162 4865 oblitus
1188 4824 1247 4865 es
1272 4810 1413 4880 quod
1432 4810 1570 4866 idem
1600 4811 1714 4881 ipse
1738 4812 1928 4868 doctor
1941 4815 2035 4882 ait,
2061 4812 2146 4868 Ne

561 4901 691 4966 forte
711 4898 793 4952 det
816 4899 918 4954 illis
942 4898 1084 4954 Deus
1114 4901 1458 4970 penitentiam
1481 4901 1550 4954 ad
1587 4905 1981 4972 cognoscendam
2009 4906 2143 4960 ueri-

558 4999 737 5055 tatem;
755 5002 804 5045 et
819 4992 1114 5063 resipiscam
1130 5010 1162 5046 a
1175 4994 1364 5048 diaboli
1380 4996 1571 5064 laqueis
1587 4994 1653 5067 (ll
1668 4995 1863 5063 Tim.u,
1877 4999 1948 5053 23
1963 5008 2010 5054 et
2024 5000 2144 5070 26)?

558 5079 664 5135 Sed
685 5079 884 5151 judicia
913 5082 1031 5153 ejus
1058 5083 1224 5138 multa
1248 5083 1490 5158 abyssus.
1519 5084 1629 5141 Nos
1652 5095 1797 5144 certe
1839 5090 1884 5144 si
1932 5104 2056 5155 eos,
2089 5092 2143 5147 in

560 5187 695 5240 quos
725 5171 879 5237 nobis
908 5181 1145 5242 potestas
1168 5181 1281 5239 est,
1312 5185 1437 5233 ante
1483 5176 1668 5231 oculos
1711 5187 1923 5234 nostros
1951 5195 2144 5251 perpe-

561 5273 702 5317 trare
740 5261 943 5317 scelera
983 5264 1383 5333 permittamus,
1427 5267 1504 5324 rei
1553 5282 1675 5323 cum
1723 5268 1850 5337 ipsis
1900 5271 2139 5327 erimus:

558 5369 718 5424 quam
744 5370 874 5410 vero
907 5355 1308 5412 innumerabilia
1328 5357 1419 5412 ille
1448 5359 1707 5430 permittit
1722 5358 1834 5415 fieri
1864 5372 1986 5416 ante
2012 5377 2143 5419 ocu-

559 5447 640 5501 lus
666 5462 813 5508 suos.
846 5463 963 5518 qua:
988 5447 1187 5517 utique,
1221 5448 1265 5503 si
1283 5450 1558 5516 noluisset,
1586 5452 1729 5508 nulla
1765 5455 1972 5510 ratione
2019 5471 2143 5526 per-

562 5546 792 5592 mitteret
814 5539 837 5593 ?
857 5546 909 5592 et
934 5546 1108 5592 tamen
1129 5539 1304 5608 justus
1330 5551 1384 5596 et
1407 5541 1577 5597 bonus
1604 5553 1704 5598 est.
1734 5545 1799 5599 Et
1822 5546 1962 5616 quod
2005 5564 2144 5617 pra:-

561 5627 735 5683 liendo
756 5628 1064 5699 patientiam
1091 5628 1181 5683 dat
1214 5630 1387 5687 locum
1420 5632 1765 5704 poenitentiae,
1815 5637 2002 5691 nolens
2043 5639 2143 5693 ali-

625 5763 639 5792 ¹
669 5771 764 5812 Am.
795 5770 845 5812 et
870 5769 975 5825 Mss.
1002 5761 1160 5813 Gallic.
1186 5774 1237 5815 et
1260 5770 1425 5825 \‘atic.,
1453 5767 1538 5819 eis.

621 5825 641 5852 ¹
668 5824 1062 5896 {intret-aliquot
1086 5832 1212 5889 Mss,
1239 5824 1426 5881 Nullum
1444 5829 1585 5895 elegit
1614 5829 1830 5895 dignum,
1855 5832 1939 5883 sed
1963 5830 2143 5896 eligen-

559 5882 627 5933 do
640 5882 1034 5949 elfecit‘dignzirn.

1334 432 1609 532 eorum
1647 470 1985 530 summum
2024 468 2143 525 ρει

2248 468 2488 542 ΙΑΝΟΜ,
2530 474 2588 532 S.
2630 476 3011 536 AUGUSTINI‘
3739 488 3828 547 79$

2250 603 2406 658 quem
2439 592 2617 660 perire
2669 591 2735 666 (ll
2757 594 2899 650 Petr.
2927 608 3006 662 ιιι,
3032 594 3109 668 9),
3138 596 3270 652 novit
3300 594 3567 654 Dominus
3600 601 3687 670 qui
3726 616 3828 659 sunt

2247 680 2355 750 ejus
2401 679 2468 744 (ll
2501 680 2635 738 Tim.
2664 684 2857 756 11,19),
2883 693 2937 741 et
2964 687 3133 740 omnia
3159 698 3477 757 coaperatur
3502 689 3522 722 ¹
3551 689 3604 744 in
3634 690 3823 762 bonum,

2247 774 2341 829 sed
2360 775 2437 829 Itis
2461 777 2544 847 qui
2569 777 2846 837 secundum
2871 779 3181 851 propositum
3201 781 3372 835 vocati
3398 791 3542 836 sunt.
3570 782 3683 838 Non
3697 786 3824 842 enim

2246 880 2434 923 omnes
2459 870 2549 939 qui
2578 871 2750 926 vocati
2788 879 2944 937 sunt,
2998 871 3288 927 secundum
3350 875 3689 944 propositum
3718 890 3827 936 sunt

2245 958 2439 1013 vocati.
2489 958 2643 1014 Multi
2681 962 2814 1015 enim
2850 961 3044 1027 vocati,
3087 961 3239 1033 pauci
3278 974 3405 1017 vero
3434 964 3583 1017 electi
3625 964 3821 1036 (Matth.

2245 1062 2377 1115 χιιι,
2400 1050 2510 1121 li).
2543 1051 2643 1118 Qui
2684 1066 2811 1122 ergo
2862 1051 3054 1119 electi,
3082 1052 3137 1108 hi
3167 1053 3475 1110 secundum
3507 1056 3823 1125 propositum

2245 1142 2439 1196 vocati.
2477 1141 2628 1202 Unde
2657 1152 2712 1199 et
2744 1144 2870 1199 alibi
2900 1144 3030 1201 dicit
3064 1162 3078 1198 :
3127 1145 3433 1201 Secundum
3474 1147 3706 1201 virtutem
3740 1147 3826 1204 Dei

2245 1232 2409 1287 salvos
2434 1250 2533 1287 non
2559 1235 2789 1306 facientis
2831 1243 2879 1290 et
2922 1237 3148 1294 vocantis
3176 1237 3449 1293 vocatione
3484 1254 3582 1292 sua
3620 1249 3824 1305 sancta;

2245 1339 2347 1378 non
2374 1326 2648 1380 secundum
2673 1344 2829 1399 opera
2852 1337 3044 1398 nostra,
3076 1328 3166 1384 sed
3184 1331 3470 1385 secundum
3492 1347 3641 1386 suum
3653 1349 3825 1403 propo-

2244 1417 2393 1472 situm
2420 1427 2466 1471 et
2489 1420 2730 1490 gratiam,
2762 1437 2876 1490 qua:
2903 1423 3023 1475 data
3059 1430 3131 1476 est
3170 1422 3314 1476 nobis
3362 1424 3420 1478 in
3471 1421 3675 1479 Christo
3716 1422 3827 1479 Iesu

2245 1522 2364 1566 ante
2387 1514 2572 1568 sa'cula
2605 1524 2791 1569 (eterna
2830 1514 2907 1589 (ll
2937 1514 3069 1571 Tim.
3093 1532 3132 1585 ι,
3158 1517 3194 1574 8
3214 1527 3261 1573 et
3282 1518 3368 1589 9).
3398 1517 3646 1589 Denique
3672 1527 3725 1575 et
3752 1521 3824 1573 hic

2245 1618 2367 1659 cum
2406 1605 2663 1673 dixisset,
2690 1608 2876 1663 Omnia
2915 1617 3215 1681 cooperatur
3240 1612 3293 1665 in
3321 1610 3518 1664 bonum
3548 1611 3627 1664 his
3654 1611 3736 1681 qui
3759 1628 3825 1664 se-

2245 1696 2465 1750 cundum
2478 1699 2790 1769 propositum
2806 1701 2964 1754 vocati
2977 1709 3094 1755 sunt
3112 1716 3132 1755 :
3150 1702 3411 1757 continuo
3420 1700 3676 1767 subdidit,
3699 1701 3822 1766 Quo-

2247 1789 2384 1842 niam
2407 1806 2533 1860 quos
2579 1800 2695 1846 ante
2737 1793 3021 1864 pra'scivit,
3049 1803 3095 1847 et
3138 1784 3823 1865 prardesttnarit‘conformes

2246 1880 2483 1951 imaginis
2503 1880 2628 1937 Filii
2657 1884 2787 1954 ejus,
2817 1893 2873 1938 ut
2909 1885 2973 1939 sit
2999 1885 3364 1957 primogenitus
3389 1885 3442 1939 in
3469 1885 3644 1938 multis
3666 1884 3819 1954 fratri-

2248 1972 2340 2027 bus
2362 1990 2380 2027 :
2400 1991 2524 2044 quos
2548 1985 2714 2030 autem
2743 1978 3112 2049 prxdestinavit
3135 2019 3149 2044 ,
3177 1978 3295 2033 illos
3323 1988 3374 2032 et
3400 1979 3621 2043 vocavit;
3644 1987 3688 2031 et
3713 1993 3820 2048 quos

2248 2067 2459 2134 vocavit,
2478 2068 2615 2138 ipsos
2635 2077 2681 2123 et
2693 2070 3015 2140 justi/icavit;
3034 2087 3158 2139 quos
3173 2080 3341 2125 autem
3353 2071 3677 2144 justiﬁcavit,
3695 2070 3814 2139 ipsas

2248 2165 2294 2212 et
2321 2158 2625 2229 glori/ienuit
2647 2160 2823 2231 (Rom.
2860 2177 2973 2227 vm,
3002 2161 3211 2232 28-50).
3259 2161 3324 2216 Hi
3374 2171 3506 2216 sunt
3545 2159 3816 2217 secundum

2251 2243 2580 2313 propositum
2602 2246 2793 2300 vocati.
2816 2246 2919 2317 Ipsi
2947 2261 3075 2317 ergo
3100 2246 3345 2313 electi,ct
3370 2247 3477 2302 hoc
3505 2256 3628 2301 ante
3657 2244 3814 2301 mundi

2249 2334 2682 2392 constitutionem
2711 2334 2926 2408 (Ephes.
2974 2352 3012 2402 ι,
3040 2336 3115 2409 ι),
3147 2337 3305 2397 ab.eo
3334 2336 3428 2408 qui
3456 2347 3609 2391 vocat
3628 2352 3687 2392 ea
3713 2351 3815 2407 quae

2250 2437 2354 2478 non
2374 2433 2498 2481 sunt
2526 2435 2774 2497 tanquam
2803 2427 2912 2482 sint
2938 2426 3113 2501 (Rom.
3143 2443 3217 2494 tv,
3251 2428 3368 2498 17).
3393 2425 3503 2483 Sed
3529 2426 3708 2488 electi.
3736 2440 3815 2496 per

2249 2514 2565 2572 electionem
2581 2518 2783 2588 gratize.
2808 2517 2961 2574 Unde
2977 2518 3102 2573 dicit
3125 2517 3263 2573 idem
3289 2517 3484 2574 doctor
3498 2526 3550 2573 et
3562 2516 3626 2572 de
3641 2514 3811 2571 lsrael:

2249 2604 2501 2679 Reliquias
2528 2625 2618 2679 per
2632 2608 2921 2663 electionem
2947 2609 3124 2681 gratia:
3148 2611 3299 2680 facta
3319 2618 3439 2663 sunt
3456 2610 3499 2661 ⁸.
3518 2607 3587 2663 Et
3611 2622 3673 2661 ne
3696 2604 3812 2659 forte

2251 2706 2374 2754 ante
2402 2699 2833 2756 constitutionem
2874 2698 3058 2758 mundi
3094 2714 3162 2756 ex
3205 2699 3465 2770 operibus
3498 2696 3810 2769 prazcognitis

2252 2799 2564 2859 putarentur
2587 2791 2740 2847 eiecti
2760 2834 2775 2859 ,
2804 2801 3019 2848 secutus
3044 2797 3127 2848 est
3147 2834 3162 2854 .
3190 2799 3245 2847 et
3271 2789 3523 2861 adjunxit
3544 2806 3558 2843 :
3582 2787 3641 2846 Si
3666 2795 3810 2840 autern

2250 2881 2437 2951 gratia,
2455 2881 2569 2952 jam
2590 2897 2690 2935 non
2715 2898 2779 2936 ex
2806 2881 3062 2952 operibus;
3085 2878 3309 2951 alioquin
3335 2880 3505 2953 gratia
3519 2880 3629 2951 jam
3646 2882 3808 2931 nonest

2251 2973 2418 3042 gratia
2444 2970 2553 3043 (Id.
2581 2989 2657 3039 ιι,
2688 2974 2742 3036 5.
2767 2973 2846 3045 6).
2866 2974 2943 3029 Ex
2961 2974 3062 3029 isto
3078 2987 3300 3028 numero
3320 2972 3616 3028 electorum
3632 2979 3680 3025 et
3696 2982 3810 3038 ιιι-πο

2251 3063 2635 3120 destinatorum
2661 3067 2817 3120 etiam
2836 3066 2921 3136 qui
2940 3065 3226 3136 pessimam
3247 3064 3522 3119 duxerunt
3538 3063 3710 3124 vitam,
3728 3073 3805 3128 per

2252 3156 2348 3212 Dei
2380 3155 2760 3228 benignitatem
2811 3157 3145 3212 adducuntur
3187 3155 3253 3211 ad
3296 3154 3695 3225 paenitentiam,
3729 3162 3807 3219 per

2252 3238 2404 3321 cujus
2430 3250 2738 3321 patientiam
2753 3264 2857 3304 non
2886 3258 3010 3304 sunt
3036 3248 3160 3308 huic
3188 3248 3309 3302 vitae
3341 3247 3398 3302 in
3428 3247 3540 3316 ipsa
3570 3242 3798 3299 scelerum

2252 3343 2647 3413 perpetratione
2667 3341 2924 3397 subtraeti
2949 3348 3038 3406 ;ut
3066 3338 3383 3394 ostendatur
3408 3345 3459 3392 et
3489 3335 3614 3406 ipsis
3643 3339 3692 3387 et
3709 3328 3806 3383 aliis

2252 3432 2623 3489 cohaeredibus
2652 3447 2868 3499 eorum,
2895 3430 2964 3486 de
2981 3445 3137 3501 quam
3179 3428 3449 3499 profundo
3487 3426 3623 3481 malo
3665 3418 3802 3492 possit

2254 3525 2345 3580 Dei
2374 3526 2542 3595 gratia
2560 3524 2808 3580 liberare.
2837 3525 2912 3578 Ex
2934 3523 3016 3577 his
3032 3536 3191 3579 nemo
3221 3522 3379 3590 perit,
3408 3527 3725 3589 quacumque
3744 3525 3802 3562 ω-

2252 3624 2359 3671 tate
2385 3616 2662 3670 moriatur.
2694 3615 2846 3670 Absit
2868 3613 3010 3670 enim
3031 3653 3046 3677 ,
3075 3622 3133 3667 ut
3158 3610 3562 3681 prardestinatus
3586 3605 3646 3658 ad
3664 3604 3799 3655 v'tam

2251 3707 2368 3763 sine
2391 3707 2738 3781 Sacramenta
2764 3705 3073 3763 Mediatoris
3126 3703 3278 3761 finire
3321 3703 3651 3776 permittatur
3687 3694 3799 3748 hanc

2250 3800 2413 3855 vitam
2433 3799 2475 3854 ³.
2524 3799 2748 3871 Propter
2793 3799 2893 3854 hos
2918 3796 2942 3830 ⁸
2970 3796 3226 3852 Dominus
3258 3796 3370 3862 ait,
3403 3792 3530 3848 Hazc
3555 3799 3622 3845 est
3656 3795 3797 3839 autem

2250 3893 2482 3947 voluntas
2511 3891 2618 3960 eius
2637 3892 2723 3961 qui
2764 3890 2900 3944 misit
2946 3905 3024 3944 me
3062 3888 3258 3951 Patris,
3286 3897 3342 3941 ut
3371 3901 3518 3941 omne
3535 3880 3661 3955 quod
3683 3875 3797 3931 dedit

2251 3983 2512 4048 mild,non
2528 3981 2736 4053 perdam
2762 3998 2827 4035 ex
2849 3997 2906 4035 eo
2934 3977 3129 4051 (Joan.
3163 3994 3234 4042 vt,
3259 3977 3328 4034 59
3361 3977 3407 4049 ).
3435 3973 3619 4033 Caneri
3645 3977 3793 4023 autem

2250 4075 2503 4131 mortales
2530 4074 2621 4146 qui
2650 4089 2715 4128 ex
2749 4073 2853 4127 isto
2883 4086 3107 4127 numero
3134 4085 3241 4125 non
3269 4079 3395 4125 sunt
3413 4110 3429 4133 ,
3469 4074 3523 4123 et
3550 4080 3611 4120 ex
3638 4058 3793 4115 eadem

2251 4165 2464 4237 quidem
2489 4178 2665 4219 massa
2694 4177 2761 4218 ex
2789 4177 2891 4231 qua
2919 4169 2974 4217 et
2999 4160 3107 4228 isti,
3136 4159 3229 4215 sed
3259 4174 3386 4214 vasa
3406 4159 3495 4212 irae
3524 4153 3637 4210 facti
3661 4154 3788 4208 suuh

2251 4259 2316 4314 ad
2343 4257 2621 4311 utilitatem
2653 4262 2942 4311 nascuntur
2962 4253 3205 4309 istorum.
3220 4249 3335 4305 Non
3353 4248 3493 4306 enim
3510 4247 3790 4316 quamquam

2251 4363 2434 4405 eorum
2469 4348 2606 4402 Deus
2627 4355 2826 4401 temere
2849 4359 2911 4400 ac
2939 4343 3160 4399 fortuito
3173 4350 3342 4407 creat,
3361 4350 3452 4396 aut
3477 4333 3597 4407 quid
3622 4332 3681 4386 de
3699 4326 3784 4381 illis

2251 4440 2377 4496 boni
2403 4448 2653 4510 operetur
2682 4438 2890 4507 ignorat
2915 4453 2929 4489 :
2959 4450 3080 4491 cum
3107 4444 3163 4490 et
3192 4433 3293 4488 hoc
3331 4433 3448 4503 ipso
3472 4430 3657 4485 bonum
3683 4429 3790 4518 ope:

2250 4542 2418 4598 retur,
2450 4531 2664 4602 quodin
2691 4529 2770 4586 eis
2790 4529 3076 4584 humanam
3100 4535 3250 4583 creat
3276 4534 3519 4580 naturam
3540 4562 3553 4584 ,
3586 4523 3637 4571 et
3658 4519 3789 4566 816's

2251 4626 2491 4682 ordinem
2520 4624 2702 4679 saeculi
2736 4623 3011 4693 praesentis
3038 4627 3281 4675 exornat.
3311 4618 3534 4672 Istorum
3557 4606 3786 4666 neminem

2254 4716 2471 4771 adducit
2490 4715 2553 4770 ad
2576 4714 2939 4784 pcenitentiam
2958 4711 3225 4765 salubrem
3255 4717 3310 4764 ct
3338 4702 3679 4777 Spiritualcm,
3705 4702 3785 4790 qua

2251 4808 2413 4863 homo
2442 4807 2495 4861 in
2520 4781 2732 4861 Cliristo
2756 4802 3131 4859 reconciliatur
3168 4800 3297 4865 Deo,
3326 4798 3438 4854 sive
3467 4793 3566 4848 illis
3599 4781 3787 4880 amplitr

2251 4916 2365 4956 rem
2394 4898 2720 4970 patientiam,
2750 4896 2862 4951 sive
2890 4911 2995 4949 non
3018 4894 3275 4962 imparem
3307 4888 3552 4960 praebeat.
3572 4880 3797 4970 Quamvis

2251 5005 2380 5061 ergo
2397 4968 2589 5045 omnes
2617 5004 2680 5043 ex
2712 4987 2898 5042 eadem
2929 4999 3103 5039 massa
3154 4979 3464 5052 perditiOnis
3511 4983 3562 5030 et
3596 4968 3783 5060 damna-

2252 5060 2413 5135 tionis
2437 5078 2730 5134 secnndum
2762 5076 3014 5131 duritiam
3061 5073 3241 5129 cordis
3281 5071 3363 5127 sui
3387 5077 3440 5125 et
3465 5080 3554 5123 cor
3574 5062 3785 5135 imptemf
3890 5102 3896 5108 _
3996 5060 3999 5135 )

2390 5212 2405 5236 ,
2451 5180 2706 5241 quantum
2737 5168 2803 5222 ad
2835 5167 2981 5237 ipsos
3012 5165 3275 5234 pertinet,
3326 5154 3663 5217 thesaurizent
3693 5134 3782 5241 sibi

2252 5234 2574 5320 iramiu'die
2605 5264 2730 5325 lrrc,
2775 5234 2880 5331 quo
2929 5258 3169 5337 redditur
3211 5256 3487 5325 unicuique
3530 5234 3781 5337 secumil'Il'

2224 5371 2412 5427 opera
2438 5370 2530 5409 sua
2558 5372 2568 5408 :
2603 5355 2742 5408 Deus
2772 5362 2948 5406 tamen
2975 5350 3108 5404 alios
3136 5333 3261 5403 inde
3297 5361 3390 5417 per
3426 5323 3778 5397 misericordem

2316 5469 2332 5499 ί
2362 5479 2460 5516 sm.
2487 5473 2559 5516 Er.
2586 5473 2640 5516 et
2661 5463 2876 5515 nonnulli
2915 5465 3399 5527 Mssqicooperantur.
3422 5453 3535 5504 vide
3556 5447 3709 5495 librum
3728 5432 3777 5480 δύ

2251 5530 2409 5603 Gratia
2424 5527 2897 5603 εειίρθτοωὲεγίρν
3517 5568 3645 5603 ..ιη
3665 5559 3776 5603 rana

2316 5560 3281 5641 etri’o’riacensis
3299 5580 3492 5639 addunt,
3514 5568 3645 5625 ωιυω
3662 5560 3726 5622 [ατ

2250 5651 2582 5719 sunt._sh_est,
2609 5648 2772 5719 sulcas,
2796 5662 2824 5698 a
2841 5642 3405 5719 ειηιποοιριιιιιιέιψρδιοιὶἶ
3663 5673 3773 5719 Mn

2318 5678 2378 5699 ιιι.
2410 5678 2553 5699 ηιιυδι.
2569 5686 2582 5707 9
2609 5678 2697 5700 ou"
2710 5678 2772 5708 ω,
2796 5678 2824 5698 α
2841 5678 2889 5711 δι
2904 5678 3003 5699 Llw
3019 5678 3157 5699 tUAlu
3182 5678 3400 5708 ἰμυῡυυιιο
3468 5701 3479 5713 ⁸
3723 5678 3732 5685 -

2318 5715 2338 5745 ³
2359 5712 2672 5774 Floriacensis
2691 5718 2787 5774 ists.
2812 5747 2827 5770 ,
2869 5716 2919 5760 ut
2941 5707 3303 5774 prtedcstinatos
3339 5703 3406 5757 ad
3661 5678 3752 5746 ﬁn"

2253 5773 2493 5847 permittat
2516 5773 2814 5845 hmtc't'itam.
2944 5773 2965 5847 '7
3029 5834 3039 5842 .
3168 5836 3209 5847 Α.
3234 5822 3575 5847 ’.ψιμώώ
3615 5818 3642 5847 1,
3644 5803 3772 5847 "mw

2319 5812 2493 5884 λ’ῖᾶἷὲζ
2504 5812 3138 5896 EG";i315;sanust-rutis
3163 5836 3215 5882 et
3232 5822 3590 5882 Oemblacensis,
3613 5812 3716 5865 I'Wt’

2256 5898 2357 5944 hoc.
