4118 6560
381 503 492 561 193

385 620 678 674 bonitatem
730 615 944 670 adducit
1010 611 1074 666 ad
1132 607 1542 681 paenitentiam,
1602 607 1734 661 alios
1786 622 1983 662 secun—

385 713 511 767 dum
548 706 749 782 justum
774 705 1031 778 judicium
1075 718 1182 758 non
1225 700 1460 756 adducit.
1499 698 1669 754 llabct
1712 698 1854 754 enim
1892 714 1987 769 po-

385 812 630 859 testatem
674 797 971 855 adducendi
1025 804 1081 851 et
1137 792 1412 856 trahendi,
1463 792 1581 863 ipso
1628 789 1852 844 Domino
1896 789 1982 845 di-

385 904 539 951 cente
559 937 572 958 ,
607 891 772 947 Nemo
823 890 955 944 venit
997 888 1065 943 ad
1091 903 1170 942 me
1195 927 1211 951 ,
1245 884 1343 939 nisi
1370 883 1544 948 Pater,
1592 883 1678 953 qni
1709 883 1845 936 misit
1871 899 1981 948 ine,

387 987 595 1043 traxerit
618 1001 731 1039 eum
758 981 936 1056 (Joan.
960 996 1029 1047 vt,
1059 980 1175 1052 44).
1192 975 1458 1047 Numquid
1484 983 1661 1030 autem
1692 974 1874 1030 Achab
1897 989 1984 1029 re-

308 1123 315 1127 .
385 1095 504 1153 gem
532 1077 851 1148 sacrilegum
880 1085 935 1131 et
963 1074 1183 1143 impium
1211 1069 1433 1126 adduxit
1476 1069 1542 1124 ad
1575 1068 1982 1139 pteuitentiam;

388 1181 479 1227 aut
498 1170 685 1225 saltem
716 1184 810 1238 per
835 1165 1148 1221 mendaeem
1179 1162 1423 1234 spiritum
1445 1161 1552 1231 jam
1580 1159 1801 1215 seducto
1827 1167 1985 1228 atque

388 1265 629 1333 decepto,
649 1259 955 1331 patientiam
975 1266 1029 1313 et
1045 1254 1496 1325 longanimitatem
1518 1249 1781 1322 praebuit?
1798 1248 1986 1305 Nonne

391 1354 441 1408 in
471 1367 536 1409 eo
552 1344 763 1413 statim,
793 1358 1014 1419 propter
1033 1345 1173 1416 quod
1200 1352 1316 1399 erat
1355 1341 1606 1397 seductus
1625 1382 1639 1405 ,
1685 1348 1859 1395 morte
1894 1355 1985 1393 ra-

391 1443 565 1514 piente
590 1440 912 1510 completum
942 1445 1027 1493 est
1049 1436 1137 1509 (lll
1171 1436 1295 1505 Reg.
1323 1429 1464 1502 χιιι)
1485 1432 1509 1485 ?
1527 1431 1658 1500 Quis
1682 1446 1804 1486 eum
1840 1430 1986 1484 dicat

390 1549 493 1588 non
517 1546 789 1603 peccasse,
821 1529 1032 1601 spiritui
1080 1525 1351 1582 credendo
1392 1524 1633 1580 mendaci
1654 1523 1679 1577 ?
1700 1523 1820 1593 quis
1845 1521 1988 1576 dicat

393 1625 494 1680 hoc
524 1632 798 1694 peccatum
828 1635 1040 1690 pteuam
1074 1633 1180 1673 non
1229 1616 1396 1671 fuisse
1423 1615 1649 1686 peccati,
1680 1614 1983 1670 venientem

389 1716 456 1772 de
478 1714 679 1786 judicio
711 1713 831 1775 Dei,
864 1711 929 1765 ad
976 1724 1134 1780 quem
1179 1708 1304 1778 legit
1349 1706 1664 1761 mendacem
1706 1705 1981 1777 spiritum,

388 1808 504 1861 sive
557 1805 800 1868 missum,
847 1804 960 1856 sive
992 1797 1359 1870 permissum?
1406 1797 1538 1866 Quis
1564 1796 1755 1851 horum
1789 1795 1986 1866 aliquid

388 1898 539 1961 dicit,
573 1895 673 1949 nisi
699 1894 787 1964 qui
816 1893 945 1948 dicit
973 1889 1114 1963 quod
1137 1890 1278 1958 vult,
1300 1897 1353 1944 et
1392 1887 1533 1960 quod
1561 1902 1746 1943 verum
1787 1895 1870 1942 est
1894 1901 1988 1941 au-

390 1988 507 2043 dire
536 2003 639 2040 non
669 1984 825 2039 vult?

465 2078 551 2133 15.
577 2076 707 2144 Quis
729 2090 858 2129 vero
884 2073 953 2128 ita
982 2071 1233 2142 desipiat,
1268 2078 1325 2126 ut
1348 2085 1471 2127 cum
1510 2069 1740 2126 audierit
1763 2067 1904 2139 quod
1932 2067 1986 2123 iu

393 2171 597 2241 psalmo
647 2168 878 2232 canitur,
913 2166 996 2220 Ne
1041 2166 1215 2220 tradas
1245 2181 1357 2231 me,
1405 2164 1649 2229 Domine,
1680 2180 1712 2218 a
1741 2162 1989 2217 desiderio

393 2277 501 2314 meo
528 2258 778 2329 peccaturi
808 2255 982 2326 (Psal.
1010 2271 1232 2323 cxxxtx,
1254 2254 1348 2325 9):
1379 2253 1482 2309 hoc
1506 2253 1651 2308 dicat
1680 2267 1865 2308 orasse
1888 2252 1987 2306 lio-

394 2353 615 2416 minem,
650 2366 717 2405 ue
746 2351 886 2405 Deus
914 2349 983 2403 sit
1005 2347 1211 2419 patiens
1228 2362 1355 2418 erga
1377 2346 1559 2412 illum;
1601 2346 1647 2401 si
1670 2364 1688 2397 ι
1711 2346 1852 2401 Deus
1880 2361 1988 2400 non

397 2443 558 2500 tradit
585 2451 643 2497 ut
668 2443 803 2497 mala
850 2441 997 2505 liaut,
1025 2439 1127 2494 nisi
1172 2440 1463 2510 patientem
1501 2438 1798 2494 bonitatem
1845 2451 1990 2506 prae-

396 2534 570 2591 bendo
587 2548 709 2588 eum
725 2533 853 2587 liunt
866 2530 976 2606 (a)?
995 2549 1015 2584 ι
1037 2529 1175 2600 Quid
1191 2538 1275 2586 est
1288 2538 1466 2585 autem
1487 2529 1631 2601 quod
1657 2527 1892 2598 quotidie
1904 2526 1992 2582 di-

395 2628 590 2696 cimus,
622 2624 707 2684 Ne
733 2641 826 2683 nos
845 2624 1037 2697 inferas
1065 2625 1118 2681 in
1144 2623 1469 2680 tentationem
1499 2621 1713 2699 (Matth.
1743 2636 1823 2686 vr,
1868 2618 1991 2692 i3);

396 2721 500 2776 nisi
530 2728 588 2774 ut
616 2733 721 2774 non
752 2716 1028 2774 tradamur
1045 2715 1497 2788 concupiscentiis
1544 2711 1789 2771 nostris?
1813 2709 1993 2771 Unus-

397 2812 625 2883 quisque
646 2810 789 2865 enim
810 2818 1044 2865 tentatur
1059 2824 1087 2863 a
1111 2808 1542 2879 concupiscentia
1574 2823 1668 2863 sua
1696 2806 1996 2862 abstractus

397 2911 454 2957 et
492 2902 701 2956 illectus
738 2899 939 2973 (Jacobi
985 2915 1025 2967 ι,
1057 2897 1171 2972 li).
1219 2899 1301 2953 An
1330 2898 1466 2954 forte
1505 2898 1608 2954 hoc
1644 2912 1677 2952 a
1720 2897 1828 2952 Deo
1860 2895 1997 2966 peti-

400 3006 540 3057 mus,
570 2999 627 3044 ut
657 3005 760 3045 non
783 2990 852 3043 sit
877 3003 1002 3060 erga
1047 3003 1147 3043 nos
1176 2988 1386 3057 patiens
1429 2986 1638 3042 bonitas
1682 2986 1799 3057 ejus
1826 2985 1850 3039 ?
1877 2984 1995 3040 Non

401 3097 532 3152 ergo
559 3081 675 3151 ejus
704 3081 1015 3135 invocamus
1044 3076 1468 3132 misericordiam
1492 3117 1507 3141 ,
1539 3076 1633 3132 sed
1667 3076 1845 3146 potius
1892 3075 1997 3129 ira-

401 3170 649 3227 cundiam
676 3184 1052 3240 provocamus.
1074 3166 1206 3236 Quis
1227 3167 1325 3221 ista
1349 3166 1521 3235 sapiat
1544 3165 1866 3220 sauus?imo
1878 3165 1998 3235 quis

414 3266 488 3322 vel
516 3265 749 3320 furiosus
773 3263 888 3318 haec
915 3261 1100 3317 dicat?
1124 3259 1307 3315 Tradit
1327 3274 1455 3330 ergo
1469 3258 1608 3313 Deus
1637 3258 1691 3312 in
1720 3255 2000 3327 passiones

408 3355 714 3427 ignominia:
738 3396 753 3420 ,
788 3361 846 3408 ut
876 3353 1007 3406 [iant
1047 3366 1167 3422 quae
1209 3365 1315 3405 non
1342 3348 1700 3414 conveniunt;
1747 3346 1842 3403 sed
1884 3349 1999 3418 ipse

404 3446 788 3504 convenienter
814 3444 973 3499 tradit
998 3461 1011 3498 :
1040 3451 1094 3498 et
1122 3444 1254 3496 liunt
1281 3440 1468 3497 eadem
1495 3448 1716 3510 peccata
1735 3479 1751 3505 ,
1795 3445 1850 3493 et
1871 3452 2000 3508 pec-

406 3548 651 3594 calorum
682 3535 940 3606 supplicia
967 3534 1382 3605 prmteritorum,
1415 3540 1470 3587 et
1493 3531 2003 3600 suppliciorumtne-

406 3630 509 3684 rita
540 3629 833 3682 futurorum
860 3643 873 3679 ε
904 3627 1043 3680 sicut
1060 3623 1277 3678 tradidit
1293 3622 1474 3677 Achab
1495 3622 1547 3675 io
1569 3621 2004 3691 pseudoprophe-

408 3728 583 3773 tarum
610 3717 983 3781 mendacium;
1015 3716 1152 3769 sicut
1194 3712 1412 3768 tradidit
1458 3712 1697 3766 Rolioam
1728 3712 1777 3765 in
1812 3713 2001 3766 falsum

408 3811 692 3867 consilium
724 3809 816 3882 (Ill
844 3808 972 3880 Reg.
1001 3808 1118 3876 xu).
1148 3806 1298 3861 Facit
1324 3806 1441 3860 haec
1478 3804 1631 3859 miris
1673 3812 1729 3859 et
1756 3803 2001 3859 ineffabi-

409 3904 550 3960 libus
577 3902 770 3966 modis,
802 3901 891 3971 qui
923 3898 1224 3969 novitjusta
1247 3897 1446 3968 judicia
1476 3910 1594 3961 sua,
1618 3909 1724 3950 non
1752 3895 1925 3949 Solum
1950 3894 2002 3949 in

409 3996 725 4065 corporibus
740 3993 1040 4057 hominum,
1056 3990 1150 4045 sed
1175 3999 1229 4067 et
1255 3990 1307 4043 in
1332 3988 1463 4057 ipsis
1487 3986 1738 4042 cordibus
1765 3985 1999 4057 operari.

409 4090 510 4157 Qui
540 4102 644 4141 non
678 4085 803 4139 facit
827 4084 1135 4138 voluntates
1162 4080 1365 4145 malas;
1395 4078 1489 4134 sed
1527 4080 1694 4133 utitur
1719 4079 1801 4133 eis
1830 4086 1889 4131 ut
1912 4092 2007 4130 vo-

412 4178 590 4242 lui-rit,
618 4191 740 4231 cum
775 4172 977 4245 aliquid
1020 4172 1201 4243 inique
1241 4170 1377 4225 velle
1417 4185 1524 4224 non
1549 4170 1738 4239 possit.
1778 4169 2007 4223 Exaudit

412 4266 693 4339 propitius,
718 4280 823 4319 non
852 4264 1069 4319 exaudit
1106 4262 1271 4317 iratus
1304 4278 1318 4314 :
1350 4269 1405 4316 et
1419 4275 1625 4326 rursus,
1653 4274 1759 4314 non
1782 4260 2002 4314 exaudit

411 4358 699 4430 propitius,
732 4355 948 4410 exaudit
982 4355 1169 4409 iratus.
1213 4352 1391 4408 Parcit
1421 4352 1701 4422 propitius,
1732 4366 1839 4407 non
1880 4368 2005 4419 par-

409 4452 484 4504 cit
505 4450 673 4502 iratus
698 4464 712 4501 :
742 4454 798 4501 ct.
819 4461 1028 4513 rursus,
1060 4460 1165 4498 non
1196 4446 1369 4515 parcit
1392 4444 1674 4514 propitius,
1700 4446 1869 4513 parcit
1897 4445 2004 4499 ira-

412 4548 499 4594 lus
520 4557 533 4592 :
560 4548 717 4608 atque
738 4537 791 4591 in
818 4537 906 4592 his
925 4537 1176 4591 omnibus
1199 4536 1370 4591 bonus
1393 4544 1700 4605 perseverat
1728 4543 1782 4590 et
1807 4534 2005 4605 justus.

412 4630 523 4687 Sed
564 4630 632 4685 ad
680 4629 796 4684 ιιωο
843 4629 962 4699 quis
1004 4627 1228 4682 idoneus
1250 4626 1314 4700 (ll
1338 4626 1456 4681 Cor.
1480 4642 1538 4691 ιι,
1572 4626 1913 4698 lG)?utique
1941 4626 2009 4682 ad

415 4722 533 4777 haac
552 4721 666 4790 ejus
695 4718 1086 4791 perscrutanda
1115 4728 1170 4773 et
1197 4717 1566 4787 investiganda
1606 4717 1806 4787 judicia
1828 4758 1844 4783 ,
1889 4718 2009 4788 quis

415 4814 577 4868 homo
600 4812 823 4867 idoneus
843 4854 858 4877 ,
908 4827 1065 4881 quem
1111 4810 1458 4880 corruptibile
1490 4820 1743 4880 aggravat
1770 4825 1967 4882 corpus
1990 4854 2007 4878 ,

411 4905 623 4960 etiamsi
657 4903 973 4972 haheatjam
1003 4903 1171 4956 sancti
1201 4901 1431 4971 Spiritus
1452 4902 1684 4971 pignus?

486 4995 577 5051 16.
605 4993 710 5050 Sed
738 4994 900 5048 homo
929 4994 1230 5061 intelligens
1255 5001 1310 5046 et
1348 5001 1554 5057 acutus,
1590 4991 1847 5059 «justam»
1873 4992 2011 5048 dicis

418 5106 438 5140 ι
467 5097 592 5142 esse
617 5085 893 5139 libidinem
923 5094 978 5139 et
997 5082 1170 5138 laudis
1203 5082 1469 5152 pneconio
1494 5081 1891 5154 prredicandam
1918 5124 1933 5147 ,
1962 5083 2006 5138 si

412 5193 536 5233 eum
566 5177 657 5247 qui
689 5176 802 5233 Deo
831 5189 938 5230 non
986 5174 1244 5237 obedivit.
1271 5188 1375 5229 non
1419 5173 1494 5228 illi
1526 5173 1826 5230 obediendo
1851 5176 2010 5245 puni-

413 5272 511 5325 vit.
527 5290 545 5323 I
574 5270 631 5326 Si
657 5267 950 5341 prudenter
969 5266 1058 5322 hic
1081 5281 1320 5336 saperes,
1349 5265 1590 5336 profecto
1609 5280 1730 5323 esse
1755 5268 2012 5338 iniquita-

414 5372 521 5415 tem
538 5360 766 5425 videres,
798 5372 901 5430 qna
921 5360 938 5389 ³
971 5372 1094 5428 pars
1118 5355 1345 5411 inferior
1375 5357 1606 5410 hominis
1632 5366 1898 5429 repugnat
1921 5373 2013 5414 su-

415 5452 799 5523 perioriatque
832 5449 1039 5509 meliori
1071 5465 1085 5502 :
1121 5458 1177 5505 et
1220 5458 1397 5505 tamen
1430 5449 1575 5517 juste
1618 5450 1856 5520 iniquum
1901 5466 2013 5506 suae

416 5546 596 5600 carnis
621 5545 901 5611 iniquitate
919 5544 1185 5614 punitum,
1215 5544 1349 5597 sicut
1380 5551 1462 5599 est
1493 5558 1583 5598 rex
1617 5543 1827 5612 iniquus
1856 5544 2011 5597 mali-

419 5639 503 5705 gni
532 5638 750 5707 spiritus
771 5636 1045 5707 iniquitate
1068 5635 1311 5708 punitus.
1336 5635 1416 5689 An
1448 5642 1500 5688 et
1524 5636 1692 5702 ipsum
1726 5634 2013 5704 malignum

420 5732 663 5801 Spiritum
688 5730 904 5786 laudare
933 5725 1221 5801 disponis?
1252 5727 1344 5783 Eia
1374 5743 1470 5798 age
1491 5768 1506 5793 ,
1535 5727 1660 5798 quid
1691 5727 1964 5784 moraris.’
1992 5727 2016 5781 ἲ

484 5825 501 5891 ξ
527 5825 669 5891 vatio.
694 5830 899 5891 quatuor
915 5829 1028 5891 atss.
1055 5827 1109 5871 et
1129 5819 1501 5891 Flogiacmqnia.

484 5832 497 5855 ι
527 5832 669 5895 vatio.
694 5832 899 5892 quatuor
924 5832 1028 5871 uss.
1055 5832 1109 5871 et
1129 5832 1345 5915 Flos-ac"
1369 5832 1501 5891 quia.

484 5887 504 5914 ί
531 5886 668 5940 ωιιι,
698 5894 799 5939 Lm,
843 5885 958 5945 quid
992 5896 1230 5933 moraris.
1273 5881 1566 5942 Addidiuius,
1604 5894 1708 5946 age,
1746 5897 1808 5933 ex
1851 5894 2014 5934 mauu-

423 5955 604 6007 scripto
629 5946 931 5994 liluriart‘ttsi.

482 6009 557 6058 ta)
598 6008 763 6057 Iuliani
788 6010 888 6057 b-vc
916 6007 1103 6058 videtur
1129 6016 1390 6057 sententia.

1760 490 1959 546 LIBER
2002 490 2321 561 eamus.

3573 495 3677 549 795

2095 607 2255 661 Decet
2282 605 2427 660 enim
2470 612 2520 659 te
2553 602 2824 657 inimicum
2854 601 3096 670 gratuita:
3126 601 3217 657 Dei
3246 602 3531 673 bonitatis,
3564 609 3679 664 lano

2088 697 2331 783 datorem
2376 696 2596 765 spiritus
2625 710 2745 751 esse
2775 696 3065 752 mendacis.
3096 696 3205 753 Nec
3233 699 3499 756 laborahis
3525 700 3679 758 iuve-

2090 791 2204 845 nire
2232 787 2358 860 quid
2388 787 2536 843 dicas
2568 788 2791 844 :laudes
2817 789 2933 859 ejus
2966 798 3178 860 paratas
3225 789 3423 857 habes,
3466 795 3509 847 si
3564 793 3681 849 ha‘c

2089 881 2199 951 ipsa
2228 880 2281 935 in
2304 894 2425 935 eum
2450 879 2610 935 verba
2634 881 2968 937 transtuleris
2987 921 3002 947 ,
3037 896 3156 951 qua)
3186 884 3411 953 posuisti
3444 884 3494 938 in
3525 885 3681 940 laude

2089 972 2359 1038 libidinis,
2388 972 2536 1029 velut
2567 972 2946 1044 consequentia
2998 974 3315 1028 sententiam
3341 990 3512 1029 meam
3533 1017 3548 1041 ,
3578 991 3681 1046 qua

2088 1079 2188 1134 ego
2208 1063 2316 1119 dixi
2339 1105 2355 1130 ,
2392 1082 2413 1115 ‹
2442 1061 2701 1133 lujustum
2731 1063 2874 1117 enim
2918 1070 3034 1117 erat
3062 1072 3119 1117 ut
3147 1064 3611 1134 obtemperaretur
3649 1082 3679 1119 a

2088 1170 2246 1211 servo
2272 1171 2388 1221 suo,
2420 1155 2523 1211 hoc
2552 1165 2634 1210 est
2662 1170 2691 1210 a
2724 1170 2951 1224 corpore
2990 1170 3119 1222 suo,
3141 1157 3190 1210 ei
3223 1157 3310 1227 qui
3341 1173 3447 1212 nou
3474 1158 3684 1213 obtein-

2092 1254 2371 1316 peraverat
2397 1244 2625 1300 Domino
2649 1259 2746 1299 suo
2771 1263 2790 1297 ›
2815 1243 2917 1317 (De
2936 1245 3145 1315 Nuptiis
3167 1255 3211 1300 et
3241 1245 3682 1317 Concupiscentia,

2089 1338 2157 1391 lib
2200 1339 2249 1404 l,
2277 1354 2332 1390 η.
2365 1336 2446 1408 7).
2475 1336 2627 1404 Quod
2661 1344 2716 1391 tu
2737 1352 2958 1407 negans,
2977 1346 3027 1392 et
3052 1336 3241 1391 falsum
3264 1352 3384 1393 esse
3399 1338 3682 1402 deridens,

2087 1428 2233 1483 velut
2271 1427 2561 1483 ostendere
2604 1428 2819 1481 voluisti
2845 1442 2965 1496 quas
2995 1437 3313 1496 sequeretur
3340 1427 3679 1494 absurditas:

2089 1528 2339 1591 tanquam
2366 1520 2856 1590 ultricempeccati,
2874 1520 2920 1574 si
2940 1518 3043 1575 hoc
3060 1521 3127 1574 ita
3149 1529 3252 1588 est,
3275 1521 3546 1576 libidinem
3575 1522 3686 1576 lau-

2096 1612 2249 1695 dans.
2283 1611 2441 1667 Certe
2472 1613 2632 1667 istum
2667 1613 2979 1667 mendacem
3026 1614 3272 1683 Spiritum
3300 1615 3427 1686 quia
3460 1616 3682 1686 impium

2087 1718 2303 1773 regem,
2335 1702 2473 1757 sicut
2499 1705 2824 1770 merebatur,
2856 1703 3087 1758 fallendo
3114 1704 3275 1758 traxit.
3321 1703 3390 1759 ad
3418 1713 3682 1774 mortem,

2088 1809 2196 1850 non
2219 1809 2380 1864 negas
2406 1794 2696 1864 iniquitatis
2725 1794 2974 1850 ultorem.
3030 1794 3170 1850 Ecce
3200 1811 3298 1867 ego
3325 1804 3379 1851 et
3409 1795 3497 1851 hic
3524 1796 3647 1852 dico
3666 1837 3683 1864 ,

2089 1885 2346 1956 lujustum
2373 1884 2515 1940 enim
2542 1893 2657 1939 erat
2688 1897 2741 1939 ut
2764 1885 2853 1955 qui
2887 1901 2992 1939 non
3022 1886 3327 1940 crediderat
3370 1887 3481 1941 Deo
3512 1902 3641 1942 vero
3666 1929 3683 1954 ,

2090 1993 2195 2033 nou
2213 1977 2551 2048 deciperetur
2570 1993 2599 2031 a
2629 1977 2782 2033 falso.
2808 1979 2987 2034 Lauda
3012 1995 3141 2051 ergo
3167 1989 3221 2035 et
3246 1981 3399 2035 istius
3419 1981 3682 2051 justitiam

2089 2069 2360 2136 falsitatis,
2390 2077 2445 2124 et
2473 2069 2561 2124 dic
2589 2085 2707 2140 qua!
2732 2070 2910 2125 dixisti
2939 2072 2990 2125 in
3023 2072 3179 2127 laude
3207 2073 3438 2128 libidinis
3466 2093 3478 2128 :
3504 2093 3523 2127 ι
3550 2073 3685 2141 Quia

2094 2158 2228 2214 nihil
2258 2175 2319 2215 ea
2344 2168 2522 2229 potest
2563 2160 3211 2229 laudabilius'aestimari,
3264 2164 3310 2218 si
3356 2165 3685 2235 iniquitatem

2091 2253 2198 2308 ulta
2229 2253 2501 2308 commissi
2554 2254 2695 2321 est‘,
2727 2253 2773 2307 si
2805 2253 3097 2309 vindicavit
3147 2255 3397 2324 injuriam
3448 2257 3580 2321 Dei,
3632 2268 3689 2312 et

2092 2344 2216 2415 quia
2247 2343 2319 2398 ita
2350 2344 2677 2398 consortium
2710 2344 2910 2412 peccati
2940 2358 3045 2398 non
3088 2345 3288 2413 habuit,
3344 2353 3402 2401 ut
3450 2347 3687 2402 ofﬁciunt

2090 2434 2413 2489 vindicantis
2437 2440 2786 2488 assumeret.»
2819 2432 3007 2488 Omnia
3053 2433 3169 2489 ha'c
3220 2435 3512 2490 secundum
3570 2445 3688 2491 tuos

2092 2523 2818 2585 acutissimossensus,recte
2838 2522 3093 2578 dicuntur
3111 2534 3163 2578 et
3196 2524 3249 2578 in
3280 2524 3689 2580 illiusimmuudi

2093 2616 2311 2687 spiritus
2337 2613 2498 2670 laude
2520 2616 2566 2667 ³.
2597 2613 2741 2685 Ergo
2768 2614 3095 2684 praeconium
3119 2616 3264 2670 vocis
3282 2615 3303 2647 ³
3331 2628 3430 2671 tute
3455 2618 3506 2672 in
3533 2618 3690 2672 simili
3766 2640 3775 2671 :

2094 2720 2279 2775 causa,
2302 2713 2392 2763 aut
2410 2704 2653 2763 mendaci
2672 2704 2840 2763 redde
2864 2705 3094 2779 spiritui,
3125 2714 3217 2763 aut
3245 2707 3544 2765 contumaci
3568 2708 3693 2764 tolle

2097 2802 2329 2859 libidini.

2170 2896 2256 2951 l7.
2274 2893 2410 2963 Quid
2433 2892 2568 2964 fugis
2590 2893 2657 2949 ad
2686 2892 3121 2949 obscurissimam
3140 2893 3207 2949 de
3234 2890 3406 2949 anima
3438 2897 3691 2966 quaestio-

2100 3000 2220 3042 nem
2237 2986 2261 3039 ?
2276 2985 2329 3039 lu
2346 2985 2592 3055 paradiso
2615 2985 2682 3038 ab
2703 2985 2881 3037 animo
2896 2984 3108 3055 quidem
3143 2987 3305 3056 carpit
3329 2987 3489 3041 elatio
3510 3030 3524 3052 ,
3555 2996 3607 3042 et
3627 2988 3692 3042 ad

2098 3087 2423 3151 praeceptum
2446 3075 2942 3147 transgrediendtuu
2982 3077 3105 3133 inde
3125 3080 3407 3132 consensio
3426 3121 3441 3143 ,
3470 3088 3692 3149 propter

2098 3174 2239 3245 quod
2258 3172 2459 3227 dictum
2489 3181 2571 3225 est
2592 3186 2619 3222 a
2650 3179 2919 3241 serpente,
2953 3167 3109 3224 Eritis
3136 3170 3264 3223 sicut
3303 3172 3375 3223 dii
3420 3170 3572 3237 (Gen.
3610 3187 3688 3237 in,

2099 3266 2154 3338 5)
2177 3284 2195 3320 :~
2224 3264 2316 3321 sed
2347 3272 2617 3333 peccatum
2643 3261 2771 3316 illud
2803 3262 2961 3315 homo
2992 3271 3132 3316 totus
3164 3262 3419 3333 implevit.
3438 3263 3586 3318 Tunc
3615 3273 3699 3318 est

2100 3370 2226 3410 caro
2252 3355 2383 3409 facta
2419 3354 2651 3424 peccati,
2681 3351 2834 3420 cujus
2863 3351 2988 3406 vitia
3020 3362 3281 3407 sanantur
3306 3354 3415 3408 sola
3445 3353 3698 3407 similitu-

2100 3445 2225 3500 dine
2253 3445 2433 3499 carnis
2461 3443 2683 3514 peccati.
2716 3441 2786 3499 Ut
2814 3457 2941 3512 ergo
2978 3452 3031 3498 et
3059 3443 3235 3497 anima
3257 3452 3312 3499 et
3338 3459 3464 3500 caro
3502 3444 3700 3513 pariter

2103 3549 2388 3607 utrumque
2433 3535 2681 3606 puniatur
2705 3577 2720 3600 ,
2760 3534 2859 3588 nisi
2889 3534 3029 3604 quod
3060 3536 3295 3590 nascitur
3318 3574 3333 3596 .
3367 3536 3700 3592 renasccndo
3728 3581 3742 3593 .

2102 3629 2422 3685 emundetur
2451 3626 2473 3659 ⁸
2496 3643 2512 3693 ;
2532 3627 2782 3698 [proiecto
2808 3635 2901 3681 aut
2926 3636 3208 3697 utrumque
3237 3629 3475 3683 vitiatum
3502 3644 3567 3684 ex
3597 3629 3698 3683 lio-

2105 3722 2247 3776 miue
2274 3720 2521 3784 trahitur,
2576 3728 2667 3773 aut
2706 3718 2934 3774 alterum
2963 3735 3014 3773 m
3041 3720 3214 3774 altero
3258 3730 3507 3789 tauquam
3539 3723 3590 3775 iii
3620 3721 3701 3774 vi-

2105 3813 2234 3866 tiato
2280 3826 2407 3865 vase
2452 3808 2832 3879 corrumpitur,
2883 3809 2971 3864 ubi
3018 3810 3227 3864 occulta
3264 3809 3467 3880 justitia
3505 3810 3700 3867 divina}

2105 3904 2237 3974 legis
2264 3900 2572 3957 includitur.
2601 3900 2737 3966 Quid
2769 3909 2950 3956 autem
2979 3899 3169 3955 horum
3196 3900 3265 3956 sit
3295 3915 3502 3970 verum,
3531 3902 3701 3957 liben-

2106 3999 2210 4049 tius
2236 3993 2386 4049 disco
2412 4008 2569 4062 quam
2594 3991 2737 4057 dico,
2758 4005 2824 4046 ne
2847 3991 3072 4046 audeam
3097 3991 3294 4047 docere
3319 3992 3461 4063 quod
3491 3993 3696 4048 nescio.

2107 4085 2220 4140 lloc
2266 4096 2441 4139 tamen
2483 4084 2616 4150 scio,
2663 4082 2713 4137 id
2760 4082 2953 4137 horum
2981 4096 3102 4138 esse
3148 4098 3354 4150 verum,
3397 4084 3537 4155 quod
3571 4083 3702 4139 tides

2108 4191 2255 4241 vera,
2302 4176 2542 4244 antiqua,
2588 4173 2874 4242 catholica,
2922 4188 3025 4244 qua
3071 4173 3308 4229 creditur
3347 4185 3402 4231 et
3446 4176 3703 4232 asseritur

2107 4265 2370 4337 originale
2410 4272 2686 4335 peccatum
2711 4305 2728 4331 ,
2757 4279 2862 4318 nou
2891 4279 3012 4320 esse
3038 4248 3567 4321 convicerit'l‘alsum.
3599 4265 3700 4320 Ista

2111 4359 2243 4415 ﬁdes
2269 4374 2374 4413 non
2406 4367 2627 4428 negetur
2658 4374 2671 4412 :
2705 4367 2761 4413 et
2786 4357 2888 4413 hoc
2915 4358 3056 4427 quod
3092 4357 3160 4413 de
3202 4359 3377 4413 anima
3419 4359 3576 4423 latet,
3611 4367 3707 4414 aut

2110 4465 2174 4505 ex
2201 4450 2309 4504 otio
2335 4448 2584 4513 discitur;
2606 4454 2719 4515 aut,
2748 4447 2887 4502 sicut
2916 4448 3016 4502 alia
3046 4449 3210 4502 multa
3241 4449 3292 4502 iu
3317 4448 3417 4503 hac
3430 4449 3558 4512 vita,
3586 4448 3704 4503 sine

2110 4543 2296 4599 salutis
2320 4543 2441 4598 labe
2469 4543 2723 4598 nescitur.
2756 4541 2922 4611 Magis
2947 4540 3087 4596 enim
3117 4539 3411 4595 curandum
3440 4548 3523 4595 est
3545 4581 3560 4604 ,
3591 4541 3705 4595 sive

2111 4635 2165 4690 iu
2208 4634 2465 4705 parvulis,
2512 4634 2627 4690 sive
2670 4632 2724 4688 in
2765 4631 3089 4703 grandibus,
3120 4646 3228 4702 quo
3268 4631 3443 4685 anima
3487 4639 3707 4685 sanetur

2112 4726 2312 4780 auxilio
2338 4765 2352 4791 ,
2384 4740 2543 4795 quam
2570 4738 2678 4795 quo
2700 4723 2882 4778 vitiata
2921 4722 2993 4777 sit
3025 4723 3220 4777 merito
3250 4738 3262 4775 :
3292 4735 3411 4791 qua:
3452 4729 3629 4776 tamen
3660 4719 3704 4774 si

2112 4817 2294 4873 vitiata
2319 4816 2620 4886 negabitur,
2643 4830 2744 4869 nec
2769 4813 3062 4869 sanabitur.

2185 4907 2429 4967 18.1Ilud
2459 4922 2587 4962 sane
2611 4923 2708 4962 cur
2735 4906 2957 4972 dixeris,
2984 4903 3287 4974 excogitare
3317 4916 3421 4957 non
3451 4902 3617 4971 potui,
3653 4901 3704 4956 iii

2112 5017 2179 5059 eo
2208 4999 2350 5072 quod
2380 4996 2815 5055 eommemorasti
2849 4994 3049 5051 dixisse
3079 4992 3398 5065 Apostolum
3420 5032 3436 5058 ,
3466 4992 3536 5046 Et
3563 5001 3707 5047 tene-

2117 5095 2220 5150 bris
2245 5092 2505 5165 oppletnm
2551 5098 2623 5145 est
2648 5089 2890 5160 insipiens
2932 5102 3021 5143 cor
3063 5102 3237 5142 eorum
3265 5083 3459 5156 (Rom.
3490 5099 3542 5148 ι,
3577 5083 3640 5139 2|
3664 5083 3707 5155 ).

2114 5183 2382 5241 Addidisti
2407 5182 2571 5247 enim,
2607 5198 2626 5233 ς
2659 5178 2949 5234 notandum
2980 5191 3102 5234 esse
3125 5219 3141 5246 ,
3170 5177 3422 5248 quoniam
3449 5175 3713 5246 insipien-

2116 5276 2247 5331 tiam
2276 5288 2495 5331 causam
2538 5271 2684 5327 dicat
2713 5270 2952 5325 omnium
2980 5268 3267 5325 malorum.
3304 5286 3324 5321 s
3357 5268 3467 5322 Hoc
3491 5266 3707 5338 quidem

2117 5368 2318 5424 dixisse
2362 5365 2676 5436 Apostolum
2718 5378 2826 5418 non
2856 5363 2988 5419 satis
3027 5370 3259 5418 constat.
3292 5360 3400 5417 Sed
3430 5375 3537 5415 non
3584 5360 3709 5415 inde

2117 5457 2386 5515 contendo
2411 5473 2425 5509 :
2459 5465 2513 5510 tu
2543 5455 2719 5525 potius
2739 5469 2836 5509 cur
2864 5454 2969 5508 hoc
3006 5452 3206 5510 dixeris
3234 5466 3431 5521 quaero.
3466 5452 3546 5506 An
3574 5449 3712 5505 forte

2117 5554 2239 5623 quia
2288 5548 2492 5620 parvuli
2539 5563 2646 5603 non
2693 5554 2839 5603 recte
2885 5546 3137 5602 dicuntur
3182 5544 3534 5616 insipientes,
3586 5543 3709 5611 quia

2183 5678 2200 5709 ¹
2228 5676 2365 5734 Editi,
2409 5672 2454 5725 si
2498 5670 2748 5734 iniquitate
2788 5670 2892 5723 ulta
2930 5682 3184 5723 conmissa
3215 5673 3302 5720 est.
3338 5665 3661 5718 Emendantur
3684 5679 3715 5716 ιι

2118 5745 2228 5789 Mss.
2254 5739 2399 5787 vatie.
2427 5742 2481 5786 et
2501 5734 2665 5785 Gallic.

2183 5804 2204 5832 ²
2227 5808 2323 5849 Sex
2346 5806 2476 5857 Mss,
2497 5796 2708 5847 tandem.

2187 5863 2208 5894 ³
2235 5870 2333 5909 Am.
2361 5867 2435 5908 Er.
2464 5854 2515 5908 et
2538 5858 2635 5907 duo
2653 5866 2781 5915 Mss,
2804 5854 2983 5908 laudis.
3236 5918 3242 5919 ί
3606 5910 3614 5917 .
3686 5912 3695 5919 .

2186 5923 2207 5953 ³
2230 5922 2632 5983 εἰοιίιοιυὶιιοεηείε
2651 5921 2805 5969 codex
2832 5928 2883 5971 et
2907 5921 3124 5983 quinque
3149 5918 3356 5967 \‘aticant
3382 5922 3718 5975 titanuscrtptt.

2126 5992 2181 6035 At
2201 5985 2336 6047 cdtti,
2361 5982 2660 6035 emendetur.
