4098 6524
241 434 338 492 797

236 556 289 600 et
320 540 644 601 erubescere
699 547 754 597 te
794 535 930 595 dicis
962 535 1032 592 de
1076 532 1313 591 libidinis
1353 532 1584 588 motibus
1639 531 1823 602 dispu-

242 647 375 693 tare.

311 726 404 783 ςι.
432 722 574 793 Quid
602 730 783 779 autem
809 734 1058 790 magnum
1082 717 1254 773 fuerat
1279 714 1493 779 intueri,
1519 713 1662 785 quod
1684 722 1834 784 post-

245 830 466 888 eaquam
489 815 622 883 dixi,
655 833 674 867 t
701 814 771 871 Ut
793 812 897 868 alia
914 810 1152 867 membra
1183 818 1496 865 moveantur
1519 808 1749 876 positum
1773 804 1829 861 in

247 916 509 980 potestate
534 915 652 972 est;
702 924 723 958 ι
756 905 1010 961 continuo
1033 901 1240 972 subjeci
1263 942 1278 967 ,
1320 899 1534 971 quando
1559 899 1627 954 ab
1656 899 1831 969 impe-

248 999 499 1058 dimentis
527 1012 724 1067 corpus
752 996 980 1052 liberum
1022 993 1283 1050 habemus
1327 1001 1382 1048 et
1419 991 1650 1047 sanum?
1677 989 1833 1045 Som-

250 1109 346 1150 nus
373 1092 515 1147 enim
545 1089 760 1160 quando
787 1088 983 1143 invitus
1012 1086 1225 1156 premit,
1256 1094 1311 1139 et
1330 1082 1607 1148 lassitudo,
1640 1081 1823 1151 utique

252 1183 627 1254 impedimenta
668 1189 813 1247 sunt,
855 1177 1049 1249 quibus
1087 1175 1450 1233 membrorum
1479 1173 1689 1245 agilitas
1733 1171 1835 1226 im-

255 1276 484 1348 peditur.
516 1273 721 1329 Deinde
747 1272 891 1342 quod
922 1270 1066 1337 aisti,
1106 1288 1126 1323 t
1156 1284 1255 1325 nec
1282 1269 1333 1323 in
1359 1282 1478 1348 eam
1509 1275 1714 1337 partem
1743 1280 1830 1319 se-

248 1343 337 1439 qui
363 1364 602 1421 membra
646 1378 805 1435 quam
839 1363 1084 1418 volumus
1106 1404 1122 1429 ,
1151 1362 1195 1417 si
1230 1361 1301 1417 ita
1330 1343 1556 1416 velimus
1596 1366 1654 1413 ut
1678 1356 1834 1412 habi-

249 1467 332 1517 tus
355 1457 470 1527 ipse
510 1472 614 1510 non
642 1455 840 1525 patitur
870 1471 885 1506 :
922 1473 942 1507 ι
974 1469 1082 1509 non
1124 1451 1401 1509 attentlisti
1428 1456 1725 1521 propterea
1749 1462 1836 1503 me

245 1548 577 1619 prtedixisse,
613 1565 632 1598 t
672 1555 733 1602 ut
773 1545 840 1601 ad
880 1560 1041 1616 opera
1086 1544 1187 1599 sibi
1214 1557 1446 1614 congrua
1475 1548 1835 1606 moveantur;

243 1657 308 1697 ac
338 1656 436 1710 per
464 1639 567 1696 hoc
598 1640 645 1695 si
681 1654 743 1696 ea
770 1638 1013 1694 volumus
1032 1636 1252 1707 flectere
1280 1652 1387 1708 quo
1428 1650 1615 1693 eorum
1644 1641 1839 1690 natura

242 1750 352 1788 non
383 1736 580 1803 patitur
604 1773 621 1800 ,
649 1733 715 1788 ad
738 1747 903 1802 opera
936 1732 1037 1787 sibi
1063 1747 1170 1787 non
1193 1745 1427 1802 congrua
1467 1745 1575 1784 non
1598 1743 1835 1800 sequunv

242 1832 349 1881 tur.
399 1822 603 1878 Tamen
644 1822 859 1892 quando
909 1836 973 1879 ea
1016 1822 1295 1893 sequentia
1338 1820 1638 1878 voluntario
1685 1828 1838 1875 motu

164 1984 169 1995 ι
239 1912 485 1987 agimus,
518 1915 753 1971 libidinis
796 1915 1064 1986 adjutorio
1101 1930 1208 1971 non
1245 1928 1506 1986 egemus:
1535 1921 1737 1969 etcum
1765 1911 1836 1968 ab

238 2009 322 2066 eis
364 2002 647 2062 movendis
696 2020 910 2065 cessare
938 2005 1217 2071 volumus,
1244 2004 1501 2062 continuo
1540 2017 1833 2070 cessamus,

235 2109 342 2154 nec
378 2107 567 2155 contra
606 2097 937 2155 voluntatem
985 2108 1226 2155 nostram
1266 2097 1500 2156 stimulis
1546 2098 1565 2131 ⁸
1596 2096 1839 2154 libidinis

234 2191 564 2249 excitantur.

306 2284 404 2339 28.
461 2283 603 2342 Sane
645 2284 789 2356 quod
842 2280 997 2352 dicis,
1056 2303 1077 2339 ‹
1129 2286 1292 2343 etiam
1343 2284 1595 2357 genitalia
1633 2283 1837 2341 servire

236 2379 410 2435 animi
431 2378 721 2451 imperiop
740 2394 933 2435 novam
961 2378 1245 2450 quamdam
1267 2378 1543 2435 libidinem
1558 2376 1717 2444 dicis,
1743 2385 1837 2431 aut

229 2470 376 2526 forte
404 2470 566 2526 nimis
590 2470 865 2542 antiquam
888 2513 907 2538 ,
935 2470 1110 2542 qualis
1138 2479 1193 2527 et
1221 2470 1275 2525 in
1307 2470 1557 2541 paradiso
1578 2483 1701 2525 esse
1731 2482 1832 2538 po-

231 2563 454 2631 tuisset,
497 2562 543 2619 si
590 2577 752 2620 nemo
795 2570 1089 2635 peccasset.
1138 2561 1247 2619 Sed
1301 2562 1428 2632 quid
1483 2560 1607 2617 hinc
1656 2570 1832 2616 tecum

227 2669 389 2726 agam
417 2694 436 2719 ,
484 2652 700 2725 quando
747 2653 1137 2724 posterioribus
1191 2652 1367 2709 verbis
1416 2660 1469 2709 et
1519 2651 1621 2707 hoc
1667 2650 1832 2720 tollis,

227 2744 437 2816 quibus
472 2744 608 2801 dicis
628 2786 647 2813 ,
675 2762 695 2798 ι
729 2760 835 2801 non
866 2744 1070 2804 moveri
1097 2744 1214 2800 haec
1236 2743 1304 2800 ad
1333 2744 1496 2799 animi
1525 2743 1829 2813 imperium,

226 2836 329 2895 sed
370 2837 554 2910 potius
595 2836 910 2909 exspectare
936 2834 1293 2894 consensum?
1322 2854 1342 2888 υ
1376 2833 1488 2891 Nec
1512 2845 1689 2890 tamen
1713 2830 1836 2889 ideo

228 2930 409 2989 debes
426 2931 593 3007 istam
621 2930 897 2988 libidinem
927 2928 1054 2986 fami
1078 2929 1162 2987 vel
1190 2927 1311 2984 aliis
1346 2927 1610 2983 molestiis
1630 2926 1834 2982 nostris

227 3035 576 3095 comparare.
619 3018 774 3091 Quod
816 3018 960 3077 enim
1014 3033 1174 3075 nemo
1217 3031 1341 3074 cum
1369 3013 1509 3074 vult‘
1524 3016 1710 3081 esurit,
1743 3024 1835 3070 aut

223 3117 349 3172 sitit
375 3157 392 3182 ,
423 3123 520 3171 aut
542 3114 766 3187 digerit;
813 3112 1122 3185 indigentia:
1154 3120 1281 3168 sunt
1308 3112 1424 3168 istae
1453 3109 1726 3167 reficiendi
1750 3109 1833 3164 vel

224 3210 569 3267 exonerandi
593 3211 837 3282 corporis
860 3252 880 3277 ,
933 3209 1127 3280 quibus
1166 3208 1586 3264 subveniendum
1614 3214 1698 3262 est
1720 3248 1734 3273 ,
1765 3221 1834 3262 ne

223 3304 466 3361 ltedatur
491 3344 508 3371 ,
553 3311 647 3359 aut
680 3302 892 3359 occidat
945 3320 974 3358 :-
1002 3300 1262 3373 numquid
1299 3311 1478 3356 autem
1507 3299 1716 3355 laeditur
1741 3306 1836 3353 aut

219 3394 437 3451 occidit
470 3410 685 3465 corpus,
713 3395 761 3451 si
806 3394 1013 3451 libidini
1051 3408 1159 3449 non
1187 3392 1505 3449 adhibeatur
1542 3391 1835 3447 assensus?

219 3487 501 3542 Discerne
537 3500 668 3556 ergo
694 3486 834 3541 mala
860 3498 985 3557 qua:
1011 3499 1108 3556 per
1133 3485 1445 3556 patientiam
1484 3484 1829 3549 sustinemus,

214 3577 294 3631 ab
320 3575 409 3630 eis
436 3576 589 3632 malis
616 3592 736 3647 qute
759 3592 857 3650 per
882 3577 1267 3634 continentiam
1298 3577 1658 3634 refrenamus.
1694 3576 1829 3631 Nam

214 3679 277 3724 et
306 3667 407 3724 illa
453 3667 592 3723 mala
637 3680 798 3733 sunt,
827 3685 950 3741 quae
979 3670 1032 3725 in
1074 3685 1302 3740 corpore
1327 3670 1516 3727 mortis
1538 3669 1701 3741 hujus
1739 3684 1836 3741 po-

214 3759 441 3815 tuimus
464 3759 718 3829 experiri.
759 3759 985 3828 Qunntte
1022 3769 1199 3816 autem
1244 3771 1301 3817 ct
1325 3776 1485 3832 quam
1529 3761 1833 3832 tranquilla:

214 3848 521 3921 potestatis
543 3864 787 3906 essemus
812 3851 974 3907 etiam
1003 3851 1071 3907 de
1096 3852 1181 3908 his
1217 3855 1450 3909 motibus
1468 3896 1484 3920 ,
1516 3854 1710 3924 quibus
1734 3854 1834 3909 ali-

210 3953 418 4015 menta
443 3952 729 4001 sumuntur
741 3952 798 4000 et
821 3944 1152 4014 digeruntur,
1186 3946 1240 4000 in
1268 3946 1356 4000 illa
1396 3944 1648 4003 felicitate
1670 3961 1829 4017 para-

210 4035 352 4103 disi,
380 4034 508 4105 quis
537 4034 709 4106 possit
735 4043 793 4090 ut
830 4044 1037 4091 certum
1067 4045 1150 4091 est
1183 4035 1436 4108 indagare
1460 4078 1475 4104 ,
1522 4037 1641 4107 quis
1670 4048 1727 4093 ut
1751 4037 1833 4092 di-

210 4142 393 4197 gnum
425 4133 512 4180 est
535 4125 839 4195 explicare?
885 4125 983 4183 Ubi
1009 4126 1149 4182 absit
1178 4135 1236 4182 ut
1262 4127 1546 4185 credamus
1570 4170 1585 4194 ,
1617 4128 1824 4199 aliquid

208 4216 400 4273 fuisse
429 4215 572 4271 unde
599 4229 816 4273 sensum
846 4226 1086 4272 nostrum
1112 4257 1128 4286 ,
1175 4218 1290 4273 sive
1327 4219 1648 4275 intrinsecus
1671 4260 1686 4285 ,
1717 4219 1831 4275 sive

209 4309 574 4367 extrinsecus
613 4320 706 4365 aut
754 4309 910 4366 dolor
932 4319 1215 4382 pangeret,
1243 4322 1337 4367 aut
1365 4312 1514 4367 labor
1558 4311 1829 4383 fatigaret,

206 4414 312 4461 aut
342 4402 530 4475 pudor
567 4402 954 4470 confunderet,
983 4414 1075 4460 aut
1100 4404 1264 4461 ard0r
1308 4415 1512 4474 ureret,
1544 4416 1638 4462 aut
1683 4406 1833 4479 algor

206 4499 545 4567 stringeret.
577 4506 669 4553 aut
697 4496 890 4552 horror
912 4496 1232 4554 offenderet.

281 4589 386 4645 23.
412 4585 579 4656 Quid,
603 4586 744 4656 quod
769 4587 922 4642 istam
945 4587 1362 4657 pulcherrimam
1385 4589 1636 4646 famulam
1661 4601 1827 4659 tuam,

200 4694 383 4751 quam
413 4693 508 4734 me
534 4677 700 4747 pudet
725 4677 938 4735 assidue
960 4679 1043 4733 vel
1071 4679 1423 4749 vituperando
1452 4683 1748 4750 nominare,
1779 4695 1832 4742 te

200 4780 408 4828 autem
446 4767 744 4839 prmdicare
769 4784 875 4823 non
908 4767 1088 4838 pudet,
1120 4786 1141 4820 α
1173 4771 1685 4830 commendatiorem
1716 4775 1830 4831 fleri

201 4871 401 4933 putas,
439 4859 591 4931 quod
617 4860 666 4916 ei
695 4860 958 4925 serviunt,
982 4869 1041 4915 ut
1062 4860 1336 4916 ardentius
1362 4864 1645 4934 excitetur,
1670 4868 1831 4922 etiam

200 4961 440 5009 cetera
469 4950 712 5020 corporis
735 4960 939 5022 partes,
962 4952 1077 5008 sive
1101 4952 1244 5008 oculi
1271 4952 1517 5009 videntes
1541 4955 1609 5010 ad
1634 4970 1833 5013 concu-

198 5044 574 5117 piscendum.
603 5043 718 5100 sive
744 5044 850 5099 alia
889 5045 1129 5101 membra
1169 5045 1225 5100 in
1255 5046 1455 5102 osculis
1483 5056 1539 5103 et
1567 5049 1830 5118 amplexi-

198 5137 356 5195 bus?
395 5155 420 5190 ι
461 5135 637 5195 Aures
671 5149 887 5207 quoque
913 5135 1150 5193 hominis
1184 5137 1457 5209 quomodo
1485 5139 1536 5195 ei
1566 5141 1829 5198 subderes

198 5225 525 5293 invenisti,
570 5232 626 5282 et
667 5227 885 5284 erexisti
936 5227 1053 5298 ejus
1098 5228 1520 5286 vetustissimum
1571 5232 1823 5304 quidem,

198 5319 307 5377 sed
361 5318 536 5388 plane
593 5316 1038 5389 gloriosissimum
1089 5321 1299 5377 titulum
1323 5362 1340 5390 ,
1398 5338 1828 5382 commemorans

195 5411 360 5483 quod
398 5410 459 5465 in
494 5410 832 5479 expositione
859 5410 1219 5469 Consiliorum
1249 5430 1467 5471 suorum
1497 5416 1705 5474 Tullius
1734 5435 1830 5489 po-

194 5502 350 5557 suit:
385 5517 408 5553 t
443 5497 585 5567 Quia
606 5500 993 5557 cumvinolenti
1009 5501 1379 5562 adolescentes
1401 5506 1650 5563 tibiarum
1665 5508 1825 5565 etiam

194 5601 375 5649 cantu
402 5632 420 5657 ,
469 5598 531 5644 ut
559 5589 617 5644 fit
636 5632 652 5657 ,
682 5590 952 5657 instincti,
981 5592 1222 5650 mulieris
1253 5597 1457 5666 pudica:
1502 5598 1643 5655 fores
1674 5598 1821 5655 fran-

194 5692 444 5755 gerent;
481 5680 827 5738 admonuisse
855 5681 1148 5750 tibicinam,
1175 5696 1233 5741 ut
1261 5687 1555 5757 spondeum
1583 5702 1821 5757 caneret,

195 5773 561 5850 Pythagoras
587 5772 818 5829 dicitur:
849 5774 991 5844 quod
1017 5789 1135 5830 cum
1168 5777 1255 5833 illa
1288 5778 1498 5837 fecisset
1525 5824 1539 5849 ,
1570 5782 1822 5841 tarditate

264 5888 286 5923 ⁸
313 5886 475 5940 editi.
502 5881 708 5938 statutio.
733 5885 923 5953 Aliquot
945 5893 1074 5952 Mss,
1097 5887 1296 5944 “intuli.

1586 416 1788 476 LIBER
1825 412 2145 482 QUINTUS.

3414 421 3524 480 788

1944 527 2223 584 modorum
2255 534 2309 581 et
2332 525 2592 597 gravitate
2618 535 2806 584 cantus
2832 527 3050 586 illorum
3078 530 3340 589 furentem
3361 540 3524 604 petu-

1938 620 2157 677 lantiam
2183 618 2449 676 resedisse
2470 621 2513 699 f.
2556 636 2577 673 ι
2616 619 2777 676 Vides
2801 635 2928 692 ergo
2951 636 3114 692 quam
3146 626 3528 695 congruentius

1936 727 2037 785 ego
2064 710 2292 768 dixerim
2310 753 2327 779 ,
2353 711 2436 766 sui
2460 710 2598 782 juris
2624 709 2762 768 hanc
2788 726 2910 769 esse
2938 713 3171 783 quodam
3203 715 3363 770 modo
3382 756 3397 781 ,
3438 717 3527 772 cui

1936 806 2167 861 servitur
2191 806 2260 861 ab
2288 804 2409 860 aliis
2431 804 2700 873 sensibus,
2742 812 2801 860 ut
2830 806 2882 860 in
2913 820 3050 880 opus
3070 823 3236 863 suum
3280 807 3528 877 dignetur

1935 911 2242 967 assurgere,
2273 897 2360 954 vel
2397 912 2429 954 a
2472 911 2569 953 sua
2608 896 2972 953 commotione
3009 899 3371 970 requiescere.
3417 898 3528 953 lloc

1936 988 2078 1043 enim
2096 1002 2196 1059 ego
2216 987 2337 1043 ideo
2356 987 2486 1055 disi,
2506 990 2649 1060 quia,
2666 989 2803 1044 sicut
2821 989 2934 1059 ipse
2952 990 3229 1045 confessus
3246 1004 3327 1057 es,
3349 1007 3367 1042 t
3387 1004 3519 1043 con~

1937 1078 2169 1134 sentitur
2210 1078 2259 1135 ei
2304 1079 2482 1149 potius
2527 1094 2689 1151 quam
2728 1080 3040 1151 imperatur.
3087 1099 3108 1134 ι
3142 1079 3275 1135 Nam
3304 1088 3359 1134 et
3386 1079 3528 1151 quod

1944 1187 1964 1220 ι
1999 1169 2122 1224 aliis
2150 1170 2451 1226 concitatur
2479 1171 2743 1241 stimulis,
2787 1172 2873 1228 vel
2918 1171 3281 1228 modulamine
3323 1171 3528 1242 frangi-

1940 1266 2026 1314 tur
2048 1268 2105 1316 et
2124 1259 2361 1327 sedatur,
2398 1280 2418 1315 ›
2448 1262 2590 1318 sicut
2619 1262 2734 1333 ipse
2765 1263 3128 1334 prosequeris,
3154 1262 3391 1333 profecto
3421 1278 3528 1317 non

1941 1352 2112 1418 fieret,
2145 1353 2189 1407 si
2221 1353 2449 1409 serviret
2477 1352 2711 1411 hominis
2743 1355 3026 1411 voluntati.
3058 1354 3295 1411 Femina:
3325 1363 3527 1420 autem,

1938 1461 2073 1517 quas
2097 1447 2165 1503 ab
2194 1447 2297 1503 isto
2331 1458 2481 1504 metu
2513 1449 2779 1505 immunes
2821 1446 2988 1516 facis,
3036 1448 3279 1520 quama'is
3319 1447 3528 1519 possint

1939 1539 2081 1595 virili
2109 1541 2558 1612 concupiscentia:
2590 1542 2895 1613 subjacere,
2938 1551 2994 1598 et
3031 1540 3246 1613 quando
3287 1556 3392 1595 non
3437 1555 3532 1608 pa-

1940 1633 2144 1687 tiuntur
2167 1648 2352 1700 suam;
2386 1643 2564 1690 tamen
2589 1644 2845 1706 quantum
2872 1635 2990 1704 ejus
3018 1635 3179 1691 etiam
3212 1635 3342 1705 ipsae
3369 1633 3531 1687 suffe-

1939 1736 2059 1780 rant
2084 1724 2358 1796 lmpetum,
2383 1728 2468 1782 cui
2497 1736 2756 1799 repugnat
2781 1727 2946 1784 decus
2973 1727 3334 1798 honestosque
3358 1734 3532 1782 casta-

1941 1833 2081 1885 rum,
2115 1818 2686 1891 interrogeturJoseph
2701 1819 2855 1892 (Gen.
2876 1835 3048 1875 xxxtx
3072 1820 3109 1890 ).
3131 1819 3369 1876 Debuisti
3398 1834 3530 1875 sane

1942 1910 2105 1965 homo
2125 1910 2548 1968 ecclesiasticus'
2565 1912 2928 1968 ecclesiastica
2950 1913 3151 1968 musica
3170 1912 3345 1981 potius
3366 1924 3526 1980 quam

1940 2000 2291 2072 Pythagorica
2322 2003 2672 2069 commoneri,
2686 2001 2813 2074 quid
2834 2002 3082 2058 Davidira
3099 2001 3122 2034 ³
3138 2001 3340 2058 cithara
3359 2000 3530 2071 egerit

1940 2095 1994 2150 in
2022 2095 2201 2162 Saﬁle,
2232 2097 2449 2167 quando
2470 2098 2613 2152 malo
2639 2098 2828 2169 spiritu
2857 2099 3170 2164 vexabatur,
3196 2105 3253 2152 et
3280 2105 3531 2167 tangente

1939 2184 2199 2242 citharam
2239 2197 2424 2243 sancto
2448 2188 2517 2243 ab
2542 2187 2631 2242 illa
2663 2186 2905 2243 molestia
2952 2187 3247 2258 respirabat
3291 2184 3363 2257 (l‘
3398 2183 3526 2254 Reg.

1939 2280 2059 2349 xvt)
2085 2297 2099 2334 :
2128 2295 2198 2335 ne
2235 2278 2356 2335 ideo
2399 2279 2597 2336 bonum
2619 2276 2817 2352 aliquid
2845 2280 3124 2336 existimes
3151 2278 3532 2348 concupi3cen-

1943 2371 2067 2427 tiam
2089 2371 2420 2443 carnis,quia
2438 2387 2819 2443 nonnunquam
2836 2373 3053 2428 musicis
3069 2371 3349 2427 cohibetur
3359 2370 3527 2425 sonis.

2009 2459 2238 2517 CAPUT
2271 2460 2435 2516 Vl.—
2448 2460 2538 2518 24.
2565 2462 2719 2531 Quod
2740 2472 2918 2518 autem
2936 2461 3070 2517 dicis
3088 2462 3414 2528 exclamans,
3436 2478 3456 2512 t
3485 2459 3532 2516 Ο

1938 2566 2118 2622 quam.
2145 2553 2305 2626 digne
2340 2553 2603 2610 Jeremias
2657 2569 2778 2611 cum
2828 2554 3207 2625 prophetarum
3266 2553 3434 2608 choro
3475 2562 3532 2608 et

1937 2652 2246 2700 sanctorum
2277 2645 2517 2701 omnium
2545 2645 2891 2712 exclamaret,
2916 2644 3046 2713 Quis
3070 2644 3207 2699 dabit
3236 2644 3391 2715 capiti
3418 2659 3530 2697 meo

1936 2753 2145 2807 quam,
2170 2746 2217 2793 et
2243 2735 2406 2793 oculis
2432 2737 2555 2794 meis
2582 2740 2771 2811 [autem
2790 2737 3132 2810 facrymarttm
3156 2755 3177 2792 ι
3207 2734 3419 2812 (Jcrern.
3447 2749 3525 2803 ιχ,

1940 2827 1965 2882 Ι
1994 2824 2056 2899 )?
2105 2835 2163 2884 ut
2190 2827 2493 2899 insipientis
2516 2829 2698 2900 populi
2723 2837 2939 2900 peccata
2961 2828 3215 2885 defleret!
3259 2829 3381 2900 quia
3422 2829 3529 2883 Ec-

1938 2919 2102 2976 clesia
2128 2918 2329 2976 Christi
2356 2919 2611 2977 doctores
2640 2921 2910 2991 Pelagiani
2955 2921 3155 2977 erroris
3183 2922 3418 2992 expellit.
3472 2921 3528 2977 Si

1938 3009 2070 3066 ﬂere
2097 3008 2384 3067 salubriter
2403 3011 2592 3074 velles,
2622 3011 2724 3067 hoc
2751 3011 2931 3077 fleres,
2961 3012 3101 3081 quod
3139 3012 3234 3068 illo
3258 3027 3317 3068 es
3346 3011 3520 3082 imp!i-

1938 3111 2091 3158 cntus
2113 3116 2318 3167 errore,
2341 3101 2528 3171 eisque
2549 3114 2600 3157 te
2625 3100 2880 3173 lacrymis
2904 3101 2971 3157 ab
2994 3100 3182 3157 eadem
3214 3118 3348 3157 nova
3378 3116 3524 3172 peste

1939 3192 2195 3249 dilueres.
2220 3191 2305 3246 An
2337 3192 2573 3263 ignoras,
2604 3191 2685 3246 vel
2716 3192 2916 3246 oblitus
2941 3206 3022 3256 es,
3064 3192 3145 3247 vel
3185 3191 3529 3248 considerare

1940 3283 2230 3349 detrectas,
2269 3281 2566 3338 Ecclesiam
2596 3290 2876 3349 sanctam,
2925 3298 3122 3345 unam,
3169 3281 3525 3347 catholicam,

1940 3377 2103 3431 etiam
2153 3360 2381 3444 paradisi
2427 3373 2778 3443 significatam
2828 3372 2994 3428 fuisse
3040 3373 3339 3429 vocabulo?
3389 3371 3528 3439 Quid

1939 3483 2070 3539 ergo
2097 3467 2384 3535 miramini,
2416 3466 2463 3521 si
2502 3466 2570 3522 de
2610 3466 2715 3521 isto
2749 3466 2999 3536 paradiso
3038 3466 3181 3522 foras
3218 3466 3490 3522 mittimitti
3512 3507 3527 3530 ,

1939 3558 2029 3629 qni
2070 3558 2242 3628 legem
2284 3573 2405 3627 quae
2432 3566 2516 3612 est
2558 3557 2611 3611 in
2656 3556 2917 3612 membris
2961 3557 3180 3623 nostris,
3226 3571 3530 3628 repugnans

1940 3650 2042 3720 legi
2084 3649 2301 3715 mentis,
2346 3648 2401 3703 in
2430 3648 2582 3703 illum
2614 3648 2918 3720 paradisum
2949 3648 3111 3702 vultis
3143 3647 3418 3715 inducere,
3459 3647 3530 3705 de

1938 3756 2046 3813 quo
2075 3739 2223 3796 foras
2251 3755 2282 3795 a
2312 3740 2540 3796 Domino
2566 3742 2716 3797 missi
2746 3755 2953 3805 sumus,
2985 3756 3085 3797 nec
3108 3740 3177 3796 ad
3200 3755 3323 3795 cum
3349 3738 3530 3795 redire

1941 3830 2256 3903 poterimus,
2298 3830 2401 3886 nisi
2440 3830 2581 3887 hanc
2608 3831 2663 3887 in
2703 3832 2807 3886 isto
2838 3830 3084 3901 paradiso
3125 3829 3529 3887 vicerimus?Si

1939 3925 2082 3982 enim
2126 3939 2235 3981 non
2280 3925 2381 3983 ista
2423 3924 2857 3996 concupiscentia
2886 3941 3047 3996 quam
3086 3924 3328 3982 defendis
3372 3940 3531 3996 repu-

1937 4027 2065 4089 gnat
2107 4017 2211 4090 legi
2256 4017 2453 4074 mentis
2477 4059 2493 4086 ,
2537 4017 2743 4074 nullum
2787 4016 3045 4074 adversus
3091 4033 3212 4075 eam
3254 4028 3527 4077 certamen

1938 4113 2219 4184 quisquam
2265 4123 2486 4170 sanctus
2515 4121 2751 4171 exercet.
2782 4111 2861 4171 Tu
2889 4120 3067 4173 autem
3112 4113 3389 4176 confessus
3432 4133 3526 4191 es,

1939 4206 2198 4263 adversus
2229 4207 2385 4263 istam
2417 4224 2575 4279 quam
2605 4210 2794 4279 tueris,
2826 4225 3080 4268 exercere
3106 4223 3321 4269 sanetos
3354 4230 3373 4265 ι
3408 4213 3527 4284 glo-

1938 4300 2080 4355 riosa
2119 4300 2413 4355 certamina
2450 4318 2472 4354 ι
2515 4300 2754 4371 (Supra,
2785 4300 2874 4356 lib.
2917 4304 2974 4371 5,
3018 4319 3073 4357 η.
3119 4303 3257 4375 42).
3299 4303 3417 4375 Ipsa
3445 4316 3529 4360 est

1939 4392 2099 4463 igitur
2134 4407 2253 4462 qum
2290 4401 2552 4463 repugnat
2591 4393 2691 4464 legi
2730 4393 3025 4450 mentis'in
3070 4410 3296 4465 corpore
3341 4397 3529 4452 mortis

1938 4482 2117 4554 hujus,
2146 4482 2217 4539 de
2244 4498 2347 4554 qua
2380 4497 2440 4539 se
2467 4484 2637 4555 gratia
2666 4483 2760 4540 Dei
2789 4499 2884 4555 per
2908 4484 3089 4541 Jesum
3114 4486 3387 4543 Christum
3420 4488 3524 4543 Do-

1938 4577 2145 4633 minum
2172 4587 2419 4632 nostrum
2448 4578 2665 4634 liberari
2692 4578 2905 4635 dicebat.
2922 4580 3407 4652 Apostolusmom.
3433 4598 3526 4641 vn.

1935 4668 2111 4726 23-25
2135 4671 2177 4740 ).
2207 4669 2458 4726 Sentisne
2495 4671 2608 4741 jam
2651 4671 2889 4736 tandem,
2920 4674 3107 4743 gratia:
3134 4672 3294 4744 hujus
3323 4674 3523 4728 inimici

1938 4771 2147 4834 quanto
2172 4762 2281 4818 sint
2312 4762 2457 4818 fonte
2484 4763 2838 4837 lacrymarum
2868 4765 3173 4836 plangcndi,
3204 4774 3259 4820 et
3299 4781 3367 4820 ne
3393 4766 3529 4820 alios

1939 4853 2007 4909 ad
2037 4854 2312 4909 interitum
2352 4867 2535 4910 secum
2570 4854 2809 4922 trahant,
2844 4866 3042 4927 quanta
3073 4857 3354 4927 pastoralis
3383 4874 3528 4912 cum:

1938 4943 2314 5001 observatione
2340 4944 2577 5000 vitandi?
2601 4945 2706 5001 Vcs
2732 4944 2876 5001 enim
2909 4963 2932 4999 ι
2963 4948 3169 5016 augetis
3202 4966 3221 5000 ι
3253 4948 3351 5003 ista
3381 4950 3530 5004 novi-

1941 5045 2050 5093 tate
2074 5053 2193 5092 eatn
2223 5053 2344 5107 qum
2376 5038 2428 5092 in
2470 5038 2719 5095 omnibus
2758 5048 2841 5096 est
2887 5039 3158 5096 hmreticis
3182 5083 3196 5106 ,
3250 5059 3270 5094 t
3320 5041 3527 5098 occidui

1937 5128 2195 5200 temporis
2242 5131 2578 5201 pravitatem.
2634 5151 2654 5186 ι
2703 5132 2807 5189 Vos
2837 5150 2861 5188 t
2888 5134 3020 5191 estis
3060 5135 3213 5191 ruina
3240 5151 3471 5201 morum,
3505 5159 3523 5189 ι

1937 5220 2028 5292 qui
2060 5220 2225 5290 ipsius
2253 5218 2375 5277 fidei
2416 5236 2578 5292 supra
2617 5238 2776 5294 quam
2814 5239 2997 5281 mores
3033 5225 3328 5283 mdiﬁcandi
3361 5237 3489 5284 sunt
3511 5270 3526 5295 ,

1934 5312 2197 5368 molimini
2225 5311 2568 5368 fundamenta
2600 5314 2932 5373 subvertere.
2950 5315 3056 5373 Vos
3084 5335 3102 5370 ι
3130 5318 3350 5388 pudoris
3371 5322 3530 5376 inter-

1934 5404 2060 5472 itus,
2097 5424 2116 5457 ι
2150 5419 2286 5475 quos
2313 5405 2533 5462 laudare
2562 5422 2668 5463 non
2702 5409 2885 5479 pudet,
2935 5419 3123 5467 centra
3156 5413 3297 5483 quod
3328 5426 3528 5488 pugnat
3576 5412 3587 5421 ’

1996 5653 2011 5684 ί
2040 5651 2233 5719 Boetius
2271 5651 2343 5719 in“
2363 5651 2647 5719 praefatione
2683 5658 2898 5719 epusculi
2931 5659 2997 5710 de
3039 5662 3231 5719 mimica,
3275 5660 3357 5708 nlui
3398 5659 3521 5707 hunc

1932 5714 2089 5785 ipsum
2119 5714 2273 5785 locum
2298 5712 2406 5763 libri
2434 5716 2676 5785 ciceronis
2697 5712 2762 5771 de
2791 5721 3007 5773 consiliis
3031 5726 3134 5773 suis
3157 5712 3292 5781 citat,
3321 5732 3425 5782 pro.
3453 5731 3521 5766 νε·

1930 5772 2137 5834 sedisse,
2158 5772 2298 5838 legit,
2323 5778 2626 5829 consedasse.

1996 5840 2016 5906 ξ
2040 5839 2155 5887 Fdili
2175 5874 2189 5896 ,
2213 5835 2376 5887 'Itomo
2407 5838 2741 5906 ecclesiastica.
2791 5851 2896 5900 Mss.
2914 5879 2929 5906 ,
2980 5843 3119 5896 homo
3154 5835 3525 5894 etcfesiastictu.

1999 5904 2021 5935 ³
2044 5912 2142 5951 Alit.
2173 5910 2220 5953 ct
2246 5908 2373 5958 3:55.,
2408 5900 2637 5953 Davitica.
