4118 6564
474 463 583 521 799

478 587 532 630 et
568 573 758 645 pudor.
807 569 921 626 Hoc
970 567 1146 637 potius
1188 561 1377 620 audire
1417 557 1579 616 debet
1618 552 1900 645 Ecclesia,
1947 562 2068 645 qua:

482 640 632 736 virgo
659 662 878 725 dicitur,
909 668 969 714 ut
1003 673 1099 715 vos
1124 663 1349 719 caveat;
1384 651 1489 705 hoc
1517 656 1798 709 matronae,
1833 642 1936 696 hoc
1957 640 2072 736 vir-

483 728 637 828 gines
680 768 881 817 sacrae,
929 750 1031 805 hoc
1080 746 1257 804 omnis
1300 741 1555 815 pudicitia
1601 736 1912 828 christiana.
1957 728 2073 785 Non

486 823 652 911 enim,
680 844 818 899 sicut
847 840 1143 901 insimulas,
1170 855 1189 889 ι
1212 850 1332 891 cum
1349 829 1649 888 Manichzeis
1664 828 1870 889 dicunt,
1899 823 2078 877 inesse

490 936 636 992 carni
664 949 774 989 sua:
805 933 927 987 mali
955 929 1365 985 necessitatem:
1403 942 1423 977 ι
1455 919 1597 993 quod
1621 918 1820 973 malum
1850 913 1924 969 illi
1953 911 2082 967 sub-

491 1025 761 1088 stantiale,
807 1031 861 1079 et
902 1022 1011 1076 Deo
1051 1027 1381 1075 coaeternum
1426 1028 1547 1068 esse
1586 1009 1956 1065 mentiuntur:
1986 1001 2082 1057 sed

494 1116 680 1172 dicunt
704 1129 834 1169 sane
858 1128 978 1169 cum
1001 1109 1279 1180 Apostolo,
1308 1106 1465 1161 Video
1484 1103 1641 1156 aliam
1668 1101 1825 1170 legem
1850 1098 1903 1151 in
1929 1111 2086 1149 mem-

496 1209 600 1261 bris
627 1207 770 1270 meis,
801 1212 1163 1276 repugnantem
1204 1199 1302 1269 legi
1337 1195 1515 1251 mentis
1544 1207 1699 1256 mete;
1742 1203 1864 1245 esse
1906 1196 2084 1241 tamen

497 1316 619 1356 eam
647 1299 750 1353 sub
773 1297 936 1352 animi
969 1303 1253 1366 potestate,
1281 1291 1449 1362 gratia
1476 1288 1566 1343 Dei
1596 1302 1691 1357 per
1714 1285 1896 1339 .lcsum
1931 1281 2088 1336 Chri-

500 1403 642 1447 stum
683 1391 963 1446 Dominum
1006 1400 1270 1452 nostrum,
1320 1387 1371 1439 in
1425 1382 1615 1438 mortis
1657 1394 1884 1449 corpore
1931 1375 2093 1431 casti-

503 1484 757 1554 gandam,
792 1482 844 1535 in
872 1487 1045 1535 morte
1074 1477 1318 1548 corporis
1346 1471 1740 1534 resolvendum,
1769 1469 1824 1524 in
1850 1464 2094 1536 corporis

506 1571 904 1629 resurrectione
951 1580 1006 1625 et
1049 1569 1240 1624 mortis
1285 1574 1461 1621 morte
1521 1561 1838 1618 sanandam.
1886 1558 2096 1613 Tenent

507 1664 652 1719 enim
683 1673 921 1717 sanctam
947 1659 1355 1730 professionem,
1400 1670 1509 1710 non
1549 1654 1665 1709 solo
1696 1651 1876 1706 habitu
1907 1649 2093 1712 testis,

507 1753 601 1808 sed
627 1763 681 1806 et
711 1751 903 1806 mentis
931 1759 987 1805 et
1016 1750 1276 1819 corporis,
1309 1744 1610 1802 resistendo
1650 1741 2100 1811 concupiscentize

509 1845 707 1908 carnis,
731 1843 870 1913 quod
902 1843 988 1897 hic
1008 1843 1120 1897 fieri
1147 1849 1355 1910 potest;
1380 1854 1486 1894 non
1508 1853 1570 1893 ea
1595 1851 1816 1907 prorsus
1841 1832 2097 1899 carendo,

508 1936 651 2007 quod
683 1936 769 1989 hic
800 1934 917 1990 ﬁeri
945 1948 1051 1987 non
1082 1940 1276 2002 potest.
1301 1931 1415 1985 lloc
1436 1944 1563 2000 ergo
1588 1927 1828 1990 audiant,
1852 1934 1910 1981 ut
1929 1925 2104 1981 donec

509 2028 600 2083 illa
624 2037 859 2092 careant,
890 2040 986 2082 vos
1010 2033 1252 2080 caveant.
1300 2022 1432 2078 Nam
1462 2022 1508 2076 si
1533 2020 1600 2075 ab
1625 2018 1877 2075 omnibus
1901 2018 2102 2073 sanctis

511 2133 742 2189 quaeras,
769 2127 1018 2188 tanquam
1048 2117 1102 2170 in
1131 2123 1317 2170 sancto
1343 2113 1611 2167 auditorio
1640 2110 1850 2165 duobus
1876 2110 2106 2164 recitare

512 2209 868 2278 cupientibus,
886 2218 1065 2261 utrum
1085 2208 1529 2275 vituperatorem,
1552 2217 1619 2256 an
1646 2200 1978 2255 laudatorem
1998 2214 2108 2254 ma-

514 2300 616 2355 lint
642 2299 829 2353 audire
857 2298 1128 2362 libidinis;
1174 2296 1303 2367 quid
1332 2296 1401 2351 de
1444 2295 1551 2350 illis
1593 2308 1975 2364 responsurum
2006 2307 2107 2363 pu~

519 2399 624 2455 tas,
652 2389 1040 2445 continentium
1068 2388 1332 2454 laborem,
1373 2385 1781 2455 conjugatorum
1812 2383 2069 2454 pudorem
2089 2424 2106 2452 ,

519 2481 761 2535 omnium
794 2477 1128 2535 castitatem?
1150 2478 1297 2532 ltane
1319 2491 1449 2531 vero
1476 2475 1772 2545 abjicerent
1796 2474 1864 2528 ab
1891 2473 2112 2530 auribus

521 2572 639 2625 suis
668 2569 905 2625 libidinis
931 2569 1400 2639 vituperationem,
1432 2576 1487 2621 et
1511 2566 1741 2622 libenter
1768 2564 2015 2620 audirent
2042 2564 2114 2620 li—

524 2662 722 2717 bidinis
759 2661 1010 2715 laudem?
1033 2660 1149 2716 Non
1182 2673 1350 2730 usque
1374 2657 1511 2714 adeo
1540 2657 1833 2729 putandum
1863 2666 1947 2714 est
1990 2671 2114 2727 pcr-

524 2753 634 2809 isse
679 2753 909 2808 frontem
936 2752 1004 2806 de
1031 2752 1193 2807 rebus
1217 2751 1317 2822 (a),
1358 2748 1419 2804 ut
1461 2749 1563 2803 hoc
1592 2748 1825 2803 dedecus
1849 2788 1866 2814 ,
1896 2747 2018 2801 'nisi
2060 2746 2115 2802 in

528 2843 621 2897 tali
653 2840 789 2897 forte
814 2841 1080 2896 auditorio
1110 2840 1283 2906 fieret,
1314 2839 1402 2895 ubi
1434 2848 1487 2895 te
1510 2838 1803 2894 recitaturo
1831 2835 2119 2894 considen-

530 2936 673 2989 tibus
708 2935 986 3005 discipulis
1021 2935 1132 2990 suis
1157 2933 1414 3005 magister
1439 2932 1727 2991 Caelestius
1754 2938 1848 2987 aut
1873 2931 2120 3002 Pelagius

529 3026 861 3098 praesideret.

601 3116 825 3174 CAPUT
846 3117 929 3171 VII
946 3115 1219 3190 (ιιι-25.
1241 3116 1376 3172 llinc
1390 3115 1457 3171 ad
1471 3115 1575 3170 alia
1591 3114 1752 3171 verba
1767 3128 1886 3170 mea
1901 3113 2120 3182 transis,

532 3209 622 3265 ubi
666 3209 813 3264 dixi:
851 3228 871 3263 ι
908 3209 1058 3264 llunc
1100 3209 1279 3279 itaque
1322 3217 1528 3263 motum
1576 3207 1696 3263 ideo
1747 3204 2120 3274 indecentem,

530 3302 656 3373 quia
701 3301 1117 3368 inobcdientem,
1163 3316 1285 3355 cum
1330 3301 1406 3355 illi
1453 3300 1609 3370 primi
1660 3298 1907 3355 homines
1943 3298 1996 3353 in
2026 3312 2124 3354 sua

532 3408 694 3448 carne
717 3393 1036 3457 sensissent,
1063 3402 1118 3448 et
1146 3392 1200 3447 in
1231 3406 1325 3447 sua
1357 3384 1598 3446 nuditate
1623 3390 1967 3446 erubuissent
1988 3430 2005 3456 ,
2046 3389 2127 3443 fo-

535 3486 619 3540 liis
650 3484 894 3540 liculneis
927 3484 1114 3539 eadem
1145 3483 1386 3538 membra
1415 3490 1700 3538 texerunt:
1731 3488 1791 3536 ut
1815 3480 2006 3536 saltem
2034 3495 2123 3534 ar-

536 3577 695 3630 bitrio
720 3575 1194 3631 verecundantium
1227 3575 1517 3641 velaretur,
1562 3572 1705 3644 quod
1751 3588 1858 3627 non
1904 3571 2128 3627 arbitrio

537 3666 830 3720 volentium
870 3666 1222 3730 movebatur;
1250 3672 1305 3718 et
1332 3664 1585 3734 quoniam
1616 3662 1847 3733 pudebat
1873 3660 2016 3733 quod
2048 3662 2129 3716 in-

537 3758 795 3812 decenter
819 3757 1038 3821 libebat,
1064 3754 1358 3826 operiendo
1386 3756 1538 3810 lieret
1563 3753 1706 3825 quod
1734 3752 1961 3809 decebat
1985 3772 2004 3805 ι
2031 3752 2133 3825 (De

542 3847 754 3919 Nuptiis
792 3857 838 3901 et
864 3845 1311 3917 Concupiscentia,
1353 3845 1442 3899 lib.
1487 3846 1540 3911 1,
1574 3862 1628 3899 n.
1658 3843 1753 3915 7).
1810 3844 1905 3899 llis
1950 3843 2132 3898 verbis

541 3943 677 3996 meis
711 3941 1020 4010 propositis,
1051 3939 1155 3994 hoc
1197 3948 1249 3994 te
1288 3937 1399 4008 jam
1440 3936 1770 3992 destruxisse
1811 3937 1865 3992 in
1911 3935 2142 3991 secundi.

545 4033 622 4086 ιιιί
651 4032 770 4085 libri
800 4030 1191 4100 disputatione,
1218 4037 1274 4084 et
1300 4029 1353 4083 in
1380 4028 1537 4098 hujus
1574 4027 1737 4092 tertii,
1762 4027 1845 4083 cui
1877 4042 2020 4082 nunc
2049 4042 2136 4082 re-

546 4123 806 4194 Spondeo,
854 4131 1006 4191 parte
1043 4121 1341 4191 superiore,
1382 4121 1525 4175 inani
1566 4119 1856 4191 jactatione
1896 4104 2138 4176 commeo

547 4228 747 4267 moras.
788 4211 941 4266 Nunc
969 4211 1320 4280 autem,.quia
1352 4211 1508 4264 istum
1542 4229 1562 4263 ‹
1612 4220 1812 4266 motum
1848 4230 1870 4266 ι
1902 4211 2137 4267 libidinis

547 4302 657 4357 dixi
687 4320 706 4353 ι
736 4302 856 4357 ideo
884 4301 1240 4365 indecentem,
1265 4302 1387 4372 quia
1415 4301 1848 4368 inobcdientem;
1885 4322 1905 4357 ι
1937 4304 2138 4362 dixisse

549 4408 636 4448 me
666 4393 745 4447 vis
770 4393 966 4463 putari,
998 4411 1017 4444 ι
1056 4408 1164 4447 non
1213 4409 1330 4447 eam
1358 4394 1603 4463 corpori,
1651 4408 1755 4448 non
1799 4395 1980 4450 animo
2018 4412 2138 4453 esse

550 4485 867 4553 subjectam,
900 4486 993 4540 sed
1028 4484 1136 4540 fera
1167 4486 1363 4541 virtute
1391 4501 1605 4556 semper
1644 4486 1978 4543 indomitam.
2020 4508 2041 4542 ι
2071 4490 2141 4545 At

551 4591 652 4648 ego
682 4577 825 4630 illam
864 4578 1112 4632 virtutem
1154 4560 1422 4647 nunquam
1469 4578 1579 4632 dixi
1618 4592 1760 4645 esse,
1805 4578 1901 4634 sed
1931 4579 2138 4635 vitium.

551 4669 705 4738 Quod
734 4670 779 4724 si
810 4686 917 4724 non
955 4678 1199 4724 movetur
1226 4668 1683 4739 concupiscendo,
1724 4670 1851 4740 quid
1878 4680 1962 4727 est
1997 4671 2141 4742 quod

553 4762 813 4817 adversus
850 4776 970 4817 eam
1010 4761 1228 4817 castitas
1257 4760 1477 4815 dimicat
1504 4762 1829 4817 continendo
1847 4764 1873 4817 ἲ
1900 4762 1987 4818 ubi
2017 4774 2145 4821 sunt

555 4852 643 4905 illa
673 4867 791 4922 qua:
818 4851 1077 4907 adversus
1101 4866 1221 4906 eam
1252 4850 1532 4908 confessus
1558 4867 1618 4909 es
1645 4855 1886 4911 exerceri
1924 4866 2144 4912 sancto-

555 4959 681 4996 rum.
709 4961 728 4995 ι
775 4944 1003 5013 gloriosa
1051 4944 1382 4999 certamina?
1416 4963 1437 4997 ι
1471 4946 1736 5011 Quantum
1786 4962 1914 5019 ergo
1955 4948 2146 5007 attinet

556 5034 623 5087 ad
649 5034 985 5106 pudicitiam,
1012 5036 1153 5105 quod
1177 5036 1293 5106 ejus
1321 5036 1557 5092 libidinis
1583 5040 1996 5109 expugnatione,
2043 5056 2145 5111 op-

558 5129 857 5196 pressione,
883 5127 1199 5193 frenattone,
1218 5137 1271 5184 et
1289 5129 1356 5184 ad
1377 5130 1506 5185 nihil
1528 5130 1767 5186 illicitum
1794 5133 2147 5201 permissione

559 5228 824 5285 servetur,
862 5218 969 5274 hoc
992 5219 1128 5275 dicis
1156 5221 1296 5292 quod
1335 5236 1435 5293 ego
1466 5240 1481 5277 :
1524 5222 1619 5277 sed
1658 5223 1800 5293 quod
1841 5240 2149 5296 expugnan-

560 5310 710 5376 dum,
737 5310 1169 5378 opprimendum,
1199 5312 1580 5368 refrenandum
1610 5322 1726 5377 est,
1755 5330 1826 5371 ne
1866 5315 1936 5371 ad
1967 5317 2151 5372 illicita

561 5402 753 5471 rapiat,
784 5402 977 5473 quibus
1018 5403 1223 5460 inhiare
1267 5423 1374 5461 non
1420 5416 1631 5475 cessat,
1679 5407 1880 5464 bonum
1927 5425 2048 5466 esse
2094 5421 2149 5466 tu

512 5494 517 5499 “
561 5493 718 5560 dicis,
750 5508 857 5548 non
882 5509 999 5564 ego.
1027 5495 1157 5563 Quis
1181 5506 1359 5553 autem
1390 5508 1630 5555 nostrum
1657 5516 1843 5557 verum
1871 5502 2033 5570 dicat,
2058 5503 2150 5573 ju-

562 5588 742 5641 dicent
769 5588 928 5655 casti,
953 5590 1315 5647 auscultantes
1339 5607 1446 5647 non
1475 5593 1669 5665 lingua:
1696 5603 1829 5661 tute,
1861 5596 1955 5652 sed
1981 5612 2151 5667 expc-

566 5680 771 5733 ricntize
814 5693 944 5734 sum.
973 5679 1187 5738 Judicet
1226 5684 1533 5754 Apostolus,
1562 5686 1767 5753 dicens,
1807 5686 1966 5744 Video
1998 5690 2153 5745 aliam

629 5769 700 5840 (ᾳ)
736 5766 911 5840 Alludit
931 5769 990 5820 ad
1014 5778 1143 5821 vers.
1171 5780 1259 5840 sat.
1286 5775 1336 5836 ὅ,
1360 5789 1489 5827 vers.
1523 5778 1622 5840 l05,
1658 5781 1756 5830 ιοι.
1806 5766 1809 5769 ’

633 5830 705 5892 (b)
737 5830 866 5893 Apud
887 5840 987 5882 Am.
1016 5841 1066 5885 et
1089 5840 1185 5897 Er.,
1208 5836 1255 5885 ὅ.

1266 445 1540 508 CONTRA
1582 435 1927 502 JULIANUM
1968 430 2437 525 PELAGlAt‘iUM,
2466 432 2524 489 S.
2566 432 2932 492 AUGUSTINI

3652 426 3764 486 890

2181 546 2345 615 legem
2374 547 2425 600 in
2454 547 2686 602 membris
2720 548 2863 611 meis,
2895 554 3258 619 repugnantem
3289 545 3385 617 legi
3413 545 3597 600 mentis
3620 560 3765 601 utea.

2251 637 2342 692 26.
2388 655 2407 690 ι
2447 637 2552 694 Sed
2598 638 2925 705 Paterniani,
2955 653 2975 690 ι
3008 636 3204 707 inquis,
3240 654 3260 690 ι
3295 635 3563 707 iidemque
3588 633 3769 692 Venu-

2183 728 2341 782 stiani
2368 728 2603 784 haeretici
2630 727 2705 801 (a)
2734 729 2935 784 similes
2961 726 3285 792 Manichaeis,
3312 726 3496 782 dicunt
3519 741 3550 780 a
3577 726 3774 782 lumbis

2184 835 2355 891 usque
2380 819 2447 875 ad
2475 821 2638 891 pedes
2664 821 2936 876 diabolum
2962 819 3155 876 fecisse
3184 834 3380 890 corpus
3403 819 3657 886 hominis,
3684 834 3775 874 suo

2188 913 2428 983 perieres
2453 929 2582 969 vero
2623 922 2803 986 partes
2844 914 3011 970 Deum
3049 914 3194 968 velut
3236 929 3399 982 supra
3438 912 3621 969 basem
3670 912 3772 968 ali-

2189 1018 2348 1072 quam
2375 1005 2666 1060 collocasse
2694 1023 2707 1057 :
2737 1005 3045 1075 adduntque
3071 1005 3205 1059 nihil
3232 1004 3300 1059 ab
3341 1003 3571 1059 hominis
3599 1004 3777 1059 studio

2191 1095 2411 1164 requiri,
2438 1109 2598 1166 quam
2637 1106 2695 1150 ut
2723 1099 2900 1151 anima
2930 1111 3088 1168 quam
3131 1098 3186 1151 in
3216 1097 3492 1152 stomacho
3521 1108 3576 1152 et
3603 1098 3779 1166 capite

2194 1185 2437 1243 habitare
2463 1188 2667 1254 dictutt,
2694 1189 2889 1243 munda
2916 1198 3191 1245 servetur:
3222 1189 3413 1259 pubem
3440 1203 3570 1244 vero
3594 1188 3639 1243 si
3665 1203 3782 1242 om-

2195 1278 2341 1334 nium
2369 1278 2688 1359 flagitiorum
2722 1280 2970 1336 sordibus
2995 1280 3280 1347 oblinatur,
3330 1281 3479 1334 aiunt
3519 1280 3587 1336 ad
3629 1296 3780 1335 suam

2196 1387 2302 1428 non
2335 1375 2603 1442 pertinere
2629 1389 2833 1429 curam.
2867 1373 2943 1429 ιω
2988 1389 3224 1444 semper,
3259 1393 3281 1428 ι
3313 1375 3509 1444 inquis,
3539 1391 3559 1425 ι
3598 1384 3652 1427 ιιι
3682 1374 3782 1444 ipsi

2199 1465 2406 1522 libidini
2440 1467 2666 1537 turpiter
2692 1468 2950 1535 serviant,
2981 1468 3191 1522 titulum
3216 1466 3265 1522 ei
3293 1468 3528 1539 prepriae
3552 1475 3786 1537 potesta-

2202 1557 2271 1614 tis
2299 1557 2542 1629 affigunt.
2583 1557 2748 1628 Cujus
2776 1558 3096 1629 cognatione
3138 1557 3439 1623 sententiae,
3491 1575 3513 1610 ι
3547 1556 3789 1626 posuisse

2201 1665 2291 1705 me
2318 1650 2373 1704 in
2404 1649 2542 1705 libro
2567 1665 2689 1706 meo
2710 1650 2950 1711 asseris:
2988 1668 3008 1702 ι
3041 1648 3277 1704 Arbitrio
3316 1646 3788 1703 verecundantium
3839 1694 3847 1703 .

2204 1740 2503 1806 velabatur,
2543 1740 2686 1811 quod
2717 1755 2824 1796 non
2854 1739 3077 1795 arbitrio
3106 1739 3396 1795 volentium
3438 1738 3790 1797 movebatur:
3854 1752 3857 1755 '

2205 1841 2261 1889 et
2287 1832 2428 1904 quod
2459 1848 2564 1888 non
2603 1833 2846 1888 serviens
2882 1832 3139 1888 voluntati
3164 1873 3178 1897 ,
3224 1846 3324 1887 suo
3356 1830 3477 1900 jure
3504 1845 3699 1900 corpus
3730 1829 3793 1883 li-

2209 1925 2334 1980 bido
2372 1925 2689 1980 succendat.
2740 1945 2759 1978 ι
2790 1925 3059 1996 Numquid
3099 1925 3221 1980 ideo
3250 1925 3356 1978 vim
3393 1923 3633 1979 veritatis
3657 1922 3793 1978 ellu-

2207 2033 2335 2088 gcre
2362 2019 2580 2088 poteris,
2610 2018 2733 2088 quia
2770 2017 2926 2073 nobis
2965 2015 3342 2073 calumniando
3384 2016 3640 2084 importas
3665 2014 3683 2046 ¹
3711 2029 3797 2069 so-

2210 2110 2325 2164 cios
2356 2109 2640 2164 falsitatis?
2677 2108 2831 2177 Quod
2859 2109 3004 2164 enim
3048 2122 3150 2178 ego
3190 2107 3245 2162 in
3289 2107 3426 2162 libro
3471 2120 3593 2162 meo
3624 2105 3796 2176 posui,

2211 2202 2295 2257 cui
2325 2201 2517 2258 cedere
2542 2201 2745 2273 utinam
2783 2217 2943 2272 quam
2987 2202 3241 2258 resistere
3282 2199 3584 2265 maluisses,
3643 2198 3802 2268 longe

2212 2294 2374 2349 distat
2402 2294 2471 2348 ab
2498 2294 2614 2348 istis
2642 2294 2979 2349 Paternianis
3006 2309 3101 2349 seu
3132 2292 3495 2349 Venustianis.
3526 2293 3636 2362 Ego
3658 2289 3799 2345 enim

2215 2384 2512 2441 secundum
2538 2386 2856 2442 catholicam
2889 2385 3069 2453 fidem,
3101 2394 3270 2440 totum
3300 2385 3594 2448 hominem,
3637 2391 3803 2438 totam

2217 2477 2421 2533 scilicet
2446 2479 2685 2533 animam
2717 2486 2990 2548 totumque
3013 2491 3210 2547 corpus
3234 2475 3353 2546 ejus
3378 2476 3489 2531 Deo
3516 2490 3729 2529 summo
3752 2482 3806 2529 et

2217 2582 2348 2623 vero
2377 2569 2553 2623 tribuo
2580 2568 2808 2623 creatori
2832 2586 2846 2621 :
2876 2567 3147 2623 diabolum
3171 2575 3351 2623 auem
3374 2567 3496 2622 dico
3520 2566 3805 2621 humanam

2220 2659 2305 2713 vel
2331 2659 2528 2730 aliquid
2558 2658 2674 2729 ejus
2702 2674 2810 2715 non
2855 2674 3091 2725 creasse,
3138 2658 3232 2714 sed
3263 2659 3478 2713 vitiasse
3526 2663 3803 2723 naturam;

2220 2758 2516 2820 contraque
2543 2751 2714 2821 ipsam
2739 2750 3060 2806 diabolicam
3098 2751 3475 2821 plagam,,qu:e
3506 2748 3601 2804 Dei
3630 2748 3808 2818 opitu-

2222 2841 2421 2898 latione
2449 2843 2685 2898 sananda
2715 2852 2833 2910 est,
2872 2843 3046 2900 donec
3069 2842 3137 2898 ab
3163 2857 3226 2898 ea
3259 2843 3469 2912 penitus
3497 2841 3808 2908 liberemur,

2227 2935 2382 2990 nobis
2410 2950 2533 2990 esse
2561 2935 2941 3007 pugnandum:
2980 2949 3081 2990 nec
3114 2937 3347 2990 animam
3378 2949 3481 3004 qua
3510 2948 3705 3004 corpus
3729 2934 3810 2988 vi-

2225 3026 2321 3091 vit,
2349 3027 2655 3083 universam
2684 3027 2934 3083 mundam
2958 3029 3002 3094 ³,
3031 3035 3289 3097 quantum
3317 3025 3369 3080 in
3398 3024 3499 3080 hac
3524 3010 3631 3079 vita
3662 3038 3813 3078 mun-

2226 3118 2326 3175 dus
2351 3118 2511 3174 homo
2538 3129 2640 3184 est,
2672 3133 2829 3189 posse
2858 3119 3092 3186 servari,
3136 3119 3180 3172 si
3216 3115 3666 3185 concupiscentia:
3691 3128 3812 3170 car-

2227 3210 2312 3263 nis
2340 3208 2406 3264 ad
2434 3209 2630 3279 ﬂagitia
2660 3207 3012 3280 perpetranda
3041 3217 3096 3262 et
3131 3221 3358 3278 quaeque
3385 3203 3659 3261 immunda
3683 3218 3814 3260 con-

2229 3302 2478 3358 senserit.
2507 3301 2777 3369 Quantum
2804 3316 2932 3371 ergo
2959 3301 3190 3371 pertinet
3213 3299 3280 3354 ad
3310 3298 3465 3354 istam
3495 3298 3831 3365 calumniam

2232 3402 2396 3461 tuam,
2430 3393 2688 3464 numquid
2717 3393 2885 3449 habes
2908 3393 3167 3448 adversus
3189 3393 3289 3446 ista
3316 3407 3435 3461 qua:
3460 3390 3643 3446 dicas?
3665 3389 3816 3458 Quod

2231 3485 2276 3538 si
2308 3499 2496 3553 parum
2525 3494 2629 3552 est,
2658 3499 2785 3539 ecce
2825 3485 3024 3539 damno
3059 3492 3115 3538 et
3158 3482 3551 3538 anathematizo
3593 3497 3658 3537 ea
3699 3496 3819 3552 qua:

2234 3577 2587 3633 Paternianos
2633 3593 2731 3633 seu
2771 3576 3128 3633 Venustianos
3169 3577 3371 3633 sentire
3415 3575 3634 3642 dixisti;
3682 3574 3821 3630 addo

2235 3669 2396 3722 etiam
2435 3668 2791 3723 Maniclneos:
2836 3676 3092 3737 utrosque
3137 3683 3258 3723 cum
3305 3667 3515 3722 caeteris
3558 3665 3821 3722 haereticis

2234 3775 2508 3827 exsecror,
2535 3759 2754 3825 damno,
2781 3759 3196 3825 anatbetnutizo,
3223 3759 3483 3813 detestor.
3510 3757 3647 3825 Quid
3673 3772 3823 3827 qum-

2238 3852 2313 3906 ris
2337 3850 2610 3921 amplius?
2638 3853 2785 3906 Esne
2816 3862 2867 3907 te
2891 3852 3190 3918 calumniis,
3225 3851 3427 3906 viribus
3454 3850 3676 3916 luctare,
3716 3863 3824 3904 non

2242 3941 2534 3997 fraudibus.
2572 3943 2857 4013 llesponde
2882 3943 3025 3999 unde
3064 3944 3153 4011 sit,
3202 3943 3290 4003 cui
3333 3943 3433 3998 nisi
3472 3948 3824 4012 repugnetur,

2241 4034 2384 4088 nulla
2415 4033 2634 4090 castitas
2661 4034 2979 4090 custoditur.
3023 4034 3142 4089 Non
3168 4044 3252 4089 cst
3278 4045 3427 4090 certe
3454 4042 3640 4088 natura
3667 4043 3833 4104 atque

2240 4124 2558 4191 substantia,
2595 4123 2891 4179 secundum
2928 4123 3283 4179 Venustianos
3307 4134 3364 4179 et
3387 4123 3710 4179 Maniclneos
3738 4140 3753 4178 :
3783 4123 3834 4178 si»

2241 4231 2341 4271 nec
2364 4216 2548 4271 vitium
2577 4228 2783 4270 natura:
2811 4223 2915 4283 est,
2943 4215 3069 4286 quid
3094 4215 3221 4270 est?
3245 4215 3522 4282 Exsurgit,
3550 4214 3831 4284 oppr-imo;

2242 4309 2513 4373 renititur,
2541 4308 2788 4375 refreno;
2819 4317 3100 4378 repugnat,
3129 4322 3395 4379 expugno.
3427 4307 3483 4362 In
3516 4315 3623 4361 tota
3654 4307 3831 4360 anima

2243 4409 2298 4453 et
2325 4408 2437 4454 toto
2464 4415 2692 4467 corpore
2718 4399 3052 4455 conditorem
3083 4398 3255 4455 habeo
3293 4399 3439 4469 pacis
3478 4399 3643 4454 Deum
3669 4415 3690 4453 :
3713 4398 3832 4468 quis

2245 4490 2297 4545 in
2327 4505 2414 4546 me
2442 4491 2723 4545 seminavit
2752 4490 2855 4545 hoc
2882 4490 3125 4546 bellum?
3158 4490 3338 4552 Solve,
3378 4490 3657 4559 Apostolc,
3684 4505 3832 4559 qua)-

2246 4583 2497 4650 stionem,
2538 4592 2699 4653 atque
2728 4583 3031 4652 responde:
3062 4582 3166 4637 Per
3192 4599 3349 4637 unum
3374 4582 3627 4636 hominem
3654 4598 3834 4652 pecca-

2248 4672 2353 4728 tum
2381 4676 2581 4729 intravit
2608 4676 2662 4728 in
2687 4676 2952 4741 mundum,
2980 4684 3029 4729 ct
3059 4691 3151 4744 per
3178 4660 3436 4746 peccatum
3475 4688 3649 4736 mors;
3692 4683 3738 4726 et
3765 4674 3836 4725 ita

2246 4766 2301 4819 in
2335 4782 2504 4819 omnes
2530 4765 2756 4819 homines
2781 4766 3090 4835 pertransiit,
3112 4766 3166 4819 in
3192 4781 3291 4835 quo
3312 4781 3484 4819 omnes
3509 4772 3838 4835 peccaverunt

2250 4856 2429 4926 (Rom.
2455 4854 2628 4926 v,l2).
2656 4855 2763 4911 Sed
2791 4869 2896 4910 non
2921 4856 3035 4910 vult
3058 4855 3320 4910 Julianus.
3351 4854 3421 4909 Et
3444 4854 3511 4909 ad
3541 4854 3661 4920 hoc,
3692 4854 3838 4923 Apo-

2252 4946 2386 5000 stole
2406 4946 2579 5011 beate,
2609 4946 2907 5016 responde:
2935 4946 2997 5002 Si
3014 4946 3127 5017 quis
3146 4945 3284 5000 vobis
3308 4944 3680 4999 annuntiauerit
3711 4958 3841 5013 pra:-

2254 5046 2328 5094 fer
2350 5040 2487 5104 quod
2512 5040 2795 5109 accepistis,
2822 5039 3093 5092 anathema
3120 5039 3186 5092 sit
3210 5041 3227 5105 (
3251 5037 3419 5092 Calai.
3449 5053 3488 5098 ι,
3521 5036 3553 5092 9

2323 5130 2415 5186 27.
2445 5129 2552 5187 Sed
2587 5148 2607 5184 ι
2644 5130 2690 5186 si
2730 5130 3055 5196 connivero,
3096 5149 3116 5183 ι
3151 5130 3289 5187 sicut
3328 5127 3495 5195 dicis,
3531 5145 3552 5180 ι
3590 5128 3840 5183 invictum

2255 5236 2377 5278 esse
2404 5221 2635 5278 libidinis
2665 5222 2860 5277 malum
2879 5262 2894 5289 ,
2929 5220 3219 5292 profitebor
3245 5235 3332 5276 me
3355 5234 3478 5276 esse
3504 5219 3844 5289 turpitudinis

2256 5313 2612 5370 advocatum:
2653 5314 2699 5369 si
2722 5322 2902 5370 autem
2927 5313 3134 5380 dixero,
3173 5313 3371 5368 malum
3395 5328 3481 5367 me
3504 5311 3720 5382 quidem
3747 5311 3843 5364 hoc

2258 5408 2497 5461 naturale
2520 5407 2739 5470 dixisse,
2771 5408 2865 5463 sed
2890 5407 3030 5476 quod
3061 5406 3207 5462 vinci
3243 5406 3431 5475 possit,
3463 5405 3513 5458 id
3544 5413 3646 5468 (st,
3679 5400 3847 5472 possit

2256 5498 2469 5564 caveri;
2511 5515 2531 5550 ι
2563 5499 2805 5568 protinus
2836 5506 2890 5552 tu
2916 5513 2981 5552 ex
3005 5497 3107 5551 alia
3136 5508 3285 5567 parte
3309 5495 3591 5551 sententia:
3619 5505 3720 5548 tua:
3749 5493 3845 5547 tri-

2327 5661 2341 5692 ³
2372 5658 2595 5721 Plerique
2619 5667 2745 5718 Mss,
2771 5657 2998 5721 imputas.

2264 5786 2297 5835 ά
2324 5724 2343 5752 ³
2387 5713 2567 5783 Αιιῳιόι
2627 5713 2778 5780 Μεςί,
2835 5713 2953 5783 "qua
2982 5733 3155 5783 corpus
3211 5718 3322 5770 vivit
3375 5713 3645 5769 imii'crr-nm
3705 5731 3843 5768 mm:-

2299 5799 2409 5835 am.
2444 5797 2538 5835 etc.

2299 5799 2378 5838 (tm
2396 5822 2409 5838 .
2444 5797 2538 5836 etc.

2332 5851 2399 5910 ια)
2437 5856 2482 5895 ν.
2506 5849 2549 5898 le
2577 5848 2750 5899 liln'um
2774 5848 2835 5897 de
2863 5847 3159 5897 tlzeresilntts.
3190 5843 3306 5893 inter.
3336 5844 3411 5891 85.
