4118 6580
377 369 473 426 8M
1718 364 1922 423 LIBER
1960 365 2278 434 QUINTUS.

377 460 586 534 pudias.
623 477 641 512 ι
678 458 907 515 Possunt
944 458 1086 515 enim
1127 457 1400 523 homines,
1443 476 1462 511 ο
1493 457 1709 530 inquis,
1745 476 1765 511 ι
1801 474 1963 514 omne

376 556 545 610 vitare
571 564 865 624 peccatum,
887 566 1009 608 cum
1033 560 1255 622 possunt
1279 566 1494 607 vincere
1518 551 1964 619 concupiscentiae

286 688 296 698 .
373 644 598 699 malum.
618 642 676 698 Si
691 642 833 699 enim
856 641 1021 697 libido
1046 642 1288 698 naturale
1313 641 1510 696 malum
1536 650 1638 708 est,
1657 650 1712 695 et
1737 641 1965 696 vincitur

370 749 561 790 amore
585 735 829 799 virtutis;
859 734 1026 789 multo
1052 735 1219 804 magis
1248 753 1268 786 ι
1302 733 1437 789 dicis
1471 751 1489 785 ι
1519 734 1606 788 illa
1633 734 1812 789 omnia
1838 734 1962 788 vitia

372 828 640 898 superari,
660 842 779 898 qua:
794 826 862 883 de
877 826 991 883 sola
1008 827 1276 882 voluntate
1289 826 1620 896 contingunt.
1647 845 1667 879 ι
1690 825 1808 882 Jam
1827 826 1967 880 mul-

374 925 444 974 tis
469 920 643 975 modis
667 918 734 974 ad
761 918 861 975 ista
886 927 1083 985 vestra,
1100 927 1153 973 et
1181 933 1324 988 saepe
1350 932 1666 988 responsum
1696 925 1799 974 est.
1829 916 1962 985 Quia

371 1010 501 1066 dum
526 1010 617 1067 hic
640 1010 870 1066 vivimus
886 1051 904 1078 ,
931 1010 1019 1065 ubi
1053 1023 1181 1066 caro
1206 1009 1536 1080 concupiscit
1570 1007 1829 1063 adversus
1854 1007 1965 1077 spi-

373 1103 555 1165 ritum,
579 1113 635 1158 et
658 1102 876 1173 spiritus
892 1102 1147 1158 adversus
1160 1116 1375 1157 carnem
1402 1098 1593 1171 (Galat.
1612 1101 1782 1170 v,l7),
1797 1115 1960 1170 quan.

374 1194 620 1249 tumlibet
642 1193 695 1248 in
722 1193 825 1249 isto
847 1192 1095 1249 conﬂictu
1120 1192 1422 1268 superiores
1447 1192 1639 1256 simus,
1668 1206 1769 1247 nec
1794 1206 1965 1246 mem-

373 1286 467 1340 bra
493 1296 674 1342 nostra
700 1286 1055 1341 exhibeamus
1080 1300 1229 1339 arma
1254 1284 1549 1355 iniquitatis
1574 1293 1816 1354 peccato,
1834 1283 1966 1339 obe-

369 1376 582 1433 dientes
618 1376 898 1433 desideriis
923 1377 1040 1447 ejus
1084 1375 1260 1448 (Rom.
1290 1391 1340 1430 vt
1361 1417 1374 1439 ,
1407 1377 1475 1430 15
1496 1418 1511 1441 ,
1542 1374 1669 1448 l2);
1702 1385 1876 1457 tamen
1905 1381 1966 1430 ut

370 1481 579 1528 taceam
606 1473 674 1528 de
713 1471 956 1541 corporis
985 1470 1230 1526 sensibus
1251 1510 1265 1531 ,
1294 1478 1349 1525 et
1378 1470 1431 1523 in
1458 1468 1620 1524 rebus
1640 1509 1654 1535 ,
1685 1469 1875 1539 quibus
1902 1467 1965 1522 li-

369 1563 478 1620 cite
505 1565 703 1618 utimur
720 1602 736 1629 ,
766 1562 1104 1632 subrepentis
1123 1560 1413 1630 voluptatis
1438 1559 1747 1615 excessibus
1765 1601 1782 1625 ,
1811 1559 1864 1612 in
1886 1558 1966 1627 ip-

369 1656 447 1710 sis
475 1664 623 1712 certe
651 1664 850 1711 nostrae
889 1651 1226 1724 cogitationis
1266 1652 1497 1707 motibus
1525 1659 1581 1707 et
1606 1650 1883 1706 aﬂ‘ectibus
1920 1650 1966 1705 si

370 1747 651 1802 dixerimus
675 1748 794 1817 quia
823 1754 1082 1817 peccatum
1112 1761 1213 1800 non
1240 1744 1479 1799 habemus
1496 1785 1513 1810 ,
1544 1759 1636 1799 nos
1657 1744 1794 1813 ipsos
1817 1742 1966 1796 sedu-

367 1841 562 1905 cimur,
593 1849 641 1894 et
664 1840 846 1894 veritas
870 1839 924 1892 in
953 1838 1095 1892 nobis
1123 1853 1225 1891 non
1251 1847 1322 1891 est
1353 1836 1396 1909 (l
1420 1835 1576 1891 Joan.
1624 1851 1675 1900 ι,
1716 1834 1793 1907 8).
1826 1833 1965 1888 Fru-

368 1944 481 1990 stra
512 1934 672 2005 igitur
698 1934 750 1988 in
777 1932 877 1988 alia
906 1941 1009 1987 tua:
1034 1931 1315 1987 sententiae
1345 1939 1495 2001 parte
1521 1928 1782 1999 tripudias
1812 1944 1827 1981 :
1861 1929 1964 1983 nisi

369 2025 511 2082 forte
554 2025 873 2081 sententiam
898 2022 1121 2078 Joannis
1147 2022 1371 2092 apostoli
1409 2021 1670 2091 sacrilega
1697 2034 1963 2090 przesum-

368 2116 553 2186 ptione
580 2113 850 2183 repudias.
878 2111 1031 2182 Quod
1057 2121 1233 2167 autem
1265 2127 1407 2167 nunc
1430 2112 1604 2183 agitur
1622 2150 1638 2177 ,
1665 2110 1963 2167 naturalem

369 2220 493 2275 esse
522 2204 796 2260 libidinem
824 2213 878 2259 et
894 2218 993 2273 ego
1019 2202 1162 2270 dico,
1183 2202 1306 2272 quia
1334 2216 1456 2258 cum
1478 2202 1565 2256 illa
1592 2201 1828 2257 nascitur
1847 2215 1964 2255 om-

369 2297 455 2373 nis
485 2296 681 2360 homo;
707 2303 765 2350 et
790 2303 845 2349 tu
884 2294 1058 2349 multo
1085 2294 1350 2364 amplius,
1381 2293 1470 2363 qui
1504 2292 1639 2347 dicis
1667 2291 1813 2362 quod
1839 2306 1962 2346 cum

368 2386 461 2442 illa
485 2386 557 2441 sit
580 2384 826 2442 conditus
851 2385 1058 2458 primus
1083 2385 1264 2440 homo.
1295 2384 1426 2440 item
1450 2384 1468 2415 ¹
1498 2382 1813 2439 vincendum
1842 2396 1965 2438 esse

369 2477 644 2534 libidinem
666 2519 683 2544 ,
711 2486 875 2549 atque
905 2484 962 2532 ut
989 2477 1234 2531 vincatur
1276 2475 1326 2531 ei
1370 2474 1729 2532 resistendum
1760 2489 1882 2533 esse
1910 2482 1966 2529 et

366 2559 807 2640 repugnandum,
852 2578 907 2625 et
934 2583 1035 2640 ego
1063 2568 1219 2635 dico,
1268 2577 1326 2623 et
1355 2581 1446 2635 tu,
1490 2582 1561 2623 ne
1588 2583 1617 2621 a
1649 2582 1736 2622 me
1781 2567 1965 2622 audias

364 2660 509 2731 quod
534 2659 664 2715 mihi
694 2660 809 2731 ipse
836 2659 1054 2727 dixisti,
1091 2679 1109 2712 ι
1148 2659 1387 2731 proﬁteri
1414 2667 1470 2715 te
1497 2659 1838 2730 turpitudinis
1864 2659 1964 2714 ad-

365 2754 723 2819 vocatum,‘si
767 2753 1039 2809 libidinem
1072 2754 1349 2824 negaveris
1391 2766 1511 2808 esse
1536 2751 1850 2807 vincendam
1884 2768 1899 2805 :
1938 2770 1959 2805 ι

364 2859 486 2914 qua:
515 2844 699 2912 utique
742 2858 848 2897 non
883 2842 1143 2907 vincitur,
1176 2843 1222 2897 si
1264 2841 1469 2897 nullum
1501 2858 1621 2896 cum
1651 2857 1714 2897 ea
1762 2841 1966 2912 geritur

364 2936 588 2992 bellum.
619 2933 753 2992 Cum
786 2935 946 3006 igitur
976 2934 1250 2991 libidinem
1295 2942 1349 2989 et
1378 2934 1675 2988 naturalem
1722 2949 1877 3001 esse,
1910 2943 1967 2990 et

365 3027 508 3082 vinci
557 3041 748 3096 posse,
792 3024 952 3080 ambo
989 3025 1264 3090 dicamus;
1307 3033 1486 3078 utrum
1535 3023 1738 3080 bonum
1776 3025 1961 3080 vinca-

364 3133 507 3185 mus,
534 3133 601 3172 an
632 3118 854 3182 malum,
900 3117 1012 3187 ipsa
1040 3116 1179 3172 inter
1204 3130 1302 3170 nos
1329 3116 1553 3171 vertitur
1574 3116 1820 3186 quaestio.
1853 3114 1962 3172 Sed

367 3212 490 3268 vide
517 3227 676 3283 quam
722 3211 798 3267 sis
837 3209 1100 3266 absurdus
1121 3250 1136 3275 ,
1163 3210 1254 3279 qui
1293 3217 1348 3263 et
1372 3209 1451 3263 sic
1472 3210 1492 3240 '
1524 3207 1733 3263 hostem
1760 3208 1840 3264 vis
1864 3223 1964 3264 ex-

364 3317 605 3372 pugnare
651 3301 960 3368 libidinem,
992 3309 1048 3358 et
1089 3300 1157 3356 de
1185 3300 1326 3355 malo
1369 3292 1486 3369 ejus
1530 3315 1634 3354 non
1677 3299 1760 3355 vis
1806 3299 1961 3357 finire

363 3393 753 3464 qumstionem;
785 3401 842 3447 ut
866 3393 911 3447 si
944 3401 996 3447 te
1038 3391 1090 3447 in
1118 3390 1564 3462 concupiscentiae
1590 3391 1831 3446 diabolus
1860 3391 1961 3446 ad-

366 3486 622 3540 versitate
665 3499 769 3538 nun
800 3483 1022 3552 vicerit,
1062 3482 1239 3538 vincat
1280 3489 1333 3538 te
1372 3483 1423 3537 in
1456 3481 1806 3553 perversitate
1832 3496 1959 3538 sen-

368 3574 567 3629 lentiae.

436 3663 529 3719 28.
563 3662 752 3719 Adhuc
775 3677 878 3718 non
905 3662 1159 3734 evigilas,
1203 3671 1259 3717 ut
1288 3662 1551 3734 intelligas
1581 3671 1817 3718 nostram
1859 3668 1959 3717 na;

366 3765 540 3811 turam
569 3770 674 3810 non
703 3770 823 3811 esse
843 3796 857 3821 ,
884 3754 976 3810 sed
1009 3754 1190 3809 vitium
1214 3797 1228 3822 ,
1255 3762 1442 3827 contra
1466 3754 1607 3826 quod
1638 3757 1835 3811 virtute
1862 3770 1962 3827 pu-

363 3848 633 3919 gnamus?
660 3847 844 3917 Neque
869 3847 1011 3902 enim
1040 3847 1181 3902 bono
1216 3826 1411 3901 bo/num
1433 3887 1450 3913 ,
1480 3846 1573 3902 sed
1614 3846 1755 3902 bono
1780 3848 1960 3917 utique

367 3939 567 4017 malum
597 3935 1185 3993 vineimus.Considera
1215 3952 1334 3991 cum
1358 3952 1465 4008 quo
1494 3937 1689 4002 vincat,
1713 3953 1834 3993 cum
1852 3954 1959 4009 quo

367 4030 633 4084 vincatur.
659 4027 882 4096 Quando
906 4028 1048 4082 enim
1092 4027 1254 4082 libido
1281 4027 1443 4083 vincit
1462 4070 1476 4092 ,
1505 4027 1669 4083 vincit
1693 4038 1744 4084 et
1770 4028 1960 4083 diabo-

369 4125 452 4177 lus
485 4141 499 4177 :
532 4121 745 4195 quando
787 4121 953 4177 libido
998 4120 1263 4187 vincitur,
1313 4131 1367 4176 et
1414 4119 1661 4176 diabolus
1708 4121 1960 4177 vincitur.

366 4216 538 4283 Quem
566 4229 695 4285 ergo
726 4213 893 4267 vincit
918 4212 1099 4278 libido,
1129 4220 1183 4267 et
1211 4228 1239 4265 a
1269 4226 1375 4282 quo
1406 4212 1654 4277 vincitur,
1686 4212 1855 4267 hostis
1880 4220 1963 4268 est

367 4308 486 4378 rjus
519 4323 533 4359 :
564 4321 686 4362 cum
719 4319 825 4377 quo
867 4314 1046 4360 autem
1092 4304 1252 4360 vineit
1279 4315 1336 4361 et
1360 4305 1624 4373 vincitur,
1669 4315 1857 4360 auctor
1882 4315 1966 4360 est

366 4401 506 4471 ejus.
538 4399 687 4471 Rogo
713 4408 786 4463 te,
808 4396 993 4454 oculos
1019 4397 1187 4468 aperi,
1210 4406 1265 4452 ct
1287 4412 1447 4452 cerne
1470 4411 1585 4467 quae
1610 4405 1794 4466 aperta
1817 4405 1963 4452 sunt.

367 4492 523 4547 Nulla
541 4506 716 4561 pugna
732 4498 815 4545 est
839 4490 954 4543 sine
978 4489 1139 4544 malo.
1161 4488 1383 4556 Quando
1402 4487 1544 4543 enim
1573 4497 1855 4558 pugnatur,
1873 4495 1966 4543 aut

370 4583 572 4638 bonum
605 4589 799 4653 pugnat
826 4588 880 4635 et
920 4579 1117 4633 malum
1138 4620 1154 4645 ,
1186 4589 1277 4633 aut
1303 4579 1499 4633 malum
1528 4588 1583 4634 ct
1609 4579 1807 4633 malum
1830 4620 1846 4645 ,
1874 4588 1965 4635 aut

368 4674 415 4728 si
440 4673 547 4729 duo
572 4672 711 4728 bona
736 4672 874 4727 inter
897 4685 957 4726 se
980 4679 1236 4742 pugnant,
1267 4670 1378 4740 ipsa
1406 4685 1579 4740 pugna
1604 4678 1686 4725 est
1713 4687 1964 4741 maguum

369 4766 592 4819 malum.
625 4763 776 4831 Quod
802 4763 854 4818 in
884 4777 1110 4831 corpore
1134 4760 1349 4832 quando
1376 4763 1654 4833 contingit,
1685 4773 1741 4816 ut
1766 4778 1825 4818 ea
1848 4763 1966 4833 qui-

370 4857 470 4912 bus
510 4864 752 4921 constat,
783 4854 834 4910 id
877 4865 960 4910 est
986 4853 1264 4908 humidum
1293 4861 1347 4908 et
1373 4853 1606 4918 siccum,
1637 4853 1868 4909 calidum
1909 4862 1965 4910 et

370 4948 620 5019 frigidum
642 4988 656 5011 ,
681 4945 929 5017 quamvis
958 4945 1065 4999 sint
1090 4944 1228 4999 inter
1250 4958 1309 4999 se
1333 4943 1599 4998 contraria
1622 4984 1636 5008 ,
1665 4959 1849 5013 pacem
1878 4958 1964 4999 se-

369 5055 492 5095 cum
535 5039 983 5108 concordiamque
1012 5052 1117 5092 non
1159 5043 1410 5101 teneant,
1455 5036 1627 5091 morbi
1656 5034 1963 5105 mgroratio—

372 5147 577 5203 nesque
602 5139 916 5186 nascuntur.
945 5128 1013 5184 Et
1036 5127 1156 5198 quis
1183 5127 1381 5197 audeat
1403 5128 1583 5184 dicere
1600 5169 1617 5196 ,
1649 5126 1845 5198 aliquid
1872 5142 1966 5181 eo-

371 5240 488 5281 rum
506 5240 612 5279 non
630 5238 751 5279 esse
765 5222 984 5288 bonum;
1002 5236 1125 5279 cum
1147 5221 1323 5277 omnis
1341 5229 1584 5277 creatura
1607 5220 1699 5275 Dei
1717 5219 1855 5274 bona
1870 5220 1960 5285 sit,

370 5325 425 5372 et
448 5315 768 5372 benedicant
791 5314 843 5368 in
875 5313 1076 5386 hymno
1096 5312 1260 5370 trium
1284 5327 1571 5384 puerorum
1601 5309 1765 5382 frigus
1790 5318 1845 5365 et
1863 5325 1966 5367 aes-

372 5417 457 5462 tus
480 5407 760 5461 Dominum
788 5402 947 5476 (Dan.
976 5420 1031 5459 ιιι
1050 5446 1066 5471 ,
1096 5403 1228 5474 θην
1255 5406 1383 5470 Quae
1407 5403 1546 5457 inter
1569 5417 1629 5456 se
1653 5401 1920 5457 contraria
1942 5442 1960 5471 ,

370 5508 586 5557 servant
613 5510 789 5552 tamen
829 5509 926 5567 pro
956 5511 1135 5551 rerum
1165 5494 1528 5551 incolumitate
1565 5492 1907 5549 concordiam
1943 5508 1959 5546 :

434 5704 451 5734 ¹
477 5701 612 5759 mliti,
636 5706 720 5750 Ita.
748 5698 918 5749 Melius
939 5704 1068 5758 διες,
1099 5703 1233 5747 Item.

433 5766 462 5831 ὀ
494 5770 558 5813 tta
602 5755 920 5813 l’loriacensis
969 5755 1062 5810 us.
1113 5768 1166 5809 Al.
1216 5758 1368 5821 editi,
1420 5764 1465 5809 et
1518 5756 1686 5821 sicut;
1742 5755 1920 5806 omisso

376 5836 480 5877 aut.

3561 378 3666 433 802

2079 474 2199 514 cum
2229 475 2354 515 vero
2383 460 2435 514 in
2479 470 2664 518 nostro
2690 477 2915 532 corpore
2943 463 3281 538 discrepant,
3326 482 3550 539 seseque
3576 474 3662 527 in-

2076 552 2247 606 vicem
2277 562 2615 624 oppugnant,
2661 554 2911 610 valetudo
2940 556 3201 613 turbatur.
3231 559 3297 614 Et
3323 560 3425 616 hoc
3451 570 3618 617 totqu
3645 603 3663 627 ,

2072 645 2210 698 sicut
2234 646 2344 714 ipsa
2371 658 2541 715 mors,
2562 644 2631 702 de
2656 648 2856 717 peccati
2875 648 3017 704 illius
3044 654 3425 723 propagatione
3442 654 3665 711 descen-

2072 732 2167 787 dit.
2195 733 2380 804 Neque
2406 737 2550 792 enim
2577 746 2632 793 et
2674 736 2789 794 hmo
2831 741 3111 809 quisquam
3156 741 3385 809 dixerit,
3415 746 3459 799 si
3505 761 3665 801 nemo

2074 836 2378 896 peccasset,
2414 844 2513 883 nos
2542 830 2597 884 in
2625 829 2711 884 illa
2738 829 3066 887 beatitudine
3092 822 3325 903 paradisi
3352 835 3513 893 fuisse
3542 853 3670 910 pas-

2071 930 2246 971 suros.
2278 917 2382 973 Sed
2408 919 2530 976 aliaa
2571 931 2695 975 sunt
2740 937 2917 977 rerum
2950 924 3307 992 corporalium
3340 928 3623 997 qualitates
3645 971 3661 992 .

2070 1024 2189 1078 qum
2219 1025 2400 1066 secum
2430 1026 2461 1066 a
2491 1014 2773 1069 contrariis
2819 1023 3187 1084 temperantur
3215 1027 3272 1072 ut
3314 1019 3453 1073 bene
3484 1022 3663 1076 valea-

2070 1116 2217 1165 mus;
2241 1110 2294 1157 et
2318 1117 2439 1157 cum
2468 1104 2574 1158 sint
2599 1104 2651 1159 in
2677 1103 2891 1159 diverso
2920 1121 3115 1176 genere
3141 1107 3314 1173 bonae,
3342 1118 3518 1164 tamen
3540 1125 3662 1166 cum

2068 1188 2398 1259 discordant,
2431 1194 2624 1249 malam
2650 1195 3008 1251 valetudinem
3035 1195 3237 1254 faciunt
3261 1213 3276 1264 ;
3318 1209 3373 1255 et
3397 1201 3514 1255 alia:
3540 1211 3666 1258 sunt

2069 1278 2262 1340 anima:
2290 1285 2639 1356 cupiditates,
2685 1302 2804 1358 quae
2845 1297 3129 1359 propterea
3167 1290 3349 1346 carnis
3373 1292 3624 1349 dicuntur
3647 1334 3664 1360 ,

2070 1376 2193 1446 quia
2236 1378 2527 1433 secundum
2555 1394 2771 1434 carnem
2810 1381 2987 1435 anima
3028 1382 3389 1452 concupiscit,
3419 1398 3539 1439 cum
3587 1385 3666 1441 sic

2069 1470 2431 1539 concupiscit,
2461 1480 2520 1525 ut
2549 1471 2598 1526 ei
2628 1472 2844 1541 spiritus
2864 1515 2880 1540 ,
2909 1472 2960 1527 id
2988 1482 3070 1528 est
3098 1489 3221 1543 pars
3247 1474 3366 1545 ejus
3392 1476 3585 1531 melior
3611 1486 3666 1532 et

2070 1561 2334 1630 superior,
2355 1562 2546 1618 debeat
2565 1579 2880 1636 repugnare.
2906 1565 3141 1636 Denique
3162 1566 3261 1621 ista
3278 1568 3403 1621 vitia
3426 1584 3530 1624 non
3553 1585 3664 1624 meo

2069 1650 2218 1707 dicos
2245 1652 2379 1708 ullos
2402 1668 2686 1724 corporum
2712 1665 2980 1726 quaerunt,
3001 1657 3096 1711 sed
3124 1658 3290 1727 gratia
3318 1658 3519 1713 Christi
3551 1674 3667 1715 me-

2069 1743 2282 1799 dicante
2307 1755 2592 1800 curantur:
2614 1747 2783 1817 prius,
2804 1758 2859 1801 ut
2885 1756 3034 1802 reatu
3053 1763 3158 1802 non
3188 1757 3424 1813 teneant;
3443 1749 3660 1817 deinde,

2070 1842 2128 1888 ut
2153 1835 2403 1890 conﬂictu
2433 1851 2541 1891 non
2570 1838 2817 1910 vincant;
2845 1847 3137 1908 postremo,
3163 1848 3217 1893 ut
3243 1840 3387 1894 omni
3418 1856 3481 1895 ex
3510 1852 3664 1911 parte

2070 1935 2254 1979 sanata
2299 1926 2443 1981 nulla
2470 1928 2689 1982 omnino
2733 1939 3063 1984 remaneant.
3098 1931 3331 1987 Proinde
3373 1947 3492 1986 cum
3524 1934 3663 1989 mala

2068 2017 2446 2087 concupiscere
2474 2020 2668 2074 malum
2695 2021 2782 2086 sit,
2807 2030 2863 2077 et
2886 2021 3023 2076 bona
3049 2023 3432 2093 concupiscere
3458 2023 3658 2079 bonum

2069 2108 2157 2175 sit,
2186 2117 2345 2179 atque
2372 2109 2474 2164 hoc
2500 2109 2696 2165 bellum
2732 2112 2984 2182 quamdiu
3012 2112 3099 2166 hie
3123 2113 3318 2166 vivitur
3363 2128 3467 2167 non
3506 2115 3662 2183 quie-

2068 2212 2206 2270 scat,
2235 2220 2356 2260 cum
2382 2218 2509 2260 caro
2532 2205 2860 2275 concupiscit
2889 2205 3144 2273 adversus
3167 2205 3436 2275 Spiritum,
3465 2214 3521 2262 et
3545 2207 3659 2277 spi-

2067 2294 2203 2349 ritus
2228 2294 2483 2350 adversus
2508 2310 2758 2363 carnem;
2797 2295 2917 2365 quis
2944 2310 3030 2350 me
3056 2295 3303 2351 liberabit
3326 2296 3394 2351 de
3434 2310 3663 2366 corpore

2068 2388 2256 2442 mortis
2280 2387 2460 2458 hujus,
2486 2387 2585 2442 nisi
2615 2388 2782 2458 gratia
2811 2387 2905 2443 Dei
2934 2403 3029 2457 per
3052 2387 3233 2443 Jesum
3263 2388 3531 2443 Christum
3556 2389 3660 2445 Do—

2068 2477 2271 2532 minum
2315 2478 2595 2532 nostrum?
2621 2476 2717 2534 Cui
2756 2479 2941 2549 gratiae
2969 2478 3130 2534 nimis
3166 2477 3442 2533 inimicum
3467 2477 3658 2550 dogma

2069 2566 2432 2624 horrescimus
2460 2579 2719 2623 vestrum.

2138 2657 2230 2713 29.
2261 2659 2365 2715 Sed
2395 2661 2474 2715 vir
2498 2661 2839 2728 fortissimus,
2869 2668 3250 2716 nocturnorum
3280 2668 3335 2716 et
3362 2660 3408 2716 si
3433 2676 3538 2717 non
3563 2660 3661 2715 ad-

2069 2748 2432 2815 ministrator,
2477 2762 2623 2806 certe
2665 2750 2977 2806 exhortator
3020 2751 3440 2823 praedicatorque
3489 2751 3660 2808 bello-

2069 2854 2212 2908 rum,
2249 2857 2269 2891 ι
2297 2854 2546 2896 enervem
2578 2850 2633 2897 et
2660 2841 2876 2898 mollem
2906 2856 3026 2899 esse
3060 2859 3081 2894 ι
3115 2841 3251 2898 dicis
3285 2859 3305 2895 ι
3333 2842 3659 2913 opinionem,

2068 2945 2171 3001 qua
2198 2932 2436 2987 creditur
2462 2933 2527 3009 in,
2544 2934 2792 3003 paradiso
2818 2933 2883 2989 ad
2911 2944 3098 2990 nutum
3126 2934 3415 2990 voluntatis
3450 2936 3660 3006 genita-

2069 3022 2136 3078 lia
2163 3025 2398 3095 potuisse
2420 3026 2643 3083 servire.
2681 3044 2703 3077 ι
2740 3027 2911 3081 Tanto
2935 3027 3078 3081 enim
3106 3027 3238 3093 tibi,
3269 3038 3520 3099 tanquam
3546 3029 3663 3085 viro

2068 3124 2218 3170 casto
2237 3155 2253 3182 ,
2282 3116 2636 3172 effeminatior
2658 3117 2871 3172 videtur
2896 3133 3017 3174 esse
3042 3119 3253 3174 animus
3274 3159 3288 3182 ,
3312 3127 3512 3189 quanto
3543 3119 3662 3190 plus

2070 3203 2229 3260 habet
2251 3208 2529 3275 potestatis
2549 3207 2602 3261 in
2628 3222 2842 3278 corpus.
2869 3205 2975 3264 Sed
3005 3223 3131 3263 ecce
3160 3224 3265 3263 non
3294 3209 3566 3265 vobiscum
3591 3210 3661 3265 de

2068 3296 2300 3352 libidinis
2326 3298 2564 3353 absentia
2609 3300 2963 3368 praesentiave
3003 3300 3378 3356 contendimus
3398 3342 3415 3370 ,
3448 3316 3549 3359 nec
3576 3302 3660 3357 di-

2067 3387 2350 3443 lectionem
2377 3404 2534 3459 quam
2565 3389 2762 3446 debere
2790 3405 2887 3445 vos
2913 3390 2962 3446 ei
2990 3390 3232 3447 videmus
3250 3434 3264 3458 ,
3297 3393 3656 3459 offendimus;

2067 3478 2257 3532 saltem
2285 3478 2453 3549 ipsam
2481 3480 2692 3537 subdite
2715 3482 3003 3536 voluntatis
3031 3482 3256 3553 imperio
3284 3485 3336 3538 in
3368 3485 3457 3538 illo
3486 3486 3658 3542 felici-

2068 3570 2191 3623 tatis
2216 3570 2354 3624 loco.
2381 3569 2602 3626 Auferte
2631 3571 2753 3627 inde
2779 3572 3232 3629 evidentissimum
3266 3590 3513 3646 pugnam,
3540 3592 3660 3647 qua:

2069 3659 2129 3714 fit
2154 3662 2269 3733 ejus
2296 3662 2535 3718 “motioni
2573 3672 2753 3719 mente
2779 3664 3038 3719 renitente
3071 3681 3084 3717 :
3116 3664 3326 3722 auferte
3374 3666 3498 3721 inde
3541 3678 3657 3722 tur-

2067 3754 2341 3826 pissimam
2370 3771 2578 3827 pacem,
2603 3772 2724 3827 qua:
2751 3756 2808 3810 fit
2833 3756 2946 3827 ejus
2968 3756 3314 3811 dominationi
3342 3768 3519 3813 mente
3539 3773 3660 3813 ser-

2070 3845 2262 3901 virnte.
2298 3847 2357 3901 Et
2390 3854 2555 3912 certe,
2584 3847 2708 3918 quia
2738 3861 2842 3900 non
2874 3861 2992 3902 eam
3023 3847 3179 3900 talem
3208 3847 3417 3911 videtis,
3446 3848 3659 3918 qualem

2069 3935 2140 3992 ibi
2167 3937 2511 4003 constituere,
2536 3937 2580 3991 si
2606 3936 2813 3992 ratione
2838 3952 2944 3991 non
2971 3938 3318 4005 revocamiui,
3349 3939 3552 4009 pudore
3571 3953 3663 3993 co-

2069 4027 2277 4099 gimini,
2298 4029 2348 4082 in
2377 4043 2440 4084 ea
2458 4029 2628 4099 qualis
2646 4042 2787 4083 nunc
2812 4036 2895 4083 est
2911 4027 3094 4083 vitium
3114 4029 3370 4100 originale
3398 4028 3658 4095 fatemini;

2068 4121 2154 4176 cui
2182 4121 2226 4175 si
2254 4121 2517 4175 servimus
2544 4122 2780 4191 perimus
2799 4161 2816 4186 ,
2848 4119 2932 4174 cui
2976 4133 3336 4190 repugnamus
3363 4135 3431 4174 ne
3456 4119 3659 4175 servia-

2069 4226 2208 4267 mus.
2239 4212 2377 4267 Ecce
2401 4212 2544 4283 quod
2581 4212 2796 4278 laudas,
2824 4225 2925 4266 nec
2950 4212 3106 4266 times
3133 4225 3199 4265 ne
3227 4209 3320 4265 tibi
3360 4211 3534 4281 potius
3561 4210 3660 4264 ad-

2070 4316 2291 4358 moneas
2315 4317 2436 4359 esse
2458 4303 2742 4357 dicendum
2762 4345 2777 4371 ,
2816 4302 2957 4373 quod
2986 4301 3052 4356 ad
3082 4302 3280 4372 ﬂagitia
3307 4301 3539 4357 concites
3567 4301 3657 4354 liu-

2071 4394 2265 4460 mines,
2286 4408 2353 4448 ne
2378 4394 2627 4449 resistant
2641 4394 3111 4462 concupiscentiae,
3128 4407 3285 4462 quam
3309 4392 3447 4448 sicut
3466 4392 3662 4447 bonum

2069 4486 2309 4542 naturale
2335 4485 2700 4542 commendas.
2728 4484 2866 4554 Quid
2892 4484 3034 4540 enim
3067 4494 3119 4539 te
3145 4485 3375 4555 adjuvat,
3408 4485 3549 4555 quod
3579 4502 3654 4538 re-

2068 4579 2404 4650 prehendere
2420 4577 2614 4633 videris
2631 4578 2749 4648 ejus
2769 4592 3072 4642 excessum,
3094 4578 3247 4647 cujus
3262 4576 3529 4646 approbas
3549 4592 3662 4631 mo-

2069 4671 2217 4727 tum?
2238 4672 2389 4727 Tunc
2414 4671 2554 4726 enim
2580 4669 2791 4725 excedit
2814 4670 3015 4725 licitum
3045 4670 3289 4735 limitem,
3312 4669 3526 4739 quando
3547 4668 3665 4739 ejus

2068 4764 2303 4821 motibus
2330 4765 2556 4821 ceditur.
2582 4763 2716 4817 Mala
2742 4772 2822 4817 cst
2851 4772 3029 4816 tamen
3057 4769 3113 4816 et
3137 4762 3350 4831 quando
3379 4776 3482 4815 non
3514 4761 3663 4816 cedi-

2069 4867 2189 4923 tur;
2221 4858 2342 4928 quia
2371 4858 2512 4911 malo
2549 4856 2848 4918 resistitur,
2881 4868 2948 4909 ne
2974 4854 3173 4909 bonum
3203 4852 3465 4907 castitatis
3492 4853 3665 4906 intor-

2068 4959 2190 5016 eat,
2222 4951 2265 5005 si
2294 4949 2416 5004 huic
2440 4948 2581 5003 malo
2607 4964 2713 5001 non
2759 4947 3056 5001 resistatur.
3102 4943 3272 5013 Quam
3303 4953 3357 4997 tu
3403 4958 3525 4998 cum
3568 4944 3668 4997 bo-

2054 5024 2189 5097 nam
2218 5041 2530 5095 naturaliter
2557 5039 2691 5094 dicis
2710 5078 2726 5104 ,
2755 5046 2931 5093 astute
2974 5036 3049 5090 illi
3078 5050 3292 5106 seraper
3317 5034 3666 5090 consentien-

2069 5134 2193 5189 dum
2217 5148 2337 5188 esse
2362 5132 2625 5197 decernis;
2647 5147 2713 5185 ne
2741 5130 2922 5185 renisu
2951 5130 3194 5198 improbo
3220 5137 3548 5199 repugnetur
3574 5141 3670 5180 na-

2071 5226 2224 5282 turali
2247 5227 2406 5281 bono.
2437 5223 2508 5278 Ita
2525 5224 2723 5295 quippe
2746 5231 2921 5295 potest
2946 5221 3195 5278 facillime
3217 5236 3344 5278 vera
3367 5234 3487 5277 esse
3507 5219 3668 5276 etiam

2068 5318 2158 5374 illa
2182 5327 2355 5373 vestra
2400 5317 2662 5373 sententia
2683 5359 2698 5382 ,
2730 5330 2832 5386 qua
2863 5315 3040 5371 dicitis
3081 5314 3351 5371 hominem
3396 5315 3513 5370 sine
3540 5327 3669 5385 pec-

2048 5396 2190 5467 cato
2216 5410 2418 5477 csse,si
2448 5409 2594 5465 velit.
2622 5407 2741 5464 Non
2771 5417 2854 5464 est
2877 5410 3019 5464 enim
3049 5407 3318 5480 quomodo
3345 5406 3501 5463 faciat
3526 5405 3669 5476 quod

2068 5518 2173 5557 non
2201 5501 2344 5568 licet,
2371 5500 2584 5570 quando
2610 5500 2735 5556 licet
2759 5498 3013 5571 quidquid
3040 5500 3189 5567 libet,
3217 5497 3338 5569 quia
3362 5499 3562 5553 bonum
3586 5506 3671 5553 est

2066 5594 2211 5666 quod
2240 5594 2555 5652 naturaliter
2598 5593 2747 5649 libet.
2792 5592 2847 5648 Si
2889 5608 3019 5663 ergo
3048 5592 3276 5658 adsunt,
3309 5589 3674 5660 voluptatibus

2066 5689 2371 5761 perfruatur
2403 5704 2418 5742 :
2450 5686 2495 5741 si
2526 5695 2705 5742 autem
2748 5701 2854 5742 non
2882 5686 3111 5753 adsunt,
3139 5685 3270 5755 ipsis
3298 5699 3481 5739 earum
3521 5684 3672 5751 cogiv

2071 5784 2395 5851 tatiouibus,
2425 5781 2563 5839 sicut
2609 5780 2840 5853 Epicuro
2889 5778 3059 5835 visum
3110 5786 3227 5843 est,
3258 5776 3552 5832 obiectctur
3572 5818 3588 5845 ,
3621 5783 3672 5832 et
