4098 6558
511 349 614 404 805

507 469 612 519 erit
634 463 750 519 sine
779 468 1017 534 peccato,
1037 475 1135 516 nec
1166 454 1225 514 se
1257 459 1359 513 ulla
1388 456 1649 512 l'raudabit
1675 456 1815 511 bono
1841 473 1854 511 :
1878 470 1975 511 nec
2004 470 2096 509 cu-

503 555 819 626 juscumque
845 551 1101 609 doctrina:
1144 550 1483 623 opinionibus
1510 549 1724 603 resistat
1769 545 2096 601 naturalibus

507 646 761 712 molibus,
789 644 905 713 sed,
936 643 1071 700 sicut
1094 646 1168 699 ait
1192 643 1525 706 Hortensius,
1562 659 1581 693 ι
1620 649 1745 696 tunc
1769 640 2097 711 obsequatur

505 750 737 802 naturae,
764 753 886 795 cum
912 738 1027 792 sine
1052 736 1305 806 magistro
1331 735 1559 790 senserit
1583 732 1707 804 quid
1738 740 1927 786 natura
1952 730 2097 786 desi-

502 830 654 886 deret
678 849 696 882 ι
719 829 992 901 (Ciceronis
1020 826 1272 898 dialogus,
1292 827 1375 881 cui
1399 842 1579 881 nomen
1611 823 1956 895 Hortensius).
1975 821 2090 879 Non

500 922 644 975 enim
673 927 848 989 potest
866 934 989 990 quia
1007 918 1142 973 bona
1169 926 1250 973 est
1275 915 1579 972 desiderare
1605 914 1746 987 quod
1764 916 2089 1001 malumoest,

499 1021 593 1065 ant
615 1009 913 1079 negandum
932 1020 1016 1064 est
1032 1009 1185 1064 bona:
1200 1006 1415 1078 aliquod
1443 1006 1659 1063 bonum.
1680 1003 1796 1060 Fiat
1816 1005 1993 1075 itaque
2010 1013 2092 1060 to—

503 1112 611 1155 lum
638 1102 777 1171 quod
805 1100 1071 1156 desiderat
1097 1099 1260 1156 libido
1285 1099 1446 1167 bona,
1474 1114 1543 1154 ne
1570 1099 1684 1169 ipse
1712 1097 1783 1152 sit
1808 1097 1978 1154 malus
1998 1097 2089 1169 qui

500 1195 698 1249 resistit
731 1195 890 1250 bono.

571 1286 658 1341 50.
690 1284 803 1340 Νυιι
835 1286 934 1340 hoc
971 1285 1112 1349 dico,
1142 1284 1369 1355 inquies,
1394 1291 1448 1338 et
1479 1283 1728 1351 iniustum
1757 1289 1839 1335 est
1865 1290 1921 1335 ut
1942 1279 2086 1335 aliud

497 1395 586 1434 me
629 1381 916 1449 suspiceris
944 1380 1142 1435 sentire
1172 1393 1329 1448 quam
1357 1377 1564 1447 loquor.
1610 1374 1729 1429 Noli
1755 1389 1883 1445 ergo
1909 1374 2087 1428 facere

496 1469 638 1542 quod
667 1475 771 1540 pati
798 1486 902 1527 non
929 1472 1029 1538 vis,
1058 1480 1111 1525 et
1136 1469 1312 1525 dicere
1345 1487 1365 1520 ι
1402 1468 1542 1537 quod
1570 1466 1858 1521 invitemus
1883 1464 1949 1519 ad
1969 1464 2088 1519 dul-

495 1565 576 1621 cia
603 1568 763 1627 furta,
785 1563 974 1635 quibus
996 1561 1307 1633 Apostolum
1337 1559 1624 1615 recitamtts
1648 1557 1938 1622 dicentem,
1964 1554 2085 1611 Scio

494 1659 613 1728 quia
637 1675 738 1713 non
763 1657 953 1711 habitat
977 1655 1028 1708 in
1049 1670 1128 1708 me
1146 1695 1161 1720 ,
1193 1652 1287 1707 hoc
1314 1661 1386 1706 est
1414 1651 1468 1706 in
1494 1667 1647 1705 came
1669 1666 1780 1704 mea
1798 1692 1814 1717 ,
1844 1649 2031 1703 bonum
2057 1666 2078 1699 ι

498 1748 672 1821 (Rom.
704 1764 798 1813 vn,
834 1745 944 1817 18).
978 1746 1087 1800 Etsi
1115 1746 1256 1801 enim
1287 1758 1395 1798 non
1421 1743 1508 1798 hic
1529 1744 1545 1775 ¹
1576 1740 1857 1813 perﬁciunt
1883 1741 2081 1797 bonum

490 1842 632 1911 quod
660 1841 838 1896 volunt
862 1881 877 1906 ,
907 1848 963 1894 ut
987 1854 1092 1894 non
1117 1836 1531 1908 concupiscant;
1560 1836 1756 1891 iaciunt
1783 1845 1959 1890 tamen
1987 1834 2084 1890 bo-

491 1951 615 1989 num
635 1976 649 1998 ,
683 1943 739 1988 ut
784 1941 903 2003 post
927 1930 1385 2001 concupiscentias
1429 1943 1554 1983 suas
1585 1943 1688 1982 non
1721 1936 1843 1981 eant
1889 1924 2077 2000 (Eccli.

487 2042 613 2079 xvut
632 2066 647 2092 ,
675 2023 786 2097 '50).
816 2024 871 2078 Si
899 2023 1041 2079 enim
1068 2038 1162 2078 vos
1193 2021 1492 2077 castitatem
1525 2019 1676 2074 vobis
1702 2019 1952 2075 videmini
1978 2018 2079 2073 do-

485 2134 632 2183 cere,
655 2133 774 2173 cum
796 2117 990 2181 dicitis,
1014 2115 1132 2171 Noli
1162 2114 1299 2170 vinei
1328 2129 1360 2170 a
1384 2113 1545 2172 bono.
1570 2112 1663 2169 sed
1687 2112 1839 2167 vince
1863 2112 1916 2167 in
1940 2110 2079 2167 bono

486 2208 719 2273 bonum;
747 2218 947 2279 quanto
989 2207 1157 2277 magis
1185 2220 1303 2261 eam
1348 2220 1447 2260 nos
1476 2204 1730 2259 docemus
1751 2244 1765 2269 ,
1792 2219 1912 2259 cum
1939 2202 2077 2259 dici-

485 2315 624 2367 mus,
648 2299 771 2354 Noli
796 2298 927 2354 vinci
954 2315 986 2351 a
1015 2297 1172 2365 malo,
1191 2296 1280 2352 sed
1306 2297 1444 2352 vince
1468 2297 1520 2351 in
1536 2296 1665 2350 bono
1692 2295 2073 2368 malumﬂlom.

486 2407 597 2457 xu,
627 2390 762 2461 2|)?
792 2389 924 2445 Vide
951 2404 1109 2459 quam
1134 2389 1204 2443 sit
1227 2388 1515 2458 injustam,
1543 2395 1601 2441 ιιι
1630 2401 1728 2441 nos
1767 2386 1907 2457 quod
1935 2385 2075 2441 vitu-

484 2495 731 2551 perantus
761 2493 1067 2550 expugnare
1094 2493 1200 2532 non
1227 2477 1416 2533 credas
1434 2519 1448 2541 ,
1477 2477 1567 2549 qui
1595 2486 1645 2532 te
1672 2478 1814 2532 credi
1861 2493 1966 2532 non
1996 2477 2074 2532 vis

481 2586 548 2624 eo
568 2569 670 2624 frui
686 2569 823 2624 velle
843 2567 983 2639 qttod
1007 2567 1209 2622 laudas.
1229 2566 1508 2636 Quomodo
1530 2568 1662 2621 casti
1684 2582 1802 2621 esse
1823 2583 1927 2622 non
1952 2582 2075 2637 pos-

481 2668 607 2715 sunt
634 2660 828 2714 inimici
853 2658 1107 2723 libidinis,
1126 2659 1170 2713 si
1192 2657 1327 2714 casti
1345 2673 1464 2713 esse
1488 2667 1708 2728 possunt
1732 2666 1785 2713 et
1803 2657 1919 2727 ejus
1939 2658 2073 2712 ami—

480 2751 567 2805 ci?
595 2749 745 2820 Quod
790 2765 918 2821 ergo
960 2760 1216 2820 negantes
1253 2748 1510 2820 originale
1536 2756 1809 2818 peccatum
1832 2789 1845 2811 ,
1890 2757 1943 2803 et
1987 2748 2069 2802 in-

479 2843 722 2898 videntes
762 2842 996 2912 parvulis
1036 2841 1353 2896 salvatorem
1392 2839 1612 2908 Iesum,
1653 2839 1825 2911 legem
1872 2840 2069 2911 peccati

478 2943 860 3005 repugnantem
889 2933 992 3005 legi
1027 2934 1218 2989 mentis
1244 2932 1581 2989 introducere
1607 2933 1770 2988 vultis
1796 2941 1851 2988 et
1888 2933 1941 2987 itt
1970 2948 2068 3003 pa-

480 3028 714 3081 radisum
744 3037 867 3082 ante
894 3037 1168 3097 peccatum
1190 3067 1205 3093 ,
1235 3026 1337 3082 hoc
1364 3027 1414 3082 in
1441 3026 1595 3081 vobis
1621 3027 1723 3080 isto
1749 3041 1912 3097 opere
1939 3042 2069 3081 cono

478 3119 730 3173 intumus.
780 3120 973 3174 Eorum
1001 3134 1119 3189 quae
1146 3134 1251 3174 non
1297 3118 1540 3174 videmus
1566 3118 1620 3173 in
1665 3118 1815 3174 vobis
1842 3134 1941 3174 nec
1966 3135 2068 3175 auv

471 3210 653 3265 dimtts
697 3226 762 3265 ex
790 3212 973 3276 vobis,
1006 3210 1251 3264 nolumus
1277 3225 1399 3267 esse
1437 3209 1645 3282 judiccs
1677 3225 1693 3265 ζ
1728 3210 1856 3265 nihil
1887 3220 2063 3264 nostra

478 3305 731 3368 interest,
762 3304 887 3374 quid
918 3304 971 3358 in
1018 3303 1231 3358 occulto
1275 3315 1435 3376 agant
1460 3302 1631 3375 aperti
1672 3303 1905 3358 libidinis
1949 3304 2063 3359 lau-

470 3392 708 3448 datores.

544 3480 770 3539 CAPUT
801 3483 907 3539 V'lll
938 3481 1033 3559 (α).
1052 3515 1123 3526 -
1156 3485 1247 3543 3i.
1268 3484 1403 3541 Cum
1424 3500 1552 3542 vero
1572 3486 1690 3542 aliis
1713 3487 1892 3542 verbis
1928 3488 2063 3543 meis

472 3574 778 3643 propositis,
807 3574 950 3629 illam
967 3575 1363 3632 distinctionem
1381 3591 1577 3643 meam,
1595 3593 1753 3649 quam
1782 3577 1848 3634 de
1865 3579 2061 3649 nuptiis

471 3676 526 3720 et
563 3669 988 3738 concupiscentia
1021 3671 1258 3740 priorum
1298 3669 1573 3725 hominum
1603 3673 1789 3742 posui,
1835 3673 2018 3727 dicens
2040 3714 2057 3738 ,

475 3775 497 3807 ι
535 3756 685 3826 Quod
714 3759 855 3813 enim
901 3760 975 3813 illi
1018 3770 1198 3828 postea
1229 3763 1611 3833 propagatione
1654 3763 1925 3829 fecerunt,
1959 3765 2061 3820 hoc

468 3858 553 3905 est
588 3851 838 3905 connubii
867 3851 1099 3918 bonum;
1130 3852 1272 3922 quod
1300 3866 1426 3908 vero
1464 3854 1610 3923 prius
1635 3853 1947 3911 confusione
1976 3865 2060 3912 te-

471 3949 692 4006 xerunt,
725 3942 824 3998 ltoc
851 3952 934 3998 cst
958 3943 1404 4020 concupiscentiae
1430 3945 1627 3999 malum
1664 3965 1684 3998 ι
1721 3943 1822 4019 (De
1849 3946 2059 4017 Nuptiis

468 4043 515 4089 et
555 4032 1004 4104 Concupiscentia,
1034 4034 1123 4089 lib.
1151 4037 1176 4090 1
1203 4077 1218 4101 ,
1250 4053 1303 4090 n.
1333 4034 1388 4110 8)
1425 4054 1439 4089 :
1472 4038 1550 4093 sic
1575 4037 1920 4093 refellendam
1962 4057 2058 4111 pu-

468 4124 612 4188 tasti,
641 4134 701 4179 ut
721 4125 952 4190 diceres,
989 4144 1009 4177 ι
1042 4126 1154 4182 ﬁeri
1185 4141 1288 4181 non
1318 4142 1473 4197 posse
1497 4136 1557 4183 ut
1580 4129 1719 4199 quod
1748 4129 1945 4185 bonum
1976 4139 2058 4186 est

467 4231 572 4274 non
603 4217 796 4274 habeat
814 4233 1151 4274 communem
1173 4234 1294 4274 cum
1321 4233 1387 4275 eo
1413 4219 1645 4285 laudem,
1664 4221 1780 4275 sine
1805 4238 1912 4293 quo
1937 4238 2056 4279 esse

466 4324 572 4365 non
598 4317 800 4378 potest;
831 4328 848 4360 ι
876 4309 945 4363 ita
970 4312 1152 4364 volens
1174 4326 1332 4365 unam
1353 4310 1702 4407 eamdemque
1728 4313 1935 4368 laudem
1960 4332 2055 4369 nu-

467 4400 587 4469 ptiis
605 4408 659 4469 et
677 4399 879 4454 libidini
903 4415 1022 4455 esse
1039 4414 1375 4456 communem
1398 4419 1409 4455 :
1427 4399 1696 4473 quomodo
1721 4416 1933 4460 corruat
1951 4406 2053 4462 ista

463 4502 554 4551 tua
582 4493 723 4547 velut
749 4492 1020 4548 definitiva
1051 4494 1314 4551 sententia
1336 4536 1350 4561 ,
1381 4497 1651 4568 paulisper
1675 4498 1915 4554 attende.
1938 4498 2056 4554 Pri-

462 4602 611 4641 munt
632 4627 648 4653 ,
678 4585 821 4657 quod
858 4587 1175 4644 universitas
1201 4605 1379 4646 rerum
1404 4606 1563 4661 quam
1608 4592 1843 4649 condidit
1871 4593 2010 4649 Deus
2033 4636 2048 4661 ,

463 4696 569 4734 non
599 4688 776 4750 potest
799 4694 919 4736 esse
939 4680 1054 4737 sine
1080 4681 1256 4746 malis,
1277 4699 1377 4740 nec
1401 4683 1519 4741 ideo
1536 4693 1713 4741 tamen
1741 4687 1877 4743 mala
1901 4702 2051 4743 com-

460 4786 677 4829 munem
705 4771 914 4828 laudem
944 4782 1168 4843 possunt
1206 4773 1407 4831 habere
1434 4791 1554 4831 cum
1595 4776 1769 4833 bonis.
1801 4778 2006 4835 Deinde
2030 4820 2046 4846 ,

459 4863 505 4919 si
542 4880 560 4913 ι
601 4861 712 4916 tieri
756 4878 859 4919 non
890 4872 1068 4935 potest
1093 4874 1149 4923 ut
1189 4865 1332 4938 quod
1374 4866 1570 4923 bonum
1598 4876 1683 4924 est
1720 4885 1824 4924 non
1853 4868 2053 4926 habeat

459 4969 798 5011 communem
816 4971 937 5013 cum
956 4971 1020 5014 eo
1036 4956 1270 5025 laudem,
1287 4958 1404 5015 sine
1416 4974 1525 5030 quo
1540 4974 1661 5016 esse
1676 4975 1781 5015 non
1800 4969 1995 5032 potest;
2023 4980 2043 5015 ι

462 5044 701 5113 proiecto
723 5055 778 5100 et
798 5047 939 5117 quod
966 5048 1165 5104 malum
1192 5058 1275 5106 est
1295 5090 1311 5115 ,
1342 5050 1455 5106 fieri
1482 5067 1587 5106 non
1615 5060 1787 5121 potest
1807 5054 1828 5085 ⁸
1859 5063 1915 5108 ιιι
1939 5069 2046 5110 non

461 5136 655 5192 habeat
677 5151 1016 5197 communem
1042 5156 1167 5198 cum
1194 5157 1259 5198 eo
1282 5143 1727 5214 vituperationem
1749 5188 1765 5213 ,
1795 5148 1913 5204 sine
1943 5163 2047 5219 quo

456 5242 579 5283 esse
607 5244 711 5282 non
740 5238 936 5300 potest.
966 5230 1343 5303 Vituperemus
1369 5234 1527 5307 igitur
1565 5251 1727 5308 opera
1755 5238 1882 5305 Dei,
1909 5239 2047 5296 sicut

457 5320 822 5390 vituperamus
838 5322 976 5378 mala
993 5340 1112 5395 quae
1136 5325 1252 5380 sine
1270 5325 1372 5382 illis
1395 5343 1518 5385 esse
1537 5344 1639 5383 non
1657 5341 1901 5401 possunt.
1919 5331 2046 5386 Nul-

455 5410 564 5467 lum
592 5412 733 5466 enim
758 5414 954 5468 malum
975 5425 1054 5471 est
1079 5417 1180 5471 nisi
1208 5417 1261 5472 in
1283 5418 1461 5491 aliquo
1490 5438 1652 5492 opere
1679 5423 1792 5488 Dei,
1815 5441 1910 5480 nec
1927 5426 2044 5481 sine

457 5504 547 5563 illo
573 5520 693 5560 esse
736 5508 954 5562 omnino
979 5509 1174 5565 alicubi
1205 5522 1395 5581 potest.
1428 5515 1674 5588 Vitupera
1701 5532 1862 5589 ergo,
1891 5528 1946 5574 ιιι
1989 5527 2042 5575 te

520 5641 534 5670 ⁸
563 5640 635 5687 Sic
652 5646 761 5691 \tss.
785 5647 839 5691 At
863 5642 999 5700 editi,
1023 5655 1118 5695 non
1141 5643 1248 5696 hoc.

518 5701 679 5780 finiti
700 5735 716 5780 ,
842 5702 952 5780 ﬁeri
977 5718 1077 5780 lion
1095 5714 1265 5780 potem
1303 5712 1466 5775 Abest,
1504 5713 1593 5778 sic,
1632 5729 1658 5765 a
1684 5719 2035 5780 ntamtseriptis.

513 5766 586 5820 iu)
623 5764 748 5821 stud
780 5764 872 5814 sui.
902 5775 953 5816 et
974 5772 1070 5822 Er..
1092 5764 1131 5820 ϐ,

1302 340 1575 397 CONTRA
1614 338 1952 397 JULIANUM
1995 335 2458 407 PELAGMNUM,
2503 342 2562 401 S.
2603 345 2971 404 AUGUSTINI

3678 360 3783 421 8N

2206 468 2309 507 non
2339 455 2545 528 longius
2576 470 2798 526 mittam,
2818 463 3054 519 membra
3086 463 3332 533 lnnnana,
3351 468 3486 526 sicut
3513 473 3785 547 vitoperas

2202 544 2458 600 adulteria
2480 590 2494 613 ,
2526 565 2644 619 quae
2668 550 2786 606 sine
2829 553 2931 607 illis
2957 555 3210 610 membris
3237 573 3358 616 esse
3384 576 3490 618 non
3536 544 3780 634 possunt.

2201 636 2354 706 Quod
2381 640 2424 695 si
2452 657 2555 695 non
2585 641 2748 712 facis,
2788 660 2854 700 ne
2882 646 2974 700 tibi
3001 663 3214 719 quoque
3241 651 3339 722 ipsi
3367 656 3674 715 manifestus
3701 661 3784 715 in-

2199 743 2361 786 sanus
2388 746 2647 801 appareas
2679 751 2693 788 :
2728 746 2902 805 potest
2927 738 3087 809 igitur
3115 744 3414 813 nuptiarum
3446 745 3639 805 bonum
3671 768 3781 808 non

2199 820 2398 878 habere
2423 823 2631 880 laudem
2650 841 2986 885 communem
3003 847 3123 887 cum
3152 835 3391 905 libidine,
3409 840 3524 896 sine
3538 858 3636 915 qua
3657 860 3783 903 esse

2196 926 2339 969 nunc
2365 928 2470 970 non
2487 926 2680 986 potest;
2699 919 2836 975 sicut
2860 922 3130 991 quodlibet
3147 927 3343 983 malum
3364 942 3538 1000 potest
3563 950 3665 990 non
3684 936 3783 993 ha-

2193 1003 2321 1063 bere
2346 1021 2684 1066 communem
2710 1012 3153 1083 vituperationem
3182 1033 3304 1075 cum
3330 1036 3494 1094 opere
3520 1024 3633 1093 Dei,
3659 1030 3780 1087 sine

2192 1110 2300 1165 quo
2320 1113 2440 1154 esse
2457 1115 2723 1170 nunquam
2742 1113 2935 1173 potest.
2952 1103 3100 1162 Sicut
3119 1118 3294 1167 autem
3313 1111 3409 1168 ista
3429 1115 3667 1173 definitio
3686 1129 3777 1177 tua

2192 1184 2323 1241 falsa
2348 1198 2402 1242 et
2420 1188 2591 1244 inanis
2613 1200 2718 1259 est,
2739 1193 2808 1248 ita
2828 1193 3005 1252 omnia
3029 1214 3147 1269 qua:
3162 1214 3227 1256 ex
3253 1200 3343 1258 illa
3372 1214 3620 1283 tanquam
3646 1224 3779 1272 con-

2189 1281 2464 1348 sequentia
2495 1283 2748 1339 nexuisti.

2261 1371 2350 1426 3‘2.
2384 1391 2403 1424 ι
2444 1372 2694 1431 luvietam
2726 1395 2746 1431 ι
2779 1392 2908 1435 sane
2956 1396 3224 1451 nunquam
3251 1401 3351 1457 ego
3387 1405 3409 1440 ι
3447 1389 3772 1462 voluptatem

2188 1465 2385 1531 carnis,
2420 1483 2441 1517 ›
2472 1466 2607 1522 sicut
2638 1486 2658 1520 ι
2705 1470 2880 1526 solere
2912 1488 3002 1530 me
3033 1494 3053 1527 ι
3084 1474 3394 1546 insimulas,
3434 1481 3563 1539 dixi.
3601 1486 3775 1541 Ambo

2186 1568 2305 1609 eam
2348 1567 2403 1610 et
2443 1556 2639 1614 debere
2685 1570 2739 1615 et
2781 1578 2938 1632 posse
2975 1563 3207 1623 dicimus
3226 1570 3365 1627 vinci
3398 1574 3533 1630 :sed
3562 1584 3616 1632 tu
3653 1586 3771 1632 tan-

2186 1661 2343 1717 quam
2390 1648 2588 1705 bonum
2639 1665 2969 1725 repugnante
3007 1657 3115 1712 alio
3164 1659 3338 1727 bono,
3386 1678 3487 1736 ego
3523 1675 3767 1739 tanquam

2185 1739 2382 1794 malum
2423 1754 2750 1812 repugnante
2792 1745 2967 1813 bono;
2997 1758 3052 1804 et
3078 1758 3132 1803 tu
3163 1750 3364 1808 viribus
3384 1756 3608 1825 propriis
3627 1800 3641 1823 ,
3668 1773 3769 1830 ego

2182 1831 2351 1900 gratia
2379 1831 2688 1902 Salvatoris,
2723 1847 2781 1891 ut
2808 1854 2915 1894 non
2946 1840 3047 1895 alia
3074 1843 3299 1913 reproha
3325 1846 3611 1916 cupiditate
3633 1891 3647 1914 ,
3671 1852 3765 1907 sed

2185 1919 2281 1975 Dei
2304 1916 2562 1981 eltaritate
2589 1928 2848 1997 vincatur,
2881 1924 3000 2001 qua:
3020 1948 3124 1988 non
3143 1936 3342 1994 viribus
3356 1940 3555 1998 nostris
3577 1942 3767 1999 didun-

2182 2010 2323 2067 ditur
2351 2012 2404 2069 in
2431 2015 2680 2073 cordibus
2708 2021 2935 2090 nostris,
2960 2023 3056 2085 sed
3101 2040 3197 2096 per
3231 2026 3489 2100 Spiritum
3521 2044 3761 2093 sanctum

2180 2102 2271 2172 qui
2296 2102 2452 2159 datus
2473 2114 2557 2161 est
2583 2107 2739 2163 nobis
2764 2109 2943 2180 (Rom.
2976 2127 3031 2179 v,
3061 2114 3138 2185 5).

2250 2193 2341 2252 53.
2369 2212 2390 2245 ι
2428 2195 2503 2252 De
2548 2200 2863 2257 confusione
2900 2220 2920 2254 ι
2961 2214 3138 2261 autem
3172 2225 3192 2261 ι
3234 2207 3446 2266 illorum
3494 2212 3761 2273 hominum

2179 2277 2547 2356 pudendisque
2573 2292 2841 2360 coopertis
2860 2290 3057 2351 frustra
3086 2306 3138 2352 te
3165 2316 3184 2351 ι
3209 2308 3598 2360 commemoras
3622 2323 3642 2358 ι
3663 2309 3763 2360 ali-

2176 2373 2303 2444 quid
2338 2376 2597 2446 Apostolo
2622 2388 2907 2439 attestante
2934 2395 3280 2445 monstrasse.
3311 2409 3332 2444 s
3363 2391 3441 2447 Tu
3467 2395 3606 2449 enim
3633 2415 3652 2448 ι
3671 2413 3759 2452 ve-

2177 2465 2494 2523 recundiora
2531 2486 2551 2521 )
2585 2469 2719 2527 dicis
2743 2514 2759 2538 ,
2792 2489 2912 2544 qua:
2954 2475 3045 2534 ille
3093 2478 3224 2535 dicit
3273 2481 3538 2539 inhonesta
3572 2501 3591 2541 :
3619 2488 3759 2544 unde

2170 2554 2281 2651 iam
2319 2566 2574 2627 quantum
2617 2564 2748 2619 satis
2777 2565 2946 2621 visum
2986 2578 3102 2635 est,
3131 2570 3513 2643 disputavimus
3545 2578 3640 2651 (τι).
3682 2581 3758 2642 Tn

2178 2645 2355 2743 itaque
2378 2647 2574 2708 frustra
2622 2652 2823 2726 refugis
2866 2673 3051 2716 rursus
3077 2661 3145 2717 ad
3173 2664 3423 2733 Balbum,
3451 2645 3610 2740 atque
3638 2674 3758 2743 phio

2174 2735 2519 2807 loSophorum
2569 2743 2777 2802 litteras
2802 2747 2879 2819 (θ)
2909 2766 2922 2803 :
2952 2752 3103 2820 quasi
3159 2754 3353 2811 Balbus
3393 2768 3445 2814 te
3482 2735 3762 2818 faciat-lo-

2171 2840 2423 2900 quentem
2445 2876 2461 2903 ,
2487 2838 2702 2907 quando
2726 2840 2794 2896 de
2820 2841 2907 2898 illa
2937 2844 3252 2904 confusione
3278 2851 3566 2921 primorum
3595 2856 3760 2921 horni-

2171 2934 2299 2975 nom
2353 2938 2459 2979 non
2510 2935 2660 2997 potes
2716 2929 2959 2988 invenire
3014 2936 3142 3006 quid
3190 2938 3356 2996 dicas.
3386 2942 3443 2998 Si
3483 2955 3657 3003 autem
3704 2950 3754 3006 in

2170 3012 2488 3082 quibusdam
2541 3018 2681 3076 veris
2744 3024 3025 3082 sententiis
3075 3029 3264 3085 saltem
3314 3032 3751 3107 pliilosOpborum

2170 3099 2359 3202 litteris
2387 3106 2608 3164 cederes
2625 3150 2640 3175 ,
2671 3127 2779 3202 non
2800 3115 2962 3169 surdo
2988 3118 3150 3174 corde
3176 3099 3557 3183 illud'andire-s
3574 3170 3590 3195 ,
3612 3132 3753 3202 quod

2168 3192 2471 3263 voluptates
2514 3199 2789 3257 illecebras
2836 3213 2997 3276 atque
3021 3224 3172 3266 escas
3197 3214 3489 3287 malorum,
3520 3192 3755 3280 etv-idos,

2167 3296 2524 3380 sam‘partem
2567 3290 2734 3345 animi
2762 3293 3012 3353 dixerunt
3048 3314 3171 3357 esse
3195 3303 3465 3361 libidinem
3492 3309 3586 3380 (ε).
3618 3311 3749 3371 Nam

2166 3376 2307 3444 quod
2329 3378 2383 3434 in
2410 3390 2595 3436 nostro
2620 3397 2850 3455 corpore
2874 3387 2988 3444 loca
3005 3390 3314 3463 digestionis
3341 3376 3533 3457 Balbus
3546 3376 3749 3462 remota

2164 3466 2300 3524 dixit
2348 3484 2380 3525 a
2423 3473 2704 3544 sensibus,
2734 3478 2855 3535 ideo
2896 3496 3080 3539 verunt
3126 3496 3243 3555 est,
3274 3494 3524 3561 quoniam
3562 3512 3749 3557 sensus

2136 3567 2380 3653 ﬁnestros
2403 3578 2466 3619 ea
2510 3580 2632 3637 qua:
2672 3567 2962 3639 digerimus
3004 3590 3110 3631 non
3153 3578 3432 3653 alliciunt,
3463 3587 3558 3643 sed
3585 3590 3748 3645 oden.-

2162 3648 2301 3705 duut
2327 3668 2343 3707 :
2370 3666 2651 3726 propterea
2681 3675 2803 3729 pars
2828 3678 2932 3733 qua
2959 3677 3268 3739 egeruntur,
3293 3648 3605 3736 naturaliter
3629 3682 3745 3740 aliis

2163 3744 2402 3839 partibus
2424 3748 2747 3807 altrinsecus
2791 3757 3215 3824 prominentibus
3254 3769 3586 3839 occtdtatur,
3612 3775 3751 3832 sicut

2160 3835 2321 3889 etiam
2349 3847 2474 3893 tunc
2513 3850 2670 3897 erant
2708 3845 2921 3913 quando
2965 3850 3093 3906 nudi
3126 3868 3232 3909 non
3265 3835 3741 3932 confundebantur,

2160 3926 2261 4026 qui
2283 3940 2402 3998 post
2452 3944 2726 4002 peccatum
2773 3939 3027 3997 continuo
3054 3958 3161 4002 non
3194 3949 3399 4005 Occulta
3421 3993 3439 4019 ,
3468 3954 3562 4009 sed
3593 3926 3741 4026 plane

2164 4017 2214 4070 in
2249 4032 2496 4118 promptu
2532 4026 2702 4094 posita
2734 4032 2972 4087 membra
2996 4042 3261 4097 texerunt.
3305 4017 3509 4111 Quibus
3549 4017 3739 4118 quanto

2161 4112 2328 4181 magis
2375 4129 2480 4171 non
2530 4118 2752 4175 horrore
2797 4122 3201 4198 oﬂ‘endebatur,
3245 4134 3341 4188 sed
3392 4112 3739 4198 delectatione

2158 4205 2489 4263 alliciebatur
2512 4221 2758 4280 aspectus
2784 4255 2801 4281 ,
2831 4224 2886 4271 et
2932 4221 3179 4277 movebat
3206 4235 3505 4297 susceptam
3553 4242 3689 4290 tuam
3719 4253 3735 4301 ;

2152 4290 2305 4350 tanto
2328 4299 2497 4389 magis
2520 4314 2582 4355 ea
2613 4312 2791 4373 tegere
2810 4305 2875 4361 ad
2905 4308 3123 4377 pudoris
3145 4290 3401 4372 officiuni
3426 4290 3732 4389 pertinebat:

2227 4388 2315 4444 54.
2345 4388 2496 4480 Quod
2525 4400 2702 4449 autem
2726 4414 2745 4447 ι
2773 4397 2841 4453 de
2868 4399 3256 4464 claudicatione
3284 4418 3341 4464 et
3356 4388 3695 4480 perventione
3712 4437 3729 4469 ι

2156 4476 2265 4577 dixi
2332 4478 2411 4535 De
2459 4481 2669 4555 Nuptiis
2688 4495 2737 4541 et
2773 4488 3227 4563 Concupiscentt'a,
3260 4476 3401 4557 ιέὺίί
3422 4543 3439 4570 ,
3466 4519 3521 4557 η.
3550 4506 3662 4577 8),
3692 4508 3734 4562 si

2156 4567 2344 4627 fraude
2388 4586 2496 4628 non
2549 4576 2699 4646 agis,
2729 4592 2835 4633 non
2879 4580 3203 4640 intellexisti.
3236 4587 3350 4645 Non
3392 4567 3533 4648 enim
3565 4567 3736 4667 «per.

2155 4662 2461 4719 ventionem
2478 4667 2645 4737 accipi
2674 4669 2817 4725 volui
2847 4671 3118 4730 hominem
3150 4679 3240 4748 qui
3265 4683 3502 4740 nascitur
3523 4685 3589 4741 de
3615 4662 3735 4743 con-

2155 4752 2333 4808 cubitu
2380 4756 2687 4828 coniugali,
2726 4778 2747 4814 ι
2777 4763 2919 4832 quod
2968 4781 3054 4823 me
3081 4771 3316 4828 sensisse
3355 4773 3629 4833 arbitraris
3648 4789 3735 4833 aut

2154 4842 2312 4915 fingis
2339 4861 2352 4899 :
2385 4847 2479 4902 sed
2502 4852 2908 4919 perventionetn
2928 4855 3038 4913 dixi
3067 4860 3210 4931 quod
3238 4863 3435 4920 bonum
3463 4866 3659 4925 habent
3682 4872 3731 4924 in

2155 4933 2259 4991 fine
2283 4936 2445 4994 ofﬁcii
2474 4941 2554 4995 sui
2584 4942 2782 5012 nuptiae
2802 4985 2818 5011 ,
2851 4946 3062 5004 etiamsi
3107 4953 3284 5009 nullus
3313 4955 3438 5012 inde
3465 4970 3728 5016 nascatur.

2153 5026 2433 5087 Seminare
2460 5032 2654 5104 quippe
2676 5036 2744 5092 ad
2771 5038 2943 5095 virum
2986 5044 3251 5112 pertinet,
3282 5049 3531 5119 excipere
3565 5053 3632 5107 ad
3659 5053 3734 5109 fe-

2151 5122 2371 5178 minam.
2400 5123 2512 5181 Huc
2547 5141 2718 5198 usque
2759 5132 3013 5203 conjuges
3058 5149 3222 5208 opere
3258 5154 3357 5195 suo
3386 5154 3622 5211 possunt.
3652 5145 3728 5201 Ad

2153 5212 2258 5272 hoc
2280 5214 2390 5273 dixi
2418 5233 2547 5275 sane
2588 5220 2705 5277 sine
2731 5223 3113 5283 claudicatione
3151 5245 3257 5287 non
3287 5247 3462 5303 posse,
3490 5235 3591 5292 hoc
3611 5248 3728 5302 est,

2150 5304 2267 5362 sine
2306 5306 2526 5365 libidine
2548 5351 2564 5376 ,
2596 5313 2881 5381 perveniri.
2928 5315 2995 5373 Ut
3019 5328 3197 5374 autem
3244 5325 3572 5395 concipiatur
3602 5328 3731 5383 l'etus

2148 5410 2306 5469 atque
2335 5411 2612 5471 nascatur,
2646 5404 2810 5462 divini
2857 5421 2939 5464 est
2965 5412 3166 5480 operis,
3196 5431 3302 5471 non
3346 5416 3560 5477 humani
3592 5435 3729 5491 :qua

2150 5500 2328 5547 tamen
2387 5493 2681 5551 intentione
2728 5512 2792 5554 ac
2821 5500 3122 5572 voluntate,
3152 5505 3310 5562 etiam
3362 5508 3491 5565 illud
3533 5510 3724 5569 bonum

2208 5648 2279 5772 Eg)
2304 5655 2471 5711 supra,
2490 5648 2573 5727 lib.
2596 5650 2642 5711 4,
2662 5665 2745 5702 nn.
2765 5652 2930 5707 80-82.

2263 5714 2280 5772 )
2314 5712 2431 5760 liud.
2451 5726 2499 5760 n.
2520 5714 2597 5762 58.

2263 5714 2280 5773 )
2314 5712 2431 5760 llud.
2451 5726 2499 5760 n.
2520 5714 2597 5762 58.

2211 5775 2280 5837 fc)
2314 5774 2433 5825 Ibid.
2453 5786 2499 5823 n.
2520 5775 2598 5829 72.
2762 5774 2765 5781 ’
