4098 6538
337 317 436 376 805

334 428 471 499 quod
497 431 560 481 ad
592 441 773 481 earum
805 440 939 497 opus
964 427 1187 497 pcrtinet
1216 466 1231 492 ,
1263 432 1521 495 peragunt
1563 419 1781 490 nuptiae.
1808 417 1912 474 Sed

335 520 452 589 quia
483 521 593 587 ipse
624 517 760 574 fetus
795 517 1118 573 damnationi
1153 517 1406 579 nascitur,
1439 514 1482 569 si
1514 527 1620 567 non
1665 526 1914 566 renasca-

337 618 454 670 tur;
487 623 552 663 eo
593 623 757 679 usque
788 607 1109 679 portendant
1130 646 1144 672 ,
1176 624 1279 660 non
1310 605 1488 675 operis
1517 602 1598 658 sui
1626 603 1768 657 velut
1797 616 1915 655 am-

334 698 656 763 bulationis,
699 699 791 753 scd
823 698 1108 751 voluntatis
1150 696 1253 750 line
1300 694 1584 749 christiana
1629 691 1872 760 conjugia
1899 730 1914 756 ,

337 797 395 842 ut
422 788 815 859 regenerandos
842 797 1098 858 generent
1123 800 1140 842 :
1168 795 1386 857 propter
1406 783 1544 853 quod
1575 782 1628 837 in
1659 781 1738 837 eis
1769 794 1912 844 vera,

338 880 437 934 hoc
458 890 535 934 est
559 921 573 945 ,
599 881 707 934 Deo
732 880 944 949 placens
970 888 1051 934 est
1081 878 1350 949 pudicitia.
1375 875 1503 931 Sine
1530 875 1632 930 [ide
1660 875 1802 930 enim
1826 872 1917 927 im-

342 972 590 1042 possibile
617 980 699 1027 est
726 972 834 1027 Deo
862 971 1071 1041 placere
1100 968 1284 1039 (Hebr.
1318 984 1369 1023 xt
1388 1009 1404 1035 ,
1434 968 1525 1038 6).

407 1063 628 1121 CAPUT
644 1062 715 1119 ΙΧ
736 1063 905 1135 (a).—
920 1062 1008 1119 35.
1032 1061 1194 1116 Venis
1217 1060 1407 1115 deimlc
1426 1059 1491 1113 ad
1518 1056 1667 1123 illud,
1687 1055 1775 1110 ubi
1803 1054 1917 1125 cgi-

338 1171 453 1211 mus
480 1169 544 1208 ex
574 1154 811 1223 Apostoli
839 1151 1164 1218 testimonio,
1183 1159 1237 1204 ut
1260 1151 1387 1205 sciat
1413 1148 1751 1219 unusquisque
1768 1162 1916 1198 suum

339 1262 443 1309 ras,
473 1244 523 1299 id
550 1253 632 1298 cst
654 1259 801 1298 suam
818 1243 1116 1313 conjugem,
1142 1241 1415 1312 possidere,
1443 1256 1542 1293 non
1569 1239 1622 1292 in
1643 1242 1813 1291 morbo
1829 1235 1919 1289 de-

339 1334 529 1399 siderii,
548 1335 677 1388 sicut
694 1332 872 1388 Gentes
883 1334 1242 1405 quaeignorant
1257 1331 1411 1385 Deum
1429 1330 1472 1403 (1
1490 1329 1661 1384 Thess.
1680 1344 1751 1390 tv,
1770 1326 1824 1390 4,
1840 1327 1914 1396 5):

338 1424 477 1493 quod
520 1438 793 1494 exponens
818 1424 966 1488 dixi,
1003 1441 1023 1475 ι
1058 1421 1175 1478 Νοη
1197 1421 1527 1491 conjugalem
1553 1462 1567 1484 ,
1601 1418 1704 1473 hoc
1743 1426 1825 1472 est
1854 1416 1917 1469 li-

336 1518 500 1571 citum
543 1516 932 1583 honestumque
975 1515 1311 1570 concubitum
1334 1555 1346 1575 ,
1378 1512 1537 1567 fuisse
1558 1509 1880 1581 prohibitura
1900 1546 1915 1569 .

339 1608 433 1662 sed
482 1617 538 1663 ιιι
577 1608 752 1678 operis
795 1606 951 1677 hujus
978 1621 1137 1662 causa
1182 1605 1251 1660 sit
1295 1604 1536 1659 voluntas
1577 1598 1915 1673 propaginis,

342 1714 447 1751 non
477 1698 652 1753 carnis
679 1698 953 1768 voluptas;
985 1706 1039 1752 et
1078 1694 1219 1766 quod
1264 1678 1379 1749 sine
1409 1693 1626 1747 libidine
1673 1691 1782 1745 ﬂeri
1812 1705 1916 1743 non

341 1796 545 1858 potest,
572 1788 648 1842 sic
675 1797 846 1842 tamen
880 1787 967 1842 liat
987 1829 1000 1850 ,
1030 1797 1087 1841 ut
1112 1801 1216 1841 non
1246 1795 1463 1857 propter
1484 1782 1751 1838 libidinem
1783 1779 1867 1834 fiat
1894 1800 1913 1833 ι

339 1878 443 1945 (De
470 1877 675 1949 Nuptiis
720 1888 765 1932 et
804 1876 1217 1946 Concuptscentia
1237 1917 1251 1939 ,
1284 1875 1371 1930 lib.
1404 1876 1426 1929 1
1454 1916 1468 1940 ,
1493 1890 1581 1928 nn.
1615 1872 1669 1937 9,
1699 1870 1809 1942 16).
1843 1871 1914 1925 lbi

341 1978 396 2022 tu
423 1969 689 2024 exclamas
718 1987 733 2024 :
756 1987 775 2020 ι
804 1967 848 2024 ο
868 1967 1079 2022 altitudo
1095 1968 1383 2022 divitiarum
1409 1965 1671 2037 sapientia:
1685 1974 1730 2019 et
1758 1966 1918 2019 scien-

339 2063 423 2117 tiat
473 2059 614 2135 Dei(
655 2059 804 2115 Rom.
854 2077 939 2128 xt,
972 2061 1117 2132 l3)!
1183 2060 1272 2131 qui
1321 2068 1468 2116 extra
1527 2057 1753 2112 futuram
1793 2072 1921 2127 ope-

339 2168 456 2207 rum
509 2152 910 2209 retributionem
975 2168 1043 2208 ex
1088 2152 1251 2207 multa
1303 2159 1453 2222 parte
1504 2148 1726 2205 liberum
1775 2149 1919 2202 arbi-

341 2243 499 2297 trium
557 2242 784 2300 lormam
841 2243 1009 2299 voluit
1055 2244 1278 2314 implere
1343 2242 1565 2314 judicii!
1619 2241 1922 2297 Justissime

338 2334 481 2389 enim
504 2334 604 2389 sibi
633 2334 801 2391 bonus
826 2334 1008 2400 homo,
1042 2352 1063 2385 ι
1100 2336 1295 2406 inquis,
1328 2352 1347 2387 ι
1376 2334 1650 2403 malusque
1677 2331 1923 2387 commit-

341 2428 501 2491 titur,
528 2436 585 2480 ιιι
613 2434 667 2481 et
712 2427 882 2483 bonus
902 2442 962 2483 se
991 2427 1213 2494 fruatur,
1254 2434 1309 2481 et
1335 2427 1505 2480 malus
1534 2441 1593 2480 se
1619 2425 1731 2495 ipse
1752 2425 1921 2493 patia-

340 2524 445 2573 tur.
485 2535 506 2570 ι
539 2516 668 2585 Quae
699 2532 915 2589 prorsus
937 2518 1254 2573 exclamatio
1275 2525 1363 2572 tua
1390 2517 1407 2549 ¹
1435 2515 1503 2571 ad
1531 2530 1643 2570 rem
1673 2530 1777 2568 non
1811 2529 1925 2583 per-

342 2608 505 2677 tinet,
528 2598 709 2679 qua'te
741 2610 908 2666 sentis
937 2610 1111 2682 urgeri
1145 2628 1159 2665 :
1186 2624 1288 2665 nec
1321 2616 1415 2665 tuo
1456 2608 1691 2664 clamore
1718 2606 1923 2676 pondus

339 2714 449 2770 quo
476 2700 736 2771 premeris
757 2701 1020 2768 sublevas,
1048 2702 1267 2771 impium
1292 2699 1482 2771 dogma
1508 2708 1746 2755 vestrum
1773 2712 1923 2752 mor—

339 2791 491 2847 dicus
517 2801 722 2858 tenens,
749 2807 855 2864 quo
875 2793 1023 2849 vobis
1047 2793 1218 2864 placet
1235 2794 1393 2847 etiam
1425 2793 1621 2847 bonum
1649 2789 1919 2845 hominem

340 2883 523 2938 divino
543 2882 745 2954 judicio
773 2883 873 2939 sibi
912 2898 1176 2954 quemque
1216 2881 1510 2948 committi,
1539 2896 1608 2936 ne
1634 2879 1840 2935 scilicet
1873 2879 1922 2935 ei

340 2976 410 3029 sit
458 2975 759 3030 necessaria
812 2975 909 3031 Dei
962 2974 1166 3045 gratia,
1196 2974 1339 3029 velut
1384 2973 1576 3028 idoneo
1600 2971 1691 3042 qui
1728 2979 1923 3025 semet-

342 3068 513 3136 ipsum
539 3074 680 3137 agat.
698 3065 806 3122 Sed
834 3066 1046 3122 absitut
1073 3065 1144 3120 ita
1169 3065 1256 3119 sit.
1288 3064 1511 3121 Prorsus
1540 3063 1630 3133 qui
1659 3062 1756 3116 sibi
1778 3076 1928 3117 com-

342 3157 652 3223 mittuntur,
679 3163 735 3214 et
778 3170 811 3211 a
836 3154 1139 3225 semetipsis
1180 3162 1429 3225 aguntur,
1457 3167 1563 3207 non
1606 3159 1731 3205 sunt
1760 3151 1881 3205 boni
1902 3191 1918 3215 ,

342 3246 464 3316 quia
517 3261 623 3301 non
665 3256 789 3301 sunt
837 3246 929 3301 ﬁlii
973 3245 1091 3302 Dei.
1146 3244 1395 3317 Quotquot
1441 3243 1572 3297 enim
1612 3242 1793 3311 spiritu
1826 3240 1926 3296 Dei

343 3347 584 3408 aguntur,
607 3336 662 3391 Iti
686 3337 782 3405 ﬁlii
816 3345 935 3391 sunt
978 3334 1075 3390 Dei
1104 3335 1281 3407 (liam.
1310 3350 1404 3390 vttt
1427 3376 1444 3401 ,
1479 3335 1588 3405 14).
1622 3334 1756 3388 Puto
1783 3333 1923 3402 quod

342 3440 599 3495 agnoscas
628 3426 680 3480 in
711 3425 810 3481 hac
854 3425 1119 3480 sententia
1160 3424 1351 3495 dogma
1392 3424 1773 3495 apostolicum,
1818 3437 1925 3492 quo

345 3517 472 3570 illud
501 3516 827 3570 subvertitur
858 3524 1119 3570 vestrum.

416 3604 507 3660 56.
542 3604 914 3659 Verumtamen
958 3604 1092 3658 dicis
1121 3603 1319 3673 aliquid
1347 3612 1532 3658 contra
1562 3613 1641 3668 te,
1673 3602 1812 3672 quod
1845 3611 1925 3657 ta-

345 3697 482 3751 citus
504 3696 773 3766 praeterire
797 3711 902 3750 non
931 3695 1119 3751 debeo.
1150 3693 1502 3751 Meministine
1544 3693 1792 3765 quamdiu
1813 3693 1926 3749 dis-

348 3788 613 3857 putaveris
648 3796 831 3842 contra
875 3786 1252 3843 lucidissimam
1300 3801 1419 3856 quae
1461 3801 1558 3856 per
1614 3786 1925 3855 Apostolum

345 3878 657 3948 deprompta
706 3886 788 3933 est
830 3878 1137 3941 veritatem,
1165 3875 1471 3940 afﬁrmans,
1505 3894 1524 3928 ι
1560 3875 1717 3931 Nullo
1769 3876 1929 3930 modo

346 3984 467 4024 esse
493 3983 649 4039 posse
675 3967 870 4039 aliquid
899 3967 1039 4038 quod
1063 3975 1118 4023 et
1145 3975 1421 4037 peccatum
1451 3965 1521 4020 sit
1545 3974 1599 4021 et
1627 3980 1781 4036 poena
1806 3980 1927 4034 pec-

345 4060 491 4114 cati?
522 4078 540 4110 ι
564 4058 699 4127 Quid
731 4068 811 4112 est
831 4073 958 4128 ergo
983 4072 1144 4124 nunc,
1165 4056 1305 4126 quod
1333 4055 1530 4111 oblitus
1558 4064 1717 4110 tanta:
1741 4055 1927 4125 loqua-

344 4153 523 4207 citatis
575 4163 679 4207 tuaa
727 4151 847 4205 ideo
895 4150 1077 4205 laudas
1116 4147 1446 4204 altitudinem
1486 4147 1788 4202 divitiarum
1837 4160 1925 4200 sa-

347 4242 560 4310 pientia:
588 4251 641 4297 et
661 4241 897 4295 scientia:
921 4239 1046 4306 Dei,
1074 4240 1196 4310 quia
1230 4256 1251 4290 ‹
1281 4247 1434 4292 extra
1458 4236 1684 4291 futuram
1706 4251 1925 4304 operum

349 4331 749 4386 retributionem
779 4345 847 4386 ex
872 4332 1035 4385 multa
1069 4337 1220 4401 parte
1248 4328 1470 4399 liberum
1509 4327 1784 4381 arbitrium
1817 4326 1926 4379 for-

347 4438 487 4477 mam
529 4424 696 4478 voluit
730 4424 950 4492 implere
969 4420 1195 4491 iudicii?
1218 4419 1519 4476 Justissime
1546 4419 1688 4474 enim
1736 4418 1871 4489 sibi,
1902 4434 1922 4471 ›

345 4517 480 4571 sicut
515 4514 739 4581 deiinis,
773 4533 792 4567 ι
828 4516 996 4569 bonus
1023 4514 1184 4570 homo
1219 4513 1497 4583 malusque
1539 4511 1923 4575 committitur,

347 4618 403 4660 ut
430 4616 481 4662 et
520 4607 693 4662 bonus
727 4622 784 4662 se
813 4608 1047 4671 lruatur,
1085 4624 1105 4658 ι
1141 4605 1319 4675 utique
1347 4604 1399 4659 in
1427 4618 1590 4673 opere
1612 4603 1790 4667 bono;
1821 4620 1840 4654 ι
1874 4613 1929 4659 et

346 4698 521 4754 malus
544 4714 603 4754 se
630 4699 745 4768 ipse
764 4698 1012 4768 patiatur,
1048 4715 1069 4751 ι
1102 4698 1283 4767 utique
1319 4697 1373 4750 in
1406 4711 1568 4766 opere
1589 4696 1749 4750 malo.
1773 4695 1924 4763 Quod

350 4788 588 4858 profecto
617 4789 691 4843 illi
734 4797 789 4844 et
819 4797 1092 4859 peccatum
1130 4796 1247 4854 est,
1274 4786 1394 4856 quia
1442 4786 1640 4840 malum
1688 4784 1810 4840 facit
1833 4802 1847 4849 ;
1874 4795 1929 4839 et

351 4895 504 4949 paena
549 4879 793 4949 peccati,
823 4879 945 4949 quia
973 4877 1169 4932 malum
1209 4890 1269 4931 se
1310 4875 1508 4946 patitur
1535 4892 1549 4929 :
1582 4884 1639 4929 ut
1665 4890 1732 4928 ex
1763 4875 1925 4928 multa

349 4982 500 5040 [uarie
537 4969 761 5025 lormam
789 4969 1002 5039 judicii.
1029 4983 1136 5039 quo
1164 4966 1301 5022 bona
1327 4966 1482 5021 bonis
1513 4973 1566 5020 et
1597 4965 1737 5020 mala
1773 4964 1927 5018 malis

350 5063 746 5124 retribuuntur,
773 5061 884 5132 jam
926 5060 1145 5130 impleat
1187 5058 1408 5114 liberum
1460 5055 1738 5112 arbitrium
1763 5095 1780 5122 ,
1820 5068 1926 5122 quo

350 5160 492 5207 recte
520 5149 725 5222 agendo
745 5166 804 5207 se
835 5150 1025 5205 fruitur
1050 5149 1239 5215 bonus,
1271 5158 1325 5203 et
1351 5145 1618 5218 peccando
1643 5160 1701 5200 se
1731 5144 1926 5214 patitur

350 5240 543 5297 malus.
567 5240 751 5297 Cernis
776 5254 968 5310 nempe
985 5280 1000 5305 ,
1032 5252 1153 5293 cum
1189 5251 1338 5293 arma
1366 5247 1452 5291 tua
1472 5250 1607 5289 vana
1628 5234 1840 5305 quidem
1871 5242 1927 5288 et

348 5330 536 5386 obtusa
567 5329 829 5400 iactanter
852 5328 1094 5392 ventilas,
1118 5327 1387 5399 quomodo
1411 5342 1513 5397 qua
1544 5323 1801 5391 ierireris,
1829 5340 1926 5377 ttu-

346 5422 597 5487 daveris;
629 5420 738 5475 imo
780 5429 832 5475 te
857 5420 971 5490 ipse
1010 5420 1357 5488 percusseris.
1401 5419 1469 5474 Et
1509 5422 1727 5489 insuper
1755 5416 1927 5488 jactas

412 5589 430 5620 ι
458 5588 664 5638 vati-sani
692 5595 795 5637 Mss.
822 5587 979 5638 etduo
998 5586 1237 5651 Gallicani,
1264 5587 1551 5641 exclamatio
1571 5593 1617 5640 et
1640 5584 1926 5639 declamatio

352 5655 486 5772 “‘“m
521 5709 649 5772 Apud
675 5719 774 5758 Am.
801 5722 847 5764 ct
874 5715 969 5767 riu,
990 5709 1039 5760 7.

1689 304 1890 361 LIBER
1920 270 2241 370 QUlNTUS.

3503 307 3606 363 806

2029 432 2143 472 mea
2198 417 2335 471 inter
2380 433 2434 471 se
2465 416 2601 471 dicta
2655 433 2774 474 esse
2819 420 3117 490 contraria;
3160 439 3280 494 quia
3321 423 3465 493 dixi,
3496 445 3603 483 non

2024 506 2237 575 quidem
2277 520 2330 561 ut
2361 516 2414 561 tu
2439 510 2800 578 caiumuiaris,
2839 530 2857 563 ι
2886 514 3226 569 concubitum
3255 530 3540 585 corporum
3569 534 3599 572 ει

2024 597 2236 653 diabolo
2265 597 2427 654 fuisse
2455 611 2745 671 repertum;
2778 620 2792 655 I
2824 619 2943 657 cum
2966 606 3173 660 etiamsi
3204 621 3364 661 nemo
3394 622 3607 676 peccas-

2024 698 2134 753 set,
2166 690 2369 743 nonnisi
2417 692 2806 747 concumbentc
2849 703 3074 764 utroque
3121 710 3253 750 sexu
3295 697 3389 752 lilii
3415 712 3607 754 nasce—

2024 789 2207 835 rentur
2246 781 2386 836 :scd
2432 782 2579 849 dixi,
2628 802 2647 836 ι
2693 784 3105 841 iuobcdirntiam
3149 788 3330 843 carnis
3378 805 3499 858 qua:
3553 790 3606 844 in

2023 886 2185 927 carne
2210 874 2619 943 concupiscente
2647 875 2907 932 adversus
2949 878 3191 946 Spiritum
3218 889 3460 949 apparet,
3491 879 3606 933 dia-

2024 961 2201 1017 bolico
2246 962 2465 1019 vulnere
2508 966 2817 1035 contigisse.
2858 984 2878 1018 ι
2918 967 2984 1021 Et
3013 983 3233 1033 rursus,
3280 969 3403 1039 quia
3458 969 3603 1033 dixi,

2031 1070 2049 1104 ι
2074 1051 2210 1108 hanc
2240 1052 2409 1123 legem
2437 1055 2637 1132 peccati
2669 1066 3043 1128 repugnantem
3082 1058 3183 1129 legi
3217 1060 3408 1117 mentis
3435 1075 3463 1113 a
3494 1060 3605 1115 Deo

2024 1141 2221 1196 iilatam
2256 1152 2471 1213 propter
2519 1144 2771 1201 ultionem
2796 1186 2810 1210 ,
2843 1156 2896 1201 et
2943 1147 3063 1203 ideo
3092 1163 3304 1218 pteuam
3334 1163 3453 1205 esse
3474 1164 3605 1220 pec-

2024 1233 2150 1288 cati.
2189 1252 2209 1286 ι
2242 1233 2367 1289 llaec
2394 1235 2531 1290 inter
2557 1251 2616 1291 se
2655 1232 2935 1293 aséevcras
2962 1254 3082 1294 esse
3106 1241 3372 1295 contraria
3407 1258 3421 1295 :
3450 1242 3603 1312 quasi

2025 1324 2139 1379 lieri
2184 1340 2288 1379 non
2318 1328 2485 1395 possit
2510 1337 2567 1382 ut
2595 1345 2753 1384 unum
2797 1339 2955 1401 atque
2982 1332 3124 1388 idem
3165 1334 3364 1389 malum
3411 1342 3467 1389 et
3494 1333 3606 1388 dia-

2024 1415 2131 1471 boli
2181 1417 2456 1487 iniquitate
2510 1429 2565 1477 et
2610 1422 2701 1477 Dei
2744 1423 2995 1493 a'quitate
3027 1426 3368 1494 peccantibus
3400 1425 3607 1495 ingera—

2027 1513 2130 1562 tur:
2157 1521 2280 1562 cum
2321 1509 2480 1565 etiam
2511 1511 2628 1580 ipse
2668 1512 2912 1569 diabolus
2943 1523 2997 1570 et
3036 1517 3247 1586 propria
3278 1517 3606 1586 malignitate

2025 1599 2093 1652 sit
2116 1597 2342 1655 infestus
2363 1601 2671 1658 hominibus
2694 1645 2708 1669 ,
2739 1616 2793 1660 et
2823 1606 2912 1677 Dei
2948 1607 3148 1677 judicio
3179 1609 3386 1667 sinatur
3408 1624 3607 1665 nocere

2025 1690 2388 1759 peccantibus.
2418 1691 2601 1761 Neque
2623 1693 2748 1750 hinc
2786 1696 2887 1751 sibi
2913 1696 3023 1766 ipsa
3048 1696 3226 1751 divina
3256 1699 3607 1754 adversantur

2023 1777 2267 1847 eloquia,
2314 1780 2437 1849 quia
2482 1784 2736 1852 scriptum
2773 1795 2887 1850 cst,
2918 1786 3049 1843 Deus
3096 1799 3303 1844 mortem
3346 1806 3446 1843 non
3486 1791 3605 1862 fecit

2026 1867 2177 1940 (Sap.
2213 1868 2398 1942 1,13);
2432 1872 2662 1942 itemque
2711 1876 2966 1944 scriptum
3009 1887 3124 1941 est,
3160 1880 3272 1932 Vita
3308 1888 3358 1933 et
3396 1895 3531 1933 mors
3573 1896 3605 1933 η

2029 1957 2243 2011 Domino
2277 1957 2383 2013 Deo
2414 1960 2596 2033 (Eccli.
2629 1979 2706 2029 xt,
2745 1965 2867 2035 14).
2899 1966 3031 2034 Quia
3079 1967 3330 2037 deceptor
3374 1968 3606 2024 hominis

2024 2065 2185 2106 causa
2212 2053 2397 2106 mortis
2422 2063 2504 2108 est
2541 2055 2785 2111 diabolus
2804 2098 2817 2120 ,
2846 2073 3004 2127 quam
3034 2075 3137 2114 non
3190 2070 3249 2114 ιιι
3276 2061 3476 2130 primus
3505 2077 3604 2115 au-

2024 2153 2141 2197 ctor
2178 2143 2327 2213 ejus,
2356 2145 2449 2200 sed
2496 2156 2553 2201 ut
2602 2150 2802 2217 peccati
2841 2149 2979 2204 ultor
3016 2150 3188 2205 intulit
3216 2152 3371 2206 Deus.
3410 2151 3603 2206 Verum

2027 2236 2179 2290 istam
2231 2239 2577 2308 quaestionem
2631 2241 2761 2295 satis
2799 2241 3030 2298 dilucide
3075 2242 3187 2312 ipse
3227 2243 3468 2308 solvisti,
3511 2243 3605 2313 qui

2026 2327 2293 2387 hominem
2316 2331 2510 2385 malum
2529 2331 2712 2385 dixisti
2735 2333 2833 2387 sibi
2861 2348 2979 2389 esse
2995 2334 3359 2402 commissum,
3390 2334 3605 2405 utquod

2026 2420 2125 2475 sibi
2154 2430 2236 2475 est
2262 2420 2373 2491 ipse
2415 2422 2731 2493 supplicium
2754 2463 2768 2485 ,
2799 2423 2815 2454 ί
2847 2430 2903 2478 et
2928 2423 3165 2479 divinum
3193 2424 3263 2478 sit
3301 2425 3559 2493 judicium
3589 2465 3605 2489 ,

2026 2518 2082 2567 et
2128 2511 2299 2580 ipsum
2342 2511 2567 2566 liberum
2613 2512 2929 2580 arbitrium;
2964 2528 3061 2568 nec
3093 2514 3199 2568 sint
3229 2514 3368 2571 inter
3404 2531 3464 2571 se
3503 2515 3609 2571 duo

2027 2602 2128 2658 ista
2155 2603 2443 2670 contraria,
2474 2604 2615 2675 quod
2661 2606 2713 2661 in
2743 2621 2897 2676 pteaa
2941 2621 3038 2662 sua
3065 2616 3119 2662 et
3140 2607 3253 2677 ipse
3275 2616 3460 2662 auctor
3485 2618 3565 2663 est
3590 2649 3607 2676 ,

2026 2702 2082 2749 et
2109 2695 2245 2748 ultor
2277 2696 2434 2750 Deus.

2099 2787 2188 2842 37.
2220 2788 2468 2844 Abuteris
2493 2796 2671 2845 autem
2696 2790 2924 2862 ingeniis
2949 2789 3287 2846 tardioribus.
3306 2789 3441 2845 Nolo
3467 2790 3609 2846 enim

2027 2877 2207 2935 dicere
2235 2880 2357 2949 quia
2381 2891 2434 2935 et
2460 2891 2515 2937 tu
2539 2898 2646 2938 non
2673 2883 2958 2954 intelligis,
2989 2893 3044 2937 ut
3069 2900 3175 2937 non
3199 2883 3473 2938 discernas
3497 2882 3614 2938 lucc

2028 2969 2168 3035 duo,
2215 2981 2268 3025 et
2311 2972 2551 3043 maligna
2580 2973 2866 3028 calliditate
2900 2982 2992 3029 aut
3038 2974 3320 3030 tenebrosa
3371 2975 3614 3029 cicc‘taIe

2028 3060 2320 3117 confundas
2351 3063 2676 3119 voluntatem
2724 3073 2780 3119 et
2821 3065 3146 3134 voluptatem
3170 3082 3182 3119 :
3205 3074 3261 3120 et
3293 3066 3429 3122 sicut
3455 3068 3476 3098 ³
3498 3066 3612 3138 ipsa

2031 3152 2243 3207 nomina
2270 3153 2556 3211 surdastris
2583 3154 2807 3211 auribus
2828 3172 2991 3212 unum
3029 3165 3190 3228 atque
3215 3158 3354 3213 idem
3379 3169 3570 3215 sonant
3594 3199 3610 3222 ,

2031 3244 2099 3297 ita
2128 3259 2217 3299 res
2245 3245 2388 3315 ipsas
2413 3245 2701 3303 surdastris
2727 3247 2978 3303 cordibus
3007 3263 3172 3304 unum
3218 3247 3467 3320 idemque
3492 3265 3615 3305 esse

2032 3335 2353 3404 persuadere
2383 3345 2435 3392 te
2460 3351 2617 3406 posse
2657 3337 2913 3393 conﬁdas.
2957 3338 3093 3396 llinc
3117 3348 3201 3396 est
3230 3340 3370 3410 quod
3392 3349 3614 3396 sentcn-

2032 3428 2132 3482 tias
2171 3443 2318 3483 meas
2364 3428 2503 3485 inter
2525 3443 2583 3485 se
2611 3432 2909 3485 contrarias
2933 3439 3089 3501 putas
3116 3432 3203 3488 vel
3225 3432 3396 3502 putari
3425 3432 3576 3503 cupis
3595 3473 3611 3495 ,

2032 3526 2280 3589 tauquam
2330 3519 2626 3590 improbem
2663 3520 2806 3591 quod
2855 3530 2980 3577 ante
3033 3523 3475 3594 approbaverim.
3521 3534 3616 3579 aut

2029 3608 2323 3678 amplectar
2361 3609 2501 3680 quod
2531 3618 2655 3666 ante
2700 3612 3017 3682 respuerim.
3045 3611 3183 3668 Audi
3222 3627 3349 3683 ergo
3373 3621 3612 3683 apertam

2032 3699 2351 3755 sententiam
2400 3716 2572 3756 meam
2599 3743 2615 3768 ,
2658 3710 2713 3757 et
2755 3703 2990 3774 iutellige
3031 3703 3117 3759 vel
3155 3707 3271 3759 sine
3316 3703 3614 3774 intelligere

2030 3793 2165 3849 alios
2182 3833 2200 3860 ,
2229 3808 2335 3849 non
2362 3792 2686 3850 offendendo
2706 3795 2962 3866 caligines
3000 3795 3271 3851 nebulosae
3297 3795 3611 3865 disputatio-

2034 3887 2117 3941 nis
2164 3887 2434 3941 serenitati
2474 3887 2848 3944 sincerissimae
2896 3889 3159 3947 veritatis.
3203 3886 3353 3944 Sicut
3408 3887 3608 3946 bonum

2032 3988 2116 4032 est
2141 3977 2278 4032 bene
2304 3977 2376 4031 uti
2400 3977 2572 4043 malis,
2604 3979 2677 4032 ita
2710 3979 2989 4035 honestum
3017 3988 3100 4035 est
3126 3980 3260 4035 bene
3288 3980 3363 4034 uti
3393 3978 3602 4033 inltone

2033 4070 2150 4123 stis.
2184 4068 2334 4125 Unde
2362 4078 2415 4124 et
2455 4069 2567 4139 ipsa
2593 4070 2830 4126 membra
2861 4087 2967 4127 non
2993 4080 3211 4143 propter
3236 4072 3401 4128 divini
3431 4074 3614 4144 operis

2034 4159 2516 4229 pulchritudinem,
2579 4161 2674 4216 sed
2725 4172 2944 4233 propter
3013 4164 3246 4219 libidinis
3321 4163 3612 4221 fatditateut

2033 4251 2294 4305 inhonesta
2332 4249 2466 4305 dixit
2508 4251 2794 4321 Apostolus
2823 4251 2880 4325 (l
2906 4251 3024 4308 Cor.
3074 4269 3187 4319 xu,
3212 4254 3342 4327 2'5).
3389 4254 3501 4311 Nec
3539 4256 3610 4309 ad

2033 4350 2212 4411 stupra
2241 4351 2499 4410 coguntur
2536 4342 2853 4399 necessitate
2878 4344 2967 4414 qui
3012 4344 3141 4399 casti
3170 4354 3294 4399 sunt
3318 4359 3331 4398 :
3359 4344 3483 4415 quia
3520 4360 3612 4399 re.

2033 4433 2226 4487 sismnt
2270 4431 2563 4487 inhonesta:
2602 4432 2839 4496 libidini.
2879 4449 2947 4488 ne
2990 4434 3275 4505 compellat
3315 4449 3410 4490 eos
3460 4434 3607 4488 inltu-

2034 4532 2182 4576 nesta
2230 4523 2601 4586 committere,
2631 4523 2745 4578 sine
2770 4539 2874 4594 qua
2917 4534 3091 4579 tamen
3137 4540 3241 4581 non
3270 4534 3489 4595 possunt
3517 4526 3611 4578 bo.

2035 4626 2184 4670 ueste
2234 4615 2368 4668 ﬁlios
2388 4629 2690 4684 procreare.
2730 4614 2801 4669 lta
2830 4614 2886 4669 lit
2931 4624 2988 4669 ut
3015 4614 3327 4685 conjugibus
3367 4616 3528 4670 castis
3558 4626 3608 4672 et

2034 4704 2276 4758 voluntas
2301 4704 2371 4757 sit
2412 4704 2463 4757 in
2499 4703 2699 4759 sobolis
2745 4704 3132 4774 procreatione,
3163 4713 3218 4759 et
3246 4703 3608 4773 necessitasiu

2032 4793 2271 4848 libidine.
2302 4794 2376 4849 De
2421 4793 2706 4848 inhonesto
2752 4795 2947 4863 quippe
2975 4792 3245 4861 honestas,
3269 4793 3442 4863 agitur
3487 4810 3610 4863 pro.

2031 4883 2282 4949 creandi,
2304 4883 2516 4953 quando
2534 4883 2806 4938 libidinem
2834 4898 2939 4938 non
2969 4893 3141 4949 amat,
3184 4882 3278 4940 sed
3309 4884 3498 4941 tolerat
3522 4900 3611 4943 cae

2031 4977 2183 5030 stitas
2203 4974 2609 5031 concutubendi.

2102 5066 2189 5122 38.
2218 5065 2371 5122 Soles
2397 5064 2625 5120 libenter
2668 5079 3090 5121 commemorare
3111 5107 3127 5132 ,
3157 5065 3347 5136 quibus
3374 5075 3426 5121 te
3452 5066 3605 5135 adju-

2031 5161 2143 5214 vari
2165 5170 2338 5229 putas,
2364 5166 2641 5213 auctorum
2667 5157 2959 5213 sententias
3000 5158 3356 5213 secttlarium.
3390 5157 3605 5216 Intuere

2033 5251 2254 5306 honesto
2282 5247 2443 5305 corde
2461 5289 2478 5316 ,
2502 5252 2546 5303 si
2568 5258 2760 5319 potes,
2788 5248 2913 5320 quid
2942 5248 3011 5305 de
3042 5247 3246 5305 Catone
3287 5258 3441 5320 poeta
3470 5250 3614 5305 ceciv
3684 5286 3691 5289 -

2032 5344 2168 5399 nerit
2195 5359 2209 5397 :

2479 5432 2598 5497 Urbi
2615 5432 2812 5497 (inquit)
2837 5440 2974 5497 pater
2999 5440 3105 5491 est,
3141 5432 3350 5497 urbique
3375 5432 3608 5493 maritus;

2090 5493 2292 5546 Iustitiae
2312 5489 2486 5554 cultor,
2508 5489 2651 5557 rigidi
2674 5489 2893 5543 servator
2917 5489 3105 5546 ltontsti
3123 5528 3140 5556 ,

2095 5646 2113 5678 ί
2142 5641 2271 5707 Apud
2302 5647 2417 5707 ιον.
2430 5638 2507 5689 hic
2528 5638 2734 5707 additur.
2757 5651 2921 5689 causa.

2096 5710 2117 5739 ι
2140 5704 2448 5755 Floriacensis
2469 5707 2571 5758 Ms,
2600 5707 2647 5748 ut
2666 5704 2804 5750 sicut.
