4098 6496
632 246 736 302 807

687 345 736 390 In
760 352 1015 390 commune
1033 340 1217 400 bonus;
1251 341 1505 400 nullosque
1527 344 1714 391 Catonis
1734 343 1782 391 in
1806 350 1943 392 actus

684 402 933 466 Subrepsit
950 411 1236 466 partemque
1254 404 1363 453 tulit
1382 402 1473 466 Sibi
1498 413 1607 466 nata
1625 403 1862 466 voluptas.

1161 464 1356 527 (Lucan.
1382 465 1603 515 Pharsat.
1630 464 1710 515 tib.
1729 464 1778 524 2,
1802 478 1926 516 vers.
1952 464 2206 528 388-591).

623 564 810 634 Qualis
830 566 971 621 enim
993 567 1074 622 vir
1100 566 1232 623 Cato
1272 566 1466 633 fuerit,
1494 576 1548 622 et
1575 577 1750 622 utrum
1773 567 1827 621 in
1860 582 1925 621 eo
1946 582 2070 621 vera
2096 567 2204 621 vir-

619 665 707 713 tus
757 657 1111 730 honestasque
1160 658 1369 714 laudata
1414 659 1510 721 sit,
1543 659 1644 714 alia
1673 658 1895 729 qurestio
1937 667 2019 712 est
2069 674 2083 711 :
2135 657 2203 712 ad

618 750 913 820 quemlibet
952 758 1124 806 tamen
1154 752 1313 806 ﬁnem
1339 767 1434 806 sua
1473 751 1695 807 referret
1721 750 1894 805 ofﬁcia
1917 794 1929 816 ,
1956 765 2059 804 non
2094 750 2201 804 uti—

617 856 723 912 que
749 845 865 899 sine
891 844 1162 915 voluptate
1209 845 1345 900 ﬁlios
1372 845 1697 914 procreavit;
1727 852 1780 899 et
1822 853 1995 897 tamen
2021 843 2198 898 nullos

614 933 834 990 Catonis
862 934 916 990 in
943 944 1093 991 actus
1131 936 1394 1006 subrepsit
1426 944 1737 1005 partemque
1777 933 1895 987 tulit
1937 933 2037 987 sibi
2070 941 2192 987 nata

616 1026 857 1096 voluptas
887 1045 903 1082 :
937 1028 1185 1097 quoniam
1212 1036 1266 1081 et
1300 1025 1439 1096 quod
1483 1041 1589 1080 non
1633 1024 1860 1079 faciebat
1892 1024 2010 1079 sine
2036 1022 2193 1077 volu-

613 1124 777 1184 ptate,
808 1131 911 1171 non
934 1115 1158 1172 faciebat
1184 1125 1401 1187 propter
1427 1117 1774 1187 voluptatem;
1802 1129 1898 1168 nec
1922 1113 1976 1168 in
2000 1111 2193 1168 morbo

612 1205 770 1277 hujus
796 1207 1047 1263 desiderii
1087 1223 1241 1263 suum
1270 1223 1362 1262 vas
1394 1208 1738 1278 possidebat,
1769 1205 2012 1277 quamvis
2042 1205 2193 1275 igno-

610 1307 754 1353 raret
793 1298 991 1363 Deum;
1024 1299 1067 1355 si
1120 1299 1241 1354 talis
1277 1298 1373 1353 fuit
1399 1299 1571 1368 qualis
1608 1296 1948 1367 praedicatur.
1982 1295 2048 1350 Et
2082 1310 2187 1349 non

608 1390 689 1444 vis
717 1389 1011 1461 intelligere
1024 1391 1162 1461 quod
1183 1392 1259 1445 ait
1285 1391 1589 1461 Apostolus,
1618 1388 1685 1444 Ut
1703 1390 1829 1444 sciat
1846 1389 2188 1457 unusquisque

606 1489 821 1535 uestrum
859 1498 1007 1535 suum
1033 1498 1118 1536 uas
1157 1482 1414 1551 possidere
1435 1524 1450 1548 ,
1477 1498 1578 1535 non
1620 1481 1673 1535 in
1701 1482 1875 1536 morbo
1915 1479 2181 1546 desiderii,

602 1570 734 1624 sicut
755 1569 964 1637 Gentes,
995 1587 1107 1639 qua:
1134 1573 1368 1643 ignorant
1400 1571 1581 1626 Deum.

672 1663 761 1718 59.
791 1664 934 1719 Bene
963 1665 1222 1718 discernis
1252 1665 1390 1720 inter
1428 1665 1625 1720 bonum
1655 1665 1832 1720 minus
1863 1664 2142 1735 coniugale
2161 1706 2177 1732 ,

599 1762 654 1807 et
680 1753 875 1807 bonum
906 1754 1132 1824 amplius
1153 1756 1496 1811 continentiae
1521 1773 1534 1809 :
1562 1756 1658 1811 sed
1687 1764 1831 1810 tuum
1853 1755 2044 1826 dogma
2072 1771 2179 1811 non

594 1843 799 1899 deseris
826 1844 1248 1900 inimicissimum
1279 1849 1480 1917 gratiae.
1501 1846 1643 1902 Dicis
1663 1848 1828 1914 enim,
1852 1865 1872 1899 α
1900 1847 2040 1917 quod
2070 1847 2178 1902 Do—

594 1935 770 1989 minus
793 1935 1134 1990 continentia:
1158 1936 1383 2007 gloriam
1420 1937 1666 1992 libertate
1695 1938 1974 1993 electionis
2002 1936 2177 1991 bono-

590 2028 817 2091 ravcrit,
848 2025 1030 2082 dicens
1049 2069 1063 2093 ,
1097 2026 1196 2093 Qui
1217 2036 1376 2097 potest
1398 2044 1610 2099 capere,
1634 2028 1840 2098 capiat;
1873 2046 1892 2080 ι
1923 2036 2175 2098 tanquam

590 2115 694 2172 hoc
723 2118 963 2187 capiatur
989 2133 1095 2172 non
1125 2117 1219 2173 Dei
1248 2134 1468 2175 munere
1486 2160 1501 2184 ,
1529 2119 1622 2175 sed
1652 2119 1855 2174 arbitrii
1887 2119 2130 2174 libertate
2155 2136 2170 2174 :

586 2216 642 2263 et
660 2217 801 2264 taces
828 2208 968 2279 quod
992 2225 1150 2280 supra
1168 2210 1392 2275 dixerat,
1418 2209 1539 2265 Non
1560 2228 1730 2266 omnes
1749 2212 1955 2281 capiunt
1972 2211 2173 2266 verbum

586 2299 702 2364 hoc,
716 2300 804 2353 sed
823 2300 1002 2371 quibus
1024 2302 1197 2353 datum
1218 2311 1289 2356 est
1311 2299 1519 2370 (Matth.
1539 2317 1649 2366 χιι,
1671 2300 1757 2368 12,
1780 2301 2031 2372 ll).Vide
2051 2316 2170 2371 quat

585 2401 785 2456 taceas,
813 2408 932 2463 quae
958 2392 1125 2448 dicas.
1158 2393 1292 2448 Puto
1316 2392 1459 2464 quod
1499 2401 1551 2448 te
1579 2401 1774 2464 pungat
1799 2393 2125 2450 conscientia
2150 2410 2166 2448 :

583 2481 680 2539 sed
715 2483 881 2538 vincit
919 2490 1125 2540 rectum
1157 2482 1400 2539 timorem
1422 2525 1438 2551 ,
1474 2498 1595 2539 cum
1638 2484 1826 2555 ingerit
1856 2500 2167 2554 perversum

584 2576 865 2647 pudorem,
897 2590 1110 2646 quoquo
1137 2575 1295 2630 modo
1319 2575 1430 2645 jam
1469 2575 1799 2631 defendenda
1839 2569 2165 2647 praecipitata

580 2670 864 2724 sententia.
892 2667 1281 2723 Tantummodo
1307 2681 1585 2723 excessum
1612 2667 1844 2721 libidinis
1875 2666 2163 2723 identidem

578 2760 796 2831 culpas,
830 2760 996 2829 ipsam
1024 2757 1238 2813 laudare
1263 2773 1366 2813 non
1387 2771 1587 2813 cessas.
1608 2756 1717 2812 Nec
1738 2757 1969 2812 attendis
1987 2797 2004 2823 ,
2035 2771 2163 2811 sen-

581 2850 669 2915 tis,
703 2850 948 2920 intelligis
973 2848 1171 2903 malum
1196 2863 1337 2914 esse,
1366 2848 1452 2903 cui
1478 2862 1543 2902 ne
1572 2847 1795 2902 limitem
1822 2847 2161 2905 necessitatis

575 2940 821 3006 excedat,
849 2939 1056 3010 cogitur
1082 2938 1426 3009 temperantia
1452 2952 1772 3008 repugnare.

646 3031 737 3087 40.
772 3031 1026 3100 Quamvis
1067 3038 1153 3096 tu,
1191 3028 1333 3100 quod
1380 3030 1588 3086 monuit
1624 3029 1948 3100 Apostolus,
1996 3045 2067 3087 nc
2104 3029 2158 3086 in

575 3121 767 3176 inorbo
794 3120 1044 3176 desiderii
1074 3135 1230 3176 suum
1259 3134 1351 3175 vas
1381 3119 1607 3190 quisque
1633 3120 1923 3190 possideat,
1955 3136 2065 3175 non
2091 3120 2159 3176 de

573 3212 840 3283 conjugio,
870 3211 962 3267 sed
989 3211 1057 3266 de
1086 3210 1438 3267 fornicatione
1459 3209 1826 3280 accipiendum
1856 3211 2153 3281 putaveris;

572 3311 730 3373 atque
752 3305 820 3358 ita
851 3304 1212 3374 temperantia:
1234 3311 1396 3359 totam
1418 3302 1754 3357 honestatem
1779 3302 1848 3358 de
1867 3301 2159 3359 concubitu

569 3394 853 3464 cenjugum
880 3394 1186 3461 abstuleris,
1218 3402 1276 3450 ut
1302 3408 1462 3449 nemo
1488 3394 1589 3449 sibi
1611 3393 1857 3449 videatur
1884 3396 1936 3448 in
1966 3394 2159 3449 morbo

569 3486 817 3542 desiderii
843 3503 995 3542 suum
1024 3503 1117 3542 vas
1145 3488 1439 3557 possidere,
1471 3497 1901 3558 quantacumque
1940 3487 2157 3543 libidine

569 3579 624 3632 in
656 3579 836 3633 uxoris
859 3580 1178 3649 genitalibus
1196 3578 1673 3648 potueritinsanire
1692 3580 1799 3635 ‘.Si
1817 3580 1959 3635 enim
1990 3580 2154 3635 ullum

568 3669 642 3725 ibi
690 3670 975 3724 tenendum
1020 3670 1357 3724 existimares
1401 3669 1648 3733 modum,
1696 3670 1912 3739 potuisti
1951 3679 2007 3726 et
2050 3671 2158 3727 illic

566 3758 1009 3832 concupisceniize
1049 3762 1442 3832 reprehendere
1477 3777 1754 3818 excessum
1776 3806 1792 3829 ,
1821 3780 2048 3834 eumque
2075 3764 2158 3818 di-

566 3871 691 3910 cere
729 3856 797 3909 ab
828 3856 1081 3924 Apostolo
1110 3856 1465 3926 signiﬁcatum
1498 3856 1746 3910 morbum
1786 3855 2069 3920 desiderii,
2102 3866 2157 3912 et

569 3962 675 4001 non
705 3946 943 4015 improbe
981 3962 1178 4016 negare
1198 3988 1211 4011 ,
1240 3962 1394 4002 suum
1426 3962 1519 4002 vas
1546 3946 1742 4002 dictum
1773 3947 1932 4003 fuisse
1965 3948 2156 4019 cuique

566 4037 847 4106 coniugem
875 4052 1042 4091 suam.
1067 4037 1183 4106 Quo
1205 4038 1365 4092 verbo
1393 4039 1443 4092 in
1473 4040 1658 4093 eadem
1688 4054 1747 4093 re
1773 4038 1933 4093 etiam
1961 4040 2152 4096 Petrus

566 4130 841 4200 apostolus
865 4129 1046 4193 utitur,
1086 4128 1171 4183 ubi
1202 4138 1381 4184 monet
1408 4138 1466 4183 ut
1492 4129 1590 4184 viri
1615 4130 1868 4184 uxoribus
1897 4131 2007 4185 suis
2030 4140 2150 4185 tan-

567 4235 724 4290 quam
752 4219 1026 4274 inﬁrmiori
1049 4220 1161 4274 vasi
1190 4220 1422 4275 tribuant
1441 4219 1721 4287 honorem,
1747 4220 1889 4275 velttt
1916 4221 2154 4277 coluere-

567 4311 721 4366 dibus
747 4313 964 4382 gratim;
994 4311 1288 4381 adjungeus
1317 4322 1372 4368 et
1399 4312 1600 4373 dicens,
1631 4311 1697 4366 Et
1720 4313 1880 4367 videte
1899 4330 1962 4368 ne
1988 4315 2151 4385 impe-

567 4404 1041 4458 diantur‘orationes
1067 4413 1241 4457 vestra:
1265 4403 1314 4475 (l
1344 4403 1484 4457 Petr.
1512 4419 1586 4468 Ill,
1611 4405 1688 4475 7).
1712 4403 1863 4458 Sicut
1886 4414 1938 4458 et
1956 4419 2154 4475 coapo-

565 4497 735 4552 stolus
778 4496 892 4564 ejus
936 4504 1171 4565 tempora
1218 4497 1512 4564 praescribit
1551 4495 1737 4550 orandi
1786 4498 2150 4567 temperantia:

563 4578 825 4658 conjugali
857 4606 869 4640 :
899 4596 950 4640 ct
996 4586 1287 4642 secundum
1332 4586 1539 4640 veniam
1584 4586 1861 4649 concedit,
1909 4588 2149 4657 quamvis

563 4696 682 4735 cum
713 4679 936 4749 conjuge
957 4680 999 4743 ',
1029 4694 1133 4732 non
1167 4678 1344 4747 utique
1388 4678 1534 4731 illum
1580 4677 1773 4747 prolis,
1821 4677 1915 4731 sed
1960 4678 2048 4746 qui
2091 4677 2149 4733 ﬁt

562 4772 847 4841 voluptatis
891 4770 1183 4825 intentione
1222 4767 1563 4824 concubitum
1603 4766 1801 4838 (lCor.
1825 4783 1924 4831 vn,
1954 4769 2017 4831 5,
2050 4767 2145 4836 6).

565 4862 714 4915 Ilnnc
739 4860 954 4915 audiant
978 4859 1262 4915 christiana
1296 4858 1540 4927 conjugis
1563 4898 1578 4922 ,
1608 4872 1714 4911 non
1751 4866 1832 4918 te,
1865 4858 1951 4926 qui
1984 4859 2063 4914 vis
2092 4858 2145 4914 in

562 4953 640 5006 eis
669 4966 827 5023 quam
858 4949 1101 5006 defendis
1125 4966 1393 5019 nunquam
1421 4948 1615 5002 frenari
1641 4949 2143 5019 concupiscentiam,

562 5043 656 5097 sed
699 5042 1134 5113 quotiesmnnque
1181 5057 1239 5095 se
1279 5038 1657 5104 commoverit,
1687 5040 1866 5092 satiari
1896 5040 2104 5095 avidam
2126 5083 2141 5108 ,

563 5150 786 5206 regnare
812 5148 1053 5189 securam
1102 5133 1250 5187 llunc
1270 5132 1507 5197 audiant,
1532 5132 1766 5202 inquam,
1789 5131 1974 5187 ﬁdeles
1997 5132 2146 5189 Chri-

562 5228 628 5281 sti
653 5225 742 5298 qui
773 5232 897 5279 sunt
933 5225 1199 5279 connubio
1229 5225 1494 5294 colligati,
1524 5233 1582 5277 ut
1611 5238 1679 5278 ex
1707 5238 1970 5279 consensu
2004 5234 2142 5280 tem-

625 5344 642 5374 ι
671 5345 798 5398 Post,
834 5343 1037 5405 potuerit
1072 5351 1303 5405 tttsamre,
1338 5339 1456 5405 editi
1498 5346 1597 5386 Am.
1624 5343 1677 5405 et
1699 5343 1794 5394 Fr,
1818 5350 2009 5405 necnon
2031 5341 2141 5402 qui-

561 5402 670 5453 dam
695 5398 1007 5461 manuscripti
1027 5400 1268 5448 addebant
1286 5434 1300 5453 ,
1341 5400 1388 5449 Si
1430 5406 1556 5450 recte
1600 5398 1661 5449 de
1684 5398 1999 5453 temperantia
2030 5398 2138 5450 60n-

555 5467 715 5528 jngatt
740 5470 979 5528 sapuisset
1000 5463 1293 5528 hq:ret_icus,_
1314 5462 1431 5528 quid
1455 5461 1911 5528 senttre_deouerit,
1934 5462 2063 5528 quid
2082 5463 2144 5515 de

563 5522 1104 5587 apostoti'testimonio,
1144 5525 1354 5586 iutettige
1399 5523 1585 5586 integra
1626 5522 1725 5587 ﬁde
1754 5522 1964 5588 potuerit
1990 5536 2011 5588 ,'
2034 5539 2145 5585 quas

566 5588 711 5635 verba
740 5588 835 5636 huc
858 5602 887 5637 e
909 5589 1130 5649 margine
1175 5592 1405 5639 translata
1430 5601 1563 5650 esse,
1605 5587 1815 5650 probant
1835 5587 2144 5650 antiquiores

562 5652 779 5701 codices.
807 5651 892 5711 qui
917 5652 991 5698 eis
1013 5657 1181 5699 carent

625 5714 646 5744 ³
673 5710 1004 5764 ισ“ιοι·ἱ.έρθιιεὶς
1029 5711 1136 5770 iis,
1174 5710 1395 5776 quamvis
1421 5712 1675 5780 ronjttgum
1701 5725 1792 5762 non
1833 5719 2011 5779 utrque,
2040 5718 2136 5760 etc.

1426 249 1699 306 CONTRA
1737 250 2075 308 JULMNUM
2115 250 2579 324 I‘ELAGIANUM,
2620 257 2677 314 S.
2710 257 3079 319 AUGUSTINI

3780 312 3800 337 l1

2319 283 2579 324 ruanuu,
2620 283 2677 314 ο.
2710 283 3079 319 nummum
3747 283 3831 340 8‘18

2319 356 2525 416 percnt,
2543 364 2648 420 quo
2658 364 2844 408 vacent
2861 356 3086 410 orationi
3108 375 3119 412 :
3142 366 3192 412 et
3214 372 3335 414 cum
3349 358 3414 415 ad
3430 356 3640 435 idipsum
3654 370 3834 432 redeunt

2313 449 2532 507 propter
2578 442 3038 514 intemperantiam
3080 464 3260 515 suam,
3300 463 3536 508 noverint
3567 459 3706 515 etiam
3738 466 3833 524 inde

2307 529 2487 621 dicere
2512 534 2639 605 Deo,
2666 536 2870 593 Dimitte
2889 542 3030 596 nobis
3051 542 3215 598 debita
3235 555 3406 599 nostra
3428 546 3624 619 (Matth.
3646 569 3710 620 vn,
3738 558 3827 621 ti).

2309 618 2461 686 Quod
2489 625 2629 679 enim
2658 628 2947 683 secundum
2975 631 3181 686 veniam
3204 649 3359 698 ,tnon
3388 638 3658 695 secundum
3693 618 3832 716 hope.

2304 708 2439 799 rium
2481 727 2511 765 a
2558 724 2703 771 tanto
2729 717 2946 773 doctore
2973 720 3185 789 dicitur,
3216 722 3399 794 utique
3438 725 3720 799 ignoscitur,
3747 708 3831 792 non

2299 798 2533 870 jnbetur.

2373 892 2598 952 CAPUT
2625 897 2672 952 Χ
2700 898 2792 970 (a).
2815 930 2888 941 —
2908 902 2966 957 41
2983 943 2996 958 .
3029 902 3132 959 Sed
3163 906 3372 960 insertis
3393 909 3508 963 aliis
3527 912 3685 967 verbis
3704 915 3831 984 meis,

2299 984 2386 1039 ubi
2406 987 2731 1045 voluntatem
2757 1008 2880 1048 vere
2896 995 3126 1064 piorum,
3155 997 3275 1067 quia
3295 996 3714 1071 Christianorum,
3730 1024 3831 1063 con-

2298 1077 2482 1149 jugnm
2505 1084 2894 1152 commendavi,
2928 1087 3016 1156 qui
3040 1087 3173 1144 ﬁlios
3198 1088 3262 1143 ad
3291 1088 3392 1144 hoc
3412 1106 3654 1159 generant
3681 1097 3724 1150 in
3751 1097 3828 1154 hoc

2302 1171 2503 1227 saeculo
2521 1215 2535 1239 ,
2564 1183 2621 1228 ut
2646 1190 2865 1246 propter
2884 1178 3109 1234 alterum
3137 1182 3390 1237 sarculum
3418 1199 3768 1258 regenerentur
3788 1191 3829 1247 in

2292 1259 2507 1317 Christo
2537 1262 2654 1337 (De
2680 1264 2890 1338 Nuptiis
2926 1278 2973 1324 et
3009 1266 3460 1343 Concupiscentia,
3489 1277 3571 1329 tib.
3601 1277 3648 1344 l,
3669 1296 3715 1333 η.
3740 1280 3827 1351 9);

2290 1364 2676 1410 commemoras
2720 1365 2771 1413 te
2808 1359 2917 1427 jam
2959 1360 3011 1415 in
3051 1363 3286 1418 secundo
3323 1365 3461 1420 libro
3501 1367 3644 1421 istam
3685 1386 3826 1427 meam

2288 1438 2616 1531 destruxisse
2664 1449 2984 1504 sententiam
3014 1468 3029 1506 :
3061 1451 3151 1506 ubi
3188 1454 3319 1524 quid
3351 1456 3443 1511 tibi
3473 1460 3826 1531 responderim,

2287 1530 2360 1587 ibi
2384 1535 2558 1604 potius
2582 1537 2756 1609 legant
2774 1542 2863 1611 qui
2890 1543 3092 1598 volunt.
3115 1543 3210 1601 Sic
3238 1547 3381 1603 enim
3407 1564 3511 1604 non
3531 1560 3646 1605 sunt
3665 1552 3827 1609 facienv

2219 1655 2226 1669 ι
2284 1621 2351 1677 da
2371 1625 2650 1694 adulteria,
2674 1631 2832 1686 etiam
2852 1631 3123 1689 voluntate
3141 1636 3430 1706 generandi
3453 1642 3822 1710 regenerandos,

2283 1715 2729 1782 quemadmodum
2759 1735 2860 1777 nec
2888 1721 3026 1778 furta
3053 1724 3295 1781 facienda
3320 1736 3465 1792 sunt,
3494 1729 3643 1784 etiam
3668 1731 3823 1786 volun-

2284 1811 2391 1857 tate
2419 1807 2664 1884 pascendi
2694 1825 2954 1880 pauperes
2982 1822 3195 1869 sanctos
3225 1832 3238 1870 :
3265 1815 3409 1885 quod
3451 1826 3620 1872 tamen
3658 1819 3823 1874 facien-

2280 1894 2405 1950 dum
2447 1909 2565 1965 est,
2616 1915 2721 1956 non
2762 1901 2898 1957 furta
2938 1905 3325 1975 perpetrando,
3369 1908 3464 1963 sed
3500 1908 3629 1965 bene
3656 1911 3822 1967 utendo

2279 2002 2580 2044 mammona
2611 1991 2901 2062 iniquitatis
2920 2034 2937 2062 ,
2968 2003 3027 2050 ut
3053 2005 3108 2051 et
3136 1997 3234 2067 ipsi
3263 1998 3564 2069 recipiant‘
3590 2001 3640 2055 in
3669 2001 3816 2056 taber-

2277 2080 2467 2135 nacula
2493 2092 2691 2138 aeterna
2709 2083 2862 2154 (Luc.
2884 2102 3002 2155 xvi,
3029 2087 3118 2159 9);
3143 2090 3280 2145 sicut
3306 2106 3412 2145 non
3432 2091 3681 2148 adulteria
3699 2108 3820 2148 com-

2275 2171 2554 2242 mittenda,
2585 2174 2679 2230 sed
2704 2177 3052 2249 conjngaliter
3069 2179 3206 2236 bene
3228 2182 3427 2237 utendo
3445 2183 3582 2238 malo
3601 2184 3815 2250 libidinis,

2273 2275 2335 2316 ea
2366 2264 2638 2321 voluntate
2665 2268 2953 2337 generandi
2978 2279 3102 2326 sunt
3129 2270 3243 2340 ﬁlii,
3273 2282 3330 2328 ut
3351 2288 3475 2329 cum
3501 2275 3578 2331 eis
3601 2285 3817 2347 regnatur

2271 2352 2325 2408 in
2351 2363 2609 2411 aeternum
2634 2355 2732 2430 (a).

2341 2443 2431 2499 42.
2465 2444 2660 2501 Verum
2701 2447 2972 2519 eleganter
3013 2449 3197 2508 laudas
3240 2463 3540 2524 susceptam
3568 2464 3727 2522 tuam,
3751 2456 3820 2512 di-

2268 2548 2427 2600 cens,
2458 2544 2514 2590 et
2541 2552 2726 2594 verum
2752 2538 2976 2595 dicens'
3013 2560 3031 2592 ι
3066 2543 3206 2614 quod
3248 2543 3378 2599 nihil
3422 2546 3509 2600 tali
3541 2549 3695 2615 possit
3716 2547 3817 2601 dunt

2266 2628 2639 2684 concumbitur
2663 2631 2901 2702 cogitari.
2930 2651 2949 2685 ι
2981 2633 3204 2690 Prorsus
3229 2636 3300 2691 ita
3322 2646 3424 2693 est.
3447 2638 3582 2707 Quid
3605 2640 3732 2694 enim
3749 2655 3817 2695 co-

2265 2718 2419 2788 gitari
2448 2728 2625 2791 potest
2650 2731 2805 2787 tunc,
2836 2725 3048 2794 quando
3077 2742 3229 2783 mens
3273 2729 3385 2798 ipsa
3428 2746 3531 2800 qua
3566 2732 3813 2803 cogitatur,

2265 2810 2354 2866 illa
2384 2812 2583 2867 carnali
2622 2812 2976 2871 delectatione
3018 2817 3417 2890 submergilur'!
3456 2820 3605 2878 Unde
3649 2823 3817 2892 optimo

2264 2900 2353 2957 ille
2380 2901 2448 2958 de
2478 2903 2744 2974 voluptate
2781 2904 3096 2976 disputans,
3130 2908 3283 2979 cujus
3311 2910 3477 2966 verba
3509 2912 3561 2966 in
3593 2913 3718 2966 libro
3743 2926 3816 2965 su-

2262 2992 2473 3063 periore
2488 2992 2598 3064 jam
2624 2996 2776 3065 posui
2803 3013 2816 3051 :
2845 3014 2867 3049 r
2893 2997 3056 3068 Cujus
3078 3008 3270 3065 motus,
3305 3019 3325 3052 ι
3352 3001 3547 3071 inquit,
3580 3020 3599 3054 ι
3631 3003 3816 3072 etquis-

2262 3100 2366 3156 que
2393 3094 2477 3141 est
2504 3084 2765 3142 maximus
2788 3129 2805 3155 ,
2831 3088 2904 3143 ita
2931 3100 3014 3145 est
3043 3090 3449 3148 inimicissimus
3480 3094 3813 3165 philosophiae.

2261 3176 2565 3248 Congruere
2589 3179 2733 3234 enim
2758 3195 2877 3236 cum
2903 3183 3223 3254 cogitatione
3246 3200 3438 3257 magna
3464 3188 3698 3257 voluptas
3718 3202 3817 3242 cor-

2260 3269 2408 3339 poris
2436 3285 2540 3324 non
2572 3279 2765 3341 potest.
2798 3272 2928 3339 Quis
2951 3274 3093 3329 enim
3122 3290 3243 3331 cum
3283 3284 3468 3332 utatur
3492 3278 3771 3349 voluptate,
3797 3295 3812 3328 ι

2261 3361 2466 3433 inquit,
2495 3381 2514 3416 ι
2544 3366 2606 3418 ea
2636 3378 2737 3434 qua
2782 3365 2925 3420 nulla
2969 3366 3140 3436 possit
3182 3367 3354 3439 major
3380 3384 3539 3435 esse,
3576 3369 3817 3425 attendere

2260 3454 2471 3520 animo,
2514 3455 2649 3510 inire
2690 3456 2982 3521 rationem,
3024 3458 3257 3530 cogitare
3302 3461 3530 3535 omnino
3566 3462 3815 3532 quidquam

2261 3556 2437 3618 potest
2457 3547 2675 3619 (Supra,
2702 3566 2756 3602 η.
2787 3548 2876 3613 72,
2899 3566 2963 3605 ea:
2987 3549 3244 3607 Ciceronis
3266 3551 3600 3626 Hortensio)?
3618 3554 3722 3613 Non
3741 3553 3817 3622 igi-

2259 3647 2347 3693 tur
2375 3639 2534 3694 etiam
2564 3649 2618 3694 tu
2647 3641 2861 3709 potuisti
2900 3642 3111 3711 gravius
3139 3657 3392 3704 accusare
3435 3661 3596 3717 quam
3633 3645 3814 3709 laudas,

2260 3732 2359 3786 nisi
2389 3731 2600 3787 fatendo
2626 3733 2675 3786 in
2702 3733 2817 3802 ejus
2844 3734 3043 3804 impetu
3063 3736 3331 3791 neminem
3358 3752 3523 3807 posse
3545 3747 3715 3792 saneta
3737 3751 3813 3790 co-

2258 3822 2445 3893 gitare.
2473 3822 2577 3878 Sed
2606 3824 2784 3894 utique
2812 3824 3090 3895 religiosus
3129 3826 3340 3881 animus
3382 3827 3493 3883 isto
3536 3829 3671 3883 malo
3703 3828 3815 3882 bene

2260 3924 2414 3968 utens
2445 3913 2546 3970 hoc
2573 3916 2796 3983 cogitat,
2835 3924 2893 3970 ut
2918 3916 3194 3972 libidinem
3233 3918 3641 3976 concumbendo
3668 3917 3811 3989 patia-

2257 4012 2363 4068 tur,
2391 4005 2530 4075 quod
2559 4021 2662 4059 non
2691 4014 2863 4075 potest
2882 4007 3117 4077 cogitare
3137 4021 3259 4062 cum
3285 4009 3506 4079 patitur.
3533 4009 3676 4065 Sicut
3693 4007 3811 4062 salu-

2258 4106 2366 4153 tem
2386 4096 2549 4152 homo
2570 4098 2785 4168 cogitat,
2807 4107 2866 4153 ut
2883 4113 3072 4155 somno
3091 4115 3152 4156 se
3176 4100 3471 4171 impertiat,
3496 4103 3636 4173 quod
3659 4103 3812 4172 utique

2256 4203 2364 4243 non
2408 4197 2582 4259 potest
2610 4190 2844 4260 cogitare
2874 4205 2994 4245 cum
3028 4191 3228 4247 dormit
3259 4209 3273 4247 :
3302 4192 3398 4248 sed
3444 4209 3665 4249 somnus
3709 4206 3810 4247 cum

2255 4288 2478 4348 occupat
2507 4280 2767 4345 membra,
2796 4295 2903 4334 non
2922 4295 2986 4336 ea
3007 4279 3131 4337 facit
3159 4282 3521 4340 inobedientia
3550 4283 3808 4345 voluntati;

2254 4370 2375 4440 quia
2405 4379 2457 4425 et
2480 4371 2648 4441 ipsam
2676 4372 3002 4428 voluntatem
3027 4373 3095 4427 ab
3126 4374 3495 4444 hujuscemodi
3523 4375 3810 4432 alienatint-

2253 4464 2424 4534 perio,
2452 4464 2744 4521 avertendo
2764 4466 2997 4521 animam
3026 4466 3091 4522 ad
3120 4468 3231 4523 visa
3259 4471 3618 4535 somniorum,
3641 4471 3689 4524 in
3717 4467 3814 4538 qui-

2252 4555 2352 4610 bus
2379 4571 2521 4626 saape
2546 4557 2704 4612 etiam
2750 4556 2923 4613 futura
2961 4568 3255 4615 monstrata
3297 4571 3441 4616 sunt.
3470 4562 3626 4619 Unde
3649 4564 3690 4616 si
3717 4565 3813 4616 erat

2253 4646 2305 4700 in
2335 4645 2580 4715 paradiso
2607 4647 2920 4703 vicissitudo
2942 4648 3192 4719 vigilandi
3218 4660 3380 4720 atque
3399 4652 3717 4716 dormiendi,
3741 4648 3811 4701 ubi

2253 4751 2358 4791 non
2376 4745 2490 4792 erat
2509 4737 2706 4792 malum
2727 4739 3172 4811 concupiscendi;
3213 4751 3318 4795 tam
3362 4740 3540 4798 felicia
3572 4749 3715 4798 erant
3743 4754 3814 4794 so-

2250 4828 2394 4883 mnia
2419 4828 2818 4895 dormientium,
2845 4845 3004 4900 quam
3035 4831 3138 4885 vita
3167 4831 3521 4900 vigilantium.

2322 4922 2411 4977 43.
2439 4920 2590 4988 Quod
2633 4931 2811 4975 autem
2846 4919 2901 4976 te
2935 4921 3105 4991 jactas
3135 4963 3151 4988 ,
3193 4930 3249 4978 et
3290 4923 3522 4981 inaniter
3556 4935 3809 4994 spumeum

2251 5011 2509 5067 dill'undis
2537 5013 2830 5081 eloquium,
2865 5030 2883 5062 ε
2914 5021 3166 5081 parentes
3189 5027 3511 5082 comparans
3537 5012 3806 5083 parricidis,

2250 5103 2302 5157 in
2330 5104 2408 5157 eis
2443 5118 2691 5157 asserens
2715 5116 2836 5157 esse
2861 5116 3076 5156 causam
3108 5110 3167 5156 ut
3192 5102 3280 5157 ﬁlii
3321 5119 3445 5157 cum
3486 5104 3806 5159 damnatione

2249 5204 2534 5249 nascantur
2557 5211 2570 5247 :
2602 5212 2621 5245 ι
2648 5192 2833 5248 fereris
2854 5192 2876 5224 ⁸
2901 5193 3119 5248 omnino
3139 5194 3330 5264 lingua:
3353 5206 3459 5249 tua:
3480 5196 3624 5251 velut
3646 5190 3806 5249 exsul-

2248 5284 2480 5339 tantibus
2506 5292 2560 5337 et
2588 5282 2959 5354 plaudentibus
2996 5284 3184 5352 pennis
3205 5324 3219 5347 ,
3249 5299 3349 5341 nec
3392 5286 3448 5340 in
3480 5285 3586 5341 isto
3607 5284 3803 5354 strepitu

2245 5390 2402 5446 quem
2434 5375 2525 5429 tibi
2551 5375 2664 5444 ipse
2683 5374 2828 5438 facis,
2858 5374 3078 5440 respicis
3101 5375 3286 5430 Deum.
3309 5375 3415 5432 Cur
3433 5377 3579 5432 enim
3601 5389 3700 5432 non
3721 5375 3800 5428 ista

2309 5467 2321 5499 ι
2350 5467 2423 5515 sic
2443 5472 2548 5513 uss.
2575 5471 2639 5528 At,
2651 5463 2788 5528 editi,
2807 5462 3122 5528 recipitmtur.

2305 5530 2324 5559 ²
2342 5535 2440 5577 Duo
2457 5535 2583 5582 Mss,
2606 5525 2745 5576 dicis.

2308 5589 2328 5620 ³
2359 5591 2430 5638 sic
2457 5600 2552 5636 Am.
2581 5595 2651 5637 Er.
2681 5597 2729 5638 et
2752 5592 2860 5635 Mss.
2880 5590 3012 5650 l_.ov.,
3037 5584 3204 5650 ferris.

2303 5651 2375 5705 (ιι)
2416 5651 2536 5711 «(and
2564 5661 2660 5697 Aut.
2688 5658 2738 5698 et
2761 5647 2926 5711 ΕΜηᾷ

2303 5714 2375 5773 (1))
2408 5709 2575 5774 sui-ra,
2605 5712 2685 5761 lib.
2714 5712 2760 5770 4,
2781 5724 2829 5758 n.
2854 5709 2934 5759 39.

3997 3532 3999 3615 Ψ
