  <div class='ocr_page' id='page_1' title='image "/cluster/home/n/w/nwhite01/storage/ocr_20150623/44-45/uc1.31175026792435/412.png"; bbox 0 0 4098 6534; ppageno 0'>
   <div class='ocr_carea' id='block_1_1' title="bbox 290 414 392 472">
    <p class='ocr_par' dir='ltr' id='par_1_1' title="bbox 290 414 392 472">
     <span class='ocr_line' id='line_1_1' title="bbox 290 414 392 472; baseline -0.02 0"><span class='ocrx_word' id='word_1_1' title='bbox 290 414 392 472; x_wconf 79' lang='grc'><strong>809</strong></span> 
     </span>
    </p>
   </div>
   <div class='ocr_carea' id='block_1_2' title="bbox 289 527 1860 600">
    <p class='ocr_par' dir='ltr' id='par_1_2' title="bbox 289 527 1860 600">
     <span class='ocr_line' id='line_1_2' title="bbox 289 527 1860 600; baseline -0.002 -16"><span class='ocrx_word' id='word_1_2' title='bbox 289 531 373 586; x_wconf 76' lang='lat' dir='ltr'><strong>vel</strong></span> <span class='ocrx_word' id='word_1_3' title='bbox 410 531 511 585; x_wconf 88' lang='lat' dir='ltr'><strong>tale</strong></span> <span class='ocrx_word' id='word_1_4' title='bbox 537 529 754 600; x_wconf 79' lang='lat' dir='ltr'><strong>aliquid,</strong></span> <span class='ocrx_word' id='word_1_5' title='bbox 788 530 882 599; x_wconf 57' lang='lat' dir='ltr'><strong>ipsi</strong></span> <span class='ocrx_word' id='word_1_6' title='bbox 916 531 1085 600; x_wconf 79' lang='lat' dir='ltr'><strong>potius</strong></span> <span class='ocrx_word' id='word_1_7' title='bbox 1116 527 1386 584; x_wconf 76' lang='lat' dir='ltr'><strong>hominum</strong></span> <span class='ocrx_word' id='word_1_8' title='bbox 1426 530 1662 585; x_wconf 79' lang='lat' dir='ltr'><strong>Creatori</strong></span> <span class='ocrx_word' id='word_1_9' title='bbox 1702 542 1860 599; x_wconf 85' lang='lat' dir='ltr'><strong>quam</strong></span> 
     </span>
    </p>
   </div>
   <div class='ocr_carea' id='block_1_3' title="bbox 287 619 1864 690">
    <p class='ocr_par' dir='ltr' id='par_1_3' title="bbox 287 619 1864 690">
     <span class='ocr_line' id='line_1_3' title="bbox 287 619 1864 690; baseline -0.004 -14"><span class='ocrx_word' id='word_1_10' title='bbox 287 621 614 690; x_wconf 71' lang='lat' dir='ltr'><strong>genitoribus</strong></span> <span class='ocrx_word' id='word_1_11' title='bbox 643 621 850 686; x_wconf 89' lang='lat' dir='ltr'><strong>dicitur,</strong></span> <span class='ocrx_word' id='word_1_12' title='bbox 898 621 984 690; x_wconf 90' lang='lat' dir='ltr'><strong>qui</strong></span> <span class='ocrx_word' id='word_1_13' title='bbox 1031 631 1176 674; x_wconf 89' lang='lat' dir='ltr'><strong>certe</strong></span> <span class='ocrx_word' id='word_1_14' title='bbox 1218 620 1452 673; x_wconf 92' lang='lat' dir='ltr'><strong>omnium</strong></span> <span class='ocrx_word' id='word_1_15' title='bbox 1490 619 1752 673; x_wconf 90' lang='lat' dir='ltr'><strong>bonorum</strong></span> <span class='ocrx_word' id='word_1_16' title='bbox 1783 626 1864 671; x_wconf 90' lang='lat' dir='ltr'><strong>est</strong></span> 
     </span>
    </p>
   </div>
   <div class='ocr_carea' id='block_1_4' title="bbox 287 708 1865 780">
    <p class='ocr_par' dir='ltr' id='par_1_4' title="bbox 287 708 1865 780">
     <span class='ocr_line' id='line_1_4' title="bbox 287 708 1865 780; baseline -0.004 -13"><span class='ocrx_word' id='word_1_17' title='bbox 287 723 473 767; x_wconf 75' lang='lat' dir='ltr'><strong>auctor</strong></span> <span class='ocrx_word' id='word_1_18' title='bbox 501 721 552 766; x_wconf 89' lang='lat' dir='ltr'><strong>et</strong></span> <span class='ocrx_word' id='word_1_19' title='bbox 581 711 862 766; x_wconf 91' lang='lat' dir='ltr'><strong>conditor?</strong></span> <span class='ocrx_word' id='word_1_20' title='bbox 900 711 965 765; x_wconf 84' lang='lat' dir='ltr'><strong>Et</strong></span> <span class='ocrx_word' id='word_1_21' title='bbox 1008 720 1181 765; x_wconf 91' lang='lat' dir='ltr'><strong>tamen</strong></span> <span class='ocrx_word' id='word_1_22' title='bbox 1222 724 1355 779; x_wconf 91' lang='lat' dir='ltr'><strong>quos</strong></span> <span class='ocrx_word' id='word_1_23' title='bbox 1396 708 1603 780; x_wconf 82' lang='lat' dir='ltr'><strong>ignibus</strong></span> <span class='ocrx_word' id='word_1_24' title='bbox 1646 709 1865 762; x_wconf 62' lang='lat' dir='ltr'><strong>aeternis</strong></span> 
     </span>
    </p>
   </div>
   <div class='ocr_carea' id='block_1_5' title="bbox 290 797 1864 882">
    <p class='ocr_par' dir='ltr' id='par_1_5' title="bbox 290 797 1864 882">
     <span class='ocr_line' id='line_1_5' title="bbox 290 797 1864 882; baseline -0.005 -23"><span class='ocrx_word' id='word_1_25' title='bbox 290 805 551 874; x_wconf 72' lang='lat' dir='ltr'><strong>prrcscivit</strong></span> <span class='ocrx_word' id='word_1_26' title='bbox 580 817 825 868; x_wconf 84' lang='lat' dir='ltr'><strong>arsuros,</strong></span> <span class='ocrx_word' id='word_1_27' title='bbox 864 816 1048 856; x_wconf 87' lang='lat' dir='ltr'><strong>creare</strong></span> <span class='ocrx_word' id='word_1_28' title='bbox 1093 815 1196 854; x_wconf 91' lang='lat' dir='ltr'><strong>non</strong></span> <span class='ocrx_word' id='word_1_29' title='bbox 1227 800 1420 854; x_wconf 89' lang='lat' dir='ltr'><strong>desinit</strong></span> <span class='ocrx_word' id='word_1_30' title='bbox 1455 819 1469 855; x_wconf 90' lang='lat'>:</span> <span class='ocrx_word' id='word_1_31' title='bbox 1499 814 1597 854; x_wconf 90' lang='lat' dir='ltr'><strong>nec</strong></span> <span class='ocrx_word' id='word_1_32' title='bbox 1625 798 1710 864; x_wconf 92' lang='lat' dir='ltr'><strong>ei,</strong></span> <span class='ocrx_word' id='word_1_33' title='bbox 1741 797 1864 882; x_wconf 85' lang='lat' dir='ltr'><strong>quia</strong></span> 
     </span>
    </p>
   </div>
   <div class='ocr_carea' id='block_1_6' title="bbox 288 887 1866 960">
    <p class='ocr_par' dir='ltr' id='par_1_6' title="bbox 288 887 1866 960">
     <span class='ocr_line' id='line_1_6' title="bbox 288 887 1866 960; baseline -0.004 -12"><span class='ocrx_word' id='word_1_34' title='bbox 288 909 382 948; x_wconf 88' lang='lat' dir='ltr'><strong>eos</strong></span> <span class='ocrx_word' id='word_1_35' title='bbox 405 902 568 955; x_wconf 90' lang='lat' dir='ltr'><strong>creat,</strong></span> <span class='ocrx_word' id='word_1_36' title='bbox 593 893 691 948; x_wconf 91' lang='lat' dir='ltr'><strong>nisi</strong></span> <span class='ocrx_word' id='word_1_37' title='bbox 719 893 928 947; x_wconf 81' lang='lat' dir='ltr'><strong>bonitas</strong></span> <span class='ocrx_word' id='word_1_38' title='bbox 949 892 1234 960; x_wconf 82' lang='lat' dir='ltr'><strong>imputatur</strong></span> <span class='ocrx_word' id='word_1_39' title='bbox 1255 892 1292 942; x_wconf 88' lang='grc'><strong>¹.</strong></span> <span class='ocrx_word' id='word_1_40' title='bbox 1323 890 1389 943; x_wconf 87' lang='lat' dir='ltr'><strong>Et</strong></span> <span class='ocrx_word' id='word_1_41' title='bbox 1411 889 1667 959; x_wconf 88' lang='lat' dir='ltr'><strong>quosdam</strong></span> <span class='ocrx_word' id='word_1_42' title='bbox 1695 887 1866 942; x_wconf 83' lang='lat' dir='ltr'><strong>infan-</strong></span> 
     </span>
    </p>
   </div>
   <div class='ocr_carea' id='block_1_7' title="bbox 293 980 1863 1052">
    <p class='ocr_par' dir='ltr' id='par_1_7' title="bbox 293 980 1863 1052">
     <span class='ocr_line' id='line_1_7' title="bbox 293 980 1863 1052; baseline -0.004 -12"><span class='ocrx_word' id='word_1_43' title='bbox 293 994 370 1039; x_wconf 89' lang='lat' dir='ltr'><strong>les</strong></span> <span class='ocrx_word' id='word_1_44' title='bbox 393 985 550 1040; x_wconf 86' lang='lat' dir='ltr'><strong>etiam</strong></span> <span class='ocrx_word' id='word_1_45' title='bbox 582 983 872 1052; x_wconf 87' lang='lat' dir='ltr'><strong>baptizatos</strong></span> <span class='ocrx_word' id='word_1_46' title='bbox 902 997 1036 1052; x_wconf 90' lang='lat' dir='ltr'><strong>quos</strong></span> <span class='ocrx_word' id='word_1_47' title='bbox 1058 981 1260 1035; x_wconf 90' lang='lat' dir='ltr'><strong>futuros</strong></span> <span class='ocrx_word' id='word_1_48' title='bbox 1287 980 1550 1050; x_wconf 73' lang='lat' dir='ltr'><strong>prmscivit</strong></span> <span class='ocrx_word' id='word_1_49' title='bbox 1568 987 1863 1050; x_wconf 89' lang='lat' dir='ltr'><strong>apostatas,</strong></span> 
     </span>
    </p>
   </div>
   <div class='ocr_carea' id='block_1_8' title="bbox 292 1071 1865 1143">
    <p class='ocr_par' dir='ltr' id='par_1_8' title="bbox 292 1071 1865 1143">
     <span class='ocr_line' id='line_1_8' title="bbox 292 1071 1865 1143; baseline -0.003 -12"><span class='ocrx_word' id='word_1_50' title='bbox 292 1092 396 1131; x_wconf 93' lang='lat' dir='ltr'><strong>non</strong></span> <span class='ocrx_word' id='word_1_51' title='bbox 424 1074 595 1129; x_wconf 90' lang='lat' dir='ltr'><strong>aufert</strong></span> <span class='ocrx_word' id='word_1_52' title='bbox 619 1091 681 1127; x_wconf 79' lang='lat' dir='ltr'><strong>ex</strong></span> <span class='ocrx_word' id='word_1_53' title='bbox 713 1073 810 1127; x_wconf 89' lang='lat' dir='ltr'><strong>hac</strong></span> <span class='ocrx_word' id='word_1_54' title='bbox 835 1074 940 1128; x_wconf 78' lang='lat' dir='ltr'><strong>vita</strong></span> <span class='ocrx_word' id='word_1_55' title='bbox 966 1073 1017 1127; x_wconf 91' lang='lat' dir='ltr'><strong>iu</strong></span> <span class='ocrx_word' id='word_1_56' title='bbox 1041 1083 1294 1128; x_wconf 84' lang='lat' dir='ltr'><strong>aeternum</strong></span> <span class='ocrx_word' id='word_1_57' title='bbox 1325 1088 1543 1143; x_wconf 93' lang='lat' dir='ltr'><strong>regnum</strong></span> <span class='ocrx_word' id='word_1_58' title='bbox 1568 1071 1865 1142; x_wconf 88' lang='lat' dir='ltr'><strong>adoptatos,</strong></span> 
     </span>
    </p>
   </div>
   <div class='ocr_carea' id='block_1_9' title="bbox 215 1164 1869 1239">
    <p class='ocr_par' dir='ltr' id='par_1_9' title="bbox 215 1164 1869 1239">
     <span class='ocr_line' id='line_1_9' title="bbox 215 1164 1869 1239; baseline -0.002 -18"><span class='ocrx_word' id='word_1_59' title='bbox 215 1237 220 1239; x_wconf 97' lang='lat'>_</span> <span class='ocrx_word' id='word_1_60' title='bbox 295 1183 390 1222; x_wconf 91' lang='lat' dir='ltr'><strong>nec</strong></span> <span class='ocrx_word' id='word_1_61' title='bbox 415 1169 492 1222; x_wconf 88' lang='lat' dir='ltr'><strong>eis</strong></span> <span class='ocrx_word' id='word_1_62' title='bbox 520 1166 725 1221; x_wconf 89' lang='lat' dir='ltr'><strong>confert</strong></span> <span class='ocrx_word' id='word_1_63' title='bbox 753 1180 999 1235; x_wconf 83' lang='lat' dir='ltr'><strong>magnum</strong></span> <span class='ocrx_word' id='word_1_64' title='bbox 1029 1165 1344 1221; x_wconf 88' lang='lat' dir='ltr'><strong>beneﬁcium</strong></span> <span class='ocrx_word' id='word_1_65' title='bbox 1367 1207 1381 1230; x_wconf 92' lang='lat'><strong>,</strong></span> <span class='ocrx_word' id='word_1_66' title='bbox 1410 1164 1552 1235; x_wconf 89' lang='lat' dir='ltr'><strong>quod</strong></span> <span class='ocrx_word' id='word_1_67' title='bbox 1581 1165 1629 1220; x_wconf 92' lang='lat' dir='ltr'><strong>ei</strong></span> <span class='ocrx_word' id='word_1_68' title='bbox 1658 1165 1724 1218; x_wconf 89' lang='lat' dir='ltr'><strong>de</strong></span> <span class='ocrx_word' id='word_1_69' title='bbox 1764 1179 1869 1236; x_wconf 90' lang='lat' dir='ltr'><strong>quo</strong></span> 
     </span>
    </p>
   </div>
   <div class='ocr_carea' id='block_1_10' title="bbox 295 1256 1870 1326">
    <p class='ocr_par' dir='ltr' id='par_1_10' title="bbox 295 1256 1870 1326">
     <span class='ocr_line' id='line_1_10' title="bbox 295 1256 1870 1326; baseline -0.001 -14"><span class='ocrx_word' id='word_1_70' title='bbox 295 1259 499 1326; x_wconf 91' lang='lat' dir='ltr'><strong>legitur,</strong></span> <span class='ocrx_word' id='word_1_71' title='bbox 530 1256 725 1326; x_wconf 82' lang='lat' dir='ltr'><strong>Raptus</strong></span> <span class='ocrx_word' id='word_1_72' title='bbox 746 1265 837 1321; x_wconf 85' lang='lat' dir='ltr'><strong>est,</strong></span> <span class='ocrx_word' id='word_1_73' title='bbox 868 1272 928 1310; x_wconf 85' lang='lat' dir='ltr'><strong>ne</strong></span> <span class='ocrx_word' id='word_1_74' title='bbox 954 1257 1146 1310; x_wconf 84' lang='lat' dir='ltr'><strong>malitia</strong></span> <span class='ocrx_word' id='word_1_75' title='bbox 1189 1266 1402 1310; x_wconf 79' lang='lat' dir='ltr'><strong>mutaret</strong></span> <span class='ocrx_word' id='word_1_76' title='bbox 1429 1256 1733 1310; x_wconf 62' lang='lat' dir='ltr'><strong>inallectmu</strong></span> <span class='ocrx_word' id='word_1_77' title='bbox 1763 1257 1870 1326; x_wconf 81' lang='lat' dir='ltr'><strong>ejus</strong></span> 
     </span>
    </p>
   </div>
   <div class='ocr_carea' id='block_1_11' title="bbox 296 1345 1871 1418">
    <p class='ocr_par' dir='ltr' id='par_1_11' title="bbox 296 1345 1871 1418">
     <span class='ocr_line' id='line_1_11' title="bbox 296 1345 1871 1418; baseline 0 -16"><span class='ocrx_word' id='word_1_78' title='bbox 296 1350 314 1416; x_wconf 92' lang='lat'><strong>(</strong></span> <span class='ocrx_word' id='word_1_79' title='bbox 339 1347 465 1418; x_wconf 87' lang='lat' dir='ltr'><strong>Sap.</strong></span> <span class='ocrx_word' id='word_1_80' title='bbox 495 1363 565 1413; x_wconf 83' lang='lat' dir='ltr'><strong>iv,</strong></span> <span class='ocrx_word' id='word_1_81' title='bbox 599 1348 655 1401; x_wconf 91' lang='grc'><strong>11</strong></span> <span class='ocrx_word' id='word_1_82' title='bbox 683 1345 722 1418; x_wconf 93' lang='grc'><strong>).</strong></span> <span class='ocrx_word' id='word_1_83' title='bbox 747 1346 854 1402; x_wconf 90' lang='lat' dir='ltr'><strong>Nec</strong></span> <span class='ocrx_word' id='word_1_84' title='bbox 882 1354 1058 1400; x_wconf 89' lang='lat' dir='ltr'><strong>tamen</strong></span> <span class='ocrx_word' id='word_1_85' title='bbox 1097 1348 1208 1402; x_wconf 91' lang='lat' dir='ltr'><strong>Deo</strong></span> <span class='ocrx_word' id='word_1_86' title='bbox 1240 1347 1507 1414; x_wconf 92' lang='lat' dir='ltr'><strong>tribuitur,</strong></span> <span class='ocrx_word' id='word_1_87' title='bbox 1536 1347 1634 1402; x_wconf 86' lang='lat' dir='ltr'><strong>nisi</strong></span> <span class='ocrx_word' id='word_1_88' title='bbox 1664 1347 1871 1403; x_wconf 86' lang='lat' dir='ltr'><strong>bonitas</strong></span> 
     </span>
    </p>
   </div>
   <div class='ocr_carea' id='block_1_12' title="bbox 295 1437 1872 1508">
    <p class='ocr_par' dir='ltr' id='par_1_12' title="bbox 295 1437 1872 1508">
     <span class='ocr_line' id='line_1_12' title="bbox 295 1437 1872 1508; baseline 0.002 -17"><span class='ocrx_word' id='word_1_89' title='bbox 295 1447 452 1508; x_wconf 82' lang='lat' dir='ltr'><strong>atque</strong></span> <span class='ocrx_word' id='word_1_90' title='bbox 472 1438 705 1507; x_wconf 91' lang='lat' dir='ltr'><strong>iustitia,</strong></span> <span class='ocrx_word' id='word_1_91' title='bbox 733 1453 832 1508; x_wconf 89' lang='lat' dir='ltr'><strong>qua</strong></span> <span class='ocrx_word' id='word_1_92' title='bbox 863 1437 928 1493; x_wconf 89' lang='lat' dir='ltr'><strong>de</strong></span> <span class='ocrx_word' id='word_1_93' title='bbox 955 1437 1108 1492; x_wconf 92' lang='lat' dir='ltr'><strong>bonis</strong></span> <span class='ocrx_word' id='word_1_94' title='bbox 1131 1447 1183 1492; x_wconf 88' lang='lat' dir='ltr'><strong>et</strong></span> <span class='ocrx_word' id='word_1_95' title='bbox 1211 1437 1367 1493; x_wconf 91' lang='lat' dir='ltr'><strong>malis</strong></span> <span class='ocrx_word' id='word_1_96' title='bbox 1406 1439 1584 1492; x_wconf 87' lang='lat' dir='ltr'><strong>omnia</strong></span> <span class='ocrx_word' id='word_1_97' title='bbox 1627 1438 1766 1494; x_wconf 86' lang='lat' dir='ltr'><strong>bene</strong></span> <span class='ocrx_word' id='word_1_98' title='bbox 1809 1453 1872 1494; x_wconf 92' lang='lat' dir='ltr'><strong>ac</strong></span> 
     </span>
    </p>
   </div>
   <div class='ocr_carea' id='block_1_13' title="bbox 297 1529 1870 1602">
    <p class='ocr_par' dir='ltr' id='par_1_13' title="bbox 297 1529 1870 1602">
     <span class='ocr_line' id='line_1_13' title="bbox 297 1529 1870 1602; baseline 0 -16"><span class='ocrx_word' id='word_1_99' title='bbox 297 1542 440 1587; x_wconf 87' lang='lat' dir='ltr'><strong>recte</strong></span> <span class='ocrx_word' id='word_1_100' title='bbox 462 1531 604 1586; x_wconf 85' lang='lat' dir='ltr'><strong>facit.</strong></span> <span class='ocrx_word' id='word_1_101' title='bbox 627 1533 834 1598; x_wconf 83' lang='lat' dir='ltr'><strong>Quanto</strong></span> <span class='ocrx_word' id='word_1_102' title='bbox 857 1531 1060 1586; x_wconf 77' lang='lat' dir='ltr'><strong>{acilius</strong></span> <span class='ocrx_word' id='word_1_103' title='bbox 1085 1529 1414 1601; x_wconf 77' lang='lat' dir='ltr'><strong>intelligitur,</strong></span> <span class='ocrx_word' id='word_1_104' title='bbox 1438 1532 1742 1602; x_wconf 91' lang='lat' dir='ltr'><strong>parentibus</strong></span> <span class='ocrx_word' id='word_1_105' title='bbox 1766 1546 1870 1586; x_wconf 91' lang='lat' dir='ltr'><strong>non</strong></span> 
     </span>
    </p>
   </div>
   <div class='ocr_carea' id='block_1_14' title="bbox 296 1623 1873 1698">
    <p class='ocr_par' dir='ltr' id='par_1_14' title="bbox 296 1623 1873 1698">
     <span class='ocr_line' id='line_1_14' title="bbox 296 1623 1873 1698; baseline 0.001 -21"><span class='ocrx_word' id='word_1_106' title='bbox 296 1639 416 1679; x_wconf 86' lang='lat' dir='ltr'><strong>esse</strong></span> <span class='ocrx_word' id='word_1_107' title='bbox 443 1623 775 1678; x_wconf 91' lang='lat' dir='ltr'><strong>tribuendum</strong></span> <span class='ocrx_word' id='word_1_108' title='bbox 798 1664 811 1687; x_wconf 93' lang='lat'><strong>,</strong></span> <span class='ocrx_word' id='word_1_109' title='bbox 839 1623 939 1676; x_wconf 90' lang='lat' dir='ltr'><strong>nisi</strong></span> <span class='ocrx_word' id='word_1_110' title='bbox 969 1623 1110 1698; x_wconf 86' lang='lat' dir='ltr'><strong>quod</strong></span> <span class='ocrx_word' id='word_1_111' title='bbox 1142 1623 1277 1677; x_wconf 91' lang='lat' dir='ltr'><strong>ﬁlios</strong></span> <span class='ocrx_word' id='word_1_112' title='bbox 1318 1624 1502 1678; x_wconf 82' lang='lat' dir='ltr'><strong>volunt</strong></span> <span class='ocrx_word' id='word_1_113' title='bbox 1527 1665 1540 1689; x_wconf 92' lang='lat'><strong>,</strong></span> <span class='ocrx_word' id='word_1_114' title='bbox 1571 1624 1662 1696; x_wconf 89' lang='lat' dir='ltr'><strong>qui</strong></span> <span class='ocrx_word' id='word_1_115' title='bbox 1691 1623 1873 1695; x_wconf 85' lang='lat' dir='ltr'><strong>procul</strong></span> 
     </span>
    </p>
   </div>
   <div class='ocr_carea' id='block_1_15' title="bbox 295 1710 1386 1782">
    <p class='ocr_par' dir='ltr' id='par_1_15' title="bbox 295 1710 1386 1782">
     <span class='ocr_line' id='line_1_15' title="bbox 295 1710 1386 1782; baseline 0.002 -16"><span class='ocrx_word' id='word_1_116' title='bbox 295 1713 458 1766; x_wconf 87' lang='lat' dir='ltr'><strong>dubio</strong></span> <span class='ocrx_word' id='word_1_117' title='bbox 487 1727 602 1782; x_wconf 71' lang='lat' dir='ltr'><strong>qua)</strong></span> <span class='ocrx_word' id='word_1_118' title='bbox 629 1713 730 1766; x_wconf 89' lang='lat' dir='ltr'><strong>illis</strong></span> <span class='ocrx_word' id='word_1_119' title='bbox 755 1710 928 1767; x_wconf 91' lang='lat' dir='ltr'><strong>futura</strong></span> <span class='ocrx_word' id='word_1_120' title='bbox 954 1715 1386 1770; x_wconf 78' lang='lat' dir='ltr'><strong>sunt&#39;uesciunt?</strong></span> 
     </span>
    </p>
   </div>
   <div class='ocr_carea' id='block_1_16' title="bbox 369 1802 1873 1872">
    <p class='ocr_par' dir='ltr' id='par_1_16' title="bbox 369 1802 1873 1872">
     <span class='ocr_line' id='line_1_16' title="bbox 369 1802 1873 1872; baseline 0.005 -17"><span class='ocrx_word' id='word_1_121' title='bbox 369 1802 592 1857; x_wconf 67' lang='lat' dir='ltr'><strong>CAPUT</strong></span> <span class='ocrx_word' id='word_1_122' title='bbox 628 1802 717 1860; x_wconf 78' lang='lat' dir='ltr'><strong>XI.</strong></span> <span class='ocrx_word' id='word_1_123' title='bbox 749 1804 922 1857; x_wconf 54' lang='lat'><strong>~44.</strong></span> <span class='ocrx_word' id='word_1_124' title='bbox 950 1804 1100 1872; x_wconf 89' lang='lat' dir='ltr'><strong>Quod</strong></span> <span class='ocrx_word' id='word_1_125' title='bbox 1141 1815 1315 1861; x_wconf 90' lang='lat' dir='ltr'><strong>autem</strong></span> <span class='ocrx_word' id='word_1_126' title='bbox 1355 1809 1780 1863; x_wconf 90' lang='lat' dir='ltr'><strong>commemorasti</strong></span> <span class='ocrx_word' id='word_1_127' title='bbox 1809 1825 1873 1862; x_wconf 76' lang='lat' dir='ltr'><strong>ex</strong></span> 
     </span>
    </p>
   </div>
   <div class='ocr_carea' id='block_1_17' title="bbox 301 1893 1872 1966">
    <p class='ocr_par' dir='ltr' id='par_1_17' title="bbox 301 1893 1872 1966">
     <span class='ocr_line' id='line_1_17' title="bbox 301 1893 1872 1966; baseline 0.003 -19"><span class='ocrx_word' id='word_1_128' title='bbox 301 1893 584 1964; x_wconf 79' lang='lat' dir='ltr'><strong>Evangelio</strong></span> <span class='ocrx_word' id='word_1_129' title='bbox 603 1936 616 1958; x_wconf 93' lang='lat'><strong>,</strong></span> <span class='ocrx_word' id='word_1_130' title='bbox 659 1893 842 1950; x_wconf 73' lang='lat' dir='ltr'><strong>Melius</strong></span> <span class='ocrx_word' id='word_1_131' title='bbox 868 1905 973 1949; x_wconf 86' lang='lat' dir='ltr'><strong>erat</strong></span> <span class='ocrx_word' id='word_1_132' title='bbox 1001 1897 1192 1951; x_wconf 81' lang='lat' dir='ltr'><strong>homini</strong></span> <span class='ocrx_word' id='word_1_133' title='bbox 1220 1898 1298 1952; x_wconf 88' lang='lat' dir='ltr'><strong>illi</strong></span> <span class='ocrx_word' id='word_1_134' title='bbox 1335 1916 1436 1953; x_wconf 80' lang='lat' dir='ltr'><strong>non</strong></span> <span class='ocrx_word' id='word_1_135' title='bbox 1466 1901 1606 1954; x_wconf 78' lang='lat' dir='ltr'><strong>nasci</strong></span> <span class='ocrx_word' id='word_1_136' title='bbox 1643 1901 1662 1966; x_wconf 93' lang='lat'><strong>(</strong></span> <span class='ocrx_word' id='word_1_137' title='bbox 1687 1901 1872 1955; x_wconf 79' lang='lat' dir='ltr'><strong>Matth.</strong></span> 
     </span>
    </p>
   </div>
   <div class='ocr_carea' id='block_1_18' title="bbox 301 1985 1875 2062">
    <p class='ocr_par' dir='ltr' id='par_1_18' title="bbox 301 1985 1875 2062">
     <span class='ocr_line' id='line_1_18' title="bbox 301 1985 1875 2062; baseline 0.005 -22"><span class='ocrx_word' id='word_1_138' title='bbox 301 2001 444 2054; x_wconf 80' lang='lat' dir='ltr'><strong>xm,</strong></span> <span class='ocrx_word' id='word_1_139' title='bbox 487 1985 612 2060; x_wconf 60' lang='lat'><strong>‘25);</strong></span> <span class='ocrx_word' id='word_1_140' title='bbox 643 2003 816 2042; x_wconf 87' lang='lat' dir='ltr'><strong>nonne</strong></span> <span class='ocrx_word' id='word_1_141' title='bbox 843 1997 902 2042; x_wconf 93' lang='lat' dir='ltr'><strong>ut</strong></span> <span class='ocrx_word' id='word_1_142' title='bbox 931 1999 1235 2045; x_wconf 87' lang='lat' dir='ltr'><strong>nasceretur</strong></span> <span class='ocrx_word' id='word_1_143' title='bbox 1259 1991 1377 2062; x_wconf 89' lang='lat' dir='ltr'><strong>plus</strong></span> <span class='ocrx_word' id='word_1_144' title='bbox 1401 2007 1562 2062; x_wconf 91' lang='lat' dir='ltr'><strong>opere</strong></span> <span class='ocrx_word' id='word_1_145' title='bbox 1588 1993 1680 2048; x_wconf 90' lang='lat' dir='ltr'><strong>Dei</strong></span> <span class='ocrx_word' id='word_1_146' title='bbox 1700 2003 1875 2048; x_wconf 90' lang='lat' dir='ltr'><strong>aetum</strong></span> 
     </span>
    </p>
   </div>
   <div class='ocr_carea' id='block_1_19' title="bbox 299 2081 1878 2156">
    <p class='ocr_par' dir='ltr' id='par_1_19' title="bbox 299 2081 1878 2156">
     <span class='ocr_line' id='line_1_19' title="bbox 299 2081 1878 2156; baseline 0.007 -26"><span class='ocrx_word' id='word_1_147' title='bbox 299 2084 382 2132; x_wconf 86' lang='lat' dir='ltr'><strong>est</strong></span> <span class='ocrx_word' id='word_1_148' title='bbox 400 2119 415 2144; x_wconf 92' lang='lat'><strong>,</strong></span> <span class='ocrx_word' id='word_1_149' title='bbox 441 2093 595 2147; x_wconf 91' lang='lat' dir='ltr'><strong>quam</strong></span> <span class='ocrx_word' id='word_1_150' title='bbox 622 2081 938 2148; x_wconf 87' lang='lat' dir='ltr'><strong>parentum?</strong></span> <span class='ocrx_word' id='word_1_151' title='bbox 959 2081 1063 2136; x_wconf 93' lang='lat' dir='ltr'><strong>Cur</strong></span> <span class='ocrx_word' id='word_1_152' title='bbox 1092 2098 1198 2136; x_wconf 92' lang='lat' dir='ltr'><strong>non</strong></span> <span class='ocrx_word' id='word_1_153' title='bbox 1230 2083 1341 2153; x_wconf 87' lang='lat' dir='ltr'><strong>ipse</strong></span> <span class='ocrx_word' id='word_1_154' title='bbox 1370 2084 1582 2155; x_wconf 83' lang='lat' dir='ltr'><strong>imagini</strong></span> <span class='ocrx_word' id='word_1_155' title='bbox 1609 2101 1717 2140; x_wconf 66' lang='lat' dir='ltr'><strong>suae</strong></span> <span class='ocrx_word' id='word_1_156' title='bbox 1743 2101 1878 2156; x_wconf 75' lang='lat' dir='ltr'><strong>prte-</strong></span> 
     </span>
    </p>
   </div>
   <div class='ocr_carea' id='block_1_20' title="bbox 303 2169 1876 2247">
    <p class='ocr_par' dir='ltr' id='par_1_20' title="bbox 303 2169 1876 2247">
     <span class='ocr_line' id='line_1_20' title="bbox 303 2169 1876 2247; baseline 0.008 -25"><span class='ocrx_word' id='word_1_157' title='bbox 303 2170 434 2223; x_wconf 81' lang='lat' dir='ltr'><strong>stitit</strong></span> <span class='ocrx_word' id='word_1_158' title='bbox 476 2169 613 2240; x_wconf 90' lang='lat' dir='ltr'><strong>quod</strong></span> <span class='ocrx_word' id='word_1_159' title='bbox 646 2172 831 2226; x_wconf 92' lang='lat' dir='ltr'><strong>melius</strong></span> <span class='ocrx_word' id='word_1_160' title='bbox 857 2181 971 2227; x_wconf 91' lang='lat' dir='ltr'><strong>erat</strong></span> <span class='ocrx_word' id='word_1_161' title='bbox 993 2215 1008 2240; x_wconf 96' lang='lat'><strong>,</strong></span> <span class='ocrx_word' id='word_1_162' title='bbox 1040 2175 1128 2245; x_wconf 88' lang='lat' dir='ltr'><strong>qui</strong></span> <span class='ocrx_word' id='word_1_163' title='bbox 1161 2176 1356 2230; x_wconf 91' lang='lat' dir='ltr'><strong>malum</strong></span> <span class='ocrx_word' id='word_1_164' title='bbox 1386 2177 1527 2247; x_wconf 90' lang='lat' dir='ltr'><strong>quod</strong></span> <span class='ocrx_word' id='word_1_165' title='bbox 1564 2177 1612 2233; x_wconf 91' lang='lat' dir='ltr'><strong>ei</strong></span> <span class='ocrx_word' id='word_1_166' title='bbox 1643 2176 1876 2234; x_wconf 90' lang='lat' dir='ltr'><strong>futurum</strong></span> 
     </span>
    </p>
   </div>
   <div class='ocr_carea' id='block_1_21' title="bbox 305 2258 1878 2339">
    <p class='ocr_par' dir='ltr' id='par_1_21' title="bbox 305 2258 1878 2339">
     <span class='ocr_line' id='line_1_21' title="bbox 305 2258 1878 2339; baseline 0.006 -28"><span class='ocrx_word' id='word_1_167' title='bbox 305 2258 471 2314; x_wconf 76' lang='lat' dir='ltr'><strong>fuerat</strong></span> <span class='ocrx_word' id='word_1_168' title='bbox 499 2261 830 2329; x_wconf 73' lang='lat' dir='ltr'><strong>prmscicbat,</strong></span> <span class='ocrx_word' id='word_1_169' title='bbox 858 2263 995 2331; x_wconf 86' lang='lat' dir='ltr'><strong>quod</strong></span> <span class='ocrx_word' id='word_1_170' title='bbox 1019 2272 1264 2333; x_wconf 88' lang='lat' dir='ltr'><strong>parentes</strong></span> <span class='ocrx_word' id='word_1_171' title='bbox 1290 2281 1448 2321; x_wconf 89' lang='lat' dir='ltr'><strong>nosse</strong></span> <span class='ocrx_word' id='word_1_172' title='bbox 1488 2283 1593 2322; x_wconf 91' lang='lat' dir='ltr'><strong>non</strong></span> <span class='ocrx_word' id='word_1_173' title='bbox 1621 2268 1878 2339; x_wconf 75' lang='lat' dir='ltr'><strong>possunt?</strong></span> 
     </span>
    </p>
   </div>
   <div class='ocr_carea' id='block_1_22' title="bbox 306 2349 1881 2426">
    <p class='ocr_par' dir='ltr' id='par_1_22' title="bbox 306 2349 1881 2426">
     <span class='ocr_line' id='line_1_22' title="bbox 306 2349 1881 2426; baseline 0.009 -26"><span class='ocrx_word' id='word_1_174' title='bbox 306 2349 367 2401; x_wconf 79' lang='lat' dir='ltr'><strong>Et</strong></span> <span class='ocrx_word' id='word_1_175' title='bbox 400 2358 572 2404; x_wconf 90' lang='lat' dir='ltr'><strong>tamen</strong></span> <span class='ocrx_word' id='word_1_176' title='bbox 598 2351 664 2405; x_wconf 92' lang='lat' dir='ltr'><strong>ab</strong></span> <span class='ocrx_word' id='word_1_177' title='bbox 690 2351 768 2406; x_wconf 93' lang='lat' dir='ltr'><strong>eis</strong></span> <span class='ocrx_word' id='word_1_178' title='bbox 795 2353 881 2422; x_wconf 95' lang='lat' dir='ltr'><strong>qui</strong></span> <span class='ocrx_word' id='word_1_179' title='bbox 921 2362 1066 2409; x_wconf 84' lang='lat' dir='ltr'><strong>recte</strong></span> <span class='ocrx_word' id='word_1_180' title='bbox 1108 2353 1441 2426; x_wconf 86' lang='lat' dir='ltr'><strong>intelligunt,</strong></span> <span class='ocrx_word' id='word_1_181' title='bbox 1483 2373 1588 2412; x_wconf 91' lang='lat' dir='ltr'><strong>non</strong></span> <span class='ocrx_word' id='word_1_182' title='bbox 1635 2359 1881 2414; x_wconf 89' lang='lat' dir='ltr'><strong>tribuitur</strong></span> 
     </span>
    </p>
   </div>
   <div class='ocr_carea' id='block_1_23' title="bbox 307 2440 1878 2514">
    <p class='ocr_par' dir='ltr' id='par_1_23' title="bbox 307 2440 1878 2514">
     <span class='ocr_line' id='line_1_23' title="bbox 307 2440 1878 2514; baseline 0.006 -21"><span class='ocrx_word' id='word_1_183' title='bbox 307 2440 434 2506; x_wconf 87' lang='lat' dir='ltr'><strong>Deo,</strong></span> <span class='ocrx_word' id='word_1_184' title='bbox 466 2440 563 2494; x_wconf 81' lang='lat' dir='ltr'><strong>nisi</strong></span> <span class='ocrx_word' id='word_1_185' title='bbox 592 2441 729 2511; x_wconf 90' lang='lat' dir='ltr'><strong>quod</strong></span> <span class='ocrx_word' id='word_1_186' title='bbox 759 2443 1064 2514; x_wconf 80' lang='lat' dir='ltr'><strong>benignitati</strong></span> <span class='ocrx_word' id='word_1_187' title='bbox 1107 2444 1441 2502; x_wconf 88' lang='lat' dir='ltr'><strong>tribuendum</strong></span> <span class='ocrx_word' id='word_1_188' title='bbox 1481 2456 1564 2503; x_wconf 91' lang='lat' dir='ltr'><strong>est</strong></span> <span class='ocrx_word' id='word_1_189' title='bbox 1591 2447 1878 2504; x_wconf 78' lang='lat' dir='ltr'><strong>Creatoris.</strong></span> 
     </span>
    </p>
   </div>
   <div class='ocr_carea' id='block_1_24' title="bbox 306 2532 1883 2614">
    <p class='ocr_par' dir='ltr' id='par_1_24' title="bbox 306 2532 1883 2614">
     <span class='ocr_line' id='line_1_24' title="bbox 306 2532 1883 2614; baseline 0.007 -28"><span class='ocrx_word' id='word_1_190' title='bbox 306 2532 395 2587; x_wconf 90' lang='lat' dir='ltr'><strong>Sic</strong></span> <span class='ocrx_word' id='word_1_191' title='bbox 419 2541 472 2586; x_wconf 91' lang='lat' dir='ltr'><strong>et</strong></span> <span class='ocrx_word' id='word_1_192' title='bbox 499 2533 800 2601; x_wconf 88' lang='lat' dir='ltr'><strong>parentibus</strong></span> <span class='ocrx_word' id='word_1_193' title='bbox 831 2535 945 2590; x_wconf 90' lang='lat' dir='ltr'><strong>sine</strong></span> <span class='ocrx_word' id='word_1_194' title='bbox 984 2535 1124 2590; x_wconf 92' lang='lat' dir='ltr'><strong>nodo</strong></span> <span class='ocrx_word' id='word_1_195' title='bbox 1158 2537 1390 2614; x_wconf 86' lang='lat' dir='ltr'><strong>difﬁcilis</strong></span> <span class='ocrx_word' id='word_1_196' title='bbox 1429 2540 1736 2610; x_wconf 74' lang='lat' dir='ltr'><strong>qurestionis</strong></span> <span class='ocrx_word' id='word_1_197' title='bbox 1779 2540 1883 2597; x_wconf 88' lang='lat' dir='ltr'><strong>hoc</strong></span> 
     </span>
    </p>
   </div>
   <div class='ocr_carea' id='block_1_25' title="bbox 307 2623 1882 2700">
    <p class='ocr_par' dir='ltr' id='par_1_25' title="bbox 307 2623 1882 2700">
     <span class='ocr_line' id='line_1_25' title="bbox 307 2623 1882 2700; baseline 0.005 -22"><span class='ocrx_word' id='word_1_198' title='bbox 307 2623 574 2688; x_wconf 85' lang='lat' dir='ltr'><strong>tribuitur,</strong></span> <span class='ocrx_word' id='word_1_199' title='bbox 615 2625 752 2694; x_wconf 87' lang='lat' dir='ltr'><strong>quod</strong></span> <span class='ocrx_word' id='word_1_200' title='bbox 791 2626 925 2680; x_wconf 88' lang='lat' dir='ltr'><strong>ﬁlios</strong></span> <span class='ocrx_word' id='word_1_201' title='bbox 953 2628 1293 2694; x_wconf 76' lang='lat' dir='ltr'><strong>voluerunt&#39;,</strong></span> <span class='ocrx_word' id='word_1_202' title='bbox 1327 2645 1551 2700; x_wconf 89' lang='lat' dir='ltr'><strong>quorum</strong></span> <span class='ocrx_word' id='word_1_203' title='bbox 1585 2630 1756 2686; x_wconf 91' lang='lat' dir='ltr'><strong>futura</strong></span> <span class='ocrx_word' id='word_1_204' title='bbox 1783 2647 1882 2686; x_wconf 89' lang='lat' dir='ltr'><strong>ne-</strong></span> 
     </span>
    </p>
   </div>
   <div class='ocr_carea' id='block_1_26' title="bbox 307 2715 1883 2790">
    <p class='ocr_par' dir='ltr' id='par_1_26' title="bbox 307 2715 1883 2790">
     <span class='ocr_line' id='line_1_26' title="bbox 307 2715 1883 2790; baseline 0.007 -23"><span class='ocrx_word' id='word_1_205' title='bbox 307 2715 592 2769; x_wconf 84' lang='lat' dir='ltr'><strong>sciverunt.</strong></span> <span class='ocrx_word' id='word_1_206' title='bbox 618 2715 729 2786; x_wconf 82' lang='lat' dir='ltr'><strong>Ego</strong></span> <span class='ocrx_word' id='word_1_207' title='bbox 756 2725 930 2772; x_wconf 86' lang='lat' dir='ltr'><strong>autem</strong></span> <span class='ocrx_word' id='word_1_208' title='bbox 968 2733 1076 2774; x_wconf 88' lang='lat' dir='ltr'><strong>non</strong></span> <span class='ocrx_word' id='word_1_209' title='bbox 1115 2719 1234 2774; x_wconf 90' lang='lat' dir='ltr'><strong>dico</strong></span> <span class='ocrx_word' id='word_1_210' title='bbox 1260 2723 1508 2790; x_wconf 89' lang='lat' dir='ltr'><strong>parvulos</strong></span> <span class='ocrx_word' id='word_1_211' title='bbox 1536 2721 1652 2778; x_wconf 91' lang='lat' dir='ltr'><strong>sine</strong></span> <span class='ocrx_word' id='word_1_212' title='bbox 1685 2723 1883 2781; x_wconf 77' lang='lat' dir='ltr'><strong>Christi</strong></span> 
     </span>
    </p>
   </div>
   <div class='ocr_carea' id='block_1_27' title="bbox 307 2804 1886 2883">
    <p class='ocr_par' dir='ltr' id='par_1_27' title="bbox 307 2804 1886 2883">
     <span class='ocr_line' id='line_1_27' title="bbox 307 2804 1886 2883; baseline 0.008 -25"><span class='ocrx_word' id='word_1_213' title='bbox 307 2804 628 2874; x_wconf 80' lang='lat' dir='ltr'><strong>Baptismate</strong></span> <span class='ocrx_word' id='word_1_214' title='bbox 655 2806 944 2862; x_wconf 90' lang='lat' dir='ltr'><strong>morientes</strong></span> <span class='ocrx_word' id='word_1_215' title='bbox 972 2816 1112 2862; x_wconf 88' lang='lat' dir='ltr'><strong>tanta</strong></span> <span class='ocrx_word' id='word_1_216' title='bbox 1143 2824 1298 2880; x_wconf 60' lang='lat' dir='ltr'><strong>paena</strong></span> <span class='ocrx_word' id='word_1_217' title='bbox 1327 2825 1446 2867; x_wconf 91' lang='lat' dir='ltr'><strong>esse</strong></span> <span class='ocrx_word' id='word_1_218' title='bbox 1471 2811 1800 2883; x_wconf 85' lang='lat' dir='ltr'><strong>plectendos,</strong></span> <span class='ocrx_word' id='word_1_219' title='bbox 1827 2824 1886 2872; x_wconf 90' lang='lat' dir='ltr'><strong>ut</strong></span> 
     </span>
    </p>
   </div>
   <div class='ocr_carea' id='block_1_28' title="bbox 308 2895 1887 2968">
    <p class='ocr_par' dir='ltr' id='par_1_28' title="bbox 308 2895 1887 2968">
     <span class='ocr_line' id='line_1_28' title="bbox 308 2895 1887 2968; baseline 0.008 -20"><span class='ocrx_word' id='word_1_220' title='bbox 308 2895 387 2951; x_wconf 80' lang='lat' dir='ltr'><strong>eis</strong></span> <span class='ocrx_word' id='word_1_221' title='bbox 407 2912 511 2950; x_wconf 92' lang='lat' dir='ltr'><strong>non</strong></span> <span class='ocrx_word' id='word_1_222' title='bbox 539 2897 681 2950; x_wconf 88' lang='lat' dir='ltr'><strong>nasci</strong></span> <span class='ocrx_word' id='word_1_223' title='bbox 710 2898 883 2968; x_wconf 86' lang='lat' dir='ltr'><strong>potius</strong></span> <span class='ocrx_word' id='word_1_224' title='bbox 908 2899 1214 2968; x_wconf 80' lang='lat' dir='ltr'><strong>expediret;</strong></span> <span class='ocrx_word' id='word_1_225' title='bbox 1239 2916 1359 2956; x_wconf 93' lang='lat' dir='ltr'><strong>eum</strong></span> <span class='ocrx_word' id='word_1_226' title='bbox 1382 2902 1481 2958; x_wconf 90' lang='lat' dir='ltr'><strong>hoe</strong></span> <span class='ocrx_word' id='word_1_227' title='bbox 1505 2903 1758 2960; x_wconf 91' lang='lat' dir='ltr'><strong>Dominus</strong></span> <span class='ocrx_word' id='word_1_228' title='bbox 1779 2922 1887 2961; x_wconf 87' lang='lat' dir='ltr'><strong>non</strong></span> 
     </span>
    </p>
   </div>
   <div class='ocr_carea' id='block_1_29' title="bbox 309 2987 1888 3059">
    <p class='ocr_par' dir='ltr' id='par_1_29' title="bbox 309 2987 1888 3059">
     <span class='ocr_line' id='line_1_29' title="bbox 309 2987 1888 3059; baseline 0.008 -19"><span class='ocrx_word' id='word_1_229' title='bbox 309 2987 377 3042; x_wconf 90' lang='lat' dir='ltr'><strong>de</strong></span> <span class='ocrx_word' id='word_1_230' title='bbox 405 2989 721 3057; x_wconf 84' lang='lat' dir='ltr'><strong>quibuslibet</strong></span> <span class='ocrx_word' id='word_1_231' title='bbox 759 2991 1156 3059; x_wconf 84' lang='lat' dir='ltr'><strong>peccatoribus,</strong></span> <span class='ocrx_word' id='word_1_232' title='bbox 1189 2991 1283 3047; x_wconf 92' lang='lat' dir='ltr'><strong>sed</strong></span> <span class='ocrx_word' id='word_1_233' title='bbox 1313 2993 1380 3049; x_wconf 91' lang='lat' dir='ltr'><strong>de</strong></span> <span class='ocrx_word' id='word_1_234' title='bbox 1406 2995 1796 3052; x_wconf 86' lang='lat' dir='ltr'><strong>scelestissimis</strong></span> <span class='ocrx_word' id='word_1_235' title='bbox 1832 3005 1888 3052; x_wconf 91' lang='lat' dir='ltr'><strong>et</strong></span> 
     </span>
    </p>
   </div>
   <div class='ocr_carea' id='block_1_30' title="bbox 311 3079 1888 3155">
    <p class='ocr_par' dir='ltr' id='par_1_30' title="bbox 311 3079 1888 3155">
     <span class='ocr_line' id='line_1_30' title="bbox 311 3079 1888 3155; baseline 0.008 -23"><span class='ocrx_word' id='word_1_236' title='bbox 311 3079 634 3149; x_wconf 90' lang='lat' dir='ltr'><strong>impiissimis</strong></span> <span class='ocrx_word' id='word_1_237' title='bbox 657 3079 867 3134; x_wconf 73' lang='lat' dir='ltr'><strong>dixerit.</strong></span> <span class='ocrx_word' id='word_1_238' title='bbox 897 3081 950 3136; x_wconf 92' lang='lat' dir='ltr'><strong>Si</strong></span> <span class='ocrx_word' id='word_1_239' title='bbox 983 3082 1122 3137; x_wconf 90' lang='lat' dir='ltr'><strong>enim</strong></span> <span class='ocrx_word' id='word_1_240' title='bbox 1153 3083 1292 3154; x_wconf 88' lang='lat' dir='ltr'><strong>quod</strong></span> <span class='ocrx_word' id='word_1_241' title='bbox 1323 3083 1388 3140; x_wconf 87' lang='lat' dir='ltr'><strong>de</strong></span> <span class='ocrx_word' id='word_1_242' title='bbox 1417 3085 1664 3143; x_wconf 83' lang='lat' dir='ltr'><strong>SodOmis</strong></span> <span class='ocrx_word' id='word_1_243' title='bbox 1691 3086 1798 3155; x_wconf 86' lang='lat' dir='ltr'><strong>ait,</strong></span> <span class='ocrx_word' id='word_1_244' title='bbox 1832 3095 1888 3144; x_wconf 87' lang='lat' dir='ltr'><strong>et</strong></span> 
     </span>
    </p>
   </div>
   <div class='ocr_carea' id='block_1_31' title="bbox 311 3171 1890 3244">
    <p class='ocr_par' dir='ltr' id='par_1_31' title="bbox 311 3171 1890 3244">
     <span class='ocr_line' id='line_1_31' title="bbox 311 3171 1890 3244; baseline 0.01 -22"><span class='ocrx_word' id='word_1_245' title='bbox 311 3172 492 3240; x_wconf 81' lang='lat' dir='ltr'><strong>utique</strong></span> <span class='ocrx_word' id='word_1_246' title='bbox 517 3186 619 3224; x_wconf 89' lang='lat' dir='ltr'><strong>non</strong></span> <span class='ocrx_word' id='word_1_247' title='bbox 647 3171 713 3225; x_wconf 90' lang='lat' dir='ltr'><strong>de</strong></span> <span class='ocrx_word' id='word_1_248' title='bbox 737 3172 867 3227; x_wconf 90' lang='lat' dir='ltr'><strong>solis</strong></span> <span class='ocrx_word' id='word_1_249' title='bbox 893 3173 1110 3244; x_wconf 85' lang='lat' dir='ltr'><strong>intelligi</strong></span> <span class='ocrx_word' id='word_1_250' title='bbox 1139 3176 1322 3241; x_wconf 90' lang='lat' dir='ltr'><strong>voluit,</strong></span> <span class='ocrx_word' id='word_1_251' title='bbox 1352 3179 1486 3232; x_wconf 91' lang='lat' dir='ltr'><strong>alius</strong></span> <span class='ocrx_word' id='word_1_252' title='bbox 1510 3179 1613 3234; x_wconf 92' lang='lat' dir='ltr'><strong>alio</strong></span> <span class='ocrx_word' id='word_1_253' title='bbox 1639 3182 1890 3239; x_wconf 85' lang='lat' dir='ltr'><strong>tolerabi-</strong></span> 
     </span>
    </p>
   </div>
   <div class='ocr_carea' id='block_1_32' title="bbox 311 3260 1887 3342">
    <p class='ocr_par' dir='ltr' id='par_1_32' title="bbox 311 3260 1887 3342">
     <span class='ocr_line' id='line_1_32' title="bbox 311 3260 1887 3342; baseline 0.009 -29"><span class='ocrx_word' id='word_1_254' title='bbox 311 3260 413 3314; x_wconf 88' lang='lat' dir='ltr'><strong>lius</strong></span> <span class='ocrx_word' id='word_1_255' title='bbox 434 3260 486 3314; x_wconf 92' lang='lat' dir='ltr'><strong>in</strong></span> <span class='ocrx_word' id='word_1_256' title='bbox 515 3260 802 3330; x_wconf 90' lang='lat' dir='ltr'><strong>diejudicii</strong></span> <span class='ocrx_word' id='word_1_257' title='bbox 831 3264 1077 3332; x_wconf 89' lang='lat' dir='ltr'><strong>punietur</strong></span> <span class='ocrx_word' id='word_1_258' title='bbox 1107 3262 1218 3339; x_wconf 81' lang='lat' dir='ltr'><strong>(Id.</strong></span> <span class='ocrx_word' id='word_1_259' title='bbox 1242 3281 1297 3334; x_wconf 73' lang='grc' dir='ltr'><strong>ι,</strong></span> <span class='ocrx_word' id='word_1_260' title='bbox 1331 3267 1414 3334; x_wconf 74' lang='lat'><strong>15,</strong></span> <span class='ocrx_word' id='word_1_261' title='bbox 1432 3276 1478 3322; x_wconf 88' lang='lat' dir='ltr'><strong>et</strong></span> <span class='ocrx_word' id='word_1_262' title='bbox 1501 3285 1572 3336; x_wconf 74' lang='lat' dir='ltr'><strong>xi,</strong></span> <span class='ocrx_word' id='word_1_263' title='bbox 1608 3269 1735 3341; x_wconf 64' lang='lat' dir='ltr'><strong>tu);</strong></span> <span class='ocrx_word' id='word_1_264' title='bbox 1769 3272 1887 3342; x_wconf 87' lang='lat' dir='ltr'><strong>quis</strong></span> 
     </span>
    </p>
   </div>
   <div class='ocr_carea' id='block_1_33' title="bbox 311 3350 1886 3430">
    <p class='ocr_par' dir='ltr' id='par_1_33' title="bbox 311 3350 1886 3430">
     <span class='ocr_line' id='line_1_33' title="bbox 311 3350 1886 3430; baseline 0.009 -26"><span class='ocrx_word' id='word_1_265' title='bbox 311 3350 630 3406; x_wconf 75' lang='lat' dir='ltr'><strong>dubitaverit</strong></span> <span class='ocrx_word' id='word_1_266' title='bbox 651 3353 898 3422; x_wconf 84' lang='lat' dir='ltr'><strong>parvulos</strong></span> <span class='ocrx_word' id='word_1_267' title='bbox 917 3371 1020 3409; x_wconf 90' lang='lat' dir='ltr'><strong>non</strong></span> <span class='ocrx_word' id='word_1_268' title='bbox 1046 3356 1358 3427; x_wconf 84' lang='lat' dir='ltr'><strong>baptizatos,</strong></span> <span class='ocrx_word' id='word_1_269' title='bbox 1383 3359 1472 3430; x_wconf 90' lang='lat' dir='ltr'><strong>qui</strong></span> <span class='ocrx_word' id='word_1_270' title='bbox 1493 3360 1665 3415; x_wconf 92' lang='lat' dir='ltr'><strong>solum</strong></span> <span class='ocrx_word' id='word_1_271' title='bbox 1691 3362 1886 3420; x_wconf 85' lang='lat' dir='ltr'><strong>habent</strong></span> 
     </span>
    </p>
   </div>
   <div class='ocr_carea' id='block_1_34' title="bbox 312 3443 1886 3522">
    <p class='ocr_par' dir='ltr' id='par_1_34' title="bbox 312 3443 1886 3522">
     <span class='ocr_line' id='line_1_34' title="bbox 312 3443 1886 3522; baseline 0.009 -26"><span class='ocrx_word' id='word_1_272' title='bbox 312 3443 564 3512; x_wconf 72' lang='lat' dir='ltr'><strong>originale</strong></span> <span class='ocrx_word' id='word_1_273' title='bbox 587 3453 882 3512; x_wconf 89' lang='lat' dir='ltr'><strong>peccatum,</strong></span> <span class='ocrx_word' id='word_1_274' title='bbox 906 3461 1006 3503; x_wconf 91' lang='lat' dir='ltr'><strong>nec</strong></span> <span class='ocrx_word' id='word_1_275' title='bbox 1031 3447 1154 3502; x_wconf 90' lang='lat' dir='ltr'><strong>ullis</strong></span> <span class='ocrx_word' id='word_1_276' title='bbox 1174 3450 1402 3519; x_wconf 90' lang='lat' dir='ltr'><strong>pr0priis</strong></span> <span class='ocrx_word' id='word_1_277' title='bbox 1429 3463 1802 3522; x_wconf 89' lang='lat' dir='ltr'><strong>aggravantur,</strong></span> <span class='ocrx_word' id='word_1_278' title='bbox 1835 3454 1886 3510; x_wconf 94' lang='lat' dir='ltr'><strong>in</strong></span> 
     </span>
    </p>
   </div>
   <div class='ocr_carea' id='block_1_35' title="bbox 313 3533 1891 3614">
    <p class='ocr_par' dir='ltr' id='par_1_35' title="bbox 313 3533 1891 3614">
     <span class='ocr_line' id='line_1_35' title="bbox 313 3533 1891 3614; baseline 0.01 -29"><span class='ocrx_word' id='word_1_279' title='bbox 313 3533 650 3588; x_wconf 88' lang='lat' dir='ltr'><strong>damnatione</strong></span> <span class='ocrx_word' id='word_1_280' title='bbox 675 3537 910 3590; x_wconf 91' lang='lat' dir='ltr'><strong>omnium</strong></span> <span class='ocrx_word' id='word_1_281' title='bbox 935 3537 1197 3593; x_wconf 90' lang='lat' dir='ltr'><strong>levissima</strong></span> <span class='ocrx_word' id='word_1_282' title='bbox 1225 3539 1466 3596; x_wconf 76' lang='lat' dir='ltr'><strong>futuros?</strong></span> <span class='ocrx_word' id='word_1_283' title='bbox 1493 3543 1619 3608; x_wconf 71' lang='lat' dir='ltr'><strong>Qua:</strong></span> <span class='ocrx_word' id='word_1_284' title='bbox 1641 3545 1811 3614; x_wconf 91' lang='lat' dir='ltr'><strong>qualis</strong></span> <span class='ocrx_word' id='word_1_285' title='bbox 1837 3554 1891 3601; x_wconf 86' lang='lat' dir='ltr'><strong>et.</strong></span> 
     </span>
    </p>
   </div>
   <div class='ocr_carea' id='block_1_36' title="bbox 313 3625 1886 3703">
    <p class='ocr_par' dir='ltr' id='par_1_36' title="bbox 313 3625 1886 3703">
     <span class='ocr_line' id='line_1_36' title="bbox 313 3625 1886 3703; baseline 0.012 -28"><span class='ocrx_word' id='word_1_286' title='bbox 313 3636 505 3696; x_wconf 89' lang='lat' dir='ltr'><strong>quanta</strong></span> <span class='ocrx_word' id='word_1_287' title='bbox 530 3625 651 3692; x_wconf 91' lang='lat' dir='ltr'><strong>erit,</strong></span> <span class='ocrx_word' id='word_1_288' title='bbox 679 3630 921 3697; x_wconf 78' lang='lat' dir='ltr'><strong>quamvis</strong></span> <span class='ocrx_word' id='word_1_289' title='bbox 944 3629 1164 3685; x_wconf 89' lang='lat' dir='ltr'><strong>deﬁnire</strong></span> <span class='ocrx_word' id='word_1_290' title='bbox 1195 3648 1299 3686; x_wconf 89' lang='lat' dir='ltr'><strong>non</strong></span> <span class='ocrx_word' id='word_1_291' title='bbox 1328 3635 1548 3703; x_wconf 90' lang='lat' dir='ltr'><strong>possim,</strong></span> <span class='ocrx_word' id='word_1_292' title='bbox 1579 3652 1682 3691; x_wconf 92' lang='lat' dir='ltr'><strong>non</strong></span> <span class='ocrx_word' id='word_1_293' title='bbox 1709 3646 1886 3694; x_wconf 88' lang='lat' dir='ltr'><strong>tamen</strong></span> 
     </span>
    </p>
   </div>
   <div class='ocr_carea' id='block_1_37' title="bbox 314 3715 1891 3797">
    <p class='ocr_par' dir='ltr' id='par_1_37' title="bbox 314 3715 1891 3797">
     <span class='ocr_line' id='line_1_37' title="bbox 314 3715 1891 3797; baseline 0.013 -29"><span class='ocrx_word' id='word_1_294' title='bbox 314 3715 486 3770; x_wconf 89' lang='lat' dir='ltr'><strong>audeo</strong></span> <span class='ocrx_word' id='word_1_295' title='bbox 513 3716 690 3772; x_wconf 90' lang='lat' dir='ltr'><strong>dicere</strong></span> <span class='ocrx_word' id='word_1_296' title='bbox 719 3719 858 3788; x_wconf 82' lang='lat' dir='ltr'><strong>quod</strong></span> <span class='ocrx_word' id='word_1_297' title='bbox 884 3721 961 3775; x_wconf 92' lang='lat' dir='ltr'><strong>eis</strong></span> <span class='ocrx_word' id='word_1_298' title='bbox 990 3731 1046 3775; x_wconf 88' lang='lat' dir='ltr'><strong>ut</strong></span> <span class='ocrx_word' id='word_1_299' title='bbox 1077 3723 1204 3776; x_wconf 88' lang='lat' dir='ltr'><strong>ttulli</strong></span> <span class='ocrx_word' id='word_1_300' title='bbox 1233 3733 1413 3780; x_wconf 85' lang='lat' dir='ltr'><strong>essent</strong></span> <span class='ocrx_word' id='word_1_301' title='bbox 1442 3743 1598 3797; x_wconf 87' lang='lat' dir='ltr'><strong>quam</strong></span> <span class='ocrx_word' id='word_1_302' title='bbox 1626 3738 1680 3782; x_wconf 91' lang='lat' dir='ltr'><strong>ut</strong></span> <span class='ocrx_word' id='word_1_303' title='bbox 1711 3728 1781 3784; x_wconf 89' lang='lat' dir='ltr'><strong>ibi</strong></span> <span class='ocrx_word' id='word_1_304' title='bbox 1803 3746 1891 3788; x_wconf 85' lang='lat' dir='ltr'><strong>es-</strong></span> 
     </span>
    </p>
   </div>
   <div class='ocr_carea' id='block_1_38' title="bbox 314 3810 1891 3892">
    <p class='ocr_par' dir='ltr' id='par_1_38' title="bbox 314 3810 1891 3892">
     <span class='ocr_line' id='line_1_38' title="bbox 314 3810 1891 3892; baseline 0.011 -30"><span class='ocrx_word' id='word_1_305' title='bbox 314 3818 460 3873; x_wconf 84' lang='lat' dir='ltr'><strong>sent,</strong></span> <span class='ocrx_word' id='word_1_306' title='bbox 495 3810 670 3878; x_wconf 88' lang='lat' dir='ltr'><strong>potius</strong></span> <span class='ocrx_word' id='word_1_307' title='bbox 694 3811 986 3881; x_wconf 76' lang='lat' dir='ltr'><strong>expediret.</strong></span> <span class='ocrx_word' id='word_1_308' title='bbox 1027 3813 1223 3870; x_wconf 81' lang='lat' dir='ltr'><strong>Verum</strong></span> <span class='ocrx_word' id='word_1_309' title='bbox 1262 3831 1358 3872; x_wconf 89' lang='lat' dir='ltr'><strong>vos</strong></span> <span class='ocrx_word' id='word_1_310' title='bbox 1387 3833 1626 3892; x_wconf 90' lang='lat' dir='ltr'><strong>quoque,</strong></span> <span class='ocrx_word' id='word_1_311' title='bbox 1669 3822 1759 3891; x_wconf 92' lang='lat' dir='ltr'><strong>qui</strong></span> <span class='ocrx_word' id='word_1_312' title='bbox 1795 3838 1891 3879; x_wconf 87' lang='lat' dir='ltr'><strong>eos</strong></span> 
     </span>
    </p>
   </div>
   <div class='ocr_carea' id='block_1_39' title="bbox 314 3900 1888 3981">
    <p class='ocr_par' dir='ltr' id='par_1_39' title="bbox 314 3900 1888 3981">
     <span class='ocr_line' id='line_1_39' title="bbox 314 3900 1888 3981; baseline 0.011 -31"><span class='ocrx_word' id='word_1_313' title='bbox 314 3900 458 3953; x_wconf 87' lang='lat' dir='ltr'><strong>velut</strong></span> <span class='ocrx_word' id='word_1_314' title='bbox 489 3900 683 3956; x_wconf 88' lang='lat' dir='ltr'><strong>liberos</strong></span> <span class='ocrx_word' id='word_1_315' title='bbox 719 3901 790 3955; x_wconf 89' lang='lat' dir='ltr'><strong>ab</strong></span> <span class='ocrx_word' id='word_1_316' title='bbox 827 3904 971 3958; x_wconf 90' lang='lat' dir='ltr'><strong>omni</strong></span> <span class='ocrx_word' id='word_1_317' title='bbox 1002 3903 1341 3962; x_wconf 90' lang='lat' dir='ltr'><strong>damnatione</strong></span> <span class='ocrx_word' id='word_1_318' title='bbox 1382 3923 1500 3964; x_wconf 88' lang='lat' dir='ltr'><strong>esse</strong></span> <span class='ocrx_word' id='word_1_319' title='bbox 1535 3911 1888 3981; x_wconf 85' lang='lat' dir='ltr'><strong>contenditis,</strong></span> 
     </span>
    </p>
   </div>
   <div class='ocr_carea' id='block_1_40' title="bbox 313 3991 1889 4072">
    <p class='ocr_par' dir='ltr' id='par_1_40' title="bbox 313 3991 1889 4072">
     <span class='ocr_line' id='line_1_40' title="bbox 313 3991 1889 4072; baseline 0.011 -28"><span class='ocrx_word' id='word_1_320' title='bbox 313 3991 546 4060; x_wconf 87' lang='lat' dir='ltr'><strong>cogitare</strong></span> <span class='ocrx_word' id='word_1_321' title='bbox 566 4007 670 4047; x_wconf 91' lang='lat' dir='ltr'><strong>non</strong></span> <span class='ocrx_word' id='word_1_322' title='bbox 692 3994 848 4048; x_wconf 81' lang='lat' dir='ltr'><strong>vultis</strong></span> <span class='ocrx_word' id='word_1_323' title='bbox 863 4011 963 4066; x_wconf 90' lang='lat' dir='ltr'><strong>qua</strong></span> <span class='ocrx_word' id='word_1_324' title='bbox 987 3997 1104 4052; x_wconf 91' lang='lat' dir='ltr'><strong>illos</strong></span> <span class='ocrx_word' id='word_1_325' title='bbox 1126 3997 1461 4057; x_wconf 91' lang='lat' dir='ltr'><strong>damnatione</strong></span> <span class='ocrx_word' id='word_1_326' title='bbox 1487 4004 1734 4072; x_wconf 86' lang='lat' dir='ltr'><strong>puniatis,</strong></span> <span class='ocrx_word' id='word_1_327' title='bbox 1760 4005 1889 4062; x_wconf 58' lang='lat' dir='ltr'><strong>alie.</strong></span> 
     </span>
    </p>
   </div>
   <div class='ocr_carea' id='block_1_41' title="bbox 315 4082 1892 4168">
    <p class='ocr_par' dir='ltr' id='par_1_41' title="bbox 315 4082 1892 4168">
     <span class='ocr_line' id='line_1_41' title="bbox 315 4082 1892 4168; baseline 0.013 -33"><span class='ocrx_word' id='word_1_328' title='bbox 315 4082 492 4137; x_wconf 83' lang='lat' dir='ltr'><strong>nando</strong></span> <span class='ocrx_word' id='word_1_329' title='bbox 532 4097 562 4136; x_wconf 86' lang='lat' dir='ltr'><strong>a</strong></span> <span class='ocrx_word' id='word_1_330' title='bbox 607 4084 706 4138; x_wconf 85' lang='lat' dir='ltr'><strong>vita</strong></span> <span class='ocrx_word' id='word_1_331' title='bbox 751 4085 842 4140; x_wconf 87' lang='lat' dir='ltr'><strong>Dei</strong></span> <span class='ocrx_word' id='word_1_332' title='bbox 886 4096 939 4142; x_wconf 91' lang='lat' dir='ltr'><strong>et</strong></span> <span class='ocrx_word' id='word_1_333' title='bbox 980 4103 1010 4142; x_wconf 88' lang='lat' dir='ltr'><strong>a</strong></span> <span class='ocrx_word' id='word_1_334' title='bbox 1051 4104 1216 4161; x_wconf 88' lang='lat' dir='ltr'><strong>regno</strong></span> <span class='ocrx_word' id='word_1_335' title='bbox 1246 4091 1337 4150; x_wconf 83' lang='lat' dir='ltr'><strong>Dei</strong></span> <span class='ocrx_word' id='word_1_336' title='bbox 1365 4099 1445 4148; x_wconf 85' lang='lat' dir='ltr'><strong>tot</strong></span> <span class='ocrx_word' id='word_1_337' title='bbox 1480 4092 1735 4166; x_wconf 88' lang='lat' dir='ltr'><strong>imagines</strong></span> <span class='ocrx_word' id='word_1_338' title='bbox 1768 4097 1892 4168; x_wconf 86' lang='lat' dir='ltr'><strong>Dei,</strong></span> 
     </span>
    </p>
   </div>
   <div class='ocr_carea' id='block_1_42' title="bbox 317 4179 1897 4258">
    <p class='ocr_par' dir='ltr' id='par_1_42' title="bbox 317 4179 1897 4258">
     <span class='ocr_line' id='line_1_42' title="bbox 317 4179 1897 4258; baseline 0.016 -34"><span class='ocrx_word' id='word_1_339' title='bbox 317 4185 586 4243; x_wconf 85' lang='lat' dir='ltr'><strong>postremo</strong></span> <span class='ocrx_word' id='word_1_340' title='bbox 610 4179 906 4248; x_wconf 89' lang='lat' dir='ltr'><strong>separando</strong></span> <span class='ocrx_word' id='word_1_341' title='bbox 933 4195 961 4234; x_wconf 91' lang='lat' dir='ltr'><strong>a</strong></span> <span class='ocrx_word' id='word_1_342' title='bbox 990 4184 1298 4252; x_wconf 70' lang='lat' dir='ltr'><strong>parentibus</strong></span> <span class='ocrx_word' id='word_1_343' title='bbox 1341 4185 1473 4255; x_wconf 91' lang='lat' dir='ltr'><strong>piis,</strong></span> <span class='ocrx_word' id='word_1_344' title='bbox 1518 4202 1652 4258; x_wconf 89' lang='lat' dir='ltr'><strong>quos</strong></span> <span class='ocrx_word' id='word_1_345' title='bbox 1691 4189 1760 4248; x_wconf 87' lang='lat' dir='ltr'><strong>ad</strong></span> <span class='ocrx_word' id='word_1_346' title='bbox 1802 4208 1897 4249; x_wconf 77' lang='lat' dir='ltr'><strong>eos</strong></span> 
     </span>
    </p>
   </div>
   <div class='ocr_carea' id='block_1_43' title="bbox 316 4268 1896 4354">
    <p class='ocr_par' dir='ltr' id='par_1_43' title="bbox 316 4268 1896 4354">
     <span class='ocr_line' id='line_1_43' title="bbox 316 4268 1896 4354; baseline 0.015 -35"><span class='ocrx_word' id='word_1_347' title='bbox 316 4268 676 4337; x_wconf 83' lang='lat' dir='ltr'><strong>procreandos</strong></span> <span class='ocrx_word' id='word_1_348' title='bbox 695 4279 799 4325; x_wconf 90' lang='lat' dir='ltr'><strong>tam</strong></span> <span class='ocrx_word' id='word_1_349' title='bbox 825 4271 1054 4329; x_wconf 89' lang='lat' dir='ltr'><strong>disertus</strong></span> <span class='ocrx_word' id='word_1_350' title='bbox 1076 4273 1325 4332; x_wconf 84' lang='lat' dir='ltr'><strong>hortaris.</strong></span> <span class='ocrx_word' id='word_1_351' title='bbox 1350 4276 1473 4332; x_wconf 76' lang='lat' dir='ltr'><strong>llzec</strong></span> <span class='ocrx_word' id='word_1_352' title='bbox 1497 4291 1674 4338; x_wconf 89' lang='lat' dir='ltr'><strong>autem</strong></span> <span class='ocrx_word' id='word_1_353' title='bbox 1702 4283 1896 4354; x_wconf 84' lang='lat' dir='ltr'><strong>injuste</strong></span> 
     </span>
    </p>
   </div>
   <div class='ocr_carea' id='block_1_44' title="bbox 316 4357 1896 4442">
    <p class='ocr_par' dir='ltr' id='par_1_44' title="bbox 316 4357 1896 4442">
     <span class='ocr_line' id='line_1_44' title="bbox 316 4357 1896 4442; baseline 0.014 -33"><span class='ocrx_word' id='word_1_354' title='bbox 316 4357 609 4427; x_wconf 82' lang='lat' dir='ltr'><strong>patiuntur,</strong></span> <span class='ocrx_word' id='word_1_355' title='bbox 639 4359 684 4413; x_wconf 88' lang='lat' dir='ltr'><strong>si</strong></span> <span class='ocrx_word' id='word_1_356' title='bbox 714 4359 919 4416; x_wconf 86' lang='lat' dir='ltr'><strong>nullum</strong></span> <span class='ocrx_word' id='word_1_357' title='bbox 938 4362 1132 4418; x_wconf 85' lang='lat' dir='ltr'><strong>habent</strong></span> <span class='ocrx_word' id='word_1_358' title='bbox 1152 4366 1370 4423; x_wconf 88' lang='lat' dir='ltr'><strong>omnino</strong></span> <span class='ocrx_word' id='word_1_359' title='bbox 1400 4381 1678 4442; x_wconf 85' lang='lat' dir='ltr'><strong>peccatum</strong></span> <span class='ocrx_word' id='word_1_360' title='bbox 1703 4390 1717 4428; x_wconf 85' lang='lat'><strong>:</strong></span> <span class='ocrx_word' id='word_1_361' title='bbox 1743 4386 1830 4431; x_wconf 90' lang='lat' dir='ltr'><strong>aut</strong></span> <span class='ocrx_word' id='word_1_362' title='bbox 1851 4376 1896 4434; x_wconf 84' lang='lat' dir='ltr'><strong>si</strong></span> 
     </span>
    </p>
   </div>
   <div class='ocr_carea' id='block_1_45' title="bbox 314 4448 1469 4526">
    <p class='ocr_par' dir='ltr' id='par_1_45' title="bbox 314 4448 1469 4526">
     <span class='ocr_line' id='line_1_45' title="bbox 314 4448 1469 4526; baseline 0.019 -29"><span class='ocrx_word' id='word_1_363' title='bbox 314 4448 480 4518; x_wconf 84' lang='lat' dir='ltr'><strong>iuste,</strong></span> <span class='ocrx_word' id='word_1_364' title='bbox 501 4464 632 4520; x_wconf 86' lang='lat' dir='ltr'><strong>ergo</strong></span> <span class='ocrx_word' id='word_1_365' title='bbox 649 4449 852 4506; x_wconf 86' lang='lat' dir='ltr'><strong>habent</strong></span> <span class='ocrx_word' id='word_1_366' title='bbox 877 4453 1137 4524; x_wconf 80' lang='lat' dir='ltr'><strong>originale</strong></span> <span class='ocrx_word' id='word_1_367' title='bbox 1165 4469 1469 4526; x_wconf 84' lang='lat' dir='ltr'><strong>peccatum.</strong></span> 
     </span>
    </p>
   </div>
   <div class='ocr_carea' id='block_1_46' title="bbox 391 4537 1900 4628">
    <p class='ocr_par' dir='ltr' id='par_1_46' title="bbox 391 4537 1900 4628">
     <span class='ocr_line' id='line_1_46' title="bbox 391 4537 1900 4628; baseline 0.015 -36"><span class='ocrx_word' id='word_1_368' title='bbox 391 4538 480 4593; x_wconf 78' lang='grc'><strong>45.</strong></span> <span class='ocrx_word' id='word_1_369' title='bbox 511 4537 588 4610; x_wconf 85' lang='lat' dir='ltr'><strong>(a)</strong></span> <span class='ocrx_word' id='word_1_370' title='bbox 609 4540 744 4595; x_wconf 82' lang='lat' dir='ltr'><strong>Aliis</strong></span> <span class='ocrx_word' id='word_1_371' title='bbox 767 4540 957 4598; x_wconf 89' lang='lat' dir='ltr'><strong>deinde</strong></span> <span class='ocrx_word' id='word_1_372' title='bbox 986 4547 1272 4616; x_wconf 83' lang='lat' dir='ltr'><strong>prepositis</strong></span> <span class='ocrx_word' id='word_1_373' title='bbox 1298 4553 1431 4608; x_wconf 88' lang='lat' dir='ltr'><strong>meis</strong></span> <span class='ocrx_word' id='word_1_374' title='bbox 1479 4555 1676 4624; x_wconf 86' lang='lat' dir='ltr'><strong>verbis,</strong></span> <span class='ocrx_word' id='word_1_375' title='bbox 1707 4557 1900 4628; x_wconf 87' lang='lat' dir='ltr'><strong>quibus</strong></span> 
     </span>
    </p>
   </div>
   <div class='ocr_carea' id='block_1_47' title="bbox 317 4631 1898 4719">
    <p class='ocr_par' dir='ltr' id='par_1_47' title="bbox 317 4631 1898 4719">
     <span class='ocr_line' id='line_1_47' title="bbox 317 4631 1898 4719; baseline 0.015 -38"><span class='ocrx_word' id='word_1_376' title='bbox 317 4631 729 4687; x_wconf 79' lang='lat' dir='ltr'><strong>commemoravi</strong></span> <span class='ocrx_word' id='word_1_377' title='bbox 777 4648 934 4703; x_wconf 90' lang='lat' dir='ltr'><strong>quam</strong></span> <span class='ocrx_word' id='word_1_378' title='bbox 981 4636 1203 4694; x_wconf 88' lang='lat' dir='ltr'><strong>honeste</strong></span> <span class='ocrx_word' id='word_1_379' title='bbox 1247 4645 1414 4698; x_wconf 91' lang='lat' dir='ltr'><strong>sancti</strong></span> <span class='ocrx_word' id='word_1_380' title='bbox 1469 4648 1669 4719; x_wconf 89' lang='lat' dir='ltr'><strong>antiqui</strong></span> <span class='ocrx_word' id='word_1_381' title='bbox 1722 4660 1898 4719; x_wconf 86' lang='lat' dir='ltr'><strong>patres</strong></span> 
     </span>
    </p>
   </div>
   <div class='ocr_carea' id='block_1_48' title="bbox 319 4720 1896 4810">
    <p class='ocr_par' dir='ltr' id='par_1_48' title="bbox 319 4720 1896 4810">
     <span class='ocr_line' id='line_1_48' title="bbox 319 4720 1896 4810; baseline 0.012 -37"><span class='ocrx_word' id='word_1_382' title='bbox 319 4720 630 4790; x_wconf 79' lang='lat' dir='ltr'><strong>coniugibus</strong></span> <span class='ocrx_word' id='word_1_383' title='bbox 648 4723 727 4776; x_wconf 90' lang='lat' dir='ltr'><strong>usi</strong></span> <span class='ocrx_word' id='word_1_384' title='bbox 749 4723 976 4790; x_wconf 85' lang='lat' dir='ltr'><strong>fuerint;</strong></span> <span class='ocrx_word' id='word_1_385' title='bbox 1000 4727 1133 4784; x_wconf 90' lang='lat' dir='ltr'><strong>dicis</strong></span> <span class='ocrx_word' id='word_1_386' title='bbox 1155 4749 1172 4783; x_wconf 75' lang='grc' dir='ltr'><strong>ι</strong></span> <span class='ocrx_word' id='word_1_387' title='bbox 1199 4747 1291 4788; x_wconf 91' lang='lat' dir='ltr'><strong>eos</strong></span> <span class='ocrx_word' id='word_1_388' title='bbox 1313 4750 1419 4790; x_wconf 89' lang='lat' dir='ltr'><strong>non</strong></span> <span class='ocrx_word' id='word_1_389' title='bbox 1440 4737 1539 4792; x_wconf 90' lang='lat' dir='ltr'><strong>hoc</strong></span> <span class='ocrx_word' id='word_1_390' title='bbox 1561 4739 1748 4796; x_wconf 90' lang='lat' dir='ltr'><strong>intuitu</strong></span> <span class='ocrx_word' id='word_1_391' title='bbox 1770 4755 1896 4810; x_wconf 86' lang='lat' dir='ltr'><strong>ope-</strong></span> 
     </span>
    </p>
   </div>
   <div class='ocr_carea' id='block_1_49' title="bbox 321 4814 1900 4903">
    <p class='ocr_par' dir='ltr' id='par_1_49' title="bbox 321 4814 1900 4903">
     <span class='ocr_line' id='line_1_49' title="bbox 321 4814 1900 4903; baseline 0.013 -37"><span class='ocrx_word' id='word_1_392' title='bbox 321 4829 435 4866; x_wconf 88' lang='lat' dir='ltr'><strong>ram</strong></span> <span class='ocrx_word' id='word_1_393' title='bbox 475 4814 685 4870; x_wconf 77' lang='lat' dir='ltr'><strong>dedisse</strong></span> <span class='ocrx_word' id='word_1_394' title='bbox 724 4819 1035 4888; x_wconf 87' lang='lat' dir='ltr'><strong>propagini,</strong></span> <span class='ocrx_word' id='word_1_395' title='bbox 1077 4832 1131 4878; x_wconf 89' lang='lat' dir='ltr'><strong>ut</strong></span> <span class='ocrx_word' id='word_1_396' title='bbox 1173 4833 1420 4896; x_wconf 87' lang='lat' dir='ltr'><strong>tanquam</strong></span> <span class='ocrx_word' id='word_1_397' title='bbox 1463 4846 1584 4886; x_wconf 90' lang='lat' dir='ltr'><strong>reos</strong></span> <span class='ocrx_word' id='word_1_398' title='bbox 1623 4833 1900 4903; x_wconf 84' lang='lat' dir='ltr'><strong>gignerent</strong></span> 
     </span>
    </p>
   </div>
   <div class='ocr_carea' id='block_1_50' title="bbox 320 4902 1900 4993">
    <p class='ocr_par' dir='ltr' id='par_1_50' title="bbox 320 4902 1900 4993">
     <span class='ocr_line' id='line_1_50' title="bbox 320 4902 1900 4993; baseline 0.016 -39"><span class='ocrx_word' id='word_1_399' title='bbox 320 4902 460 4956; x_wconf 87' lang='lat' dir='ltr'><strong>ﬁlios</strong></span> <span class='ocrx_word' id='word_1_400' title='bbox 491 4904 811 4973; x_wconf 67' lang='lat' dir='ltr'><strong>Bsptismate</strong></span> <span class='ocrx_word' id='word_1_401' title='bbox 850 4909 1162 4980; x_wconf 87' lang='lat' dir='ltr'><strong>diluendos,</strong></span> <span class='ocrx_word' id='word_1_402' title='bbox 1204 4932 1269 4970; x_wconf 93' lang='lat' dir='ltr'><strong>eo</strong></span> <span class='ocrx_word' id='word_1_403' title='bbox 1312 4919 1451 4988; x_wconf 87' lang='lat' dir='ltr'><strong>quod</strong></span> <span class='ocrx_word' id='word_1_404' title='bbox 1493 4902 1755 4990; x_wconf 83' lang='lat' dir='ltr'><strong>Baptisma</strong></span> <span class='ocrx_word' id='word_1_405' title='bbox 1795 4941 1900 4993; x_wconf 87' lang='lat' dir='ltr'><strong>quo</strong></span> 
     </span>
    </p>
   </div>
   <div class='ocr_carea' id='block_1_51' title="bbox 321 4995 1899 5081">
    <p class='ocr_par' dir='ltr' id='par_1_51' title="bbox 321 4995 1899 5081">
     <span class='ocr_line' id='line_1_51' title="bbox 321 4995 1899 5081; baseline 0.015 -36"><span class='ocrx_word' id='word_1_406' title='bbox 321 5008 463 5046; x_wconf 84' lang='lat' dir='ltr'><strong>ltllttc</strong></span> <span class='ocrx_word' id='word_1_407' title='bbox 496 4995 814 5065; x_wconf 89' lang='lat' dir='ltr'><strong>adoptamur</strong></span> <span class='ocrx_word' id='word_1_408' title='bbox 846 5002 1082 5058; x_wconf 91' lang='lat' dir='ltr'><strong>nondum</strong></span> <span class='ocrx_word' id='word_1_409' title='bbox 1105 5004 1271 5060; x_wconf 82' lang='lat' dir='ltr'><strong>fuerat</strong></span> <span class='ocrx_word' id='word_1_410' title='bbox 1295 5008 1587 5064; x_wconf 90' lang='lat' dir='ltr'><strong>institutum</strong></span> <span class='ocrx_word' id='word_1_411' title='bbox 1614 5031 1628 5065; x_wconf 78' lang='lat' dir='ltr'><strong>l</strong></span> <span class='ocrx_word' id='word_1_412' title='bbox 1671 5011 1770 5081; x_wconf 85' lang='lat' dir='ltr'><strong>(De</strong></span> <span class='ocrx_word' id='word_1_413' title='bbox 1787 5010 1899 5067; x_wconf 85' lang='lat' dir='ltr'><strong>Nu-</strong></span> 
     </span>
    </p>
   </div>
   <div class='ocr_carea' id='block_1_52' title="bbox 323 5084 1900 5174">
    <p class='ocr_par' dir='ltr' id='par_1_52' title="bbox 323 5084 1900 5174">
     <span class='ocr_line' id='line_1_52' title="bbox 323 5084 1900 5174; baseline 0.019 -40"><span class='ocrx_word' id='word_1_414' title='bbox 323 5085 443 5153; x_wconf 83' lang='lat' dir='ltr'><strong>ptiis</strong></span> <span class='ocrx_word' id='word_1_415' title='bbox 459 5097 504 5140; x_wconf 81' lang='lat' dir='ltr'><strong>et</strong></span> <span class='ocrx_word' id='word_1_416' title='bbox 521 5084 952 5160; x_wconf 80' lang='lat' dir='ltr'><strong>Coucupisceutia,</strong></span> <span class='ocrx_word' id='word_1_417' title='bbox 975 5095 1061 5149; x_wconf 79' lang='lat' dir='ltr'><strong>lib.</strong></span> <span class='ocrx_word' id='word_1_418' title='bbox 1088 5097 1138 5160; x_wconf 86' lang='grc'><strong>1,</strong></span> <span class='ocrx_word' id='word_1_419' title='bbox 1169 5115 1220 5151; x_wconf 86' lang='lat' dir='ltr'><strong>n.</strong></span> <span class='ocrx_word' id='word_1_420' title='bbox 1246 5098 1322 5168; x_wconf 80' lang='lat'><strong>9).</strong></span> <span class='ocrx_word' id='word_1_421' title='bbox 1351 5101 1461 5155; x_wconf 91' lang='lat' dir='ltr'><strong>lloc</strong></span> <span class='ocrx_word' id='word_1_422' title='bbox 1487 5102 1553 5157; x_wconf 90' lang='lat' dir='ltr'><strong>de</strong></span> <span class='ocrx_word' id='word_1_423' title='bbox 1578 5103 1647 5158; x_wconf 90' lang='lat' dir='ltr'><strong>Ba</strong></span> <span class='ocrx_word' id='word_1_424' title='bbox 1657 5106 1900 5174; x_wconf 86' lang='lat' dir='ltr'><strong>ptismate</strong></span> 
     </span>
    </p>
   </div>
   <div class='ocr_carea' id='block_1_53' title="bbox 323 5177 1901 5259">
    <p class='ocr_par' dir='ltr' id='par_1_53' title="bbox 323 5177 1901 5259">
     <span class='ocr_line' id='line_1_53' title="bbox 323 5177 1901 5259; baseline 0.014 -31"><span class='ocrx_word' id='word_1_425' title='bbox 323 5191 508 5230; x_wconf 85' lang='lat' dir='ltr'><strong>verum</strong></span> <span class='ocrx_word' id='word_1_426' title='bbox 536 5177 669 5234; x_wconf 85' lang='lat' dir='ltr'><strong>dicis</strong></span> <span class='ocrx_word' id='word_1_427' title='bbox 694 5197 707 5234; x_wconf 76' lang='grc' dir='ltr'><strong><em>τ</em></strong></span> <span class='ocrx_word' id='word_1_428' title='bbox 739 5197 836 5238; x_wconf 90' lang='lat' dir='ltr'><strong>nec</strong></span> <span class='ocrx_word' id='word_1_429' title='bbox 865 5185 981 5240; x_wconf 89' lang='lat' dir='ltr'><strong>ideo</strong></span> <span class='ocrx_word' id='word_1_430' title='bbox 1012 5194 1186 5241; x_wconf 90' lang='lat' dir='ltr'><strong>tamen</strong></span> <span class='ocrx_word' id='word_1_431' title='bbox 1214 5190 1535 5245; x_wconf 89' lang='lat' dir='ltr'><strong>credendum</strong></span> <span class='ocrx_word' id='word_1_432' title='bbox 1565 5203 1665 5259; x_wconf 87' lang='lat' dir='ltr'><strong>est,</strong></span> <span class='ocrx_word' id='word_1_433' title='bbox 1697 5204 1749 5249; x_wconf 91' lang='lat' dir='ltr'><strong>et</strong></span> <span class='ocrx_word' id='word_1_434' title='bbox 1778 5206 1901 5250; x_wconf 88' lang='lat' dir='ltr'><strong>ante</strong></span> 
     </span>
    </p>
   </div>
   <div class='ocr_carea' id='block_1_54' title="bbox 323 5267 1902 5356">
    <p class='ocr_par' dir='ltr' id='par_1_54' title="bbox 323 5267 1902 5356">
     <span class='ocr_line' id='line_1_54' title="bbox 323 5267 1902 5356; baseline 0.015 -38"><span class='ocrx_word' id='word_1_435' title='bbox 323 5267 500 5320; x_wconf 70' lang='lat' dir='ltr'><strong>«latam</strong></span> <span class='ocrx_word' id='word_1_436' title='bbox 523 5271 979 5330; x_wconf 87' lang='lat' dir='ltr'><strong>circumeisionem</strong></span> <span class='ocrx_word' id='word_1_437' title='bbox 1003 5277 1227 5334; x_wconf 85' lang='lat' dir='ltr'><strong>famulos</strong></span> <span class='ocrx_word' id='word_1_438' title='bbox 1245 5281 1358 5349; x_wconf 92' lang='lat' dir='ltr'><strong>Dei,</strong></span> <span class='ocrx_word' id='word_1_439' title='bbox 1378 5284 1801 5356; x_wconf 88' lang='lat' dir='ltr'><strong>quandoquidem</strong></span> <span class='ocrx_word' id='word_1_440' title='bbox 1825 5287 1902 5341; x_wconf 91' lang='lat' dir='ltr'><strong>eis</strong></span> 
     </span>
    </p>
   </div>
   <div class='ocr_carea' id='block_1_55' title="bbox 327 5357 1900 5438">
    <p class='ocr_par' dir='ltr' id='par_1_55' title="bbox 327 5357 1900 5438">
     <span class='ocr_line' id='line_1_55' title="bbox 327 5357 1900 5438; baseline 0.013 -28"><span class='ocrx_word' id='word_1_441' title='bbox 327 5357 498 5412; x_wconf 86' lang='lat' dir='ltr'><strong>inerat</strong></span> <span class='ocrx_word' id='word_1_442' title='bbox 528 5360 830 5418; x_wconf 70' lang='lat' dir='ltr'><strong>Mediatoris</strong></span> <span class='ocrx_word' id='word_1_443' title='bbox 857 5367 988 5421; x_wconf 84' lang='lat' dir='ltr'><strong>fides</strong></span> <span class='ocrx_word' id='word_1_444' title='bbox 1016 5369 1066 5421; x_wconf 89' lang='lat' dir='ltr'><strong>in</strong></span> <span class='ocrx_word' id='word_1_445' title='bbox 1098 5385 1261 5426; x_wconf 89' lang='lat' dir='ltr'><strong>carne</strong></span> <span class='ocrx_word' id='word_1_446' title='bbox 1285 5376 1509 5438; x_wconf 86' lang='lat' dir='ltr'><strong>venturi,</strong></span> <span class='ocrx_word' id='word_1_447' title='bbox 1545 5377 1690 5430; x_wconf 89' lang='lat' dir='ltr'><strong>nullo</strong></span> <span class='ocrx_word' id='word_1_448' title='bbox 1719 5392 1900 5432; x_wconf 64' lang='lat' dir='ltr'><strong>sacra-</strong></span> 
     </span>
    </p>
   </div>
   <div class='ocr_carea' id='block_1_56' title="bbox 325 5453 1902 5536">
    <p class='ocr_par' dir='ltr' id='par_1_56' title="bbox 325 5453 1902 5536">
     <span class='ocr_line' id='line_1_56' title="bbox 325 5453 1902 5536; baseline 0.015 -37"><span class='ocrx_word' id='word_1_449' title='bbox 325 5459 510 5504; x_wconf 84' lang='lat' dir='ltr'><strong>mento</strong></span> <span class='ocrx_word' id='word_1_450' title='bbox 537 5453 652 5520; x_wconf 83' lang='lat' dir='ltr'><strong>ejus</strong></span> <span class='ocrx_word' id='word_1_451' title='bbox 688 5455 971 5525; x_wconf 86' lang='lat' dir='ltr'><strong>opitulatos</strong></span> <span class='ocrx_word' id='word_1_452' title='bbox 1013 5458 1173 5515; x_wconf 81' lang='lat' dir='ltr'><strong>fuisse</strong></span> <span class='ocrx_word' id='word_1_453' title='bbox 1216 5465 1448 5531; x_wconf 82' lang='lat' dir='ltr'><strong>parvulis</strong></span> <span class='ocrx_word' id='word_1_454' title='bbox 1491 5466 1632 5533; x_wconf 81' lang='lat' dir='ltr'><strong>suis;</strong></span> <span class='ocrx_word' id='word_1_455' title='bbox 1663 5470 1902 5536; x_wconf 81' lang='lat' dir='ltr'><strong>quamvis</strong></span> 
     </span>
    </p>
   </div>
   <div class='ocr_carea' id='block_1_57' title="bbox 333 5564 1904 5642">
    <p class='ocr_par' dir='ltr' id='par_1_57' title="bbox 333 5564 1904 5642">
     <span class='ocr_line' id='line_1_57' title="bbox 333 5564 1904 5642; baseline -0.001 -7"><span class='ocrx_word' id='word_1_456' title='bbox 456 5566 579 5642; x_wconf 55' lang='lat' dir='ltr'><strong>‘El‘P’d</strong></span> <span class='ocrx_word' id='word_1_457' title='bbox 617 5575 702 5642; x_wconf 56' lang='grc' dir='ltr'><strong>ΑΠ’</strong></span> <span class='ocrx_word' id='word_1_458' title='bbox 757 5575 965 5642; x_wconf 18' lang='lat'><strong>01,315?”</strong></span> <span class='ocrx_word' id='word_1_459' title='bbox 990 5585 1085 5642; x_wconf 70' lang='lat' dir='ltr'><strong>nec</strong></span> <span class='ocrx_word' id='word_1_460' title='bbox 1107 5572 1285 5642; x_wconf 63' lang='lat' dir='ltr'><strong>ciniai,</strong></span> <span class='ocrx_word' id='word_1_461' title='bbox 1308 5577 1420 5633; x_wconf 73' lang='lat' dir='ltr'><strong>aui:</strong></span> <span class='ocrx_word' id='word_1_462' title='bbox 1443 5593 1520 5630; x_wconf 85' lang='lat' dir='ltr'><strong>cos</strong></span> <span class='ocrx_word' id='word_1_463' title='bbox 1543 5589 1692 5638; x_wconf 82' lang='lat' dir='ltr'><strong>creat,</strong></span> <span class='ocrx_word' id='word_1_464' title='bbox 1721 5581 1904 5633; x_wconf 78' lang='lat' dir='ltr'><strong>bonitas</strong></span> 
     </span>
    </p>
   </div>
   <div class='ocr_carea' id='block_1_58' title="bbox 324 5632 1905 5740">
    <p class='ocr_par' dir='ltr' id='par_1_58' title="bbox 324 5632 1905 5740">
     <span class='ocr_line' id='line_1_58' title="bbox 324 5632 1905 5740; baseline 0.016 -69"><span class='ocrx_word' id='word_1_465' title='bbox 445 5635 599 5738; x_wconf 48' lang='lat' dir='ltr'><strong>gs&quot;;</strong></span> <span class='ocrx_word' id='word_1_466' title='bbox 611 5641 626 5688; x_wconf 92' lang='lat'><em>;</em></span> <span class='ocrx_word' id='word_1_467' title='bbox 653 5639 859 5740; x_wconf 50' lang='lat' dir='ltr'><strong>Excepto</strong></span> <span class='ocrx_word' id='word_1_468' title='bbox 882 5632 1164 5684; x_wconf 86' lang='lat' dir='ltr'><strong>t-‘loriacensi</strong></span> <span class='ocrx_word' id='word_1_469' title='bbox 1184 5632 1369 5702; x_wconf 82' lang='lat' dir='ltr'><strong>codice,</strong></span> <span class='ocrx_word' id='word_1_470' title='bbox 1397 5643 1442 5689; x_wconf 90' lang='lat' dir='ltr'><strong>in</strong></span> <span class='ocrx_word' id='word_1_471' title='bbox 1465 5657 1560 5704; x_wconf 89' lang='lat' dir='ltr'><strong>quo</strong></span> <span class='ocrx_word' id='word_1_472' title='bbox 1584 5632 1793 5706; x_wconf 58' lang='lat' dir='ltr'><strong>legitur,</strong></span> <span class='ocrx_word' id='word_1_473' title='bbox 1810 5632 1905 5696; x_wconf 67' lang='lat' dir='ltr'><strong>nisi</strong></span> 
     </span>
     <span class='ocr_line' id='line_1_59' title="bbox 599 5703 691 5740; baseline 0.011 -2"><span class='ocrx_word' id='word_1_474' title='bbox 599 5703 656 5740; x_wconf 88' lang='lat' dir='ltr'><strong>ea</strong></span> <span class='ocrx_word' id='word_1_475' title='bbox 681 5729 691 5739; x_wconf 94' lang='lat'><strong>.</strong></span> 
     </span>
    </p>
   </div>
   <div class='ocr_carea' id='block_1_59' title="bbox 324 5698 1277 5816">
    <p class='ocr_par' dir='ltr' id='par_1_59' title="bbox 324 5698 1277 5816">
     <span class='ocr_line' id='line_1_60' title="bbox 324 5698 691 5748; baseline 0.025 -17"><span class='ocrx_word' id='word_1_476' title='bbox 324 5698 424 5748; x_wconf 75' lang='lat' dir='ltr'><strong>qua</strong></span> <span class='ocrx_word' id='word_1_477' title='bbox 445 5701 524 5738; x_wconf 84' lang='lat' dir='ltr'><strong>eos</strong></span> <span class='ocrx_word' id='word_1_478' title='bbox 545 5698 691 5740; x_wconf 79' lang='lat' dir='ltr'><strong>creat.</strong></span> 
     </span>
     <span class='ocr_line' id='line_1_61' title="bbox 395 5747 1277 5816; baseline 0.016 -19"><span class='ocrx_word' id='word_1_479' title='bbox 395 5747 418 5816; x_wconf 54' lang='grc' dir='ltr'><strong>ε</strong></span> <span class='ocrx_word' id='word_1_480' title='bbox 447 5757 546 5800; x_wconf 85' lang='lat' dir='ltr'><strong>Duo</strong></span> <span class='ocrx_word' id='word_1_481' title='bbox 578 5759 666 5802; x_wconf 74' lang='lat' dir='ltr'><strong>Mss</strong></span> <span class='ocrx_word' id='word_1_482' title='bbox 689 5788 704 5812; x_wconf 93' lang='lat'><strong>,</strong></span> <span class='ocrx_word' id='word_1_483' title='bbox 728 5753 856 5816; x_wconf 83' lang='lat' dir='ltr'><strong>quod</strong></span> <span class='ocrx_word' id='word_1_484' title='bbox 877 5752 990 5816; x_wconf 83' lang='lat' dir='ltr'><strong>ﬁliis</strong></span> <span class='ocrx_word' id='word_1_485' title='bbox 1014 5755 1277 5810; x_wconf 85' lang='lat' dir='ltr'><strong>roluermtt.</strong></span> 
     </span>
    </p>
   </div>
   <div class='ocr_carea' id='block_1_60' title="bbox 401 5815 1156 5881">
    <p class='ocr_par' dir='ltr' id='par_1_60' title="bbox 401 5815 1156 5881">
     <span class='ocr_line' id='line_1_62' title="bbox 401 5815 1156 5881; baseline 0.015 -25"><span class='ocrx_word' id='word_1_486' title='bbox 401 5815 473 5872; x_wconf 69' lang='grc' dir='ltr'><strong>(α)</strong></span> <span class='ocrx_word' id='word_1_487' title='bbox 509 5817 636 5874; x_wconf 73' lang='lat' dir='ltr'><strong>Apud</strong></span> <span class='ocrx_word' id='word_1_488' title='bbox 661 5815 762 5864; x_wconf 71' lang='lat' dir='ltr'><strong>Am.</strong></span> <span class='ocrx_word' id='word_1_489' title='bbox 789 5824 838 5866; x_wconf 90' lang='lat' dir='ltr'><strong>et</strong></span> <span class='ocrx_word' id='word_1_490' title='bbox 862 5815 956 5878; x_wconf 61' lang='grc' dir='ltr'><strong>ἡκ,</strong></span> <span class='ocrx_word' id='word_1_491' title='bbox 980 5832 1082 5881; x_wconf 91' lang='lat' dir='ltr'><strong>cap.</strong></span> <span class='ocrx_word' id='word_1_492' title='bbox 1109 5819 1156 5869; x_wconf 82' lang='lat'><strong>9.</strong></span> 
     </span>
    </p>
   </div>
   <div class='ocr_carea' id='block_1_61' title="bbox 553 5895 1082 5963">
    <p class='ocr_par' dir='ltr' id='par_1_61' title="bbox 553 5895 1082 5963">
     <span class='ocr_line' id='line_1_63' title="bbox 553 5895 1082 5963; baseline 0.021 -11"><span class='ocrx_word' id='word_1_493' title='bbox 553 5895 821 5957; x_wconf 62' lang='lat' dir='ltr'><strong>Pyrum.</strong></span> <span class='ocrx_word' id='word_1_494' title='bbox 865 5901 1082 5963; x_wconf 73' lang='lat' dir='ltr'><strong>XLIV.</strong></span> 
     </span>
    </p>
   </div>
   <div class='ocr_carea' id='block_1_62' title="bbox 1585 405 2179 481">
    <p class='ocr_par' dir='ltr' id='par_1_62' title="bbox 1585 405 2179 481">
     <span class='ocr_line' id='line_1_64' title="bbox 1585 405 2179 481; baseline -0.007 -17"><span class='ocrx_word' id='word_1_495' title='bbox 1585 477 1590 481; x_wconf 22' lang='lat'><em>‘</em></span> <span class='ocrx_word' id='word_1_496' title='bbox 1621 409 1821 464; x_wconf 75' lang='lat' dir='ltr'><strong>LIBER</strong></span> <span class='ocrx_word' id='word_1_497' title='bbox 1861 405 2179 476; x_wconf 69' lang='lat' dir='ltr'><strong>QUINTUS.</strong></span> 
     </span>
    </p>
   </div>
   <div class='ocr_carea' id='block_1_63' title="bbox 3406 417 3546 466">
    <p class='ocr_par' dir='ltr' id='par_1_63' title="bbox 3406 417 3546 466">
     <span class='ocr_line' id='line_1_65' title="bbox 3406 417 3546 466; baseline 0.014 -2"><span class='ocrx_word' id='word_1_498' title='bbox 3406 417 3546 466; x_wconf 75' lang='grc' dir='ltr'><strong>’διῦ</strong></span> 
     </span>
    </p>
   </div>
   <div class='ocr_carea' id='block_1_64' title="bbox 1973 526 3546 606">
    <p class='ocr_par' dir='ltr' id='par_1_64' title="bbox 1973 526 3546 606">
     <span class='ocr_line' id='line_1_66' title="bbox 1973 526 3546 606; baseline 0.004 -28"><span class='ocrx_word' id='word_1_499' title='bbox 1973 527 2097 598; x_wconf 85' lang='lat' dir='ltr'><strong>quid</strong></span> <span class='ocrx_word' id='word_1_500' title='bbox 2127 526 2250 582; x_wconf 86' lang='lat' dir='ltr'><strong>illud</strong></span> <span class='ocrx_word' id='word_1_501' title='bbox 2276 540 2436 594; x_wconf 82' lang='lat' dir='ltr'><strong>esset,</strong></span> <span class='ocrx_word' id='word_1_502' title='bbox 2468 530 2640 600; x_wconf 83' lang='lat' dir='ltr'><strong>aliqua</strong></span> <span class='ocrx_word' id='word_1_503' title='bbox 2662 533 2962 606; x_wconf 82' lang='lat' dir='ltr'><strong>necessaria</strong></span> <span class='ocrx_word' id='word_1_504' title='bbox 2989 546 3145 587; x_wconf 86' lang='lat' dir='ltr'><strong>causa</strong></span> <span class='ocrx_word' id='word_1_505' title='bbox 3170 533 3438 603; x_wconf 83' lang='lat' dir='ltr'><strong>Scriptura</strong></span> <span class='ocrx_word' id='word_1_506' title='bbox 3466 538 3546 588; x_wconf 72' lang='lat' dir='ltr'><strong>lu-</strong></span> 
     </span>
    </p>
   </div>
   <div class='ocr_carea' id='block_1_65' title="bbox 1971 621 3540 698">
    <p class='ocr_par' dir='ltr' id='par_1_65' title="bbox 1971 621 3540 698">
     <span class='ocr_line' id='line_1_67' title="bbox 1971 621 3540 698; baseline 0.003 -25"><span class='ocrx_word' id='word_1_507' title='bbox 1971 629 2081 674; x_wconf 91' lang='lat' dir='ltr'><strong>tere</strong></span> <span class='ocrx_word' id='word_1_508' title='bbox 2104 621 2348 676; x_wconf 91' lang='lat' dir='ltr'><strong>voluerit.</strong></span> <span class='ocrx_word' id='word_1_509' title='bbox 2377 621 2507 676; x_wconf 76' lang='lat' dir='ltr'><strong>Nam</strong></span> <span class='ocrx_word' id='word_1_510' title='bbox 2531 634 2582 677; x_wconf 88' lang='lat' dir='ltr'><strong>et</strong></span> <span class='ocrx_word' id='word_1_511' title='bbox 2611 622 2871 678; x_wconf 89' lang='lat' dir='ltr'><strong>sacriﬁcia</strong></span> <span class='ocrx_word' id='word_1_512' title='bbox 2901 639 3083 678; x_wconf 88' lang='lat' dir='ltr'><strong>eorum</strong></span> <span class='ocrx_word' id='word_1_513' title='bbox 3107 625 3329 694; x_wconf 79' lang='lat' dir='ltr'><strong>legimus</strong></span> <span class='ocrx_word' id='word_1_514' title='bbox 3355 626 3540 698; x_wconf 66' lang='lat' dir='ltr'><strong>(Leuit.</strong></span> 
     </span>
    </p>
   </div>
   <div class='ocr_carea' id='block_1_66' title="bbox 1970 701 3544 784">
    <p class='ocr_par' dir='ltr' id='par_1_66' title="bbox 1970 701 3544 784">
     <span class='ocr_line' id='line_1_68' title="bbox 1970 701 3544 784; baseline 0.003 -19"><span class='ocrx_word' id='word_1_515' title='bbox 1970 726 2038 765; x_wconf 77' lang='lat' dir='ltr'><strong>xu</strong></span> <span class='ocrx_word' id='word_1_516' title='bbox 2059 711 2098 782; x_wconf 90' lang='lat'><strong>),</strong></span> <span class='ocrx_word' id='word_1_517' title='bbox 2121 701 2312 782; x_wconf 77' lang='lat' dir='ltr'><strong>quibus</strong></span> <span class='ocrx_word' id='word_1_518' title='bbox 2338 713 2518 783; x_wconf 89' lang='lat' dir='ltr'><strong>utique</strong></span> <span class='ocrx_word' id='word_1_519' title='bbox 2547 714 2762 783; x_wconf 80' lang='lat' dir='ltr'><strong>sanguis</strong></span> <span class='ocrx_word' id='word_1_520' title='bbox 2793 714 2879 768; x_wconf 86' lang='lat' dir='ltr'><strong>ille</strong></span> <span class='ocrx_word' id='word_1_521' title='bbox 2906 713 3252 783; x_wconf 89' lang='lat' dir='ltr'><strong>ﬁgurabatur,</strong></span> <span class='ocrx_word' id='word_1_522' title='bbox 3286 717 3372 784; x_wconf 85' lang='lat' dir='ltr'><strong>qui</strong></span> <span class='ocrx_word' id='word_1_523' title='bbox 3397 717 3544 770; x_wconf 83' lang='lat' dir='ltr'><strong>solus</strong></span> 
     </span>
    </p>
   </div>
   <div class='ocr_carea' id='block_1_67' title="bbox 1971 800 3542 874">
    <p class='ocr_par' dir='ltr' id='par_1_67' title="bbox 1971 800 3542 874">
     <span class='ocr_line' id='line_1_69' title="bbox 1971 800 3542 874; baseline 0.003 -20"><span class='ocrx_word' id='word_1_524' title='bbox 1971 800 2110 855; x_wconf 90' lang='lat' dir='ltr'><strong>tollit</strong></span> <span class='ocrx_word' id='word_1_525' title='bbox 2137 811 2410 870; x_wconf 89' lang='lat' dir='ltr'><strong>peccatum</strong></span> <span class='ocrx_word' id='word_1_526' title='bbox 2430 803 2445 834; x_wconf 77' lang='grc'>⁸</span> <span class='ocrx_word' id='word_1_527' title='bbox 2471 802 2649 857; x_wconf 87' lang='lat' dir='ltr'><strong>mundi</strong></span> <span class='ocrx_word' id='word_1_528' title='bbox 2674 801 2864 874; x_wconf 82' lang='lat' dir='ltr'><strong>(Joaa.</strong></span> <span class='ocrx_word' id='word_1_529' title='bbox 2888 819 2923 867; x_wconf 89' lang='grc' dir='ltr'>ι,</span> <span class='ocrx_word' id='word_1_530' title='bbox 2950 802 3075 873; x_wconf 74' lang='lat'><strong>‘29).</strong></span> <span class='ocrx_word' id='word_1_531' title='bbox 3107 803 3357 872; x_wconf 77' lang='lat' dir='ltr'><strong>Apertius</strong></span> <span class='ocrx_word' id='word_1_532' title='bbox 3383 805 3542 859; x_wconf 86' lang='lat' dir='ltr'><strong>etiam</strong></span> 
     </span>
    </p>
   </div>
   <div class='ocr_carea' id='block_1_68' title="bbox 1971 891 3548 964">
    <p class='ocr_par' dir='ltr' id='par_1_68' title="bbox 1971 891 3548 964">
     <span class='ocr_line' id='line_1_70' title="bbox 1971 891 3548 964; baseline 0.003 -18"><span class='ocrx_word' id='word_1_533' title='bbox 1971 891 2102 962; x_wconf 79' lang='lat' dir='ltr'><strong>legis</strong></span> <span class='ocrx_word' id='word_1_534' title='bbox 2121 892 2229 962; x_wconf 89' lang='lat' dir='ltr'><strong>iam</strong></span> <span class='ocrx_word' id='word_1_535' title='bbox 2261 903 2497 963; x_wconf 87' lang='lat' dir='ltr'><strong>tempore</strong></span> <span class='ocrx_word' id='word_1_536' title='bbox 2528 895 2865 949; x_wconf 85' lang='lat' dir='ltr'><strong>nascentibus</strong></span> <span class='ocrx_word' id='word_1_537' title='bbox 2892 894 3123 964; x_wconf 80' lang='lat' dir='ltr'><strong>parvulis</strong></span> <span class='ocrx_word' id='word_1_538' title='bbox 3143 936 3157 960; x_wconf 94' lang='lat'><strong>,</strong></span> <span class='ocrx_word' id='word_1_539' title='bbox 3188 893 3548 950; x_wconf 83' lang='lat' dir='ltr'><strong>oﬂ&#39;erebantur</strong></span> 
     </span>
    </p>
   </div>
   <div class='ocr_carea' id='block_1_69' title="bbox 1971 982 3526 1056">
    <p class='ocr_par' dir='ltr' id='par_1_69' title="bbox 1971 982 3526 1056">
     <span class='ocr_line' id='line_1_71' title="bbox 1971 982 3526 1056; baseline 0.003 -19"><span class='ocrx_word' id='word_1_540' title='bbox 1971 982 2227 1038; x_wconf 88' lang='lat' dir='ltr'><strong>sacriﬁcia</strong></span> <span class='ocrx_word' id='word_1_541' title='bbox 2251 999 2346 1054; x_wconf 90' lang='lat' dir='ltr'><strong>pro</strong></span> <span class='ocrx_word' id='word_1_542' title='bbox 2370 986 2616 1054; x_wconf 87' lang='lat' dir='ltr'><strong>peccatis.</strong></span> <span class='ocrx_word' id='word_1_543' title='bbox 2638 984 2942 1055; x_wconf 79' lang='lat' dir='ltr'><strong>Responde,</strong></span> <span class='ocrx_word' id='word_1_544' title='bbox 2968 1000 3062 1055; x_wconf 88' lang='lat' dir='ltr'><strong>pro</strong></span> <span class='ocrx_word' id='word_1_545' title='bbox 3082 986 3274 1056; x_wconf 90' lang='lat' dir='ltr'><strong>quibus</strong></span> <span class='ocrx_word' id='word_1_546' title='bbox 3296 988 3526 1055; x_wconf 88' lang='lat' dir='ltr'><strong>peccatis</strong></span> 
     </span>
    </p>
   </div>
   <div class='ocr_carea' id='block_1_70' title="bbox 1972 1069 3547 1148">
    <p class='ocr_par' dir='ltr' id='par_1_70' title="bbox 1972 1069 3547 1148">
     <span class='ocr_line' id='line_1_72' title="bbox 1972 1069 3547 1148; baseline 0.003 -20"><span class='ocrx_word' id='word_1_547' title='bbox 1972 1069 2198 1143; x_wconf 79' lang='lat' dir='ltr'><strong>ReSpice</strong></span> <span class='ocrx_word' id='word_1_548' title='bbox 2240 1076 2397 1129; x_wconf 90' lang='lat' dir='ltr'><strong>etiam</strong></span> <span class='ocrx_word' id='word_1_549' title='bbox 2444 1077 2556 1130; x_wconf 87' lang='lat' dir='ltr'><strong>illis</strong></span> <span class='ocrx_word' id='word_1_550' title='bbox 2579 1077 2952 1145; x_wconf 82' lang='lat' dir='ltr'><strong>generantibus</strong></span> <span class='ocrx_word' id='word_1_551' title='bbox 2985 1079 3226 1146; x_wconf 91' lang='lat' dir='ltr'><strong>patribus</strong></span> <span class='ocrx_word' id='word_1_552' title='bbox 3257 1080 3547 1148; x_wconf 82' lang='lat' dir='ltr'><strong>perituram</strong></span> 
     </span>
    </p>
   </div>
   <div class='ocr_carea' id='block_1_71' title="bbox 1974 1163 3552 1238">
    <p class='ocr_par' dir='ltr' id='par_1_71' title="bbox 1974 1163 3552 1238">
     <span class='ocr_line' id='line_1_73' title="bbox 1974 1163 3552 1238; baseline 0.005 -20"><span class='ocrx_word' id='word_1_553' title='bbox 1974 1163 2136 1222; x_wconf 88' lang='lat' dir='ltr'><strong>fuisse</strong></span> <span class='ocrx_word' id='word_1_554' title='bbox 2164 1167 2391 1219; x_wconf 89' lang='lat' dir='ltr'><strong>animam</strong></span> <span class='ocrx_word' id='word_1_555' title='bbox 2424 1168 2622 1236; x_wconf 87' lang='lat' dir='ltr'><strong>parvuli</strong></span> <span class='ocrx_word' id='word_1_556' title='bbox 2652 1167 2718 1223; x_wconf 92' lang='lat' dir='ltr'><strong>de</strong></span> <span class='ocrx_word' id='word_1_557' title='bbox 2750 1169 2944 1238; x_wconf 84' lang='lat' dir='ltr'><strong>pepulo</strong></span> <span class='ocrx_word' id='word_1_558' title='bbox 2972 1184 3089 1232; x_wconf 76' lang='lat' dir='ltr'><strong>suo,</strong></span> <span class='ocrx_word' id='word_1_559' title='bbox 3119 1170 3161 1223; x_wconf 93' lang='lat' dir='ltr'><strong>si</strong></span> <span class='ocrx_word' id='word_1_560' title='bbox 3189 1170 3274 1225; x_wconf 90' lang='lat' dir='ltr'><strong>die</strong></span> <span class='ocrx_word' id='word_1_561' title='bbox 3305 1187 3408 1225; x_wconf 91' lang='lat' dir='ltr'><strong>non</strong></span> <span class='ocrx_word' id='word_1_562' title='bbox 3439 1171 3552 1226; x_wconf 87' lang='lat' dir='ltr'><strong>cir—</strong></span> 
     </span>
    </p>
   </div>
   <div class='ocr_carea' id='block_1_72' title="bbox 1973 1256 3553 1333">
    <p class='ocr_par' dir='ltr' id='par_1_72' title="bbox 1973 1256 3553 1333">
     <span class='ocr_line' id='line_1_74' title="bbox 1973 1256 3553 1333; baseline 0.004 -23"><span class='ocrx_word' id='word_1_563' title='bbox 1973 1256 2359 1312; x_wconf 89' lang='lat' dir='ltr'><strong>cumcideretur</strong></span> <span class='ocrx_word' id='word_1_564' title='bbox 2383 1267 2569 1312; x_wconf 88' lang='lat' dir='ltr'><strong>octavo</strong></span> <span class='ocrx_word' id='word_1_565' title='bbox 2593 1257 2744 1333; x_wconf 84' lang='lat' dir='ltr'><strong>(Gen.</strong></span> <span class='ocrx_word' id='word_1_566' title='bbox 2773 1275 2901 1326; x_wconf 80' lang='lat' dir='ltr'><strong>xvu,</strong></span> <span class='ocrx_word' id='word_1_567' title='bbox 2932 1261 3020 1330; x_wconf 76' lang='grc'><strong>14)</strong></span> <span class='ocrx_word' id='word_1_568' title='bbox 3047 1270 3135 1315; x_wconf 90' lang='lat' dir='ltr'><strong>:ct</strong></span> <span class='ocrx_word' id='word_1_569' title='bbox 3163 1261 3424 1330; x_wconf 88' lang='lat' dir='ltr'><strong>responde</strong></span> <span class='ocrx_word' id='word_1_570' title='bbox 3446 1279 3553 1332; x_wconf 87' lang='lat' dir='ltr'><strong>quo</strong></span> 
     </span>
    </p>
   </div>
   <div class='ocr_carea' id='block_1_73' title="bbox 1974 1346 3554 1430">
    <p class='ocr_par' dir='ltr' id='par_1_73' title="bbox 1974 1346 3554 1430">
     <span class='ocr_line' id='line_1_75' title="bbox 1974 1346 3554 1430; baseline 0.005 -31"><span class='ocrx_word' id='word_1_571' title='bbox 1974 1346 2163 1400; x_wconf 90' lang='lat' dir='ltr'><strong>merito</strong></span> <span class='ocrx_word' id='word_1_572' title='bbox 2190 1347 2404 1416; x_wconf 89' lang='lat' dir='ltr'><strong>periret,</strong></span> <span class='ocrx_word' id='word_1_573' title='bbox 2431 1363 2587 1430; x_wconf 76' lang='lat' dir='ltr'><strong>quept</strong></span> <span class='ocrx_word' id='word_1_574' title='bbox 2612 1363 2776 1420; x_wconf 87' lang='lat' dir='ltr'><strong>negas</strong></span> <span class='ocrx_word' id='word_1_575' title='bbox 2797 1349 3040 1420; x_wconf 86' lang='lat' dir='ltr'><strong>originali</strong></span> <span class='ocrx_word' id='word_1_576' title='bbox 3067 1350 3356 1406; x_wconf 74' lang='lat' dir='ltr'><strong>obnoxium</strong></span> <span class='ocrx_word' id='word_1_577' title='bbox 3387 1351 3554 1407; x_wconf 86' lang='lat' dir='ltr'><strong>fuisse</strong></span> 
     </span>
    </p>
   </div>
   <div class='ocr_carea' id='block_1_74' title="bbox 1975 1446 2215 1506">
    <p class='ocr_par' dir='ltr' id='par_1_74' title="bbox 1975 1446 2215 1506">
     <span class='ocr_line' id='line_1_76' title="bbox 1975 1446 2215 1506; baseline 0 -16"><span class='ocrx_word' id='word_1_578' title='bbox 1975 1446 2215 1506; x_wconf 88' lang='lat' dir='ltr'><strong>peccato.</strong></span> 
     </span>
    </p>
   </div>
   <div class='ocr_carea' id='block_1_75' title="bbox 2046 1525 3555 1601">
    <p class='ocr_par' dir='ltr' id='par_1_75' title="bbox 2046 1525 3555 1601">
     <span class='ocr_line' id='line_1_77' title="bbox 2046 1525 3555 1601; baseline 0.004 -21"><span class='ocrx_word' id='word_1_579' title='bbox 2046 1525 2269 1582; x_wconf 75' lang='lat' dir='ltr'><strong>CAPUT</strong></span> <span class='ocrx_word' id='word_1_580' title='bbox 2294 1527 2502 1582; x_wconf 80' lang='lat' dir='ltr'><strong>Xll.—</strong></span> <span class='ocrx_word' id='word_1_581' title='bbox 2523 1529 2611 1584; x_wconf 69' lang='grc'><strong>46.</strong></span> <span class='ocrx_word' id='word_1_582' title='bbox 2653 1527 2772 1585; x_wconf 80' lang='lat' dir='ltr'><strong>Jam</strong></span> <span class='ocrx_word' id='word_1_583' title='bbox 2816 1545 2944 1587; x_wconf 84' lang='lat' dir='ltr'><strong>vero</strong></span> <span class='ocrx_word' id='word_1_584' title='bbox 2971 1549 2990 1586; x_wconf 76' lang='grc' dir='ltr'><strong>ι</strong></span> <span class='ocrx_word' id='word_1_585' title='bbox 3021 1531 3087 1587; x_wconf 93' lang='lat' dir='ltr'><strong>de</strong></span> <span class='ocrx_word' id='word_1_586' title='bbox 3125 1530 3354 1601; x_wconf 83' lang='lat' dir='ltr'><strong>Joseph,</strong></span> <span class='ocrx_word' id='word_1_587' title='bbox 3403 1531 3555 1599; x_wconf 83' lang='lat' dir='ltr'><strong>cujus</strong></span> 
     </span>
    </p>
   </div>
   <div class='ocr_carea' id='block_1_76' title="bbox 1976 1615 3551 1692">
    <p class='ocr_par' dir='ltr' id='par_1_76' title="bbox 1976 1615 3551 1692">
     <span class='ocr_line' id='line_1_78' title="bbox 1976 1615 3551 1692; baseline 0.002 -21"><span class='ocrx_word' id='word_1_588' title='bbox 1976 1615 2193 1672; x_wconf 83' lang='lat' dir='ltr'><strong>Mariam</strong></span> <span class='ocrx_word' id='word_1_589' title='bbox 2227 1637 2246 1670; x_wconf 84' lang='grc'><strong>›</strong></span> <span class='ocrx_word' id='word_1_590' title='bbox 2282 1628 2414 1674; x_wconf 88' lang='lat' dir='ltr'><strong>teste</strong></span> <span class='ocrx_word' id='word_1_591' title='bbox 2438 1619 2726 1691; x_wconf 85' lang='lat' dir='ltr'><strong>Evangelio</strong></span> <span class='ocrx_word' id='word_1_592' title='bbox 2753 1639 2772 1673; x_wconf 84' lang='lat'><strong>(</strong></span> <span class='ocrx_word' id='word_1_593' title='bbox 2805 1621 3084 1692; x_wconf 86' lang='lat' dir='ltr'><strong>coniugem</strong></span> <span class='ocrx_word' id='word_1_594' title='bbox 3118 1639 3137 1673; x_wconf 73' lang='grc' dir='ltr'><strong><em>ι</em></strong></span> <span class='ocrx_word' id='word_1_595' title='bbox 3169 1622 3276 1676; x_wconf 73' lang='lat' dir='ltr'><strong>disi</strong></span> <span class='ocrx_word' id='word_1_596' title='bbox 3308 1620 3410 1692; x_wconf 85' lang='lat' dir='ltr'><strong>(De</strong></span> <span class='ocrx_word' id='word_1_597' title='bbox 3432 1616 3551 1674; x_wconf 79' lang='lat' dir='ltr'><strong>Nu-</strong></span> 
     </span>
    </p>
   </div>
   <div class='ocr_carea' id='block_1_77' title="bbox 1979 1706 3558 1780">
    <p class='ocr_par' dir='ltr' id='par_1_77' title="bbox 1979 1706 3558 1780">
     <span class='ocr_line' id='line_1_79' title="bbox 1979 1706 3558 1780; baseline 0.004 -22"><span class='ocrx_word' id='word_1_598' title='bbox 1979 1707 2094 1778; x_wconf 84' lang='lat' dir='ltr'><strong>ptiis</strong></span> <span class='ocrx_word' id='word_1_599' title='bbox 2119 1716 2163 1760; x_wconf 87' lang='lat' dir='ltr'><strong>et</strong></span> <span class='ocrx_word' id='word_1_600' title='bbox 2184 1706 2734 1778; x_wconf 82' lang='lat' dir='ltr'><strong>Coucupiscentia,-lib.</strong></span> <span class='ocrx_word' id='word_1_601' title='bbox 2762 1711 2812 1777; x_wconf 83' lang='grc'><strong>1,</strong></span> <span class='ocrx_word' id='word_1_602' title='bbox 2841 1727 2894 1766; x_wconf 87' lang='lat' dir='ltr'><strong>n.</strong></span> <span class='ocrx_word' id='word_1_603' title='bbox 2926 1710 3040 1780; x_wconf 78' lang='grc'><strong>12),</strong></span> <span class='ocrx_word' id='word_1_604' title='bbox 3071 1710 3235 1765; x_wconf 88' lang='lat' dir='ltr'><strong>multa</strong></span> <span class='ocrx_word' id='word_1_605' title='bbox 3261 1710 3347 1764; x_wconf 91' lang='lat' dir='ltr'><strong>diu</strong></span> <span class='ocrx_word' id='word_1_606' title='bbox 3375 1711 3558 1780; x_wconf 86' lang='lat' dir='ltr'><strong>dispu-</strong></span> 
     </span>
    </p>
   </div>
   <div class='ocr_carea' id='block_1_78' title="bbox 1980 1801 3552 1867">
    <p class='ocr_par' dir='ltr' id='par_1_78' title="bbox 1980 1801 3552 1867">
     <span class='ocr_line' id='line_1_80' title="bbox 1980 1801 3552 1867; baseline 0.003 -15"><span class='ocrx_word' id='word_1_607' title='bbox 1980 1807 2060 1854; x_wconf 87' lang='lat' dir='ltr'><strong>tas</strong></span> <span class='ocrx_word' id='word_1_608' title='bbox 2087 1807 2270 1853; x_wconf 91' lang='lat' dir='ltr'><strong>contra</strong></span> <span class='ocrx_word' id='word_1_609' title='bbox 2311 1801 2625 1853; x_wconf 90' lang='lat' dir='ltr'><strong>sententiam</strong></span> <span class='ocrx_word' id='word_1_610' title='bbox 2663 1815 2870 1867; x_wconf 88' lang='lat' dir='ltr'><strong>meam,</strong></span> <span class='ocrx_word' id='word_1_611' title='bbox 2903 1811 2955 1856; x_wconf 91' lang='lat' dir='ltr'><strong>et</strong></span> <span class='ocrx_word' id='word_1_612' title='bbox 2983 1802 3195 1857; x_wconf 88' lang='lat' dir='ltr'><strong>conaris</strong></span> <span class='ocrx_word' id='word_1_613' title='bbox 3235 1802 3552 1866; x_wconf 84' lang='lat' dir='ltr'><strong>ostendere,</strong></span> 
     </span>
    </p>
   </div>
   <div class='ocr_carea' id='block_1_79' title="bbox 1984 1889 3556 1962">
    <p class='ocr_par' dir='ltr' id='par_1_79' title="bbox 1984 1889 3556 1962">
     <span class='ocr_line' id='line_1_81' title="bbox 1984 1889 3556 1962; baseline 0.003 -21"><span class='ocrx_word' id='word_1_614' title='bbox 1984 1907 2004 1941; x_wconf 83' lang='grc'><strong>‹</strong></span> <span class='ocrx_word' id='word_1_615' title='bbox 2032 1890 2152 1959; x_wconf 90' lang='lat' dir='ltr'><strong>quia</strong></span> <span class='ocrx_word' id='word_1_616' title='bbox 2181 1890 2492 1944; x_wconf 91' lang='lat' dir='ltr'><strong>concubitus</strong></span> <span class='ocrx_word' id='word_1_617' title='bbox 2532 1889 2730 1958; x_wconf 83' lang='lat' dir='ltr'><strong>defuit,</strong></span> <span class='ocrx_word' id='word_1_618' title='bbox 2780 1891 2926 1946; x_wconf 89' lang='lat' dir='ltr'><strong>nullo</strong></span> <span class='ocrx_word' id='word_1_619' title='bbox 2967 1892 3126 1946; x_wconf 91' lang='lat' dir='ltr'><strong>modo</strong></span> <span class='ocrx_word' id='word_1_620' title='bbox 3167 1891 3327 1947; x_wconf 81' lang='lat' dir='ltr'><strong>fuisse</strong></span> <span class='ocrx_word' id='word_1_621' title='bbox 3366 1892 3556 1962; x_wconf 85' lang='lat' dir='ltr'><strong>coniu-</strong></span> 
     </span>
    </p>
   </div>
   <div class='ocr_carea' id='block_1_80' title="bbox 1979 1979 3559 2052">
    <p class='ocr_par' dir='ltr' id='par_1_80' title="bbox 1979 1979 3559 2052">
     <span class='ocr_line' id='line_1_82' title="bbox 1979 1979 3559 2052; baseline 0.003 -18"><span class='ocrx_word' id='word_1_622' title='bbox 1979 1979 2120 2052; x_wconf 90' lang='lat' dir='ltr'><strong>gium</strong></span> <span class='ocrx_word' id='word_1_623' title='bbox 2147 1996 2161 2033; x_wconf 88' lang='lat'><strong>:</strong></span> <span class='ocrx_word' id='word_1_624' title='bbox 2193 2000 2211 2034; x_wconf 72' lang='grc' dir='ltr'><strong><em>ι</em></strong></span> <span class='ocrx_word' id='word_1_625' title='bbox 2243 1996 2306 2036; x_wconf 91' lang='lat' dir='ltr'><strong>ac</strong></span> <span class='ocrx_word' id='word_1_626' title='bbox 2332 1997 2427 2052; x_wconf 89' lang='lat' dir='ltr'><strong>per</strong></span> <span class='ocrx_word' id='word_1_627' title='bbox 2453 1981 2582 2048; x_wconf 91' lang='lat' dir='ltr'><strong>hoc,</strong></span> <span class='ocrx_word' id='word_1_628' title='bbox 2613 1982 2907 2038; x_wconf 88' lang='lat' dir='ltr'><strong>secundum</strong></span> <span class='ocrx_word' id='word_1_629' title='bbox 2950 1991 3002 2038; x_wconf 88' lang='lat' dir='ltr'><strong>te</strong></span> <span class='ocrx_word' id='word_1_630' title='bbox 3027 2024 3041 2047; x_wconf 90' lang='lat'><strong>,</strong></span> <span class='ocrx_word' id='word_1_631' title='bbox 3086 1998 3209 2038; x_wconf 91' lang='lat' dir='ltr'><strong>cum</strong></span> <span class='ocrx_word' id='word_1_632' title='bbox 3258 1982 3559 2039; x_wconf 80' lang='lat' dir='ltr'><strong>destiterint</strong></span> 
     </span>
    </p>
   </div>
   <div class='ocr_carea' id='block_1_81' title="bbox 1979 2070 3562 2144">
    <p class='ocr_par' dir='ltr' id='par_1_81' title="bbox 1979 2070 3562 2144">
     <span class='ocr_line' id='line_1_83' title="bbox 1979 2070 3562 2144; baseline 0.003 -20"><span class='ocrx_word' id='word_1_633' title='bbox 1979 2071 2332 2126; x_wconf 90' lang='lat' dir='ltr'><strong>concumbere</strong></span> <span class='ocrx_word' id='word_1_634' title='bbox 2356 2070 2628 2141; x_wconf 89' lang='lat' dir='ltr'><strong>coniuges,</strong></span> <span class='ocrx_word' id='word_1_635' title='bbox 2655 2071 2766 2142; x_wconf 91' lang='lat' dir='ltr'><strong>iam</strong></span> <span class='ocrx_word' id='word_1_636' title='bbox 2797 2087 2903 2128; x_wconf 91' lang='lat' dir='ltr'><strong>non</strong></span> <span class='ocrx_word' id='word_1_637' title='bbox 2925 2083 3079 2128; x_wconf 88' lang='lat' dir='ltr'><strong>erunt</strong></span> <span class='ocrx_word' id='word_1_638' title='bbox 3098 2073 3373 2144; x_wconf 88' lang='lat' dir='ltr'><strong>coniuges,</strong></span> <span class='ocrx_word' id='word_1_639' title='bbox 3403 2087 3450 2128; x_wconf 90' lang='lat' dir='ltr'><strong>et</strong></span> <span class='ocrx_word' id='word_1_640' title='bbox 3477 2073 3562 2128; x_wconf 85' lang='lat' dir='ltr'><strong>di-</strong></span> 
     </span>
    </p>
   </div>
   <div class='ocr_carea' id='block_1_82' title="bbox 1981 2159 3560 2234">
    <p class='ocr_par' dir='ltr' id='par_1_82' title="bbox 1981 2159 3560 2234">
     <span class='ocr_line' id='line_1_84' title="bbox 1981 2159 3560 2234; baseline 0.003 -22"><span class='ocrx_word' id='word_1_641' title='bbox 1981 2160 2208 2213; x_wconf 89' lang='lat' dir='ltr'><strong>vortium</strong></span> <span class='ocrx_word' id='word_1_642' title='bbox 2237 2161 2340 2214; x_wconf 89' lang='lat' dir='ltr'><strong>erit</strong></span> <span class='ocrx_word' id='word_1_643' title='bbox 2377 2159 2466 2215; x_wconf 87' lang='lat' dir='ltr'><strong>illa</strong></span> <span class='ocrx_word' id='word_1_644' title='bbox 2508 2162 2755 2216; x_wconf 90' lang='lat' dir='ltr'><strong>cessatio.</strong></span> <span class='ocrx_word' id='word_1_645' title='bbox 2786 2161 2938 2228; x_wconf 79' lang='lat' dir='ltr'><strong>Quod</strong></span> <span class='ocrx_word' id='word_1_646' title='bbox 2966 2177 3032 2218; x_wconf 90' lang='lat' dir='ltr'><strong>ne</strong></span> <span class='ocrx_word' id='word_1_647' title='bbox 3056 2164 3359 2234; x_wconf 82' lang='lat' dir='ltr'><strong>contingat,</strong></span> <span class='ocrx_word' id='word_1_648' title='bbox 3402 2173 3560 2232; x_wconf 85' lang='lat' dir='ltr'><strong>agant</strong></span> 
     </span>
    </p>
   </div>
   <div class='ocr_carea' id='block_1_83' title="bbox 1982 2250 3560 2322">
    <p class='ocr_par' dir='ltr' id='par_1_83' title="bbox 1982 2250 3560 2322">
     <span class='ocr_line' id='line_1_85' title="bbox 1982 2250 3560 2322; baseline 0.003 -19"><span class='ocrx_word' id='word_1_649' title='bbox 1982 2250 2118 2304; x_wconf 90' lang='lat' dir='ltr'><strong>sicut</strong></span> <span class='ocrx_word' id='word_1_650' title='bbox 2144 2260 2365 2321; x_wconf 91' lang='lat' dir='ltr'><strong>possunt</strong></span> <span class='ocrx_word' id='word_1_651' title='bbox 2393 2250 2648 2322; x_wconf 78' lang='lat' dir='ltr'><strong>decrepiti</strong></span> <span class='ocrx_word' id='word_1_652' title='bbox 2687 2252 2830 2322; x_wconf 89' lang='lat' dir='ltr'><strong>quod</strong></span> <span class='ocrx_word' id='word_1_653' title='bbox 2865 2254 3090 2322; x_wconf 87' lang='lat' dir='ltr'><strong>juvenes</strong></span> <span class='ocrx_word' id='word_1_654' title='bbox 3121 2254 3378 2322; x_wconf 84' lang='lat' dir='ltr'><strong>agebant,</strong></span> <span class='ocrx_word' id='word_1_655' title='bbox 3412 2265 3466 2310; x_wconf 92' lang='lat' dir='ltr'><strong>et</strong></span> <span class='ocrx_word' id='word_1_656' title='bbox 3491 2253 3560 2309; x_wconf 90' lang='lat' dir='ltr'><strong>ab</strong></span> 
     </span>
    </p>
   </div>
   <div class='ocr_carea' id='block_1_84' title="bbox 1983 2331 3564 2412">
    <p class='ocr_par' dir='ltr' id='par_1_84' title="bbox 1983 2331 3564 2412">
     <span class='ocr_line' id='line_1_86' title="bbox 1983 2331 3564 2412; baseline 0.004 -18"><span class='ocrx_word' id='word_1_657' title='bbox 1983 2339 2085 2395; x_wconf 93' lang='lat' dir='ltr'><strong>hoc</strong></span> <span class='ocrx_word' id='word_1_658' title='bbox 2103 2357 2265 2411; x_wconf 88' lang='lat' dir='ltr'><strong>opere</strong></span> <span class='ocrx_word' id='word_1_659' title='bbox 2284 2359 2390 2412; x_wconf 88' lang='lat' dir='ltr'><strong>quo</strong></span> <span class='ocrx_word' id='word_1_660' title='bbox 2409 2343 2569 2398; x_wconf 89' lang='lat' dir='ltr'><strong>etiam</strong></span> <span class='ocrx_word' id='word_1_661' title='bbox 2589 2331 2868 2398; x_wconf 86' lang='lat' dir='ltr'><strong>continens</strong></span> <span class='ocrx_word' id='word_1_662' title='bbox 2891 2343 3109 2400; x_wconf 88' lang='lat' dir='ltr'><strong>nimium</strong></span> <span class='ocrx_word' id='word_1_663' title='bbox 3136 2342 3439 2408; x_wconf 83' lang='lat' dir='ltr'><strong>delectaris,</strong></span> <span class='ocrx_word' id='word_1_664' title='bbox 3465 2361 3564 2400; x_wconf 89' lang='lat' dir='ltr'><strong>nec</strong></span> 
     </span>
    </p>
   </div>
   <div class='ocr_carea' id='block_1_85' title="bbox 1983 2432 3566 2507">
    <p class='ocr_par' dir='ltr' id='par_1_85' title="bbox 1983 2432 3566 2507">
     <span class='ocr_line' id='line_1_87' title="bbox 1983 2432 3566 2507; baseline 0.001 -21"><span class='ocrx_word' id='word_1_665' title='bbox 1983 2432 2215 2486; x_wconf 80' lang='lat' dir='ltr'><strong>eﬁ‘oetis&#39;</strong></span> <span class='ocrx_word' id='word_1_666' title='bbox 2241 2441 2398 2487; x_wconf 64' lang='lat' dir='ltr'><strong>attate</strong></span> <span class='ocrx_word' id='word_1_667' title='bbox 2436 2433 2748 2504; x_wconf 87' lang='lat' dir='ltr'><strong>corporibus</strong></span> <span class='ocrx_word' id='word_1_668' title='bbox 2795 2444 3034 2504; x_wconf 89' lang='lat' dir='ltr'><strong>parcant.</strong></span> <span class='ocrx_word' id='word_1_669' title='bbox 3075 2433 3187 2490; x_wconf 84' lang='lat' dir='ltr'><strong>Non</strong></span> <span class='ocrx_word' id='word_1_670' title='bbox 3232 2450 3294 2491; x_wconf 85' lang='lat' dir='ltr'><strong>se</strong></span> <span class='ocrx_word' id='word_1_671' title='bbox 3333 2437 3566 2507; x_wconf 74' lang='lat' dir='ltr'><strong>cogitent</strong></span> 
     </span>
    </p>
   </div>
   <div class='ocr_carea' id='block_1_86' title="bbox 1984 2523 3568 2595">
    <p class='ocr_par' dir='ltr' id='par_1_86' title="bbox 1984 2523 3568 2595">
     <span class='ocr_line' id='line_1_88' title="bbox 1984 2523 3568 2595; baseline 0.002 -19"><span class='ocrx_word' id='word_1_672' title='bbox 1984 2533 2237 2595; x_wconf 90' lang='lat' dir='ltr'><strong>quantum</strong></span> <span class='ocrx_word' id='word_1_673' title='bbox 2265 2523 2332 2579; x_wconf 90' lang='lat' dir='ltr'><strong>ad</strong></span> <span class='ocrx_word' id='word_1_674' title='bbox 2369 2524 2600 2580; x_wconf 89' lang='lat' dir='ltr'><strong>libidinis</strong></span> <span class='ocrx_word' id='word_1_675' title='bbox 2643 2525 2833 2581; x_wconf 86' lang='lat' dir='ltr'><strong>attinet</strong></span> <span class='ocrx_word' id='word_1_676' title='bbox 2876 2525 3172 2593; x_wconf 87' lang='lat' dir='ltr'><strong>incentiva,</strong></span> <span class='ocrx_word' id='word_1_677' title='bbox 3201 2527 3475 2592; x_wconf 87' lang='lat' dir='ltr'><strong>senuisse,</strong></span> <span class='ocrx_word' id='word_1_678' title='bbox 3510 2538 3568 2580; x_wconf 89' lang='lat' dir='ltr'><strong>ut</strong></span> 
     </span>
    </p>
   </div>
   <div class='ocr_carea' id='block_1_87' title="bbox 1987 2613 3568 2688">
    <p class='ocr_par' dir='ltr' id='par_1_87' title="bbox 1987 2613 3568 2688">
     <span class='ocr_line' id='line_1_89' title="bbox 1987 2613 3568 2688; baseline 0.003 -20"><span class='ocrx_word' id='word_1_679' title='bbox 1987 2615 2190 2685; x_wconf 89' lang='lat' dir='ltr'><strong>possint</strong></span> <span class='ocrx_word' id='word_1_680' title='bbox 2215 2613 2468 2686; x_wconf 85' lang='lat' dir='ltr'><strong>coniuges</strong></span> <span class='ocrx_word' id='word_1_681' title='bbox 2499 2631 2827 2686; x_wconf 88' lang='lat' dir='ltr'><strong>permanere.</strong></span> <span class='ocrx_word' id='word_1_682' title='bbox 2855 2616 2911 2673; x_wconf 86' lang='lat' dir='ltr'><strong>Si</strong></span> <span class='ocrx_word' id='word_1_683' title='bbox 2938 2616 3041 2673; x_wconf 89' lang='lat' dir='ltr'><strong>hoc</strong></span> <span class='ocrx_word' id='word_1_684' title='bbox 3070 2617 3162 2674; x_wconf 88' lang='lat' dir='ltr'><strong>tibi</strong></span> <span class='ocrx_word' id='word_1_685' title='bbox 3191 2618 3383 2688; x_wconf 54' lang='lat' dir='ltr'><strong>placet,</strong></span> <span class='ocrx_word' id='word_1_686' title='bbox 3411 2629 3466 2672; x_wconf 93' lang='lat' dir='ltr'><strong>tu</strong></span> <span class='ocrx_word' id='word_1_687' title='bbox 3491 2618 3568 2672; x_wconf 86' lang='lat' dir='ltr'><strong>vi-</strong></span> 
     </span>
    </p>
   </div>
   <div class='ocr_carea' id='block_1_88' title="bbox 1986 2705 3566 2781">
    <p class='ocr_par' dir='ltr' id='par_1_88' title="bbox 1986 2705 3566 2781">
     <span class='ocr_line' id='line_1_90' title="bbox 1986 2705 3566 2781; baseline 0.004 -21"><span class='ocrx_word' id='word_1_688' title='bbox 1986 2705 2148 2761; x_wconf 89' lang='lat' dir='ltr'><strong>deris.</strong></span> <span class='ocrx_word' id='word_1_689' title='bbox 2189 2708 2301 2777; x_wconf 77' lang='lat' dir='ltr'><strong>Ego</strong></span> <span class='ocrx_word' id='word_1_690' title='bbox 2341 2714 2517 2762; x_wconf 88' lang='lat' dir='ltr'><strong>autem</strong></span> <span class='ocrx_word' id='word_1_691' title='bbox 2565 2705 2726 2781; x_wconf 89' lang='lat' dir='ltr'><strong>(quia</strong></span> <span class='ocrx_word' id='word_1_692' title='bbox 2771 2707 3062 2766; x_wconf 89' lang='lat' dir='ltr'><strong>liberorum</strong></span> <span class='ocrx_word' id='word_1_693' title='bbox 3113 2710 3566 2781; x_wconf 78' lang='lat' dir='ltr'><strong>procreandorum</strong></span> 
     </span>
    </p>
   </div>
   <div class='ocr_carea' id='block_1_89' title="bbox 1987 2798 3567 2868">
    <p class='ocr_par' dir='ltr' id='par_1_89' title="bbox 1987 2798 3567 2868">
     <span class='ocr_line' id='line_1_91' title="bbox 1987 2798 3567 2868; baseline 0.003 -13"><span class='ocrx_word' id='word_1_694' title='bbox 1987 2813 2146 2855; x_wconf 91' lang='lat' dir='ltr'><strong>causa</strong></span> <span class='ocrx_word' id='word_1_695' title='bbox 2172 2813 2365 2855; x_wconf 74' lang='lat' dir='ltr'><strong>uxores</strong></span> <span class='ocrx_word' id='word_1_696' title='bbox 2394 2815 2514 2856; x_wconf 89' lang='lat' dir='ltr'><strong>esse</strong></span> <span class='ocrx_word' id='word_1_697' title='bbox 2541 2798 2810 2856; x_wconf 89' lang='lat' dir='ltr'><strong>ducendas</strong></span> <span class='ocrx_word' id='word_1_698' title='bbox 2832 2843 2848 2868; x_wconf 90' lang='lat'><strong>,</strong></span> <span class='ocrx_word' id='word_1_699' title='bbox 2877 2801 3128 2858; x_wconf 88' lang='lat' dir='ltr'><strong>honestas</strong></span> <span class='ocrx_word' id='word_1_700' title='bbox 3167 2804 3434 2858; x_wconf 89' lang='lat' dir='ltr'><strong>consentit</strong></span> <span class='ocrx_word' id='word_1_701' title='bbox 3462 2803 3567 2859; x_wconf 86' lang='lat' dir='ltr'><strong>hu-</strong></span> 
     </span>
    </p>
   </div>
   <div class='ocr_carea' id='block_1_90' title="bbox 1988 2889 3559 2969">
    <p class='ocr_par' dir='ltr' id='par_1_90' title="bbox 1988 2889 3559 2969">
     <span class='ocr_line' id='line_1_92' title="bbox 1988 2889 3559 2969; baseline 0.002 -22"><span class='ocrx_word' id='word_1_702' title='bbox 1988 2907 2162 2958; x_wconf 85' lang='lat' dir='ltr'><strong>mana,</strong></span> <span class='ocrx_word' id='word_1_703' title='bbox 2196 2889 2430 2962; x_wconf 88' lang='lat' dir='ltr'><strong>quolibet</strong></span> <span class='ocrx_word' id='word_1_704' title='bbox 2454 2892 2613 2948; x_wconf 88' lang='lat' dir='ltr'><strong>modo</strong></span> <span class='ocrx_word' id='word_1_705' title='bbox 2638 2893 2842 2950; x_wconf 87' lang='lat' dir='ltr'><strong>libidini</strong></span> <span class='ocrx_word' id='word_1_706' title='bbox 2869 2895 3024 2950; x_wconf 90' lang='lat' dir='ltr'><strong>cedat</strong></span> <span class='ocrx_word' id='word_1_707' title='bbox 3053 2894 3388 2969; x_wconf 87' lang='lat' dir='ltr'><strong>inﬁrmitas).</strong></span> <span class='ocrx_word' id='word_1_708' title='bbox 3416 2912 3526 2967; x_wconf 80' lang='lat' dir='ltr'><strong>prze</strong></span> <span class='ocrx_word' id='word_1_709' title='bbox 3545 2928 3559 2938; x_wconf 92' lang='lat'><strong>-</strong></span> 
     </span>
    </p>
   </div>
   <div class='ocr_carea' id='block_1_91' title="bbox 1991 2982 3566 3058">
    <p class='ocr_par' dir='ltr' id='par_1_91' title="bbox 1991 2982 3566 3058">
     <span class='ocr_line' id='line_1_93' title="bbox 1991 2982 3566 3058; baseline 0.003 -20"><span class='ocrx_word' id='word_1_710' title='bbox 1991 2993 2072 3039; x_wconf 87' lang='lat' dir='ltr'><strong>ter</strong></span> <span class='ocrx_word' id='word_1_711' title='bbox 2097 2982 2254 3038; x_wconf 91' lang='lat' dir='ltr'><strong>ﬁdem</strong></span> <span class='ocrx_word' id='word_1_712' title='bbox 2279 2999 2436 3054; x_wconf 91' lang='lat' dir='ltr'><strong>quam</strong></span> <span class='ocrx_word' id='word_1_713' title='bbox 2464 2984 2563 3039; x_wconf 91' lang='lat' dir='ltr'><strong>sibi</strong></span> <span class='ocrx_word' id='word_1_714' title='bbox 2591 2985 2786 3041; x_wconf 89' lang='lat' dir='ltr'><strong>debent</strong></span> <span class='ocrx_word' id='word_1_715' title='bbox 2809 2987 3082 3058; x_wconf 83' lang='lat' dir='ltr'><strong>coniuges,</strong></span> <span class='ocrx_word' id='word_1_716' title='bbox 3110 3002 3179 3043; x_wconf 89' lang='lat' dir='ltr'><strong>ne</strong></span> <span class='ocrx_word' id='word_1_717' title='bbox 3203 2987 3332 3042; x_wconf 89' lang='lat' dir='ltr'><strong>ﬁant</strong></span> <span class='ocrx_word' id='word_1_718' title='bbox 3354 2987 3566 3042; x_wconf 88' lang='lat' dir='ltr'><strong>adulte-</strong></span> 
     </span>
    </p>
   </div>
   <div class='ocr_carea' id='block_1_92' title="bbox 1989 3071 3566 3151">
    <p class='ocr_par' dir='ltr' id='par_1_92' title="bbox 1989 3071 3566 3151">
     <span class='ocr_line' id='line_1_94' title="bbox 1989 3071 3566 3151; baseline 0.003 -21"><span class='ocrx_word' id='word_1_719' title='bbox 1989 3074 2089 3141; x_wconf 89' lang='lat' dir='ltr'><strong>ria,</strong></span> <span class='ocrx_word' id='word_1_720' title='bbox 2118 3083 2171 3129; x_wconf 93' lang='lat' dir='ltr'><strong>et</strong></span> <span class='ocrx_word' id='word_1_721' title='bbox 2195 3075 2396 3145; x_wconf 90' lang='lat' dir='ltr'><strong>prolem</strong></span> <span class='ocrx_word' id='word_1_722' title='bbox 2424 3075 2575 3146; x_wconf 89' lang='lat' dir='ltr'><strong>cuius</strong></span> <span class='ocrx_word' id='word_1_723' title='bbox 2602 3076 2921 3146; x_wconf 68' lang='lat' dir='ltr'><strong>generantia:</strong></span> <span class='ocrx_word' id='word_1_724' title='bbox 2949 3071 3108 3134; x_wconf 82' lang='lat' dir='ltr'><strong>causa</strong></span> <span class='ocrx_word' id='word_1_725' title='bbox 3151 3093 3310 3134; x_wconf 78' lang='lat' dir='ltr'><strong>sexus</strong></span> <span class='ocrx_word' id='word_1_726' title='bbox 3339 3088 3566 3151; x_wconf 85' lang='lat' dir='ltr'><strong>uterque</strong></span> 
     </span>
    </p>
   </div>
   <div class='ocr_carea' id='block_1_93' title="bbox 1991 3163 3570 3241">
    <p class='ocr_par' dir='ltr' id='par_1_93' title="bbox 1991 3163 3570 3241">
     <span class='ocr_line' id='line_1_95' title="bbox 1991 3163 3570 3241; baseline 0.003 -22"><span class='ocrx_word' id='word_1_727' title='bbox 1991 3163 2296 3220; x_wconf 90' lang='lat' dir='ltr'><strong>miscendus</strong></span> <span class='ocrx_word' id='word_1_728' title='bbox 2338 3173 2453 3230; x_wconf 90' lang='lat' dir='ltr'><strong>est,</strong></span> <span class='ocrx_word' id='word_1_729' title='bbox 2499 3164 2700 3221; x_wconf 88' lang='lat' dir='ltr'><strong>adverti</strong></span> <span class='ocrx_word' id='word_1_730' title='bbox 2742 3167 2900 3221; x_wconf 89' lang='lat' dir='ltr'><strong>etiam</strong></span> <span class='ocrx_word' id='word_1_731' title='bbox 2946 3168 3159 3223; x_wconf 91' lang='lat' dir='ltr'><strong>tertium</strong></span> <span class='ocrx_word' id='word_1_732' title='bbox 3201 3169 3397 3224; x_wconf 92' lang='lat' dir='ltr'><strong>bonum</strong></span> <span class='ocrx_word' id='word_1_733' title='bbox 3426 3170 3570 3241; x_wconf 88' lang='lat' dir='ltr'><strong>quod</strong></span> 
     </span>
    </p>
   </div>
   <div class='ocr_carea' id='block_1_94' title="bbox 1991 3256 3568 3332">
    <p class='ocr_par' dir='ltr' id='par_1_94' title="bbox 1991 3256 3568 3332">
     <span class='ocr_line' id='line_1_96' title="bbox 1991 3256 3568 3332; baseline 0.003 -19"><span class='ocrx_word' id='word_1_734' title='bbox 1991 3273 2111 3313; x_wconf 87' lang='lat' dir='ltr'><strong>esse</strong></span> <span class='ocrx_word' id='word_1_735' title='bbox 2139 3257 2190 3311; x_wconf 92' lang='lat' dir='ltr'><strong>in</strong></span> <span class='ocrx_word' id='word_1_736' title='bbox 2225 3256 2533 3328; x_wconf 88' lang='lat' dir='ltr'><strong>coniugibus</strong></span> <span class='ocrx_word' id='word_1_737' title='bbox 2576 3258 2765 3325; x_wconf 87' lang='lat' dir='ltr'><strong>debet,</strong></span> <span class='ocrx_word' id='word_1_738' title='bbox 2795 3261 3026 3317; x_wconf 84' lang='lat' dir='ltr'><strong>maxime</strong></span> <span class='ocrx_word' id='word_1_739' title='bbox 3074 3262 3462 3332; x_wconf 85' lang='lat' dir='ltr'><strong>pertinentibus</strong></span> <span class='ocrx_word' id='word_1_740' title='bbox 3499 3259 3568 3318; x_wconf 87' lang='lat' dir='ltr'><strong>ad</strong></span> 
     </span>
    </p>
   </div>
   <div class='ocr_carea' id='block_1_95' title="bbox 1995 3347 3566 3426">
    <p class='ocr_par' dir='ltr' id='par_1_95' title="bbox 1995 3347 3566 3426">
     <span class='ocr_line' id='line_1_97' title="bbox 1995 3347 3566 3426; baseline 0.004 -23"><span class='ocrx_word' id='word_1_741' title='bbox 1995 3350 2242 3420; x_wconf 87' lang='lat' dir='ltr'><strong>p0pulum</strong></span> <span class='ocrx_word' id='word_1_742' title='bbox 2274 3348 2399 3416; x_wconf 87' lang='lat' dir='ltr'><strong>Dei,</strong></span> <span class='ocrx_word' id='word_1_743' title='bbox 2431 3347 2568 3421; x_wconf 85' lang='lat' dir='ltr'><strong>quod</strong></span> <span class='ocrx_word' id='word_1_744' title='bbox 2598 3347 2724 3406; x_wconf 91' lang='lat' dir='ltr'><strong>mihi</strong></span> <span class='ocrx_word' id='word_1_745' title='bbox 2751 3353 2925 3408; x_wconf 84' lang='lat' dir='ltr'><strong>visum</strong></span> <span class='ocrx_word' id='word_1_746' title='bbox 2964 3364 3046 3410; x_wconf 91' lang='lat' dir='ltr'><strong>est</strong></span> <span class='ocrx_word' id='word_1_747' title='bbox 3083 3370 3202 3411; x_wconf 88' lang='lat' dir='ltr'><strong>esse</strong></span> <span class='ocrx_word' id='word_1_748' title='bbox 3235 3353 3448 3426; x_wconf 87' lang='lat' dir='ltr'><strong>aliquod</strong></span> <span class='ocrx_word' id='word_1_749' title='bbox 3476 3370 3566 3411; x_wconf 58' lang='lat' dir='ltr'><strong>sa-</strong></span> 
     </span>
    </p>
   </div>
   <div class='ocr_carea' id='block_1_96' title="bbox 1992 3440 3568 3516">
    <p class='ocr_par' dir='ltr' id='par_1_96' title="bbox 1992 3440 3568 3516">
     <span class='ocr_line' id='line_1_98' title="bbox 1992 3440 3568 3516; baseline 0.004 -22"><span class='ocrx_word' id='word_1_750' title='bbox 1992 3448 2339 3505; x_wconf 90' lang='lat' dir='ltr'><strong>cramentum,</strong></span> <span class='ocrx_word' id='word_1_751' title='bbox 2375 3455 2443 3496; x_wconf 90' lang='lat' dir='ltr'><strong>ne</strong></span> <span class='ocrx_word' id='word_1_752' title='bbox 2473 3440 2756 3497; x_wconf 79' lang='lat' dir='ltr'><strong>divortium</strong></span> <span class='ocrx_word' id='word_1_753' title='bbox 2785 3442 2874 3498; x_wconf 86' lang='lat' dir='ltr'><strong>fiat</strong></span> <span class='ocrx_word' id='word_1_754' title='bbox 2903 3445 2985 3499; x_wconf 92' lang='lat' dir='ltr'><strong>vel</strong></span> <span class='ocrx_word' id='word_1_755' title='bbox 3015 3446 3082 3500; x_wconf 86' lang='lat' dir='ltr'><strong>ab</strong></span> <span class='ocrx_word' id='word_1_756' title='bbox 3111 3461 3172 3501; x_wconf 91' lang='lat' dir='ltr'><strong>ea</strong></span> <span class='ocrx_word' id='word_1_757' title='bbox 3199 3445 3422 3516; x_wconf 87' lang='lat' dir='ltr'><strong>coniuge</strong></span> <span class='ocrx_word' id='word_1_758' title='bbox 3448 3461 3568 3516; x_wconf 68' lang='lat' dir='ltr'><strong>qua:</strong></span> 
     </span>
    </p>
   </div>
   <div class='ocr_carea' id='block_1_97' title="bbox 1994 3533 3573 3607">
    <p class='ocr_par' dir='ltr' id='par_1_97' title="bbox 1994 3533 3573 3607">
     <span class='ocr_line' id='line_1_99' title="bbox 1994 3533 3573 3607; baseline 0.005 -23"><span class='ocrx_word' id='word_1_759' title='bbox 1994 3546 2099 3585; x_wconf 89' lang='lat' dir='ltr'><strong>non</strong></span> <span class='ocrx_word' id='word_1_760' title='bbox 2131 3539 2304 3600; x_wconf 90' lang='lat' dir='ltr'><strong>potest</strong></span> <span class='ocrx_word' id='word_1_761' title='bbox 2331 3539 2518 3602; x_wconf 79' lang='lat' dir='ltr'><strong>parere</strong></span> <span class='ocrx_word' id='word_1_762' title='bbox 2537 3574 2551 3597; x_wconf 94' lang='lat'><strong>,</strong></span> <span class='ocrx_word' id='word_1_763' title='bbox 2581 3533 2664 3588; x_wconf 87' lang='lat' dir='ltr'><strong>vel</strong></span> <span class='ocrx_word' id='word_1_764' title='bbox 2703 3534 2838 3591; x_wconf 89' lang='lat' dir='ltr'><strong>sicut</strong></span> <span class='ocrx_word' id='word_1_765' title='bbox 2870 3535 3058 3592; x_wconf 89' lang='lat' dir='ltr'><strong>fecisse</strong></span> <span class='ocrx_word' id='word_1_766' title='bbox 3089 3537 3216 3592; x_wconf 89' lang='lat' dir='ltr'><strong>Cato</strong></span> <span class='ocrx_word' id='word_1_767' title='bbox 3264 3537 3573 3607; x_wconf 82' lang='lat' dir='ltr'><strong>perhibetur</strong></span> 
     </span>
    </p>
   </div>
   <div class='ocr_carea' id='block_1_98' title="bbox 1997 3623 3574 3698">
    <p class='ocr_par' dir='ltr' id='par_1_98' title="bbox 1997 3623 3574 3698">
     <span class='ocr_line' id='line_1_100' title="bbox 1997 3623 3574 3698; baseline 0.004 -22"><span class='ocrx_word' id='word_1_768' title='bbox 1997 3623 2286 3697; x_wconf 77' lang='lat' dir='ltr'><strong>(Plutarch.</strong></span> <span class='ocrx_word' id='word_1_769' title='bbox 2312 3626 2364 3678; x_wconf 79' lang='lat' dir='ltr'><strong>in</strong></span> <span class='ocrx_word' id='word_1_770' title='bbox 2390 3624 2498 3696; x_wconf 80' lang='lat' dir='ltr'><strong>ejus</strong></span> <span class='ocrx_word' id='word_1_771' title='bbox 2529 3623 2666 3694; x_wconf 78' lang='lat' dir='ltr'><strong>Vita,</strong></span> <span class='ocrx_word' id='word_1_772' title='bbox 2695 3639 2740 3681; x_wconf 82' lang='lat' dir='ltr'><strong>ct</strong></span> <span class='ocrx_word' id='word_1_773' title='bbox 2767 3627 2957 3683; x_wconf 84' lang='lat' dir='ltr'><strong>Lucan.</strong></span> <span class='ocrx_word' id='word_1_774' title='bbox 2987 3629 3073 3684; x_wconf 88' lang='lat' dir='ltr'><strong>lib.</strong></span> <span class='ocrx_word' id='word_1_775' title='bbox 3095 3628 3176 3698; x_wconf 70' lang='lat'><strong>‘3).</strong></span> <span class='ocrx_word' id='word_1_776' title='bbox 3204 3643 3271 3684; x_wconf 89' lang='lat' dir='ltr'><strong>ne</strong></span> <span class='ocrx_word' id='word_1_777' title='bbox 3289 3629 3357 3682; x_wconf 84' lang='lat' dir='ltr'><strong>ab</strong></span> <span class='ocrx_word' id='word_1_778' title='bbox 3373 3643 3440 3683; x_wconf 90' lang='lat' dir='ltr'><strong>eo</strong></span> <span class='ocrx_word' id='word_1_779' title='bbox 3458 3629 3574 3683; x_wconf 81' lang='lat' dir='ltr'><strong>viro</strong></span> 
     </span>
    </p>
   </div>
   <div class='ocr_carea' id='block_1_99' title="bbox 1993 3713 3572 3789">
    <p class='ocr_par' dir='ltr' id='par_1_99' title="bbox 1993 3713 3572 3789">
     <span class='ocr_line' id='line_1_101' title="bbox 1993 3713 3572 3789; baseline 0.004 -22"><span class='ocrx_word' id='word_1_780' title='bbox 1993 3715 2082 3785; x_wconf 90' lang='lat' dir='ltr'><strong>qui</strong></span> <span class='ocrx_word' id='word_1_781' title='bbox 2113 3713 2288 3784; x_wconf 85' lang='lat' dir='ltr'><strong>plures</strong></span> <span class='ocrx_word' id='word_1_782' title='bbox 2306 3727 2410 3771; x_wconf 90' lang='lat' dir='ltr'><strong>non</strong></span> <span class='ocrx_word' id='word_1_783' title='bbox 2432 3718 2544 3773; x_wconf 77' lang='lat' dir='ltr'><strong>volt</strong></span> <span class='ocrx_word' id='word_1_784' title='bbox 2569 3720 2840 3789; x_wconf 85' lang='lat' dir='ltr'><strong>suscipere</strong></span> <span class='ocrx_word' id='word_1_785' title='bbox 2862 3719 3022 3787; x_wconf 78' lang='lat' dir='ltr'><strong>illius,</strong></span> <span class='ocrx_word' id='word_1_786' title='bbox 3047 3719 3198 3774; x_wconf 88' lang='lat' dir='ltr'><strong>alteri</strong></span> <span class='ocrx_word' id='word_1_787' title='bbox 3225 3717 3435 3775; x_wconf 68' lang='lat' dir='ltr'><strong>retanda</strong></span> <span class='ocrx_word' id='word_1_788' title='bbox 3461 3730 3572 3774; x_wconf 85' lang='lat' dir='ltr'><strong>tra-</strong></span> 
     </span>
    </p>
   </div>
   <div class='ocr_carea' id='block_1_100' title="bbox 1994 3799 3569 3881">
    <p class='ocr_par' dir='ltr' id='par_1_100' title="bbox 1994 3799 3569 3881">
     <span class='ocr_line' id='line_1_102' title="bbox 1994 3799 3569 3881; baseline 0.003 -23"><span class='ocrx_word' id='word_1_789' title='bbox 1994 3803 2151 3858; x_wconf 72' lang='lat' dir='ltr'><strong>datur</strong></span> <span class='ocrx_word' id='word_1_790' title='bbox 2175 3803 2193 3875; x_wconf 94' lang='lat'><strong>(</strong></span> <span class='ocrx_word' id='word_1_791' title='bbox 2218 3799 2294 3862; x_wconf 81' lang='lat' dir='ltr'><strong>De</strong></span> <span class='ocrx_word' id='word_1_792' title='bbox 2332 3805 2542 3876; x_wconf 83' lang='lat' dir='ltr'><strong>Nuptiis</strong></span> <span class='ocrx_word' id='word_1_793' title='bbox 2581 3822 2625 3862; x_wconf 80' lang='lat' dir='ltr'><strong>et</strong></span> <span class='ocrx_word' id='word_1_794' title='bbox 2652 3807 3084 3878; x_wconf 79' lang='lat' dir='ltr'><strong>Concupisceutia,</strong></span> <span class='ocrx_word' id='word_1_795' title='bbox 3127 3807 3214 3864; x_wconf 81' lang='lat' dir='ltr'><strong>lib.</strong></span> <span class='ocrx_word' id='word_1_796' title='bbox 3263 3810 3317 3875; x_wconf 88' lang='grc'><strong>1,</strong></span> <span class='ocrx_word' id='word_1_797' title='bbox 3357 3825 3409 3863; x_wconf 81' lang='grc' dir='ltr'><strong>η.</strong></span> <span class='ocrx_word' id='word_1_798' title='bbox 3443 3804 3569 3881; x_wconf 88' lang='grc'><strong>11).</strong></span> 
     </span>
    </p>
   </div>
   <div class='ocr_carea' id='block_1_101' title="bbox 1996 3895 3575 3972">
    <p class='ocr_par' dir='ltr' id='par_1_101' title="bbox 1996 3895 3575 3972">
     <span class='ocr_line' id='line_1_103' title="bbox 1996 3895 3575 3972; baseline 0.003 -20"><span class='ocrx_word' id='word_1_799' title='bbox 1996 3895 2222 3968; x_wconf 75' lang='lat' dir='ltr'><strong>Propter</strong></span> <span class='ocrx_word' id='word_1_800' title='bbox 2250 3899 2352 3955; x_wconf 90' lang='lat' dir='ltr'><strong>hoc</strong></span> <span class='ocrx_word' id='word_1_801' title='bbox 2379 3901 2430 3955; x_wconf 94' lang='lat' dir='ltr'><strong>in</strong></span> <span class='ocrx_word' id='word_1_802' title='bbox 2462 3901 2553 3956; x_wconf 75' lang='lat' dir='ltr'><strong>illo</strong></span> <span class='ocrx_word' id='word_1_803' title='bbox 2578 3900 2717 3970; x_wconf 91' lang='lat' dir='ltr'><strong>quod</strong></span> <span class='ocrx_word' id='word_1_804' title='bbox 2748 3899 3038 3958; x_wconf 87' lang='lat' dir='ltr'><strong>secundum</strong></span> <span class='ocrx_word' id='word_1_805' title='bbox 3069 3899 3414 3972; x_wconf 83' lang='lat' dir='ltr'><strong>Evangelium</strong></span> <span class='ocrx_word' id='word_1_806' title='bbox 3444 3916 3575 3956; x_wconf 79' lang='lat' dir='ltr'><strong>cou~</strong></span> 
     </span>
    </p>
   </div>
   <div class='ocr_carea' id='block_1_102' title="bbox 1996 3986 3573 4063">
    <p class='ocr_par' dir='ltr' id='par_1_102' title="bbox 1996 3986 3573 4063">
     <span class='ocr_line' id='line_1_104' title="bbox 1996 3986 3573 4063; baseline 0.002 -22"><span class='ocrx_word' id='word_1_807' title='bbox 1996 3986 2197 4059; x_wconf 82' lang='lat' dir='ltr'><strong>iugium</strong></span> <span class='ocrx_word' id='word_1_808' title='bbox 2236 3991 2570 4061; x_wconf 88' lang='lat' dir='ltr'><strong>nuncupavi,</strong></span> <span class='ocrx_word' id='word_1_809' title='bbox 2615 3990 2792 4047; x_wconf 86' lang='lat' dir='ltr'><strong>omnia</strong></span> <span class='ocrx_word' id='word_1_810' title='bbox 2833 3991 2931 4048; x_wconf 90' lang='lat' dir='ltr'><strong>tria</strong></span> <span class='ocrx_word' id='word_1_811' title='bbox 2963 3990 3098 4045; x_wconf 93' lang='lat' dir='ltr'><strong>bona</strong></span> <span class='ocrx_word' id='word_1_812' title='bbox 3127 3995 3426 4063; x_wconf 87' lang='lat' dir='ltr'><strong>nuptiarum</strong></span> <span class='ocrx_word' id='word_1_813' title='bbox 3465 3991 3573 4047; x_wconf 71' lang='lat' dir='ltr'><strong>dixi</strong></span> 
     </span>
    </p>
   </div>
   <div class='ocr_carea' id='block_1_103' title="bbox 2000 4082 3573 4155">
    <p class='ocr_par' dir='ltr' id='par_1_103' title="bbox 2000 4082 3573 4155">
     <span class='ocr_line' id='line_1_105' title="bbox 2000 4082 3573 4155; baseline -0.001 -17"><span class='ocrx_word' id='word_1_814' title='bbox 2000 4097 2120 4139; x_wconf 91' lang='lat' dir='ltr'><strong>esse</strong></span> <span class='ocrx_word' id='word_1_815' title='bbox 2144 4084 2441 4154; x_wconf 89' lang='lat' dir='ltr'><strong>completa;</strong></span> <span class='ocrx_word' id='word_1_816' title='bbox 2467 4102 2485 4136; x_wconf 74' lang='grc' dir='ltr'><strong>ι</strong></span> <span class='ocrx_word' id='word_1_817' title='bbox 2514 4082 2691 4146; x_wconf 80' lang='lat' dir='ltr'><strong>ﬁdem,</strong></span> <span class='ocrx_word' id='word_1_818' title='bbox 2715 4084 2832 4155; x_wconf 90' lang='lat' dir='ltr'><strong>quia</strong></span> <span class='ocrx_word' id='word_1_819' title='bbox 2855 4082 3056 4138; x_wconf 90' lang='lat' dir='ltr'><strong>nullum</strong></span> <span class='ocrx_word' id='word_1_820' title='bbox 3078 4083 3424 4149; x_wconf 88' lang='lat' dir='ltr'><strong>adulterium;</strong></span> <span class='ocrx_word' id='word_1_821' title='bbox 3446 4097 3573 4155; x_wconf 85' lang='lat' dir='ltr'><strong>pro-</strong></span> 
     </span>
    </p>
   </div>
   <div class='ocr_carea' id='block_1_104' title="bbox 1999 4172 3568 4244">
    <p class='ocr_par' dir='ltr' id='par_1_104' title="bbox 1999 4172 3568 4244">
     <span class='ocr_line' id='line_1_106' title="bbox 1999 4172 3568 4244; baseline -0.001 -16"><span class='ocrx_word' id='word_1_822' title='bbox 1999 4173 2127 4239; x_wconf 91' lang='lat' dir='ltr'><strong>lem,</strong></span> <span class='ocrx_word' id='word_1_823' title='bbox 2157 4175 2326 4244; x_wconf 86' lang='lat' dir='ltr'><strong>ipsum</strong></span> <span class='ocrx_word' id='word_1_824' title='bbox 2359 4175 2638 4230; x_wconf 87' lang='lat' dir='ltr'><strong>Dominum</strong></span> <span class='ocrx_word' id='word_1_825' title='bbox 2659 4173 2929 4229; x_wconf 91' lang='lat' dir='ltr'><strong>Christum</strong></span> <span class='ocrx_word' id='word_1_826' title='bbox 2954 4189 2970 4240; x_wconf 90' lang='lat'><strong>;</strong></span> <span class='ocrx_word' id='word_1_827' title='bbox 3000 4182 3414 4240; x_wconf 87' lang='lat' dir='ltr'><strong>sacramentum,</strong></span> <span class='ocrx_word' id='word_1_828' title='bbox 3445 4172 3568 4244; x_wconf 80' lang='lat' dir='ltr'><strong>quia</strong></span> 
     </span>
    </p>
   </div>
   <div class='ocr_carea' id='block_1_105' title="bbox 2001 4262 3574 4336">
    <p class='ocr_par' dir='ltr' id='par_1_105' title="bbox 2001 4262 3574 4336">
     <span class='ocr_line' id='line_1_107' title="bbox 2001 4262 3574 4336; baseline -0.003 -14"><span class='ocrx_word' id='word_1_829' title='bbox 2001 4267 2202 4322; x_wconf 88' lang='lat' dir='ltr'><strong>nullum</strong></span> <span class='ocrx_word' id='word_1_830' title='bbox 2227 4265 2532 4322; x_wconf 86' lang='lat' dir='ltr'><strong>divortium.</strong></span> <span class='ocrx_word' id='word_1_831' title='bbox 2564 4284 2581 4316; x_wconf 75' lang='grc' dir='ltr'><strong>ι</strong></span> <span class='ocrx_word' id='word_1_832' title='bbox 2607 4263 2723 4322; x_wconf 88' lang='lat' dir='ltr'><strong>Non</strong></span> <span class='ocrx_word' id='word_1_833' title='bbox 2752 4279 2878 4336; x_wconf 82' lang='lat' dir='ltr'><strong>ergo</strong></span> <span class='ocrx_word' id='word_1_834' title='bbox 2904 4263 3026 4336; x_wconf 87' lang='lat' dir='ltr'><strong>quia</strong></span> <span class='ocrx_word' id='word_1_835' title='bbox 3043 4262 3155 4320; x_wconf 77' lang='lat' dir='ltr'><strong>dixi</strong></span> <span class='ocrx_word' id='word_1_836' title='bbox 3181 4278 3338 4320; x_wconf 86' lang='lat' dir='ltr'><strong>omne</strong></span> <span class='ocrx_word' id='word_1_837' title='bbox 3361 4265 3574 4335; x_wconf 85' lang='lat' dir='ltr'><strong>nuptia-</strong></span> 
     </span>
    </p>
   </div>
   <div class='ocr_carea' id='block_1_106' title="bbox 2001 4353 3574 4426">
    <p class='ocr_par' dir='ltr' id='par_1_106' title="bbox 2001 4353 3574 4426">
     <span class='ocr_line' id='line_1_108' title="bbox 2001 4353 3574 4426; baseline -0.001 -13"><span class='ocrx_word' id='word_1_838' title='bbox 2001 4373 2144 4425; x_wconf 88' lang='lat' dir='ltr'><strong>rum,</strong></span> <span class='ocrx_word' id='word_1_839' title='bbox 2172 4357 2225 4413; x_wconf 93' lang='lat' dir='ltr'><strong>id</strong></span> <span class='ocrx_word' id='word_1_840' title='bbox 2253 4365 2355 4422; x_wconf 91' lang='lat' dir='ltr'><strong>est,</strong></span> <span class='ocrx_word' id='word_1_841' title='bbox 2385 4356 2488 4413; x_wconf 89' lang='lat' dir='ltr'><strong>hoc</strong></span> <span class='ocrx_word' id='word_1_842' title='bbox 2518 4355 2836 4426; x_wconf 89' lang='lat' dir='ltr'><strong>tripartitum</strong></span> <span class='ocrx_word' id='word_1_843' title='bbox 2869 4355 3063 4411; x_wconf 87' lang='lat' dir='ltr'><strong>bonum</strong></span> <span class='ocrx_word' id='word_1_844' title='bbox 3089 4397 3102 4420; x_wconf 87' lang='lat'><strong>,</strong></span> <span class='ocrx_word' id='word_1_845' title='bbox 3145 4355 3197 4410; x_wconf 92' lang='lat' dir='ltr'><strong>in</strong></span> <span class='ocrx_word' id='word_1_846' title='bbox 3239 4355 3341 4410; x_wconf 89' lang='lat' dir='ltr'><strong>illis</strong></span> <span class='ocrx_word' id='word_1_847' title='bbox 3375 4353 3574 4412; x_wconf 79' lang='lat' dir='ltr'><strong>Christi</strong></span> 
     </span>
    </p>
   </div>
   <div class='ocr_carea' id='block_1_107' title="bbox 2005 4445 3576 4519">
    <p class='ocr_par' dir='ltr' id='par_1_107' title="bbox 2005 4445 3576 4519">
     <span class='ocr_line' id='line_1_109' title="bbox 2005 4445 3576 4519; baseline 0.001 -16"><span class='ocrx_word' id='word_1_848' title='bbox 2005 4449 2310 4519; x_wconf 88' lang='lat' dir='ltr'><strong>parentibus</strong></span> <span class='ocrx_word' id='word_1_849' title='bbox 2339 4449 2500 4505; x_wconf 86' lang='lat' dir='ltr'><strong>fuisse</strong></span> <span class='ocrx_word' id='word_1_850' title='bbox 2535 4448 2886 4518; x_wconf 87' lang='lat' dir='ltr'><strong>completum;</strong></span> <span class='ocrx_word' id='word_1_851' title='bbox 2929 4456 3205 4519; x_wconf 71' lang='lat' dir='ltr'><strong>proiiterea</strong></span> <span class='ocrx_word' id='word_1_852' title='bbox 3249 4446 3350 4504; x_wconf 89' lang='lat' dir='ltr'><strong>hoc</strong></span> <span class='ocrx_word' id='word_1_853' title='bbox 3374 4445 3576 4504; x_wconf 78' lang='lat' dir='ltr'><strong>dixisse</strong></span> 
     </span>
    </p>
   </div>
   <div class='ocr_carea' id='block_1_108' title="bbox 2004 4535 3578 4609">
    <p class='ocr_par' dir='ltr' id='par_1_108' title="bbox 2004 4535 3578 4609">
     <span class='ocr_line' id='line_1_110' title="bbox 2004 4535 3578 4609; baseline -0.002 -15"><span class='ocrx_word' id='word_1_854' title='bbox 2004 4537 2178 4608; x_wconf 90' lang='lat' dir='ltr'><strong>putari</strong></span> <span class='ocrx_word' id='word_1_855' title='bbox 2219 4539 2424 4605; x_wconf 85' lang='lat' dir='ltr'><strong>debeo,</strong></span> <span class='ocrx_word' id='word_1_856' title='bbox 2474 4538 2610 4592; x_wconf 89' lang='lat' dir='ltr'><strong>sicut</strong></span> <span class='ocrx_word' id='word_1_857' title='bbox 2649 4537 2952 4603; x_wconf 91' lang='lat' dir='ltr'><strong>insimulas,</strong></span> <span class='ocrx_word' id='word_1_858' title='bbox 2985 4555 3004 4590; x_wconf 77' lang='grc' dir='ltr'><strong>ι</strong></span> <span class='ocrx_word' id='word_1_859' title='bbox 3037 4547 3095 4592; x_wconf 91' lang='lat' dir='ltr'><strong>ut</strong></span> <span class='ocrx_word' id='word_1_860' title='bbox 3137 4535 3392 4609; x_wconf 86' lang='lat' dir='ltr'><strong>quidquid</strong></span> <span class='ocrx_word' id='word_1_861' title='bbox 3420 4535 3578 4594; x_wconf 82' lang='lat' dir='ltr'><strong>aliter</strong></span> 
     </span>
    </p>
   </div>
   <div class='ocr_carea' id='block_1_109' title="bbox 2002 4627 3576 4694">
    <p class='ocr_par' dir='ltr' id='par_1_109' title="bbox 2002 4627 3576 4694">
     <span class='ocr_line' id='line_1_111' title="bbox 2002 4627 3576 4694; baseline -0.001 -10"><span class='ocrx_word' id='word_1_862' title='bbox 2002 4627 2184 4694; x_wconf 84' lang='lat' dir='ltr'><strong>fuerit,</strong></span> <span class='ocrx_word' id='word_1_863' title='bbox 2209 4628 2406 4684; x_wconf 89' lang='lat' dir='ltr'><strong>malum</strong></span> <span class='ocrx_word' id='word_1_864' title='bbox 2429 4643 2548 4686; x_wconf 79' lang='lat' dir='ltr'><strong>esse</strong></span> <span class='ocrx_word' id='word_1_865' title='bbox 2570 4628 2828 4684; x_wconf 83' lang='lat' dir='ltr'><strong>videatur.</strong></span> <span class='ocrx_word' id='word_1_866' title='bbox 2861 4647 2882 4682; x_wconf 72' lang='grc' dir='ltr'><strong>ι</strong></span> <span class='ocrx_word' id='word_1_867' title='bbox 2912 4629 3038 4684; x_wconf 83' lang='lat' dir='ltr'><strong>Dico</strong></span> <span class='ocrx_word' id='word_1_868' title='bbox 3057 4629 3200 4685; x_wconf 88' lang='lat' dir='ltr'><strong>enim</strong></span> <span class='ocrx_word' id='word_1_869' title='bbox 3223 4636 3279 4685; x_wconf 89' lang='lat' dir='ltr'><strong>et</strong></span> <span class='ocrx_word' id='word_1_870' title='bbox 3304 4628 3458 4684; x_wconf 87' lang='lat' dir='ltr'><strong>aliter</strong></span> <span class='ocrx_word' id='word_1_871' title='bbox 3477 4627 3576 4682; x_wconf 84' lang='lat' dir='ltr'><strong>bo-</strong></span> 
     </span>
    </p>
   </div>
   <div class='ocr_carea' id='block_1_110' title="bbox 2005 4721 3574 4794">
    <p class='ocr_par' dir='ltr' id='par_1_110' title="bbox 2005 4721 3574 4794">
     <span class='ocr_line' id='line_1_112' title="bbox 2005 4721 3574 4794; baseline -0.001 -16"><span class='ocrx_word' id='word_1_872' title='bbox 2005 4738 2131 4778; x_wconf 88' lang='lat' dir='ltr'><strong>num</strong></span> <span class='ocrx_word' id='word_1_873' title='bbox 2162 4736 2282 4779; x_wconf 88' lang='lat' dir='ltr'><strong>esse</strong></span> <span class='ocrx_word' id='word_1_874' title='bbox 2309 4722 2612 4794; x_wconf 87' lang='lat' dir='ltr'><strong>coniugium</strong></span> <span class='ocrx_word' id='word_1_875' title='bbox 2629 4761 2646 4790; x_wconf 93' lang='lat'><strong>,</strong></span> <span class='ocrx_word' id='word_1_876' title='bbox 2671 4721 2757 4777; x_wconf 92' lang='lat' dir='ltr'><strong>ubi</strong></span> <span class='ocrx_word' id='word_1_877' title='bbox 2790 4722 2964 4792; x_wconf 91' lang='lat' dir='ltr'><strong>proles</strong></span> <span class='ocrx_word' id='word_1_878' title='bbox 2992 4721 3092 4776; x_wconf 91' lang='lat' dir='ltr'><strong>nisi</strong></span> <span class='ocrx_word' id='word_1_879' title='bbox 3114 4737 3210 4794; x_wconf 88' lang='lat' dir='ltr'><strong>per</strong></span> <span class='ocrx_word' id='word_1_880' title='bbox 3235 4721 3574 4776; x_wconf 89' lang='lat' dir='ltr'><strong>concubitum</strong></span> 
     </span>
    </p>
   </div>
   <div class='ocr_carea' id='block_1_111' title="bbox 2005 4810 3573 4884">
    <p class='ocr_par' dir='ltr' id='par_1_111' title="bbox 2005 4810 3573 4884">
     <span class='ocr_line' id='line_1_113' title="bbox 2005 4810 3573 4884; baseline 0.001 -17"><span class='ocrx_word' id='word_1_881' title='bbox 2005 4829 2110 4868; x_wconf 88' lang='lat' dir='ltr'><strong>non</strong></span> <span class='ocrx_word' id='word_1_882' title='bbox 2137 4821 2310 4883; x_wconf 88' lang='lat' dir='ltr'><strong>potest</strong></span> <span class='ocrx_word' id='word_1_883' title='bbox 2335 4813 2622 4884; x_wconf 88' lang='lat' dir='ltr'><strong>procreari.</strong></span> <span class='ocrx_word' id='word_1_884' title='bbox 2653 4810 2710 4869; x_wconf 88' lang='lat' dir='ltr'><strong>Si</strong></span> <span class='ocrx_word' id='word_1_885' title='bbox 2737 4813 2877 4867; x_wconf 92' lang='lat' dir='ltr'><strong>enim</strong></span> <span class='ocrx_word' id='word_1_886' title='bbox 2909 4812 3066 4867; x_wconf 88' lang='lat' dir='ltr'><strong>aliter</strong></span> <span class='ocrx_word' id='word_1_887' title='bbox 3093 4821 3288 4880; x_wconf 85' lang='lat' dir='ltr'><strong>posset,</strong></span> <span class='ocrx_word' id='word_1_888' title='bbox 3316 4820 3370 4866; x_wconf 91' lang='lat' dir='ltr'><strong>ct</strong></span> <span class='ocrx_word' id='word_1_889' title='bbox 3396 4823 3573 4868; x_wconf 88' lang='lat' dir='ltr'><strong>tamen</strong></span> 
     </span>
    </p>
   </div>
   <div class='ocr_carea' id='block_1_112' title="bbox 2005 4900 3577 4974">
    <p class='ocr_par' dir='ltr' id='par_1_112' title="bbox 2005 4900 3577 4974">
     <span class='ocr_line' id='line_1_114' title="bbox 2005 4900 3577 4974; baseline -0.003 -12"><span class='ocrx_word' id='word_1_890' title='bbox 2005 4904 2416 4962; x_wconf 87' lang='lat' dir='ltr'><strong>concumberent</strong></span> <span class='ocrx_word' id='word_1_891' title='bbox 2438 4903 2710 4974; x_wconf 85' lang='lat' dir='ltr'><strong>coniuges,</strong></span> <span class='ocrx_word' id='word_1_892' title='bbox 2727 4901 3060 4973; x_wconf 87' lang='lat' dir='ltr'><strong>apertissime</strong></span> <span class='ocrx_word' id='word_1_893' title='bbox 3085 4901 3286 4957; x_wconf 83' lang='lat' dir='ltr'><strong>libidini</strong></span> <span class='ocrx_word' id='word_1_894' title='bbox 3306 4900 3577 4972; x_wconf 83' lang='lat' dir='ltr'><strong>cederent,</strong></span> 
     </span>
    </p>
   </div>
   <div class='ocr_carea' id='block_1_113' title="bbox 2006 4995 3633 5077">
    <p class='ocr_par' dir='ltr' id='par_1_113' title="bbox 2006 4995 3633 5077">
     <span class='ocr_line' id='line_1_115' title="bbox 2006 4995 3633 5077; baseline 0.001 -27"><span class='ocrx_word' id='word_1_895' title='bbox 2006 5006 2165 5067; x_wconf 87' lang='lat' dir='ltr'><strong>atque</strong></span> <span class='ocrx_word' id='word_1_896' title='bbox 2203 4996 2294 5052; x_wconf 92' lang='lat' dir='ltr'><strong>illo</strong></span> <span class='ocrx_word' id='word_1_897' title='bbox 2337 4995 2476 5050; x_wconf 90' lang='lat' dir='ltr'><strong>malo</strong></span> <span class='ocrx_word' id='word_1_898' title='bbox 2521 5005 2794 5051; x_wconf 89' lang='lat' dir='ltr'><strong>uterentur</strong></span> <span class='ocrx_word' id='word_1_899' title='bbox 2833 4995 3160 5052; x_wconf 78' lang='lat' dir='ltr'><strong>malezcum</strong></span> <span class='ocrx_word' id='word_1_900' title='bbox 3193 5009 3318 5051; x_wconf 85' lang='lat' dir='ltr'><strong>vero</strong></span> <span class='ocrx_word' id='word_1_901' title='bbox 3362 5003 3583 5067; x_wconf 86' lang='lat' dir='ltr'><strong>propter</strong></span> <span class='ocrx_word' id='word_1_902' title='bbox 3627 5065 3633 5077; x_wconf 28' lang='grc' dir='ltr'>ν</span> 
     </span>
    </p>
   </div>
   <div class='ocr_carea' id='block_1_114' title="bbox 2006 5085 3639 5178">
    <p class='ocr_par' dir='ltr' id='par_1_114' title="bbox 2006 5085 3639 5178">
     <span class='ocr_line' id='line_1_116' title="bbox 2006 5085 3639 5178; baseline 0.004 -39"><span class='ocrx_word' id='word_1_903' title='bbox 2006 5087 2146 5158; x_wconf 89' lang='lat' dir='ltr'><strong>quod</strong></span> <span class='ocrx_word' id='word_1_904' title='bbox 2175 5101 2334 5143; x_wconf 77' lang='lat' dir='ltr'><strong>sexus</strong></span> <span class='ocrx_word' id='word_1_905' title='bbox 2368 5087 2524 5142; x_wconf 88' lang='lat' dir='ltr'><strong>ambo</strong></span> <span class='ocrx_word' id='word_1_906' title='bbox 2555 5099 2677 5142; x_wconf 89' lang='lat' dir='ltr'><strong>sunt</strong></span> <span class='ocrx_word' id='word_1_907' title='bbox 2705 5087 2948 5154; x_wconf 79' lang='lat' dir='ltr'><strong>instituti,</strong></span> <span class='ocrx_word' id='word_1_908' title='bbox 2977 5086 3074 5141; x_wconf 90' lang='lat' dir='ltr'><strong>nisi</strong></span> <span class='ocrx_word' id='word_1_909' title='bbox 3106 5102 3287 5143; x_wconf 90' lang='lat' dir='ltr'><strong>eorum</strong></span> <span class='ocrx_word' id='word_1_910' title='bbox 3318 5090 3579 5145; x_wconf 79' lang='lat' dir='ltr'><strong>commix-</strong></span> 
     </span>
    </p>
   </div>
   <div class='ocr_carea' id='block_1_115' title="bbox 2007 5176 3636 5250">
    <p class='ocr_par' dir='ltr' id='par_1_115' title="bbox 2007 5176 3636 5250">
     <span class='ocr_line' id='line_1_117' title="bbox 2007 5176 3636 5250; baseline 0.001 -19"><span class='ocrx_word' id='word_1_911' title='bbox 2007 5179 2151 5232; x_wconf 90' lang='lat' dir='ltr'><strong>tione</strong></span> <span class='ocrx_word' id='word_1_912' title='bbox 2181 5193 2287 5232; x_wconf 90' lang='lat' dir='ltr'><strong>non</strong></span> <span class='ocrx_word' id='word_1_913' title='bbox 2313 5178 2546 5232; x_wconf 90' lang='lat' dir='ltr'><strong>nascitur</strong></span> <span class='ocrx_word' id='word_1_914' title='bbox 2571 5177 2759 5244; x_wconf 87' lang='lat' dir='ltr'><strong>homo;</strong></span> <span class='ocrx_word' id='word_1_915' title='bbox 2790 5187 3003 5247; x_wconf 89' lang='lat' dir='ltr'><strong>propter</strong></span> <span class='ocrx_word' id='word_1_916' title='bbox 3023 5176 3123 5230; x_wconf 88' lang='lat' dir='ltr'><strong>hoc</strong></span> <span class='ocrx_word' id='word_1_917' title='bbox 3152 5177 3298 5233; x_wconf 78' lang='lat' dir='ltr'><strong>mixti</strong></span> <span class='ocrx_word' id='word_1_918' title='bbox 3327 5178 3581 5250; x_wconf 89' lang='lat' dir='ltr'><strong>coniuges</strong></span> <span class='ocrx_word' id='word_1_919' title='bbox 3630 5176 3636 5222; x_wconf 64' lang='grc' dir='ltr'><em>ἶ</em></span> 
     </span>
    </p>
   </div>
   <div class='ocr_carea' id='block_1_116' title="bbox 2009 5266 3582 5340">
    <p class='ocr_par' dir='ltr' id='par_1_116' title="bbox 2009 5266 3582 5340">
     <span class='ocr_line' id='line_1_118' title="bbox 2009 5266 3582 5340; baseline 0.001 -18"><span class='ocrx_word' id='word_1_920' title='bbox 2009 5269 2098 5323; x_wconf 82' lang='grc'><strong>1110</strong></span> <span class='ocrx_word' id='word_1_921' title='bbox 2124 5269 2262 5322; x_wconf 91' lang='lat' dir='ltr'><strong>malo</strong></span> <span class='ocrx_word' id='word_1_922' title='bbox 2289 5277 2506 5322; x_wconf 87' lang='lat' dir='ltr'><strong>utuntur</strong></span> <span class='ocrx_word' id='word_1_923' title='bbox 2529 5268 2663 5323; x_wconf 83' lang='lat' dir='ltr'><strong>bene</strong></span> <span class='ocrx_word' id='word_1_924' title='bbox 2692 5284 2706 5319; x_wconf 88' lang='lat'><strong><em>:</em></strong></span> <span class='ocrx_word' id='word_1_925' title='bbox 2739 5267 2780 5322; x_wconf 90' lang='lat' dir='ltr'><strong>si</strong></span> <span class='ocrx_word' id='word_1_926' title='bbox 2811 5280 2984 5322; x_wconf 88' lang='lat' dir='ltr'><strong>autem</strong></span> <span class='ocrx_word' id='word_1_927' title='bbox 3012 5269 3078 5322; x_wconf 88' lang='lat' dir='ltr'><strong>de</strong></span> <span class='ocrx_word' id='word_1_928' title='bbox 3100 5266 3315 5324; x_wconf 78' lang='lat' dir='ltr'><strong>libidine</strong></span> <span class='ocrx_word' id='word_1_929' title='bbox 3337 5281 3582 5340; x_wconf 69' lang='lat' dir='ltr'><strong>quaerunt</strong></span> 
     </span>
    </p>
   </div>
   <div class='ocr_carea' id='block_1_117' title="bbox 2009 5359 3033 5430">
    <p class='ocr_par' dir='ltr' id='par_1_117' title="bbox 2009 5359 3033 5430">
     <span class='ocr_line' id='line_1_119' title="bbox 2009 5359 3033 5430; baseline -0.001 -17"><span class='ocrx_word' id='word_1_930' title='bbox 2009 5361 2168 5414; x_wconf 88' lang='lat' dir='ltr'><strong>etiam</strong></span> <span class='ocrx_word' id='word_1_931' title='bbox 2197 5359 2540 5430; x_wconf 87' lang='lat' dir='ltr'><strong>voluptatem,</strong></span> <span class='ocrx_word' id='word_1_932' title='bbox 2571 5359 2848 5414; x_wconf 80' lang='lat' dir='ltr'><strong>venialitcr</strong></span> <span class='ocrx_word' id='word_1_933' title='bbox 2877 5360 3033 5413; x_wconf 88' lang='lat' dir='ltr'><strong>male.</strong></span> 
     </span>
    </p>
   </div>
   <div class='ocr_carea' id='block_1_118' title="bbox 2079 5472 3582 5545">
    <p class='ocr_par' dir='ltr' id='par_1_118' title="bbox 2079 5472 3582 5545">
     <span class='ocr_line' id='line_1_120' title="bbox 2079 5472 3582 5545; baseline -0.001 -17"><span class='ocrx_word' id='word_1_934' title='bbox 2079 5473 2168 5528; x_wconf 72' lang='grc'><strong>47.</strong></span> <span class='ocrx_word' id='word_1_935' title='bbox 2201 5490 2220 5524; x_wconf 75' lang='grc' dir='ltr'><strong>ι</strong></span> <span class='ocrx_word' id='word_1_936' title='bbox 2256 5472 2416 5541; x_wconf 82' lang='lat' dir='ltr'><strong>Quasi</strong></span> <span class='ocrx_word' id='word_1_937' title='bbox 2464 5473 2714 5539; x_wconf 89' lang='lat' dir='ltr'><strong>maritus,</strong></span> <span class='ocrx_word' id='word_1_938' title='bbox 2774 5492 2793 5524; x_wconf 69' lang='grc' dir='ltr'><strong>ι</strong></span> <span class='ocrx_word' id='word_1_939' title='bbox 2844 5474 3049 5544; x_wconf 80' lang='lat' dir='ltr'><strong>inquis,</strong></span> <span class='ocrx_word' id='word_1_940' title='bbox 3086 5491 3104 5525; x_wconf 80' lang='grc' dir='ltr'><strong>ι</strong></span> <span class='ocrx_word' id='word_1_941' title='bbox 3139 5472 3334 5545; x_wconf 86' lang='lat' dir='ltr'><strong>Joseph</strong></span> <span class='ocrx_word' id='word_1_942' title='bbox 3367 5473 3417 5528; x_wconf 90' lang='lat' dir='ltr'><strong>in</strong></span> <span class='ocrx_word' id='word_1_943' title='bbox 3459 5473 3582 5542; x_wconf 83' lang='lat' dir='ltr'><strong>Opi-</strong></span> 
     </span>
    </p>
   </div>
   <div class='ocr_carea' id='block_1_119' title="bbox 2010 5564 3586 5634">
    <p class='ocr_par' dir='ltr' id='par_1_119' title="bbox 2010 5564 3586 5634">
     <span class='ocr_line' id='line_1_121' title="bbox 2010 5564 3586 5634; baseline -0.003 -14"><span class='ocrx_word' id='word_1_944' title='bbox 2010 5565 2168 5620; x_wconf 77' lang='lat' dir='ltr'><strong>uione</strong></span> <span class='ocrx_word' id='word_1_945' title='bbox 2213 5565 2445 5618; x_wconf 89' lang='lat' dir='ltr'><strong>omnium</strong></span> <span class='ocrx_word' id='word_1_946' title='bbox 2488 5577 2619 5619; x_wconf 87' lang='lat' dir='ltr'><strong>erat.</strong></span> <span class='ocrx_word' id='word_1_947' title='bbox 2659 5586 2675 5618; x_wconf 73' lang='grc' dir='ltr'><strong>ι</strong></span> <span class='ocrx_word' id='word_1_948' title='bbox 2712 5564 3016 5621; x_wconf 92' lang='lat' dir='ltr'><strong>Secundum</strong></span> <span class='ocrx_word' id='word_1_949' title='bbox 3060 5565 3197 5620; x_wconf 88' lang='lat' dir='ltr'><strong>hanc</strong></span> <span class='ocrx_word' id='word_1_950' title='bbox 3239 5565 3539 5634; x_wconf 89' lang='lat' dir='ltr'><strong>opinionem</strong></span> <span class='ocrx_word' id='word_1_951' title='bbox 3565 5603 3586 5628; x_wconf 83' lang='lat'><strong>,</strong></span> 
     </span>
    </p>
   </div>
   <div class='ocr_carea' id='block_1_120' title="bbox 2011 5653 3587 5739">
    <p class='ocr_par' dir='ltr' id='par_1_120' title="bbox 2011 5653 3587 5739">
     <span class='ocr_line' id='line_1_122' title="bbox 2011 5653 3587 5739; baseline 0 -29"><span class='ocrx_word' id='word_1_952' title='bbox 2011 5673 2116 5710; x_wconf 90' lang='lat' dir='ltr'><strong>non</strong></span> <span class='ocrx_word' id='word_1_953' title='bbox 2163 5655 2450 5709; x_wconf 80' lang='lat' dir='ltr'><strong>secundum</strong></span> <span class='ocrx_word' id='word_1_954' title='bbox 2489 5657 2764 5713; x_wconf 82' lang='lat' dir='ltr'><strong>veritatem</strong></span> <span class='ocrx_word' id='word_1_955' title='bbox 2795 5657 3020 5714; x_wconf 90' lang='lat' dir='ltr'><strong>locutam</strong></span> <span class='ocrx_word' id='word_1_956' title='bbox 3057 5656 3220 5711; x_wconf 85' lang='lat' dir='ltr'><strong>fuisse</strong></span> <span class='ocrx_word' id='word_1_957' title='bbox 3259 5653 3587 5739; x_wconf 68' lang='lat' dir='ltr'><strong>scripturam</strong></span> 
     </span>
    </p>
   </div>
   <div class='ocr_carea' id='block_1_121' title="bbox 2076 5770 2717 5836">
    <p class='ocr_par' dir='ltr' id='par_1_121' title="bbox 2076 5770 2717 5836">
     <span class='ocr_line' id='line_1_123' title="bbox 2076 5770 2717 5836; baseline 0.005 -18"><span class='ocrx_word' id='word_1_958' title='bbox 2076 5773 2092 5804; x_wconf 83' lang='grc'>¹</span> <span class='ocrx_word' id='word_1_959' title='bbox 2127 5772 2198 5820; x_wconf 85' lang='lat' dir='ltr'><strong>sic</strong></span> <span class='ocrx_word' id='word_1_960' title='bbox 2210 5776 2315 5819; x_wconf 77' lang='lat' dir='ltr'><strong>Mss.</strong></span> <span class='ocrx_word' id='word_1_961' title='bbox 2344 5770 2717 5836; x_wconf 22' lang='lat' dir='ltr'><strong>Edi_ti,4peccata.</strong></span> 
     </span>
    </p>
   </div>
   <div class='ocr_carea' id='block_1_122' title="bbox 2077 5830 2618 5894">
    <p class='ocr_par' dir='ltr' id='par_1_122' title="bbox 2077 5830 2618 5894">
     <span class='ocr_line' id='line_1_124' title="bbox 2077 5830 2618 5894; baseline -0.002 -13"><span class='ocrx_word' id='word_1_962' title='bbox 2077 5835 2096 5866; x_wconf 81' lang='grc'>¹</span> <span class='ocrx_word' id='word_1_963' title='bbox 2133 5840 2231 5882; x_wconf 83' lang='lat' dir='ltr'><strong>Duo</strong></span> <span class='ocrx_word' id='word_1_964' title='bbox 2256 5841 2380 5893; x_wconf 71' lang='lat' dir='ltr'><strong>Mss,</strong></span> <span class='ocrx_word' id='word_1_965' title='bbox 2403 5830 2618 5894; x_wconf 66' lang='lat' dir='ltr'><strong>defectis.</strong></span> 
     </span>
    </p>
   </div>
   <div class='ocr_carea' id='block_1_123' title="bbox 2901 5911 3430 5992">
    <p class='ocr_par' dir='ltr' id='par_1_123' title="bbox 2901 5911 3430 5992">
     <span class='ocr_line' id='line_1_125' title="bbox 2901 5911 3430 5992; baseline -0.009 -14"><span class='ocrx_word' id='word_1_966' title='bbox 2901 5911 3333 5992; x_wconf 57' lang='grc' dir='ltr'><strong>[γένεσι-813.)</strong></span> <span class='ocrx_word' id='word_1_967' title='bbox 3423 5966 3430 5973; x_wconf 95' lang='grc'><strong>.</strong></span> 
     </span>
    </p>
   </div>
  </div>
