4098 6502
1125 305 1146 352 ἢ

539 430 644 485 ﬁll

551 550 632 601 vis
653 543 872 614 intelligi
893 585 908 609 ,
941 551 998 596 ut
1025 541 1281 612 virginem
1325 537 1542 592 Mariam
1573 533 1689 604 ejus
1733 530 2014 601 conjugem
2051 525 2136 581 di-

547 644 715 692 ceret.
743 635 852 689 lloc
871 642 1118 703 putemus
1139 629 1518 700 evangelistam
1541 624 1716 680 facere
1735 621 1988 692 potuisse,
2016 633 2136 673 cum

547 729 761 792 velsua,
789 726 872 781 vel
887 724 1174 794 cujuslibet
1195 721 1415 776 alterius
1435 715 1665 774 hominis
1689 713 1852 769 verba
1873 717 2136 773 narraret,

553 827 612 874 ut
639 816 930 874 secundum
977 815 1281 885 opinionem
1309 809 1584 865 hominum
1613 807 1922 876 loqueretur
1951 819 1964 855 :
1989 815 2144 855 num-

553 909 680 981 quid
718 918 772 964 et
812 908 1032 980 angelus
1061 906 1286 977 loquens
1311 917 1448 958 unus
1491 900 1556 955 ad
1583 913 1744 954 unum
1764 937 1782 965 ,
1808 905 1991 952 contra
2017 907 2146 946 con-

553 1002 833 1062 scientiam
871 1009 925 1055 et
966 1013 1117 1055 suam
1145 1005 1199 1052 et
1241 995 1410 1066 ipsius
1449 992 1536 1048 cui
1573 989 1920 1061 loquebatur,
1949 999 2144 1039 secun-

556 1097 683 1152 dum
731 1093 1038 1166 opinionem
1083 1089 1259 1161 potius
1313 1101 1472 1158 quam
1517 1081 1809 1139 secundum
1867 1077 2144 1132 veritatem

557 1188 732 1244 fuerat
772 1187 1078 1250 locuturus,
1109 1182 1200 1254 qui
1243 1180 1292 1236 ei
1337 1178 1504 1242 dixit,
1539 1173 1665 1230 Noli
1695 1173 1868 1227 timere
1921 1167 2148 1238 accipere

561 1281 784 1336 Mariam
815 1280 1082 1351 conjugem
1129 1275 1310 1330 tuam?
1337 1269 1572 1335 Deinde,
1620 1263 1747 1338 quid
1773 1277 1908 1333 opus
1946 1265 2149 1351 eratut

559 1389 728 1444 usque
756 1371 820 1427 ad
846 1349 1047 1443 Joseph
1076 1365 1451 1441 generationes
1477 1359 1900 1431 porduccrentur
1934 1349 2144 1424 (Matth.

557 1487 612 1532 ι,
642 1469 730 1532 20,
767 1467 880 1538 16),
909 1466 953 1520 si
983 1479 1087 1519 non
1115 1477 1176 1517 ea
1201 1460 1423 1515 veritate
1453 1455 1644 1509 factum
1676 1460 1776 1514 est,
1804 1461 1905 1518 qua
1937 1445 1988 1500 in
2020 1457 2148 1538 cou-

557 1563 705 1632 jngio
729 1537 888 1616 sexus
918 1555 1084 1610 virilis
1113 1549 1361 1608 excellit?
1389 1545 1539 1614 Quod
1568 1558 1667 1613 ego
1698 1543 1752 1634 in
1777 1537 2030 1634 libro-cui
2061 1548 2148 1634 rc-

561 1629 815 1722 spondes,
833 1664 951 1704 cum
973 1645 1266 1716 posuissem
1295 1638 1398 1710 (De
1418 1635 1623 1722 Nuptiis
1652 1645 1697 1687 et
1715 1629 2150 1722 Concupiscentia,

561 1717 652 1797 tib.
683 1743 744 1808 l,
770 1757 822 1794 η.
857 1737 945 1810 12)
969 1779 984 1804 ,
1017 1747 1074 1791 ιιι
1103 1745 1324 1805 prorsus
1339 1721 1602 1798 attingere
1624 1721 1864 1779 timuisti.
1899 1717 2039 1810 Dicit
2059 1731 2152 1810 au-

557 1843 668 1887 tem
699 1805 868 1885 Lucas
895 1805 1216 1896 evangelista
1245 1821 1315 1877 de
1345 1819 1590 1884 Domino,
1613 1813 1753 1884 quod
1789 1807 2058 1884 putabatur
2085 1805 2152 1876 ﬁ-

557 1923 660 1978 lius
685 1921 877 1992 Ioseph
906 1917 1058 1989 (Luc.
1092 1931 1183 1978 ιιι,
1213 1911 1308 1984 25)
1334 1929 1349 1976 ;
1383 1910 1504 1981 quia
1535 1909 1606 1962 ita
1633 1904 1944 1977 putabatur,
1976 1907 2034 1954 ut
2061 1914 2154 1969 per

559 2015 677 2086 ejus
702 2011 1042 2069 concubitum
1074 2006 1282 2078 genitus
1303 2001 1632 2058 crederetur.
1657 1997 1806 2052 lianc
1825 1993 2025 2086 falsam.
2057 2004 2152 2044 vo-

562 2082 662 2162 luit
689 2117 962 2161 removere
991 2099 1333 2172 opinionem,
1366 2109 1474 2149 non
1501 2092 1720 2147 Mariam
1761 2087 1905 2144 illius
1931 2082 2028 2138 viri
2060 2095 2155 2136 ne-

561 2213 688 2272 gare
713 2187 1025 2267 conjugem,
1056 2199 1241 2248 contra
1265 2185 1509 2259 angelum
1540 2191 1749 2246 testem.
1799 2269 1815 2274 -
2021 2265 2032 2274 .
2113 2263 2124 2274 .

635 2290 728 2346 48.
752 2265 1065 2356 Quanquam
1111 2289 1170 2339 et
1195 2291 1250 2336 tu
1293 2281 1410 2350 ipse
1448 2275 1608 2332 etiam
1637 2293 1656 2327 ι
1693 2287 1758 2328 ex
1784 2265 2156 2342 desponsionis

565 2383 673 2437 tide
711 2396 827 2434 eam
871 2391 1068 2433 nomen
1098 2372 1341 2444 conjugis
1366 2367 1640 2438 accepisse
1691 2382 1710 2417 ι
1760 2359 1996 2418 fatearis.
2029 2358 2158 2427 Quae

567 2473 704 2528 fides
747 2471 929 2540 utique
973 2466 1225 2522 inviolata
1273 2460 1588 2533 permansit.
1631 2457 1812 2528 Neque
1857 2455 2000 2510 enim
2034 2466 2156 2506 cum

569 2578 691 2619 eam
717 2561 938 2615 vidisset
972 2557 1082 2629 jam
1113 2556 1368 2626 virginem
1397 2565 1604 2607 sacram
1634 2547 1811 2604 divina
1837 2543 2159 2602 fecunditate

571 2657 852 2720 donatam,
885 2653 1000 2722 ipse
1041 2649 1198 2704 aliatn
1243 2645 1487 2718 quaesivit
1531 2657 1748 2698 uxorem
1783 2657 1798 2694 :
1829 2656 1949 2695 cum
1982 2639 2162 2710 utique

570 2760 672 2800 nec
713 2743 865 2797 istam
914 2739 1226 2812 quazsisset,
1257 2737 1302 2792 si
1346 2733 1702 2791 necessariam
1745 2731 2024 2802 conjugem
2053 2745 2161 2784 non

575 2837 797 2890 haberet
835 2849 850 2885 :
893 2832 986 2887 sed
1015 2829 1281 2885 vinculum
1311 2827 1430 2883 fidei
1459 2823 1751 2896 conjugalis
1777 2839 1884 2880 non
1931 2823 2048 2878 ideo
2069 2822 2160 2894 ju-

573 2928 770 2984 dicavit
815 2940 938 2981 esse
993 2921 1344 2989 solvendum,
1399 2919 1524 2990 quia
1581 2932 1706 2988 spes
1753 2915 2163 2972 commiscendte

575 3021 753 3076 carnis
776 3018 952 3074 ablata
989 3023 1091 3072 est.
1123 3013 1319 3070 Verum
1362 3011 1428 3067 de
1473 3012 1573 3066 isto
1603 3008 1848 3080 conjugio
1895 3007 2036 3078 quod
2085 3007 2164 3062 vis

575 3114 854 3179 existima;
899 3126 996 3167 nos
1043 3119 1219 3164 tamen
1263 3122 1369 3162 non
1419 3113 1477 3160 ut
1520 3101 1860 3160 calunmiaris
1903 3100 2163 3167 dicimus,

585 3226 604 3260 ι
651 3207 727 3260 sic
754 3203 918 3259 fuisse
943 3202 1146 3274 primos
1181 3197 1435 3269 conjuges
1461 3195 1732 3250 institutos
1749 3236 1764 3262 ,
1787 3202 1845 3248 ut
1874 3193 1991 3248 sine
2018 3207 2167 3246 com-

577 3298 834 3352 mixtione
887 3293 1160 3363 utriusque
1213 3303 1372 3346 sexus
1419 3287 1672 3359 conjuges
1717 3293 1896 3341 essent
1935 3300 1949 3338 :
2005 3303 2024 3336 ι
2071 3282 2166 3338 sed

582 3403 756 3446 utrum
803 3389 854 3442 in
897 3386 1144 3458 paradiso
1181 3391 1304 3438 ante
1349 3389 1625 3452 peccatum
1652 3393 1776 3436 caro
1807 3375 2169 3449 concupiverit

579 3483 836 3537 adversus
861 3479 1141 3550 spiritum;
1169 3476 1255 3531 vel
1284 3483 1457 3530 utrum
1481 3489 1620 3530 nunc
1649 3472 1701 3527 in
1727 3471 2042 3542 conjugibus
2069 3469 2171 3526 hec

583 3589 687 3628 non
723 3573 845 3638 tiat,
877 3570 1090 3640 quando
1131 3567 1372 3638 ejusdem
1403 3565 1846 3636 concupiscentiae
1885 3565 2043 3618 etiazn
2075 3577 2173 3633 per

583 3663 888 3734 pudicitiam
914 3659 1248 3730 conjugalem
1291 3655 1568 3712 cohibetur
1591 3669 1876 3720 excessus;
1911 3663 1965 3710 et
1991 3661 2169 3708 utrum

577 3755 782 3810 malum
832 3769 935 3808 non
981 3751 1078 3817 sit,
1111 3751 1196 3806 cui
1238 3747 1553 3820 repugnanti
1596 3747 2036 3802 consentiendum
2067 3762 2172 3802 non

583 3859 698 3914 est,
728 3861 794 3902 ne
834 3846 886 3900 in
932 3859 1086 3900 suum
1117 3850 1303 3914 pergat
1326 3854 1638 3904 excessum;
1684 3846 1738 3892 et
1764 3847 1942 3892 utrum
1971 3853 2076 3892 non
2105 3851 2172 3893 ex

585 3940 699 4007 ipsa
730 3945 784 3992 et
821 3951 940 3990 cum
970 3935 1082 4005 ipsa
1113 3933 1130 3965 ί
1161 3929 1592 4002 concupiscentia
1627 3936 1909 3995 nascatur,
1938 3927 2019 3983 cui
2057 3943 2173 3982 ma-

575 4033 694 4086 lum
755 4031 932 4084 inesse
987 4027 1148 4082 ullutn
1189 4039 1388 4096 negas;
1445 4032 1498 4078 et
1535 4029 1713 4076 utrum
1755 4018 1820 4074 ab
1869 4019 2176 4092 ingenerata

591 4123 731 4177 malo
771 4121 937 4191 possit
979 4117 1255 4174 hominum
1303 4114 1582 4186 quisquam
1635 4111 1734 4165 nisi
1775 4111 2176 4182 regeneratiunc

575 4215 840 4277 liberari;
874 4211 976 4266 hoc
1006 4211 1143 4266 inter
1174 4221 1272 4262 nos
1314 4204 1613 4260 disseritur.
1649 4200 1705 4256 in
1754 4199 1837 4256 his
1866 4202 2176 4272 qurestioni-

591 4309 688 4362 bus
710 4303 971 4360 catholica
1018 4299 1243 4355 veritate
1271 4296 1560 4367 antiquitus
1590 4291 1778 4348 tradita
1808 4301 1986 4348 vestra
2017 4291 2178 4364 impia

577 4400 796 4456 novitas
825 4395 1131 4451 suffocatur.

663 4487 888 4546 CAPUT
929 4483 1066 4541 χιιι.
1090 4514 1162 4526 --
1182 4483 1270 4538 49.
1298 4480 1448 4549 Quod
1475 4489 1650 4536 autem
1674 4479 1866 4550 putasti
1888 4494 2180 4550 congeren-

581 4583 656 4638 da
715 4595 836 4637 esse
882 4591 1155 4634 sacrarum
1211 4573 1510 4654 testimonia
1575 4571 1932 4639 Litterarum,
1987 4571 2180 4642 quibus

581 4673 847 4747 .prubares
874 4669 1016 4726 unde
1062 4670 1200 4724 inter
1238 4683 1337 4722 nos
1383 4665 1523 4720 nulla
1544 4665 1768 4737 qumstio
1811 4673 1923 4732 est,
1959 4682 1977 4716 ι
2012 4680 2042 4718 a
2069 4664 2181 4719 Deo

593 4753 762 4823 creari
814 4763 1122 4828 hominem,
1159 4777 1179 4812 ι
1213 4758 1357 4829 quod
1401 4757 1468 4812 de
1495 4757 1730 4828 quolibet
1755 4755 2046 4812 vermiculo
2087 4771 2184 4810 ne-

593 4875 721 4931 gare
753 4859 830 4914 fas
858 4872 961 4911 non
989 4865 1103 4921 cst;
1135 4870 1240 4924 quo
1273 4851 1558 4923 pertinuit,
1596 4851 1698 4908 nisi
1729 4857 1786 4906 ut
1812 4859 1864 4905 te
1900 4859 2183 4920 appareret

587 4965 812 5020 euripos
835 4948 1092 5020 qumsisse
1119 4945 1398 5000 verborum
1421 4983 1438 5010 ,
1469 4943 1556 4999 ubi
1578 4953 1797 4998 ventose
1825 4953 1985 5014 atque
2013 4942 2185 4998 inani-

591 5051 682 5097 ter
701 5039 981 5096 curreres?
1010 5037 1116 5093 Sed
1142 5052 1264 5091 cum
1294 5037 1453 5090 etiam
1481 5035 1648 5091 sancti
1673 5035 1776 5090 Job
1821 5035 2182 5092 testimonium

593 5143 707 5185 tam
759 5129 1055 5200 loquaciter
1099 5126 1418 5194 adhiberes,
1463 5141 1630 5196 quare
1673 5141 1776 5180 non
1811 5126 1902 5180 tibi
1948 5126 2094 5181 venit
2131 5127 2184 5180 in

593 5229 834 5280 tuentem
871 5219 1014 5292 quod
1054 5219 1129 5274 ait
1169 5219 1307 5275 idem
1337 5219 1449 5290 ipse
1475 5218 1634 5273 homo
1665 5218 1792 5288 Dei,
1821 5233 1944 5274 cum
1969 5216 2035 5272 de
2057 5232 2185 5288 pec-

600 5313 734 5368 catis
764 5325 941 5368 sermo
969 5311 1019 5366 ci
1044 5312 1065 5343 ³
1093 5320 1236 5368 esset
1260 5311 1507 5365 humanis
1527 5351 1540 5376 ,
1571 5311 1840 5366 neminem
1869 5308 2124 5365 mundum
2154 5325 2186 5364 a

593 5403 796 5470 sorde,
829 5419 927 5461 nec
969 5404 1220 5460 infantem
1252 5403 1404 5474 cujus
1445 5413 1526 5458 est
1568 5404 1726 5459 unius
1764 5403 1867 5460 diei
1893 5405 2001 5460 vita
2027 5419 2189 5474 super

595 5507 796 5552 terram
823 5495 942 5571 (Job
987 5513 1080 5552 xrv
1099 5539 1114 5562 ,
1145 5497 1199 5563 5,
1228 5513 1329 5551 sec.
1363 5495 1578 5571 LXX)?
1607 5497 1738 5552 Nam
1767 5497 2187 5554 misericordiam

601 5599 657 5644 et
685 5569 969 5658 magnis'ct
1001 5587 1208 5660 pusillis
1249 5591 1498 5645 omnibus
1517 5569 1524 5571 ἡ
1543 5591 1782 5661 prmstari
1812 5591 1879 5644 ab
1907 5590 1998 5645 illo
2024 5606 2052 5644 a
2083 5605 2188 5660 quo

603 5767 619 5797 ._
667 5725 771 5832 iatn
793 5726 1131 5790 manumirtis
1170 5728 1404 5776 Vaticanis
1428 5733 1480 5776 et
1502 5725 1750 5776 Gallicanis
1771 5725 1946 5787 deest,
1983 5733 2030 5778 et
2082 5739 2189 5776 cum

603 5797 676 5832 ms
715 5819 727 5832 .

599 5802 616 5840 ι
623 5797 727 5846 fisa.

667 5846 686 5875 ¹
725 5843 838 5892 ιῖιιὶιὶ
855 5879 869 5898 .
898 5847 1018 5908 ejus.

1329 416 1600 474 CONTRA
1639 411 1978 472 JULIANUM
2019 399 2482 474 PELAGIAKUM,
2523 405 2580 460 S.
2624 403 2990 462 AUGUSTINI

3732 404 3834 459 Sli

2249 523 2390 575 salus
2421 531 2578 576 estet
2605 519 2878 574 hominum
2910 529 2963 574 et
3001 533 3251 592 pecorum
3275 561 3288 585 ,
3321 531 3374 574 et
3397 520 3488 588 qui
3513 520 3637 575 facit
3665 523 3833 576 solem

2249 627 2403 666 suum
2456 611 2585 666 oriri
2635 626 2795 680 super
2840 610 3010 664 bonos
3037 619 3089 664 et
3119 607 3288 664 malos
3337 607 3550 682 (Matth.
3593 625 3654 679 v,
3699 609 3832 682 45),

2249 705 2370 774 quis
2399 704 2623 768 abnuat,
2651 703 2750 756 nisi
2782 701 2872 772 qui
2901 701 3066 756 Deum
3097 716 3215 754 csse
3237 742 3249 764 ,
3281 711 3372 756 aut
3403 709 3610 756 terrena
3647 717 3836 756 curare

2251 809 2356 848 non
2385 793 2592 848 credit?
2621 792 2772 859 Quod
2803 801 2856 846 tu
2883 791 3032 862 quasi
3063 791 3186 847 inde
3229 790 3676 848 contenderemus
3699 833 3716 860 ,
3743 807 3832 862 per

2253 883 2618 938 testimonium
2648 884 2818 938 sancti
2855 881 2956 938 Job
2993 881 3192 938 ducere
3223 882 3468 951 voluisti,
3501 885 3620 955 quia
3667 884 3834 949 dixit,

2255 977 2463 1033 Ossibus
2489 989 2535 1032 et
2556 978 2718 1032 nervis
2747 963 3038 1048 coinpegisti
3061 993 3138 1030 mc
3157 1018 3172 1044 ,
3195 980 3348 1030 vitam
3367 987 3414 1030 ct
3444 977 3840 1030 misericordium

2253 1069 2470 1123 tribuisti
2498 1069 2624 1122 mihi
2652 1067 2772 1139 (Job
2808 1085 2870 1136 Χ,
2905 1069 3001 1134 Η,
3029 1067 3140 1138 12).
3171 1067 3272 1125 Ubi
3297 1068 3510 1139 quidem
3555 1069 3644 1124 ille
3672 1070 3842 1139 potuit

2255 1178 2359 1218 non
2402 1178 2618 1218 omnem
2671 1160 2972 1234 significare
3019 1159 3324 1228 hominem,
3375 1160 3470 1215 scd
3497 1161 3567 1215 de
3617 1175 3676 1215 se
3725 1161 3840 1229 ipso

2254 1245 2670 1324 gratias'agere,
2703 1251 2844 1322 quod
2883 1267 3004 1306 eum
3036 1251 3324 1306 carnaliter
3349 1261 3528 1305 natum
3566 1267 3670 1306 non
3697 1251 3842 1305 dese-

2255 1345 2455 1412 ruerit,
2484 1345 2578 1400 sed
2608 1344 2656 1400 ei
2683 1342 3104 1399 misericordiam
3129 1352 3186 1397 ut
3214 1357 3338 1398 vere
3367 1343 3383 1374 ¹
3415 1342 3650 1409 viveret,
3679 1342 3730 1396 id
3761 1353 3840 1396 est

2250 1433 2396 1506 juste
2415 1436 2648 1501 viveret,
2678 1434 2770 1507 qui
2795 1450 2918 1490 eum
2945 1434 3214 1498 condidit,
3241 1434 3354 1504 ipse
3381 1434 3708 1504 prtestiterit.
3737 1437 3842 1488 Aut

2255 1535 2404 1582 certe
2441 1530 2563 1596 quia
2618 1539 2800 1596 parum
2854 1534 2970 1581 erat
3017 1526 3159 1590 vita,
3215 1541 3374 1596 quam
3424 1525 3692 1580 nascendo
3733 1541 3842 1580 sor.

2259 1617 2388 1670 titus
2439 1623 2554 1680 est,
2603 1613 2726 1670 ideo
2768 1613 3000 1681 addidit,
3049 1623 3096 1670 et
3149 1601 3580 1680 misericordiam;
3625 1631 3693 1670 ne
3753 1632 3839 1670 rc-

2260 1716 2502 1763 manerct
2549 1707 2860 1762 naturaliter
2913 1707 3053 1762 titius
3094 1707 3188 1762 ira:
3237 1709 3377 1762 sicut
3428 1716 3483 1762 et
3510 1709 3728 1773 czeteri,
3759 1719 3840 1762 at-

2259 1815 2364 1872 que
2421 1800 2559 1855 inter
2605 1815 2730 1854 vasa
2785 1799 2914 1867 ira),
2966 1814 3072 1854 non
3115 1799 3256 1856 inter
3294 1814 3422 1855 vasa
3467 1799 3842 1856 misericordia:

2263 1892 2436 1948 fieret.
2619 1875 2624 1884 ’

2331 1981 2422 2037 50.
2467 1981 2575 2037 Cur
2627 1990 2804 2036 autem
2853 1979 2920 2036 de
2975 1980 3116 2034 malo
3168 1979 3308 2051 quod
3361 1980 3408 2036 ei
3451 1979 3656 2051 adjacet
3689 1989 3844 2050 atque

2263 2071 2405 2128 inest
2435 2071 2688 2127 membris
2716 2071 2831 2143 ejus
2855 2086 2979 2127 reus
3003 2086 3108 2127 non
3139 2073 3205 2126 sit
3245 2071 3447 2138 fidelis,
3477 2079 3532 2126 et
3553 2087 3617 2128 ex
3641 2086 3710 2128 eo
3737 2089 3844 2127 ma-

2267 2163 2320 2219 lo
2371 2173 2545 2220 tamen
2583 2165 2672 2235 qni
2725 2163 2963 2219 nascitur
3006 2174 3210 2220 reatum
3261 2165 3466 2232 trahat,
3509 2165 3620 2235 jam
3665 2167 3844 2220 nescio

2263 2255 2474 2326 quoties
2535 2255 2787 2309 diximus.
2830 2253 3000 2309 Fideli
3058 2255 3198 2310 enim
3243 2253 3347 2309 hoc
3401 2254 3715 2310 beneficium
3767 2271 3844 2311 rc-

2263 2345 2537 2415 gcneratio
2575 2344 2832 2410 contulit,
2879 2360 2986 2400 non
3024 2345 3318 2414 generatio.
3351 2344 3476 2400 Inde
3517 2360 3644 2416 ergo
3689 2347 3758 2400 ab
3781 2347 3846 2400 is-

2269 2447 2322 2492 to
2354 2447 2502 2493 reatu
2551 2437 2806 2494 solvenda
2835 2447 2918 2493 est
2967 2439 3177 2509 proles,
3240 2437 3378 2494 unde
3399 2438 3602 2494 solutus
3649 2447 3736 2494 est
3763 2455 3848 2509 pa-

2267 2543 2411 2586 rens.

2337 2621 2563 2679 CAPUT
2600 2621 2740 2678 XIV.
2769 2654 2840 2663 —
2871 2623 2957 2678 5i.
2988 2623 3092 2678 Sed
3133 2638 3380 2693 magnum
3423 2623 3618 2694 aliquid
3647 2632 3700 2677 te
3735 2623 3850 2678 dia-

2267 2716 2452 2772 lectica
2481 2715 2663 2772 docuit
2683 2717 2726 2782 ¹,
2763 2735 2780 2770 ι
2815 2715 2948 2772 Rem
2979 2731 3096 2786 qua:
3129 2717 3180 2770 in
3209 2716 3452 2788 subjecto
3471 2725 3584 2782 est,
3617 2717 3736 2772 sine
3765 2717 3848 2770 illa

2269 2825 2328 2864 re
2375 2823 2496 2864 esse
2539 2824 2644 2864 non
2679 2823 2868 2880 posse,
2922 2810 2976 2864 in
3002 2823 3106 2880 qua
3151 2809 3388 2880 subjecta
3435 2819 3534 2866 est.
3582 2809 3648 2864 Et
3677 2810 3796 2866 ideo
3825 2829 3844 2862 ι

2269 2909 2426 2973 putas
2461 2919 2480 2952 ι
2517 2901 2714 2956 malum
2745 2901 2886 2972 quod
2917 2911 2999 2956 est
3027 2901 3080 2956 in
3123 2911 3378 2972 parente,
3423 2903 3603 2972 utique
3647 2903 3702 2956 in
3729 2903 3852 2956 sub.

2267 2991 2447 3064 jccto,
2494 2993 2584 3048 alii
2627 2993 2736 3060 rei,
2771 2992 2824 3048 id
2849 3003 2933 3048 est
2963 2994 3126 3064 proli,
3158 2993 3224 3050 ad
3253 3009 3408 3064 quam
3437 3009 3544 3050 non
3569 2995 3810 3066 pervenit
3833 3035 3851 3061 ,

2271 3095 2482 3140 reatum
2514 3101 2620 3140 non
2653 3100 2812 3156 posse
2843 3087 3218 3142 transmittere.
3261 3106 3280 3140 ι
3313 3085 3477 3144 Recte
3497 3085 3600 3142 hoc
3621 3087 3850 3151 diceres.

2273 3177 2318 3232 si
2347 3175 2545 3234 malum
2572 3178 3018 3248 concupiscentia:
3045 3177 3113 3234 de
3157 3187 3378 3248 parente
3409 3193 3512 3234 non
3557 3181 3856 3249 perveniret.

2279 3267 2345 3322 ad
2377 3269 2582 3340 prolem
2631 3287 2646 3324 :
2694 3284 2814 3324 cum
2856 3285 2986 3325 vero
3015 3270 3154 3324 sicut
3179 3270 3294 3324 sine
3321 3269 3414 3325 illo
3439 3285 3598 3324 nemo
3621 3270 3853 3325 semina-

2277 3366 2396 3425 tur,
2427 3357 2497 3413 ita
2531 3358 2648 3416 sine
2693 3359 2783 3414 illo
2811 3375 2971 3416 nemo
2999 3370 3280 3424 nascatur;
3311 3361 3580 3431 quomodo
3614 3361 3748 3416 dicis
3787 3377 3854 3418 eo

2279 3467 2382 3505 non
2416 3453 2728 3522 pervenire,
2757 3468 2864 3524 quo
2905 3453 3130 3508 transit?
3175 3453 3291 3510 Non
3321 3455 3462 3508 enim
3507 3455 3815 3510 Aristoteles
3837 3495 3852 3518 ,

2277 3542 2430 3614 cujus
2456 3543 2753 3614 categorias
2792 3543 3104 3614 insipienter
3140 3545 3312 3614 sapis,
3343 3544 3436 3600 sed
3463 3545 3744 3615 Apostolus
3771 3545 3854 3600 di-

2277 3635 2350 3690 cit
2379 3653 2394 3690 :
2417 3635 2522 3691 Per
2548 3652 2705 3690 unum
2732 3635 2984 3690 hominem
3011 3645 3269 3708 peccatum
3288 3637 3493 3690 intravit
3515 3637 3569 3690 in
3593 3637 3856 3699 utendum,-

2279 3739 2325 3780 et
2346 3743 2435 3797 per
2451 3744 2620 3782 omnes
2639 3727 2865 3782 homines
2883 3729 3166 3798 pertransiit
3191 3727 3364 3798 (Rom.
3383 3743 3433 3795 v,
3457 3727 3566 3799 12).
3595 3727 3704 3784 Νεε
3727 3743 3854 3783 sane

2281 3819 2374 3873 tibi
2389 3803 2664 3874 dialectica
2679 3819 2766 3873 illa
2783 3819 3058 3887 mentitur,
3077 3818 3172 3876 sed
3189 3827 3244 3874 tu
3259 3835 3366 3874 non
3381 3819 3649 3890 intelligis.
3665 3818 3858 3874 Verum

2280 3911 2424 3965 enim
2450 3919 2533 3966 est
2557 3909 2695 3980 quod
2728 3909 2800 3965 ibi
2829 3911 3116 3981 accepisti,
3147 3925 3210 3966 ea
3234 3926 3354 3982 qua:
3383 3911 3436 3966 in
3459 3911 3694 3980 subjecto
3713 3921 3854 3976 sunt,

2282 4001 2420 4056 sicut
2445 4007 2572 4056 sunt
2595 3999 2908 4072 qualitates,
2941 4000 3058 4056 sine
3081 4001 3322 4072 subjecto
3347 4004 3401 4056 in
3427 4017 3532 4072 quo
3556 4012 3710 4067 sunt,
3741 4017 3860 4057 esse

2283 4105 2389 4146 non
2417 4105 2572 4160 posse
2591 4131 2606 4155 ,
2635 4089 2773 4146 sicut
2796 4099 2879 4146 est
2899 4091 2950 4146 in
2973 4091 3212 4160 subjecto
3231 4106 3458 4162 corpore
3475 4092 3624 4148 color
3641 4102 3730 4146 aut
3751 4091 3860 4146 fur-

2283 4197 2402 4248 ma;
2431 4179 2523 4236 sed
2545 4179 3159 4250 afﬁciendo‘transeunt,
3183 4197 3286 4238 non
3303 4181 3612 4254 emigrando
3632 4201 3646 4237 :
3668 4198 3860 4253 quem-

2283 4273 2572 4328 admodum
2607 4271 2889 4344 Ethiopes
2907 4316 2921 4342 ,
2946 4274 3066 4344 quia
3093 4275 3229 4346 nigri
3261 4283 3406 4338 sunt,
3433 4275 3859 4346 nigrosgignunt,

2287 4381 2392 4420 non
2405 4373 2580 4420 tamen
2595 4365 2646 4418 in
2663 4365 2798 4419 filios
2812 4375 3058 4436 parentes
3069 4367 3302 4422 colorem
3317 4381 3472 4422 suum
3483 4367 3625 4422 velut
3637 4368 3860 4424 tunicam

2287 4457 2639 4522 transferunt;
2683 4455 2776 4511 sed
2821 4455 2905 4510 sui
2927 4459 3170 4528 corporis
3215 4458 3466 4529 qualitate
3505 4474 3698 4529 corpus
3723 4459 3864 4529 quod

2287 4547 2354 4603 de
2397 4547 2501 4602 illis
2549 4557 2868 4618 propagatur
2909 4547 3167 4604 afﬁciunt.
3223 4549 3513 4606 Mirabilius
3563 4561 3645 4606 est
3689 4561 3864 4607 autem

2287 4639 2500 4708 quando
2543 4655 2720 4692 rermn
2749 4639 3102 4708 corporalium
3133 4641 3411 4709 qualitates
3435 4641 3486 4696 in
3511 4656 3600 4696 res
3625 4641 3868 4711 incorpo-

2289 4731 2426 4787 rales
2457 4739 2765 4796 transeunt,
2799 4741 2852 4786 ct
2881 4740 3058 4786 tamen
3104 4731 3194 4799 ﬁt,
3224 4732 3436 4802 quando
3463 4733 3654 4788 formas
3681 4747 3872 4803 carpo.

2287 4841 2405 4881 rum
2447 4839 2579 4896 quas
2619 4825 2858 4880 videmus
2879 4865 2894 4889 ,
2939 4823 3216 4880 haurimus
3241 4825 3466 4894 quodam
3511 4825 3705 4890 modo,
3735 4837 3794 4881 et
3823 4827 3870 4880 in

2289 4915 2546 4972 memoria
2575 4914 2948 4980 recondimus,
2983 4922 3037 4970 et
3079 4929 3413 4985 quocumque
3437 4915 3736 4985 pergimus,
3777 4931 3872 4972 no-

2287 5010 2494 5066 biscum
2539 5007 2758 5064 ferimus
2805 5022 2948 5061 :nec
2991 5007 3095 5061 illa:
3137 5016 3476 5064 recesserunt
3499 5023 3530 5060 a
3557 5009 3876 5077 corporibus

2291 5102 2402 5155 suis
2421 5141 2436 5165 ,
2467 5106 2522 5154 ct
2559 5107 2735 5154 tamen
2763 5097 2828 5152 ad
2857 5112 2954 5152 nos
2980 5097 3212 5154 mirabili
3253 5097 3412 5152 modo
3443 5096 3647 5154 affectis
3677 5100 3878 5154 nostris

2292 5193 2537 5248 sensibus
2564 5191 2906 5246 transierunt.
2935 5189 3214 5258 Quomodo
3251 5198 3427 5246 autem
3467 5189 3534 5245 de
3557 5204 3784 5259 corpore
3809 5189 3880 5244 ad

2293 5283 2535 5354 spiritum
2557 5323 2573 5350 ,
2615 5297 2681 5338 eo
2721 5279 2882 5336 modo
2912 5290 3190 5336 transeunt
3229 5281 3297 5336 de
3341 5281 3530 5352 spiritu
3555 5281 3623 5338 ad
3657 5297 3878 5352 contus.

2292 5375 2424 5431 Nam
2453 5357 2660 5430 colores
2700 5375 2968 5446 virgarum
2995 5389 3138 5444 quas
3155 5373 3378 5430 variavit
3415 5373 3578 5428 Iacob
3597 5413 3612 5436 .
3641 5372 3880 5428 allicien-

2295 5469 2364 5524 do
2407 5467 2732 5523 transierunt
2775 5468 2828 5524 in
2867 5468 3075 5523 animas
3117 5483 3369 5539 pecorum
3411 5475 3674 5533 matrum,
3716 5480 3876 5536 atque

2358 5606 2376 5638 ι
2411 5603 2724 5666 Florlacensis
2739 5609 2846 5666 ιιι»,
2883 5609 2937 5654 ιιι
2967 5601 3162 5664 viveret,
3191 5603 3384 5663 omisso,
3415 5613 3554 5663 vere;
3594 5600 3728 5664 cujus
3771 5599 3884 5652 loco

2293 5665 2390 5716 duo
2413 5679 2443 5715 e
2461 5666 2696 5715 Vaticanis
2717 5665 2917 5724 habent,
2941 5666 3074 5717 bene.

2361 5730 2381 5760 ι
2415 5727 2547 5776 Idem
2567 5725 2884 5778 Floriacensis
2903 5734 3006 5788 Ms,
3033 5725 3269 5788 docuerit.

2364 5791 2386 5858 ξ
2417 5788 2686 5858 (κιεέιεηεὶβ
2703 5795 2808 5850 Ms.,
2855 5789 2941 5841 sed
2967 5781 3072 5841 tusc
3095 5785 3363 5853 alliciendo.
3395 5787 3736 5858 Floriaccnsis,
3783 5781 3878 5836 sed

2300 5851 2414 5906 inde
2447 5847 2712 5913 traiciendo.
2795 5847 2804 5850 ’
3124 5847 3149 5853 ’”
3627 5851 3636 5866 ⁸
