4098 6510
344 384 449 446 813

346 504 465 559 inde
493 515 679 557 rursus
705 496 891 555 eadem
920 498 1197 552 affectione
1218 492 1546 549 transeundo
1570 496 1929 561 apparuerunt

345 597 400 649 in
422 594 735 664 corporibus
779 590 1005 645 filiorum
1040 585 1191 659 (Gen.
1220 601 1330 641 xxx
1351 585 1462 652 ,-'5'l
1493 581 1610 653 ἃ).
1645 580 1773 637 'l'ale
1801 592 1932 635 vero

344 685 541 757 aliquid
569 675 728 743 etiam
780 684 834 737 in
879 680 1072 737 fetibus
1101 678 1350 734 humanis
1378 690 1538 748 posse
1580 673 1890 743 contingere
1914 710 1930 737 ,

344 780 581 837 Soranus
632 776 908 833 medicina:
955 784 1144 829 auctor
1193 770 1562 827 nobilissimus
1607 765 1826 833 scribit,
1877 774 1935 820 et

345 870 590 939 exemplo
618 869 898 924 continuat
942 865 1200 920 historize.
1246 860 1379 918 Nam
1410 858 1720 931 Dionysium
1750 848 1935 928 tyran-

347 979 475 1018 num
502 971 714 1026 narrat,
746 974 812 1016 eo
838 958 979 1030 quod
1029 959 1142 1029 ipse
1183 954 1441 1012 deformis
1469 961 1643 1017 esset,
1672 965 1773 1006 nec
1801 949 1935 1004 mles

347 1055 546 1111 habere
577 1054 715 1109 filios
758 1053 953 1120 vellet,
986 1052 1138 1107 uxori
1184 1064 1296 1105 suae
1318 1049 1393 1103 'in
1421 1046 1705 1103 concubitu
1731 1043 1934 1098 formo-

347 1162 461 1203 sam
503 1161 805 1218 proponere
844 1145 1021 1201 solere
1060 1144 1357 1213 picturam,
1387 1139 1538 1210 cujus
1585 1134 1934 1209 pulchritudi-

349 1254 470 1296 nem
513 1237 942 1309 coneupiscendo
986 1236 1217 1308 quodam
1272 1233 1433 1289 modo
1486 1240 1730 1303 raperet,
1786 1238 1841 1309 et
1883 1230 1936 1284 in

350 1330 557 1400 prolem
579 1307 738 1401 quam
766 1307 1100 1397 concipiebat
1118 1325 1401 1382 alliciendo
1425 1324 1807 1380 transmitteret
1835 1307 1934 1392 la).

356 1422 539 1493 Neque
557 1422 701 1479 enim
730 1421 872 1476 Deus
901 1421 970 1474 ita
998 1428 1215 1474 naturas
1237 1427 1417 1483 creat,
1443 1425 1502 1472 ut
1525 1416 1672 1487 leges
1695 1413 1936 1480 auferat,

351 1526 484 1584 quas
511 1511 659 1568 dedit
701 1511 928 1567 motibus
951 1509 1370 1580 uniuscujusque
1413 1517 1636 1563 naturae.
1666 1505 1757 1562 Sic
1780 1513 1835 1561 et
1861 1504 1939 1559 vi-

354 1605 426 1660 tia
474 1617 595 1658 cum
623 1603 729 1658 sint
768 1602 820 1656 in
849 1600 1117 1671 subjecto,
1162 1614 1226 1654 ex
1259 1597 1568 1669 parentibus
1597 1605 1776 1652 tamen
1802 1595 1856 1649 in
1888 1593 1943 1648 li-

336 1695 486 1761 iios,
531 1708 638 1750 non
679 1692 830 1764 quasi
874 1691 1339 1763 transmigratione
1378 1688 1446 1745 de
1473 1702 1571 1745 suo
1601 1687 1842 1757 subjecto
1885 1685 1939 1741 in

352 1787 653 1855 subjectum
698 1786 957 1850 alterum,
987 1782 1131 1854 quod
1159 1783 1277 1840 fieri
1316 1797 1421 1839 non
1461 1795 1619 1852 posse
1659 1778 1942 1852 categorize

357 1878 461 1932 illae
516 1890 649 1945 quas
700 1875 872 1946 legisti
923 1873 1567 1937 verissime'ostendunt;
1616 1869 1750 1935 sed,
1800 1868 1942 1940 quod

355 1983 461 2021 non
524 1965 806 2037 intelligis,
858 1964 1141 2021 affectione
1196 1973 1250 2019 et
1287 1963 1603 2035 contagione
1645 1970 1940 2033 ‘pcrtranso

353 2064 503 2113 eunt.

425 2148 652 2205 CAPUT
690 2147 808 2203 XV.
838 2178 910 2189 —
935 2147 1025 2204 52.
1052 2146 1189 2214 Quid
1216 2156 1301 2203 est
1327 2145 1470 2217 quod
1497 2144 1708 2200 laboras
1737 2143 1943 2214 magnis

356 2240 908 2312 argumentationibus
939 2240 1216 2310 pervenire
1242 2238 1309 2293 ad
1332 2238 1616 2309 impietatis
1636 2236 1940 2306 abruptum,

355 2342 416 2389 ιιι
446 2351 468 2387 ι
498 2331 695 2389 Christi
723 2348 850 2387 caro
869 2372 885 2399 ,
910 2331 1035 2402 quia
1060 2331 1130 2387 de
1158 2331 1317 2385 Maria
1347 2338 1503 2384 natus
1527 2337 1628 2393 est,
1656 2326 1809 2397 cujus
1832 2325 1939 2380 vir-

352 2426 494 2501 ginis
519 2440 646 2483 caro
678 2427 818 2481 sicut
853 2433 1170 2480 ca:terornm
1202 2423 1440 2479 omnium
1468 2437 1533 2477 ex
1577 2421 1746 2476 Adam
1775 2418 1945 2474 fuerat

355 2526 679 2589 propagata,
712 2515 843 2571 nihil
890 2515 1054 2571 distet
1080 2530 1111 2570 a
1141 2529 1302 2569 carne
1330 2512 1568 2584 peccati,
1597 2518 1651 2566 et
1695 2510 1811 2565 sine
1839 2508 1943 2563 ulla

354 2607 695 2663 distinctione
740 2607 1028 2676 Apostolus
1065 2604 1269 2660 dixisse
1289 2602 1737 2669 credatur,:eum
1780 2600 1946 2655 fuisse

356 2699 578 2754 missum
629 2698 682 2752 in
707 2696 1054 2753 similitudine
1106 2695 1285 2751 carnis
1316 2694 1514 2765 peccati
1549 2711 1567 2745 ›
1599 2689 1775 2762 (Rom.
1814 2704 1942 2753 vui,

356 2790 450 2860 3);
503 2789 611 2844 imo
645 2788 823 2859 potius
862 2788 1057 2855 instas,
1089 2805 1109 2839 ι
1143 2796 1203 2841 ιιι
1232 2785 1376 2840 nulla
1406 2785 1493 2840 'sit
1532 2797 1659 2839 caro
1704 2781 1942 2853 peccati,

358 2897 427 2936 ne
456 2882 556 2937 hoc
602 2881 671 2935 sit
719 2889 772 2935 et
812 2877 1047 2935 Christi?
1083 2896 1102 2931 ι
1132 2877 1269 2945 Quid
1311 2887 1396 2933 est
1445 2891 1610 2947 ergo,
1651 2874 1947 2930 similitudo

356 2974 533 3029 carnis
564 2971 796 3043 peccati,
824 2972 871 3027 si
898 2971 1042 3026 nulla
1068 2980 1153 3027 est
1176 2985 1302 3025 caro
1340 2970 1589 3040 peccati?
1613 2968 1722 3024 Sed
1756 2986 1775 3020 ι
1808 2964 1947 3024 hanc

356 3066 702 3136 apostolicam
744 3064 1061 3120 sententiam
1108 3079 1194 3119 me
1237 3078 1342 3118 non
1391 3062 1722 3118 intellexisse
1754 3079 1776 3115 ι
1804 3062 1946 3117 dixi-

354 3159 426 3212 sti
454 3175 468 3214 :
498 3174 596 3212 nec
624 3172 741 3212 eam
777 3166 951 3211 tamen
980 3156 1311 3227 exposuisti,
1353 3164 1414 3211 ut
1444 3164 1495 3211 te
1525 3154 1745 3210 doctore
1772 3155 1789 3188 ⁸
1817 3168 1947 3210 nos-

354 3262 542 3303 semus
583 3247 729 3317 quod
754 3247 932 3318 aliqua
959 3262 1048 3303 res
1069 3246 1237 3316 possit
1260 3260 1381 3302 esse
1408 3244 1601 3302 similis
1621 3246 1673 3301 ei
1708 3245 1787 3301 rei
1827 3260 1948 3316 quae

358 3356 468 3396 non
489 3348 590 3395 est.
620 3338 773 3408 Quod
804 3339 847 3394 si
877 3339 1143 3395 dementis
1180 3348 1261 3393 est
1286 3337 1467 3394 dicere
1487 3380 1502 3405 ,
1534 3347 1590 3394 et
1630 3336 1948 3392 sinee'dubio

357 3446 486 3485 caro
508 3428 707 3486 Christi
752 3438 969 3485 nonest
1004 3444 1132 3484 caro
1158 3429 1397 3499 peccati,
1446 3428 1542 3484 sed
1583 3426 1773 3482 similis
1799 3427 1947 3482 carni

362 3522 594 3590 peccati;
626 3520 752 3590 quid
783 3528 949 3575 restat
986 3529 1047 3575 ut
1086 3519 1447 3589 intelligamus
1467 3560 1483 3587 ,
1505 3519 1608 3574 nisi
1638 3527 1947 3588 ea‘excepta

360 3626 573 3666 onmem
601 3612 857 3681 reliquam
883 3611 1171 3679 humanam
1205 3626 1420 3667 carnem
1458 3627 1579 3668 esse
1607 3610 1855 3683 peccati?
1880 3611 1950 3667 Et

361 3706 486 3759 hinc
511 3712 731 3773 apparet
756 3704 896 3758 illam
921 3704 1402 3774 concupiscentiam
1424 3746 1439 3772 ,
1481 3719 1579 3775 per
1602 3718 1759 3776 quam
1785 3703 1947 3761 Chri-

355 3808 475 3851 stus
499 3795 705 3865 concipi
730 3795 931 3861 noluit,
967 3794 1158 3852 fecisse
1188 3796 1237 3850 in
1271 3806 1471 3865 genere
1494 3794 1729 3849 humano
1750 3811 1946 3866 propa.

352 3889 535 3958 ginem
566 3886 690 3941 mali
722 3903 737 3939 :
770 3886 892 3957 quia
923 3886 1102 3941 Maria:
1130 3901 1323 3956 corpus
1348 3886 1592 3956 quamvis
1635 3884 1758 3941 inde
1785 3886 1948 3942 "vene-

358 3979 670 4044 rit,-tamen
699 3992 818 4032 eam
849 3992 955 4032 non
986 3977 1194 4047 trajecit
1222 3976 1274 4031 in
1304 3992 1498 4046 corpus
1517 3976 1659 4047 quod
1687 3992 1793 4031 non
1824 3976 1948 4032 inde

358 4072 622 4141 concepit.
645 4071 913 4126 Caeterum
934 4110 949 4136 ,
971 4084 1168 4139 corpus
1202 4069 1402 4125 Christi
1444 4067 1568 4125 inde
1598 4068 1797 4124 dictum
1825 4083 1947 4125 esse

358 4164 413 4218 in
442 4162 791 4218 similitudine
816 4162 998 4217 carnis
1022 4162 1224 4232 peccati
1244 4201 1260 4228 ,
1287 4161 1412 4232 quia
1438 4160 1613 4217 omnis
1636 4159 1739 4216 alia
1770 4160 1946 4216 homi-
1976 4223 1981 4229 ε

358 4278 485 4316 num
533 4276 661 4317 caro
704 4261 906 4331 peccati
950 4268 1066 4326 est,
1106 4259 1346 4330 quisquis
1385 4268 1576 4329 negat,
1622 4268 1680 4314 et
1728 4271 1947 4313 carnem

358 4352 554 4407 Christi
581 4352 651 4407 ita
682 4351 829 4406 carni
866 4362 1144 4421 comparat
1171 4351 1503 4405 nascentium
1531 4347 1807 4404 hominum
1836 4362 1945 4403 ca:-

360 4452 598 4500 tcrorum
620 4486 635 4509 ,
658 4454 718 4497 ut
740 4452 950 4499 asserat
976 4451 1258 4512 utramque
1283 4455 1405 4497 esse
1427 4439 1674 4512 puritatis
1703 4439 1943 4511 aequalis,

357 4535 704 4590 detestandus
732 4534 1014 4589 hmrcticus
1039 4532 1325 4590 invenitur.

428 4626 519 4681 53.
559 4625 805 4695 Magnum
848 4638 1010 4694 porro
1041 4622 1240 4693 aliquid
1282 4622 1555 4678 invenisse
1585 4622 1680 4678 tibi
1723 4621 1943 4688 videris,

357 4725 415 4771 et
441 4716 809 4786 cupiosissime
835 4715 1075 4784 disputas
1098 4754 1111 4778 ,
1148 4731 1169 4765 ι
1203 4714 1365 4768 etiam
1405 4713 1451 4767 si
1491 4722 1774 4770 nascentes
1820 4713 1946 4769 mali

358 4809 554 4880 aliquid
582 4823 650 4865 ex
684 4806 992 4878 parentibus
1018 4805 1229 4860 trahere
1253 4811 1500 4873 possent,
1531 4804 1672 4873 quod
1701 4806 1947 4876 expiare-

359 4912 446 4956 tur
463 4904 485 4935 '
512 4899 757 4955 manibus
783 4898 899 4965 Dei,
930 4897 1051 4969 quia
1079 4910 1175 4952 eos
1202 4896 1317 4966 ipse
1345 4894 1539 4950 format
1570 4896 1620 4950 in
1649 4897 1812 4952 uteris
1837 4911 1950 4952 ma-

359 5003 521 5048 trum.
550 5011 572 5045 ι
604 4992 687 5047 Ab
722 4994 839 5061 ipso
862 4996 1041 5045 autem
1087 4987 1305 5042 formari
1345 4986 1591 5041 homines
1636 4986 1809 5057 (quasi
1846 4986 1950 5044 hoc

360 5082 653 5153 negemus)
680 5080 1062 5136 instantissime
1087 5078 1278 5149 probas
1301 5119 1317 5141 ,
1348 5077 1515 5132 multa
1552 5077 1622 5133 de
1660 5077 1950 5149 Scripturis

359 5173 617 5229 adhibens
640 5171 937 5230 testimonia
962 5188 978 5225 :
1001 5172 1054 5225 in
1080 5169 1272 5241 quibus
1299 5183 1420 5224 cum
1449 5183 1510 5223 ea
1537 5168 1694 5225 verba
1717 5183 1781 5225 ex
1811 5168 1950 5225 libro

360 5265 735 5323 Ecclesiastieo
784 5263 1072 5333 posuisses,
1117 5260 1309 5330 quibus
1354 5260 1446 5315 Dei
1492 5274 1654 5330 opera
1702 5260 1952 5316 dicuntur

358 5356 564 5412 oocttlta
595 5354 783 5423 (Eccli.
815 5371 906 5421 tu,
952 5352 1043 5416 22.
1070 5352 1201 5422 23);
1249 5352 1501 5407 continuo
1540 5360 1625 5406 tua
1676 5352 1960 5422 subjecisti‘

359 5459 521 5519 atque
537 5448 738 5514 dixisti,
759 5467 778 5499 ι
802 5447 931 5514 Ουτο
953 5447 1214 5501 sententia
1240 5458 1424 5500 eorum
1445 5445 1619 5515 arguit
1639 5446 1945 5512 vanitatem,

257 5529 260 5532 ’
360 5541 453 5609 qui
484 5548 668 5610 putant
704 5538 995 5594 naturalem
1024 5536 1437 5608 profunditatem
1477 5552 1633 5608 posse
1662 5539 1947 5610 investiga-

431 5700 448 5765 ξ
483 5684 704 5761 Quinque
723 5702 862 5765 ωειλ
882 5694 1098 5765 docente.

430 5762 451 5791 ³
482 5766 555 5809 Sto
710 5766 763 5809 At
787 5759 923 5821 editi,
947 5759 1279 5821 armarentur.

429 5821 502 5879 (Β)
537 5820 651 5871 Vide
675 5829 876 5872 ltetract.
904 5819 988 5869 lib.
1014 5817 1060 5881 Ξ,
1086 5830 1191 5880 cap.
1216 5820 1291 5867 63.

1689 372 1893 430 LIBER
1931 369 2245 439 QUINTUS.

3518 388 3642 465 su,

2040 486 2184 542 tione
2220 488 2394 559 aliqua
2426 495 2825 564 comprehendi.
2856 520 2873 550 ι
2918 498 3029 555 lloc
3060 499 3151 555 tibi
3180 502 3265 557 dic
3288 546 3302 565 .
3334 513 3386 558 et
3417 506 3521 560 ιιι)ῐί
3554 508 3621 561 de

2038 578 2230 634 anima:
2268 582 2472 652 origine
2511 593 2711 641 temere
2753 588 2947 659 aliquid
2976 590 3200 647 definire
3221 634 3237 659 ,
3265 594 3405 664 quod
3435 596 3515 652 vel
3543 615 3623 669 ra-

2039 668 2184 726 tione
2211 673 2527 743 ccrtissima,
2558 677 2638 731 vel
2677 678 2856 733 divino
2882 676 3094 751 eloquio
3130 683 3346 741 minime
3381 668 3627 758 ambiguo

2026 776 2145 818 non
2174 772 2351 834 potest
2377 769 2783 839 comprehendi;
2812 772 2905 828 sed
2933 775 3108 844 potius
3133 775 3274 847 quod
3302 778 3631 848 sapientissi-

2040 870 2126 910 nia
2165 857 2357 913 mulier
2404 868 2576 915 mater
2615 861 3036 919 Maehabmorum
3082 881 3231 936 sape.
3271 864 3406 924 Nam
3431 881 3484 925 et
3512 870 3628 941 ejus

2024 945 2198 1001 ‘vrrba
2228 949 2477 1019 posuisti,
2524 967 2641 1022 quae
2671 953 2793 1008 filiis
2815 955 2925 1009 suis
2954 955 3027 1009 ait
3053 973 3067 1008 :
3104 956 3292 1012 Nescio
3324 958 3540 1027 (jualitcr
3574 964 3625 1015 in

2041 1047 2183 1092 utero
2209 1056 2316 1094 mro
2346 1044 2651 1114 nppurut'slis
2679 1044 2698 1117 (
2724 1045 2764 1100 11
2796 1042 3035 1131 Hackub.
3067 1066 3160 1119 vn,
3190 1051 3261 1106 29.
3350 1051 3499 1122 Quod
3525 1055 3631 1109 uti-

2040 1144 2145 1197 que
2196 1144 2303 1187 non
2351 1134 2583 1203 putanda
2625 1146 2709 1193 est
2751 1138 2955 1195 dixisse
2984 1142 3050 1198 de
3075 1142 3390 1212 corporibus
3419 1160 3629 1210 eorum.

2041 1236 2160 1290 quas
2187 1236 2409 1294 corpora
2432 1241 2490 1281 se
2519 1241 2624 1282 non
2652 1226 2925 1286 dubitabat
2949 1247 3014 1287 ex
3042 1234 3177 1288 virili
3207 1235 3411 1292 semine
3435 1230 3633 1292 conce-
3673 1298 3681 1307 ,

2043 1312 2185 1381 pisse
2213 1330 2227 1365 :
2258 1314 2352 1370 sed
2382 1325 2559 1372 utrum
2588 1319 2780 1375 anima:
2810 1321 3036 1377 filiorum
3082 1325 3151 1379 de
3192 1338 3411 1395 paterna
3453 1327 3631 1383 anima

2030 1408 2228 1457 tracta:
2256 1402 2468 1472 fuerint,
2498 1421 2564 1460 an
2593 1408 2808 1465 aliunde
2833 1411 2885 1465 in
2913 1421 3066 1468 utero
3093 1414 3210 1486 ejus
3231 1432 3350 1473 esse
3370 1419 3631 1489 ceperint,
3723 1410 3729 1416 ’

2046 1491 2148 1548 hoe
2175 1494 2421 1551 nimirum
2450 1497 2536 1554 illa
2558 1501 2865 1568 nesciebat;
2897 1519 2994 1559 nec
3029 1522 3144 1561 eam
3183 1507 3432 1578 pudebat,
3464 1512 3523 1565 ut
3551 1520 3633 1567 te-

2047 1589 2343 1645 meritatem
2384 1602 2632 1662 caveret,
2674 1596 3023 1666 ignorantiam
3069 1601 3331 1657 eonlitcri.
3371 1602 3509 1672 Quid
3551 1592 3653 1660 est

2040 1686 2173 1749 ergo
2219 1682 2359 1751 quod
2405 1687 2664 1755 causaris,
2714 1707 2733 1740 ι
2761 1688 2871 1744 Cur
2912 1707 3017 1746 non
3048 1690 3165 1764 ipso
3194 1693 3286 1747 filii
3313 1694 3634 1751 mandentur

2044 1772 2268 1841 effectu,
2302 1785 2410 1830 uta
2444 1778 2843 1848 pollutinnibus,
2880 1802 2900 1837 ι
2946 1781 3153 1856 inquis,
3198 1804 3218 1838 ι
3240 1802 3360 1858 qua:
3384 1786 3636 1842 dicuntur

2042 1874 2349 1933 parentum,
2379 1867 2656 1938 majestate
2685 1871 2891 1941 Opificis
2919 1875 3238 1946 expientur?
3275 1896 3295 1929 ι
3328 1876 3438 1932 Nec
3465 1888 3637 1934 atten-

2047 1954 2129 2009 dis
2155 1954 2256 2011 hoc
2280 1956 2386 2013 dici
2406 1960 2563 2015 etiam
2588 1960 2655 2016 de
2676 1962 2971 2041 manifestis
2992 1966 3134 2021 vitiis
3150 1979 3432 2040 corporum
3456 1950 3636 2041 posse,

2047 2059 2169 2100 cum
2198 2048 2388 2119 quibus
2416 2066 2520 2106 non
2552 2054 2703 2123 pauci
2722 2067 3032 2112 .nascuntur
3059 2057 3288 2115 infantes
3310 2059 3363 2127 ¹;
3392 2062 3637 2134 quamvis

2047 2138 2184 2192 absit
2233 2148 2294 2194 ut
2337 2139 2651 2209 dubitetur,
2712 2146 2877 2203 Deum
2928 2164 3112 2206 verum
3165 2161 3220 2208 et
3271 2132 3469 2210 bonum
3517 2132 3639 2214 esse

2049 2229 2286 2285 omnium
2315 2244 2599 2303 corporum
2628 2235 2971 2294 formatorem
3006 2258 3021 2295 :
3050 2250 3308 2298 et'tanien
3335 2260 3399 2300 ex
3430 2246 3639 2317 opificis

2050 2320 2183 2376 tanti
2226 2323 2470 2379 manibus
2507 2338 2616 2381 tam
2659 2328 2844 2396 amita,
2878 2345 2983 2386 non
3009 2332 3183 2388 solum
3214 2335 3420 2402 vitiosa,
3451 2352 3637 2393 verum

2049 2412 2207 2465 etiam
2255 2423 2557 2472 monstrosa
2608 2418 2937 2488 procedunt,
2968 2431 3026 2477 ut
3053 2432 3256 2480 natura:
3295 2442 3325 2481 a
3369 2429 3641 2485 nonnullis

2044 2503 2388 2572 appellentur
2407 2502 2649 2575 errores;
2673 2511 2897 2581 quicum
2921 2525 3227 2584 operantem
3250 2518 3356 2573 vim
3381 2500 3639 2587 divinam,

2049 2603 2104 2649 et
2148 2596 2274 2665 quid
2316 2607 2417 2652 cur
2452 2597 2633 2664 faciat,
2664 2601 2918 2673 indagare
2950 2618 3071 2660 ‘non
3118 2608 3342 2679 possint,
3370 2609 3522 2667 fateri
3547 2627 3644 2679 eos

2052 2685 2212 2755 pudet
2243 2689 2452 2745 nescire
2480 2690 2625 2760 quod
2653 2694 2921 2749 nesciunt.
3120 2676 3135 2678 V
3328 2676 3336 2679 ν
3486 2706 3495 2713 ·
3616 2676 3630 2711 ¹

2122 2779 2213 2835 54.
2253 2780 2405 2847 Quod
2452 2792 2632 2839 autem
2676 2786 2866 2842 attinet
2911 2787 2977 2843 ad
3023 2791 3225 2860 peccati
3273 2792 3543 2867 originalis
3587 2795 3642 2852 in

2048 2884 2241 2927 omnes
2268 2873 2512 2930 homines
2538 2877 2838 2947 transitum,
2863 2882 3112 2950 quoniam
3132 2882 3236 2955 ~pc‘r
3262 2886 3647 2959 concupiScen'o

2052 2965 2178 3056 tiam
2199 2965 2376 3020 carnis
2401 2967 2612 3034 transit,
2646 2971 2873 3028 transire
2911 2972 2975 3028 in'
3005 2989 3123 3031 eam
3153 2992 3370 3036 carnem
3401 2974 3506 3037 non
3543 2998 3648 3056 po-

2053 3054 2152 3108 tuit
2170 3095 2185 3118 ,
2212 3068 2372 3126 quam
2403 3072 2508 3112 non
2534 3072 2634 3129 per
2660 3056 2807 3115 illam
2847 3062 2996 3135 virgo
3023 3068 3269 3140 concepit
3316 3064 3469 3140 Quod
3498 3054 3643 3131 enim

2050 3157 2106 3202 et
2131 3146 2332 3205 dealio
2351 3149 2489 3207 libro
2513 3166 2671 3219 meo,
2691 3168 2848 3224 quem
2890 3159 3081 3230 scripsi
3109 3160 3175 3216 ad
3207 3174 3407 3221 sancta:
3436 3183 3645 3225 memo-

2050 3241 2147 3296 riae
2168 3241 2535 3300 ilarcellinum
2555 3286 2571 3313 ,
2597 3247 2741 3301 velut
2768 3246 2897 3303 mihi
2927 3253 3279 3321 praescribeus
3310 3274 3509 3328 ponere
3546 3277 3644 3316 vo-

2000 3398 2003 3399 ,
2053 3331 2221 3401 luisti,
2269 3334 2339 3390 de
2386 3334 2555 3391 Adam
2598 3336 2838 3405 dietum,
2868 3348 2906 3393 ‘t
2951 3343 3091 3412 quod
3144 3345 3431 3404 tabificavit
3482 3352 3533 3405 in
3586 3369 3646 3410 se

2050 3436 2242 3479 otnnes
2265 3423 2452 3480 desua
2490 3425 2658 3497 stirpe
2682 3439 2936 3486 venturos
2962 3450 2975 3487 :
3011 3451 3030 3485 ι
3064 3433 3205 3491 unde
3236 3439 3415 3510 utique
3444 3440 3531 3497 ille
3560 3452 3644 3498 tae

2054 3515 2319 3585 hificavit,
2350 3533 2457 3573 non
2503 3519 2629 3576 inde
2665 3519 2913 3580 Christus
2941 3524 2993 3580 in
3022 3530 3207 3585 matris
3236 3538 3446 3588 uterum
3478 3537 3641 3593 venit.

2051 3608 2158 3664 Sed
2181 3609 2343 3664 verba
2382 3624 2502 3681 qua:
2524 3611 2592 3666 ad
2623 3627 2738 3669 rem
2774 3617 3013 3674 maxime
3038 3622 3318 3692 pertinent
3362 3625 3413 3680 in
3455 3628 3645 3686 eadem

2051 3699 2314 3755 sententia
2342 3716 2494 3764 mea,
2523 3717 2623 3773 ego
2648 3702 2843 3774 dicam,
2872 3709 2992 3778 quia
3026 3718 3079 3765 tu
3105 3710 3284 3769 dicere
3313 3716 3561 3787 noluisti;
3590 3730 3648 3777 et

2051 3793 2232 3848 statim
2262 3808 2359 3849 cur
2383 3795 2621 3852 noueris
2652 3800 2956 3869 apparebit.
3007 3820 3028 3855 ι
3055 3802 3293 3875 Occulta,
3325 3828 3345 3862 ι
3389 3808 3602 3881 inquam
3626 3853 3642 3881 ,

2059 3903 2079 3936 α
2113 3884 2234 3940 tabe
2270 3887 2502 3942 cummis
2516 3889 2987 3959 mancupiscentize
3028 3910 3139 3951 suae
3177 3896 3464 3959 tabificavit
3502 3902 3557 3958 in
3587 3920 3648 3962 se

2051 3991 2243 4034 omnes
2270 3977 2339 4034 de
2366 3990 2461 4035 sua
2486 3982 2655 4051 stirpe
2678 3992 2935 4043 venturos
2958 4006 2976 4039 ι
3000 3980 3101 4062 (De
3121 3987 3452 4048 Peccalorum
3480 3993 3645 4052 Heri-

2053 4068 2138 4133 tis,
2171 4068 2257 4123 lib.
2288 4069 2339 4136 1,
2364 4087 2420 4125 n.
2449 4071 2562 4144 l0).
2612 4073 2728 4129 Nan
2760 4076 2936 4148 itaque
2983 4094 3197 4137 carnem
3231 4084 3546 4154 tabificavit,
3591 4091 3644 4146 in

2052 4160 2207 4229 cujus
2233 4171 2494 4232 conceptu
2522 4164 2675 4220 tabes
2707 4156 2808 4222 ista
2837 4182 2940 4223 non
2969 4168 3086 4225 fuit.
3117 4156 3256 4230 Caro
3286 4175 3465 4248 itaque
3491 4178 3647 4234 Chri-

2052 4251 2122 4306 sti
2147 4251 2526 4308 mortalitatem
2544 4254 2621 4311 de
2647 4258 2970 4314 mortalitate
3009 4265 3234 4319 materni
3264 4269 3506 4339 corporis
3533 4279 3643 4325 tra-

2053 4342 2151 4407 xit,
2176 4344 2301 4413 quia
2325 4344 2555 4401 mortale
2568 4359 2762 4417 corpus
2782 4349 2898 4419 ejus
2919 4350 3119 4408 invenit
3146 4370 3160 4409 :
3187 4359 3487 4429 contagium
3515 4377 3644 4417 vero

2052 4436 2258 4504 peccati
2303 4437 2620 4506 originalis'
2656 4456 2764 4496 non
2813 4443 3015 4511 traxit,
3066 4447 3188 4516 quia
3240 4454 3645 4511 cencuutbeutis

2052 4530 2536 4600 concupiscentiam
2565 4548 2670 4589 non
2698 4535 2955 4595 iuvenit'.
2983 4536 3041 4594 Si
3067 4549 3245 4597 autem
3272 4558 3373 4599 nec
3400 4548 3642 4601 mortali-

2054 4627 2238 4687 tatem,
2270 4621 2365 4675 sed
2390 4623 2557 4678 solam
2593 4620 2947 4684 substantiam
2990 4632 3166 4686 carnis
3192 4631 3261 4689 de
3290 4643 3460 4698 matre
3487 4634 3640 4693 sum-

2053 4717 2279 4786 psisset;
2321 4732 2425 4773 non
2470 4719 2642 4775 solum
2684 4736 2811 4777 caro
2846 4717 3129 4793 ejus‘caro
3154 4708 3504 4807 peccati,vsed
3535 4734 3643 4789 nec

2052 4807 2344 4863 similitudo
2370 4810 2546 4865 carnis
2566 4812 2771 4880 peccati
2797 4828 2917 4869 esse
2944 4818 3222 4886 potuisset.

2122 4903 2212 4958 55.
2253 4901 2360 4958 Sed
2389 4917 2668 4974 commutas
2691 4921 2777 4962 me
2798 4917 2851 4963 ct
2876 4923 3120 4980 comquas
3149 4932 3167 4966 ι
3191 4890 3513 4984 Apollinaris
3539 4936 3629 4987 er-

2055 4993 2185 5060 rori,
2214 4993 2302 5064 qui
2330 4994 2509 5049 carnis
2535 5009 2752 5050 sensum
2781 4997 2943 5055 fuisse
2974 5003 3184 5072 negavit
3224 5004 3274 5058 in
3316 5003 3530 5064 Christo
3563 5030 3576 5066 :
3603 5033 3621 5067 ι

2055 5093 2113 5139 ιιι
2139 5084 2400 5154 imperitis
2428 5085 2647 5141 nebulas
2674 5086 3044 5163 undecumque
3068 5107 3427 5165 commoveas,
3458 5116 3526 5159 ne
3564 5103 3643 5158 ln-

2054 5192 2172 5234 cem
2199 5179 2437 5235 veritatis
2463 5180 2759 5236 attendant.
2788 5179 2945 5240 Aliud
2972 5196 3055 5242 est
3079 5203 3269 5244 sensus
3296 5178 3492 5262 carnis,
3523 5196 3641 5252 sine

2054 5286 2161 5342 quo
2191 5271 2366 5326 nttllus
2396 5270 2513 5339 fuit,
2544 5282 2634 5328 aut
2658 5283 2743 5331 est
2764 5317 2780 5342 ,
2809 5285 2901 5332 aut
2940 5280 3044 5335 erit
3091 5282 3142 5336 in
3186 5298 3413 5355 corpore
3456 5262 3640 5345 vivens

2058 5362 2255 5417 homo:
2283 5371 2336 5417 et
2358 5363 2499 5417 aliud
2530 5372 2613 5419 est
2638 5368 3066 5437 concupiscentia
3097 5387 3199 5444 qua
3229 5388 3356 5430 caro
3384 5380 3639 5448 concupi-

2056 5456 2159 5513 scit
2182 5454 2441 5511 adversus
2483 5458 2724 5527 spiritum
2749 5502 2764 5526 ,
2805 5461 2925 5518 sine
2951 5478 3052 5535 qua
3085 5467 3181 5521 l‘uit
3208 5476 3331 5524 ante
3368 5482 3644 5540 peccatum

2122 5579 2141 5647 ξ
2176 5574 2601 5647 Belgicittss._non
2614 5577 2769 5647 pauci,
2788 5586 3066 5647 ngaewuur,
3082 5582 3274 5647 omisso,
3294 5584 3516 5646 infames.

2123 5638 2502 5703 ffic_'vaticani
2547 5645 2651 5687 Mss.
2700 5644 2753 5689 et
2794 5638 2963 5702 plures
3005 5638 3356 5694 e’oatticaaisﬁ
3391 5654 3448 5695 Αι
3491 5644 3642 5703 editi.

2060 5700 2487 5836 Ὓιίῗῖιῖίὲιοεοεὲξ
2523 5761 2677 5836 9°49:
2700 5764 2895 5836 λιιιίιιιιε
2917 5776 3061 5814 manu
3094 5772 3377 5836 ,ςοιτοοιιιεν
3419 5777 3533 5828 σιω
3555 5775 3644 5826 να

2059 5820 2410 5875 conmunicatis
2429 5820 2862 5887 cmtcupiscemt'am
2883 5838 2977 5876 non
3000 5825 3139 5877 venit.
