4122 6516
375 426 483 483 817

450 540 538 600 60.
582 538 785 596 Deinde
831 549 1035 608 ponens
1076 533 1178 589 alia
1220 532 1378 589 verba
1407 545 1547 593 mea,
1576 528 1653 584 sic
1677 539 1964 598 argumen-

379 633 510 690 taris
530 632 678 703 quasi
710 643 811 701 ego
833 626 1079 691 dixerim,
1115 624 1242 680 Cum
1268 621 1420 679 servit
1445 616 1729 692 conjugatis
1754 615 1822 670 ad
1848 628 1967 683 pro-

377 726 666 800 pagandam
709 722 921 795 prolem,
954 728 1074 774 tunc
1101 715 1343 771 honorari
1380 713 1657 769 libidinem.
1703 710 1843 765 Dicis
1874 709 1967 764 tibi

377 820 493 888 ipse
520 815 662 886 quod
691 815 812 869 vis:
841 828 963 867 nam
1008 825 1109 882 ego
1150 807 1252 863 hoc
1294 820 1395 861 nec
1436 804 1543 860 dixi
1588 802 1828 867 omnino,
1869 814 1969 854 nec
2014 841 2019 845 .

378 907 544 964 sensi.
574 904 856 976 Quomodo
896 903 1039 959 enim
1081 900 1244 957 libido
1281 913 1403 954 cum
1445 898 1609 951 servit
1650 894 1963 959 honoratur,

376 998 593 1071 quando
623 1013 691 1054 ne
735 1005 921 1068 pergat
963 996 1015 1050 in
1058 993 1257 1049 liberos
1295 1002 1566 1051 excessus,
1607 986 1967 1042 dominatione

376 1090 574 1146 mentis
605 1086 961 1159 opprimitur?
1003 1085 1111 1140 Nos
1155 1086 1333 1153 itaque
1370 1096 1476 1136 non
1510 1079 1745 1135 diximus
1770 1093 1970 1147 semper

378 1181 448 1234 ad
475 1188 672 1234 reatum
716 1177 964 1244 pertinere
1006 1176 1081 1228 uti
1130 1173 1358 1227 libidine.
1404 1169 1554 1239 quod
1587 1168 1729 1223 velut
1768 1167 1967 1222 dixeri.

377 1286 518 1334 mtts,
549 1270 619 1323 ita
649 1266 876 1338 colligis,
911 1265 1076 1320 minus
1118 1279 1324 1333 peccare
1347 1260 1602 1315 adulteros
1626 1275 1776 1331 quant
1806 1257 1962 1312 mari-

378 1372 491 1426 tos;
540 1361 659 1432 quia
702 1359 931 1421 maritis,
983 1357 1179 1428 inquis,
1230 1354 1388 1410 libido
1443 1353 1692 1429 servitu:
1738 1357 1965 1421 peccent,

377 1452 624 1507 adulteris
669 1452 905 1520 imperat.
941 1448 1047 1505 Sed
1091 1463 1211 1502 cum
1254 1459 1354 1516 ego
1402 1443 1531 1500 illud
1578 1457 1684 1498 non
1712 1440 1971 1507 dixerim,

376 1544 766 1616 qualecumque
789 1542 888 1596 hoc
913 1540 984 1593 sit
1008 1548 1156 1593 tuum
1182 1536 1322 1608 quod
1359 1543 1604 1604 tanquam
1632 1544 1968 1601 consequens

377 1651 499 1691 esse
526 1633 774 1701 voluisti,
794 1631 928 1686 nihil
951 1629 1023 1685 ad
1044 1644 1133 1685 me
1160 1628 1366 1683 attinet.
1415 1626 1523 1695 ligo
1546 1622 1686 1678 enim
1717 1620 1859 1684 dico,
1887 1619 1974 1674 uti

377 1727 599 1781 libidine
627 1740 732 1780 non
759 1738 974 1793 semper
1000 1736 1123 1777 esse
1150 1727 1453 1790 peccatum;
1492 1715 1615 1787 quia
1654 1714 1798 1769 malo
1827 1713 1993 1800 bene.

377 1819 452 1873 uti
488 1832 591 1872 non
622 1826 705 1872 est
734 1823 1027 1886 peceatum.
1056 1811 1167 1866 Nec
1194 1823 1542 1881 qtuecumque
1570 1820 1656 1861 res
1682 1804 1801 1861 ideo
1826 1803 1964 1858 bona

378 1919 481 1972 est,
515 1909 635 1980 quia
665 1923 726 1963 eu
756 1907 892 1961 bene
938 1905 1106 1960 utitur
1147 1902 1339 1956 bonus.
1370 1900 1501 1955 Nam
1547 1906 1602 1954 et
1646 1897 1714 1953 de
1758 1894 1971 1951 duobus

379 2001 687 2057 hominibus
729 2000 984 2070 set-iptum
1015 2008 1098 2051 est
1122 2014 1135 2050 :
1166 1993 1336 2049 Filius
1364 1993 1590 2048 eruditus
1617 1990 1820 2061 sapiens
1844 1988 1961 2055 erit,

378 2093 694 2165 imprudente
718 2101 885 2145 autem
908 2090 1136 2144 ministro
1168 2095 1336 2142 utetur
1360 2082 1537 2156 (Prov.
1561 2098 1616 2150 κ,
1640 2097 1740 2136 sec.
1764 2078 1961 2151 LXX).

378 2184 641 2256 Numquid
695 2184 813 2239 ideo
859 2182 1055 2238 bonum
1099 2188 1182 2237 est
1225 2193 1347 2235 esse
1390 2176 1802 2248 imprudentem,
1838 2173 1961 2244 quia

377 2279 514 2332 bene
543 2277 631 2330 illo
660 2277 826 2334 utitur
866 2273 1121 2345 sapiens?
1175 2271 1301 2327 Inde
1330 2278 1385 2326 et
1430 2267 1705 2339 apostolus
1728 2265 1963 2322 Joannes

376 2383 484 2422 non
506 2366 598 2430 ait,
627 2365 803 2421 Nolite
831 2366 909 2420 uti
949 2363 1185 2429 mundo;
1225 2361 1341 2430 sed,
1376 2359 1552 2415 Nolite
1576 2358 1785 2430 diligere
1815 2373 1961 2412 utun-

377 2459 540 2512 dum:
568 2457 655 2511 ubi
697 2457 873 2526 posuit
910 2464 963 2510 et
991 2452 1473 2524 concupiscentiam
1505 2450 1684 2506 carnis
1724 2446 1959 2524 (lloan.

377 2564 434 2610 ll,
464 2548 555 2613 15,
604 2547 715 2620 i6).
759 2547 858 2616 Qui
890 2547 1030 2602 enim
1071 2560 1178 2601 non
1208 2544 1435 2616 diligens
1462 2544 1647 2609 utitur,
1675 2541 1825 2613 quasi
1856 2555 1961 2596 non

375 2650 534 2695 utens
559 2640 756 2705 utitur;
787 2640 906 2710 quia
940 2653 1046 2693 non
1069 2638 1185 2708 ejus
1211 2637 1287 2692 rei
1304 2650 1477 2691 causa
1499 2634 1683 2701 utitur,
1707 2632 1801 2690 sed
1828 2633 1961 2689 aite-

276 2802 279 2805 γ
377 2732 487 2785 rius
529 2745 685 2801 quam
730 2729 957 2800 diligens
1000 2728 1254 2794 intuetur,
1300 2726 1546 2782 utetiam
1589 2738 1699 2779 non
1735 2722 1977 2794 diligens.

378 2822 480 2877 hac
502 2830 699 2877 utatur.
724 2820 950 2891 Propter
968 2818 1109 2891 quod
1135 2818 1333 2873 Paulus
1356 2816 1694 2886 eoapestolus
1715 2814 1869 2884 ejus:
1898 2812 1969 2867 Et

375 2913 465 2983 qui
507 2922 734 2976 utuntur,
783 2910 970 2981 inquit,
1027 2907 1364 2974 hocmundo,
1413 2906 1560 2978 quasi
1606 2922 1709 2961 non
1753 2911 1962 2959 utantur

376 3003 427 3075 (l
449 3000 568 3059 Cor.
592 3018 684 3067 vn,
709 3000 824 3073 51).
848 2999 991 3068 Quid
1012 3007 1121 3066 est,
1142 2999 1287 3071 quasi
1308 3014 1408 3053 non
1432 3005 1673 3063 utantur;
1703 2996 1824 3060 nisi,
1846 2994 1961 3050 Non

376 3095 598 3166 diligant
622 3110 728 3164 quo
756 3102 998 3162 utuntur,
1017 3093 1267 3164 quoniam
1298 3090 1405 3146 tale
1430 3098 1533 3158 est,
1558 3097 1619 3144 ut
1646 3089 1784 3145 bene
1810 3088 1964 3143 aliter

377 3200 482 3239 non
514 3183 769 3239 utantur?
798 3183 867 3238 Et
903 3182 1005 3239 hoc
1033 3181 1245 3253 quidem
1272 3181 1431 3236 etiam
1469 3180 1523 3235 in
1569 3178 1653 3234 his
1675 3177 1836 3234 rebus
1862 3176 1961 3234 ob-

376 3275 697 3331 servandum
726 3285 826 3340 est,
856 3290 975 3346 qua:
1005 3275 1056 3329 in
1086 3273 1187 3329 hoc
1212 3272 1414 3328 mundo
1443 3273 1522 3327 sic
1546 3270 1702 3327 bona:
1729 3278 1874 3333 sunt,
1902 3276 1966 3324 ut

377 3375 556 3421 tamen
589 3380 677 3421 eas
700 3363 846 3436 diligi
880 3380 987 3419 non
1013 3371 1275 3434 oporteat.
1292 3361 1423 3430 Quis
1447 3360 1588 3417 enim
1614 3360 1812 3415 malum
1843 3373 1964 3415 esse

377 3457 659 3527 pecuniam
709 3466 854 3511 recte
898 3453 1136 3511 dixerit?
1180 3453 1250 3508 Et
1295 3460 1471 3508 tamen
1518 3464 1679 3506 nemo
1718 3463 1782 3504 ea
1826 3447 1965 3505 bene

379 3550 545 3603 utitur
568 3548 657 3618 qui
683 3547 964 3603 dilexerit:
997 3554 1197 3616 quanto
1225 3545 1395 3617 magis
1421 3543 1677 3600 libidine?
1704 3541 1838 3599 Nam
1866 3556 1963 3612 pe-

378 3640 588 3695 cuniam
626 3639 801 3694 malus
838 3638 1052 3710 quidem
1083 3637 1300 3708 spiritus
1328 3634 1687 3705 concupiscit;
1718 3633 1813 3689 sed
1850 3633 1962 3704 ipsa

379 3741 572 3788 contra
600 3731 798 3786 bonum
842 3731 1088 3801 spiritum
1116 3741 1223 3784 non
1247 3726 1596 3797 concupiscit,
1622 3724 1764 3796 quod
1799 3723 1965 3780 libido

379 3823 507 3880 facit
537 3841 550 3878 :
593 3833 750 3893 atque
775 3822 897 3877 ideo
938 3831 993 3877 et
1017 3820 1109 3892 qui
1137 3821 1238 3876 hoc
1276 3834 1397 3876 esse
1432 3817 1629 3873 malum
1654 3825 1812 3888 negat
1835 3831 1965 3886 pec-

379 3925 487 3983 cat,
511 3898 566 3971 et
592 3917 681 3986 qui
728 3916 828 3970 hoc
870 3913 1013 3969 malo
1056 3913 1194 3969 bene
1236 3913 1403 3968 utitur
1428 3925 1536 3966 non
1564 3917 1772 3983 peccat.
1800 3909 1966 3965 Recte

379 4005 541 4076 igitur
566 4006 1034 4077 argumentareris,
1070 4005 1273 4070 dicens,
1306 4002 1609 4067 Libidinem,
1636 4002 1685 4058 si
1706 4000 1844 4056 mala
1871 4009 1962 4068 est,

379 4099 568 4170 majori
605 4108 747 4152 reatu
798 4096 1106 4167 obstringere
1148 4094 1329 4167 quibus
1378 4094 1667 4164 obsequitur
1704 4093 1964 4164 conjuges,

380 4206 532 4257 quam
557 4189 734 4260 quibus
766 4189 1054 4242 dominatur
1094 4186 1396 4252 adulteros;
1421 4185 1469 4241 si
1494 4185 1764 4241 diceretur
1805 4203 1834 4241 ιι
1872 4199 1967 4240 no.

379 4280 488 4348 bis,
507 4283 631 4337 eos‘
663 4282 919 4352 conjuges
943 4281 1033 4353 qui
1063 4281 1335 4338 serviente
1355 4278 1797 4350 concupiscentia
1826 4277 1968 4333 malo

382 4372 450 4428 ad
481 4372 652 4427 solum
678 4371 968 4441 generandi
1002 4380 1225 4427 utuntur
1249 4369 1503 4435 officium,
1522 4369 1589 4425 ad
1624 4369 1798 4440 aliqua
1826 4368 1967 4422 mala

383 4478 545 4533 Opera
567 4478 632 4517 eo
650 4463 773 4518 illos
793 4463 891 4529 uti,
910 4463 1045 4517 sicut
1064 4462 1129 4517 ad
1152 4461 1355 4517 facinus
1378 4461 1791 4531 perpetrandum
1813 4473 1969 4514 servo

383 4555 553 4608 utitur
576 4552 864 4608 homicida.
896 4552 1027 4608 Cum
1057 4561 1234 4608 autem
1261 4551 1504 4607 dicamus
1530 4551 1726 4606 bonum
1756 4565 1878 4606 esse
1913 4550 1969 4605 in

385 4644 701 4714 coujugibus
720 4642 952 4699 ofﬁcium
980 4643 1316 4713 procreandi,
1345 4643 1586 4712 quamvis
1610 4642 1804 4697 vulnus
1827 4640 1968 4713 quod

385 4737 442 4791 in
471 4749 655 4791 renato
694 4736 871 4791 sanari
916 4742 1108 4805 potest,
1139 4734 1314 4789 trahat
1357 4743 1512 4788 natus
1539 4734 1609 4790 de
1647 4733 1802 4803 primi
1841 4747 1969 4787 eon-

386 4826 597 4896 tagione
628 4824 871 4897 peccati;
921 4833 1088 4880 restat
1122 4832 1185 4880 ut
1212 4825 1288 4880 sic
1316 4833 1534 4878 utantur
1558 4824 1812 4895 conjuges
1846 4824 1970 4879 boni

387 4918 529 4973 malo
566 4917 1029 4988 concupiscentize,
1070 4916 1207 4971 sicut
1239 4915 1453 4985 sapiens
1489 4914 1555 4970 ad
1598 4929 1760 4985 opera
1791 4914 1973 4985 utique

387 5008 541 5063 bona
559 5008 805 5063 ministro
832 5009 997 5062 utitur
1027 5006 1383 5077 imprudente.

462 5100 552 5155 ιιι.
595 5098 700 5155 Sed
753 5098 998 5155 homines
1049 5098 1342 5155 acutissimi
1396 5097 1529 5160 ideo
1567 5114 1675 5153 non
1730 5096 1970 5163 modum,

390 5207 497 5247 non
515 5206 705 5262 genus,
733 5190 824 5246 sed
854 5206 1132 5247 excessum
1152 5190 1435 5261 voluptatis
1453 5191 1671 5262 arguitis
1698 5189 1751 5245 et
1776 5203 1969 5258 expro-

389 5283 652 5339 braudum
681 5285 913 5340 censetis
941 5284 1207 5352 obscenis,
1237 5285 1358 5355 quia
1383 5300 1499 5340 eum
1531 5285 1711 5354 nostis,
1737 5294 1794 5337 ut
1818 5284 1971 5349 dicis,

394 5374 524 5428 intra
550 5390 808 5428 concessas
830 5375 957 5442 ﬁnes
985 5374 1141 5429 animi
1165 5384 1407 5446 potestate
1439 5391 1585 5445 posse
1619 5374 1843 5429 retineri.
1867 5373 1973 5429 Fa-

390 5468 496 5521 ciat
524 5468 687 5521 annui
725 5474 980 5537 potestas,
1007 5466 1052 5521 si
1088 5476 1281 5537 potest,
1318 5474 1380 5521 ut
1412 5466 1477 5521 ad
1508 5464 1976 5538 transgrediendos

396 5561 548 5625 lines,
574 5574 603 5613 a
635 5560 831 5630 quibus
873 5559 1323 5630 transgredicndis
1357 5573 1474 5614 eam
1511 5567 1749 5627 revocat,
1780 5573 1885 5615 non
1916 5574 1977 5616 se

394 5649 559 5706 libido
588 5656 938 5704 commoveat.
968 5648 1121 5717 Quod
1153 5650 1197 5705 si
1226 5649 1398 5706 facere
1441 5666 1548 5705 non
1592 5660 1796 5720 potest;
1848 5665 1974 5721 pro-

469 5830 489 5863 ι
514 5828 824 5879 r‘lortaccnsis
846 5834 949 5888 us,
980 5824 1049 5878 sic
1073 5838 1169 5879 eos.

1750 411 1956 469 LIBER
1992 409 2311 478 QUINTUS.

3555 430 3659 489 διε
3676 445 3698 457 "

2076 521 2218 578 tecto
2242 533 2300 580 ut
2335 524 2468 581 ii‘nes
2500 541 2606 583 non
2645 530 3086 606 transgrediatur,
3114 535 3359 607 improbo
3396 538 3536 597 hosti
3575 560 3662 599 rc-

2072 614 2300 684 sistitur,
2345 618 2434 687 qui
2481 633 2574 674 eos
2618 623 2913 694 transgredi
2963 625 3169 687 nititur.
3216 628 3324 686 Sed
3373 633 3659 691 universum

2070 712 2410 796 contemptum
2456 709 2583 780 ejus,
2627 709 2823 782 inquis,
2878 713 3154 788 uirginibus
3195 720 3661 796 continentibusque

2068 794 2233 851 inesse
2260 803 2521 852 testamur.
2551 799 2814 872 Numquid
2838 804 2960 861 ideo
2984 806 3217 878 virgines
3241 817 3296 865 et
3318 794 3657 867 continentes

2069 892 2254 941 contra
2281 890 2770 959 concupiscentiam
2805 896 2983 951 carnis
3009 913 3113 952 non
3142 900 3416 970 pugnant?
3444 901 3509 957 Et
3532 906 3654 974 quid

2070 983 2153 1030 est
2179 985 2366 1032 contra
2400 980 2542 1051 quod
2583 993 2839 1041 exercent
2879 986 2977 1042 abs
3019 996 3075 1045 te
3115 1005 3329 1061 quoque
3375 996 3662 1062 prmdieata

2069 1063 2157 1120 illa
2210 1067 2442 1138 gloriosa
2480 1074 2804 1142 certamina,
2859 1084 2918 1132 ut
2966 1078 3321 1151 virginitatem
3376 1085 3645 1141 continete

2070 1157 2305 1229 tiamque
2345 1161 2649 1219 custodiant
2677 1164 2907 1239 (Supra,
2949 1168 3040 1225 lib.
3070 1172 3128 1238 5,
3166 1189 3221 1228 ιι.
3255 1174 3344 1243 42,
3392 1184 3438 1229 et
3480 1175 3569 1230 lib.
3600 1177 3647 1240 4,

2057 1262 2121 1300 'n.
2151 1248 2249 1320 9)?
2268 1251 2351 1306 -Si
2381 1267 2512 1324 ergo
2540 1265 2798 1329 pugnant,
2829 1259 3028 1315 malum
3050 1271 3135 1318 est
3160 1264 3302 1335 quod
3329 1280 3654 1338 expugnant.

2069 1338 2137 1394 Et
2181 1341 2267 1397 ubi
2295 1353 2376 1399 est
2403 1345 2505 1403 hoc
2524 1349 2746 1419 malum,
2769 1350 2869 1406 nisi
2895 1352 2949 1407 in
2973 1352 3147 1424 ipsis?
3169 1355 3331 1428 Ergo,
3362 1355 3485 1414 Non
3514 1359 3659 1415 Ιιιώὶο

2068 1440 2142 1485 tat
2168 1433 2222 1487 in
2248 1452 2345 1501 me,
2377 1439 2474 1493 Ιιοο
2509 1449 2582 1495 est
2621 1441 2677 1498 in
2716 1457 2868 1499 carne
2893 1461 3024 1515 mea,
3052 1446 3259 1519 bonum,
3288 1451 3550 1507 veraciter
3577 1453 3661 1509 di-

2067 1523 2208 1578 citur
2234 1536 2289 1581 et
2312 1528 2380 1583 ab
2406 1529 2561 1599 ipsis.

2138 1617 2227 1672 62.
2272 1617 2424 1674 Nihil
2449 1623 2595 1677 aliud
2621 1623 2757 1682 dicis
2800 1642 2907 1682 esse
2949 1631 3175 1702 nuptias,
3206 1648 3355 1702 quam
3387 1650 3657 1706 corporum

2065 1710 2471 1766 obnuntiationem
2498 1728 2518 1767 :
2545 1722 2603 1769 et
2628 1715 2761 1772 dicis
2807 1727 3014 1790 postea,
3043 1721 3184 1793 quod
3228 1733 3284 1778 et
3328 1738 3511 1778 verum
3552 1736 3655 1790 est,

2063 1798 2174 1854 sine
2202 1802 2439 1873 appetitu
2475 1814 2650 1860 mutuo
2670 1814 2721 1860 et
2748 1809 2861 1863 sine
2881 1825 3031 1879 opere
3065 1812 3289 1867 naturali
3329 1816 3657 1887 propagatio-

2064 1904 2181 1943 nem
2205 1907 2314 1946 esse
2352 1908 2455 1948 non
2490 1910 2653 1964 posse.
2699 1895 2965 1970 Numquid
3005 1910 3179 1957 tamen
3230 1918 3414 1975 negas,
3442 1904 3657 1961 sibimet

2064 1979 2228 2036 etiam
2256 1981 2531 2041 adulteros
2565 1989 2806 2057 appetitu
2848 1998 3034 2045 mutuo
3059 1998 3113 2047 et
3140 2007 3303 2062 opere
3346 1994 3573 2049 naturali
3602 2003 3658 2051 et

2064 2084 2347 2143 corporum
2377 2078 2761 2135 commixtione
2788 2080 3077 2154 conjungi?
3122 2083 3241 2140 Non
3270 2094 3355 2141 est
3393 2102 3522 2159 ergo
3553 2086 3654 2142 ista

2071 2160 2312 2218 definitio
2362 2167 2689 2237 nuptiarum.
2738 2171 2895 2227 Aliud
2940 2182 3025 2229 est
3071 2174 3216 2231 enim
3263 2175 3405 2248 quod
3458 2177 3657 2249 nuptitn

2064 2262 2209 2320 sunt,
2236 2262 2289 2310 et
2318 2256 2460 2311 aliud
2492 2267 2576 2314 est
2599 2260 2715 2316 sine
2745 2276 2851 2332 quo
2879 2263 3040 2319 etiam
3070 2266 3273 2335 nuptiae
3294 2265 3429 2322 ﬁlios
3457 2283 3655 2338 propa-

2065 2358 2195 2415 gare
2220 2361 2327 2402 non
2369 2358 2612 2418 possunt.
2638 2350 2769 2408 Nam
2795 2362 2849 2410 et
2876 2354 2993 2412 sine
3021 2358 3229 2426 nuptiis
3247 2368 3467 2427 possunt
3504 2363 3651 2416 nasci

2068 2437 2333 2509 homines,
2349 2449 2404 2497 et
2428 2443 2547 2500 sine
2571 2458 2858 2517 corporum
2882 2448 3266 2506 commixtione
3291 2459 3515 2521 possunt
3535 2465 3657 2508 esse

2065 2532 2318 2605 conjuges
2353 2553 2368 2590 :
2410 2536 2647 2609 alioquin
2699 2554 2807 2595 non
2861 2548 3021 2598 erunt
3070 2542 3360 2614 conjuges,
3409 2552 3467 2598 ut
3520 2544 3654 2598 nihil

2065 2624 2211 2680 aliud
2254 2625 2449 2696 dicam,
2495 2637 2643 2687 certe
2689 2645 2812 2687 cum
2857 2632 3157 2701 seuuerint,
3187 2634 3397 2705 sibique
3440 2634 3654 2689 misceri

2066 2716 2150 2773 vel
2180 2733 2287 2774 non
2329 2721 2622 2793 potuerint,
2649 2723 2734 2779 vel
2780 2724 2900 2781 sine
2941 2739 3039 2797 spe
3087 2723 3442 2797 suscipiendae
3488 2724 3654 2797 prolis

2063 2810 2377 2866 erubuerint
2403 2820 2564 2884 atque
2591 2813 2877 2871 noluerint.
2912 2815 3071 2872 Vides
3102 2831 3230 2889 ergo
3260 2832 3422 2887 quam
3458 2815 3650 2873 incon-

2064 2900 2295 2958 siderate
2322 2905 2535 2975 nuptias
2561 2904 2853 2972 definieris,
2884 2906 3111 2962 dicendo
3138 2924 3226 2964 eas
3246 2908 3390 2962 aliud
3412 2923 3513 2962 non
3547 2923 3656 2964 esse

2064 2994 2166 3050 nisi
2196 3011 2465 3066 corporum
2501 2999 2927 3055 commixtionem.
2959 2997 3315 3055 Tolerabilius
3340 2997 3477 3055 forte
3502 2999 3653 3054 diee-

2066 3096 2178 3150 res,
2207 3099 2313 3140 non
2339 3099 2433 3140 eas
2458 3085 2699 3142 inchoari
2728 3087 2829 3143 nisi
2872 3102 2970 3160 per
2995 3102 3279 3160 corporum
3305 3088 3653 3144 commixtio-

2064 3191 2190 3232 nem
2221 3196 2236 3231 :
2264 3179 2387 3248 quia
2417 3178 2663 3236 ﬁliorum.
2677 3180 3130 3250 procreandorum
3161 3196 3320 3238 causa
3346 3185 3528 3253 utique
3552 3182 3652 3238 du-

2063 3274 2260 3323 cuntur
2296 3283 2515 3335 uxores,
2542 3279 2610 3326 eti
2633 3271 2788 3351 aliter
2821 3287 2925 3327 non
2953 3280 3178 3342 possunt
3223 3272 3316 3327 lilii
3357 3273 3652 3343 procreari.

2065 3356 2170 3414 Sed
2215 3359 2533 3429 procreandi
2578 3373 2737 3415 causa
2787 3361 3098 3417 commixtio
3150 3375 3436 3432 corporum
3495 3361 3655 3417 aliter

2065 3463 2227 3520 quam
2274 3464 2416 3505 nunc
2458 3459 2542 3506 est
2589 3448 2798 3518 fuisset,
2842 3451 2887 3506 si
2940 3464 3100 3507 nemo
3152 3461 3445 3522 peccasset.
3501 3452 3656 3509 Absit

2065 3540 2209 3596 enim
2244 3549 2306 3595 ut
2346 3539 2722 3596 honestissima
2758 3541 2849 3597 illa
2888 3541 3112 3597 lelicitas
3138 3558 3192 3597 ιιι
3221 3541 3470 3615 paradiso
3506 3556 3655 3599 com-

2066 3641 2227 3687 motae
2255 3632 2456 3688 libidini
2483 3647 2698 3704 semper
2726 3633 3153 3704 obtemperaret:
3184 3634 3321 3689 absit
3350 3641 3408 3688 ut
3436 3633 3525 3689 illa
3550 3644 3652 3704 pax

2066 3722 2230 3777 animi
2267 3731 2322 3778 et
2346 3724 2588 3794 corporis
2625 3723 2846 3780 haberet
2885 3723 3104 3794 aliquid,
3130 3731 3351 3796 propter
3384 3724 3526 3795 quod
3555 3724 3653 3779 ad-

2068 3827 2256 3870 versus
2299 3827 2361 3870 se
2388 3814 2558 3884 ipsam
2606 3814 2810 3885 prima’
2858 3813 3091 3870 hominis
3133 3823 3322 3871 natura
3371 3825 3652 3886 pugnaret.

2067 3901 2125 3959 Si
2162 3916 2293 3974 ergo
2329 3902 2406 3959 ibi
2454 3918 2556 3960 nec
2596 3902 2935 3959 serviendum
2979 3903 3207 3972 libidini,
3255 3917 3354 3960 nec
3393 3904 3654 3959 adversus

2067 4008 2188 4050 eam
2227 3993 2532 4049 bellandum
2572 3993 2702 4061 luit;
2729 4002 2821 4049 aut
2859 4010 2963 4050 non
2993 3993 3065 4050 ibi
3107 3995 3226 4059 fuit,
3252 4004 3342 4050 aut
3385 4010 3491 4050 non
3535 3995 3654 4050 talis

2068 4084 2240 4155 qualis
2282 4099 2424 4140 nunc
2463 4092 2548 4139 est
2588 4082 2706 4139 iuit.
2737 4084 2889 4140 Nunc
2926 4085 3067 4140 enim
3098 4085 3300 4139 libidini
3331 4100 3549 4141 necesse
3574 4097 3656 4157 est

2071 4183 2131 4229 ut
2164 4183 2457 4246 repugnet,
2501 4175 2591 4245 qui
2640 4175 2844 4231 servire
2890 4175 3168 4231 noluerit:
3216 4190 3435 4232 necesse
3477 4185 3559 4230 est
3600 4185 3656 4231 ut

2070 4264 2289 4332 serviat,
2314 4266 2407 4336 qui
2436 4268 2765 4337 repugnare'
2808 4264 3120 4336 neglexerit.
3162 4266 3398 4335 Quorum
3428 4266 3651 4322 duorum

2072 4371 2238 4411 unum
2263 4367 2344 4412 est
2371 4356 2678 4423 molestum,
2708 4358 2810 4412 etsi
2838 4357 3102 4413 laudabile
3130 4375 3143 4410 :
3175 4359 3398 4413 alterum
3429 4369 3580 4431 turpe
3598 4367 3655 4414 et

2070 4447 2398 4503 miserabile.
2428 4447 2615 4519 itaque
2636 4447 2688 4502 in
2732 4447 2834 4503 hoc
2855 4448 3052 4503 saeculo
3090 4463 3257 4503 unum
3282 4448 3469 4504 horum
3491 4450 3652 4504 castis

2071 4546 2157 4594 est
2172 4540 2556 4608 necessarium,
2575 4540 2628 4595 in
2656 4539 2900 4611 paradiso
2921 4550 3098 4596 autem
3118 4549 3402 4613 utrumque
3426 4557 3457 4596 a
3486 4541 3653 4598 beatis

2068 4627 2248 4684 fuerat
2271 4629 2525 4685 alienum.

2148 4720 2236 4775 65.
2278 4719 2384 4776 Sed
2415 4719 2607 4775 iterum
2641 4734 2729 4776 me
2765 4720 2900 4775 dicis
2928 4719 3269 4790 mihimetipsi
3296 4736 3415 4776 esse
3443 4732 3656 4776 eontra—

2074 4811 2237 4874 rium,
2269 4811 2558 4881 preposilis
2597 4811 2841 4867 videlicet
2863 4812 2983 4866 aliis
3010 4812 3186 4866 verbis
3224 4812 3378 4880 meis,
3409 4812 3496 4867 ubi
3529 4829 3655 4884 pro-

2078 4900 2372 4971 pagationis
2391 4901 2624 4955 cilicium
2639 4916 2671 4957 a
2691 4902 2918 4957 carnalis
2941 4901 3309 4957 delectationis
3333 4902 3657 4972 appetitione

2075 4992 2409 5058 discernens,
2431 4993 2585 5047 Aliud
2602 5007 2709 5047 esse
2735 4993 2843 5047 dimi
2870 5008 2970 5047 non
2996 4996 3325 5048 concumbere
3350 4994 3448 5050 nisi
3476 4995 3658 5050 uolun-

2079 5094 2181 5140 tate
2207 5086 2497 5157 generandi,
2522 5086 2657 5157 φιοό
2683 5102 2784 5140 non
2814 5086 2959 5140 habet
2985 5088 3227 5158 culpam;
3254 5088 3396 5143 aliud
3424 5103 3662 5143 concum-

2078 5176 2240 5233 benrlo
2268 5179 2435 5231 curitis
2463 5188 2701 5249 appetere
2731 5179 3058 5249 uoluptatem,
3085 5181 3175 5235 sed
3200 5196 3301 5235 non
3327 5193 3509 5251 praeter
3534 5197 3662 5236 con.

2070 5269 2268 5340 jugem,
2315 5269 2452 5337 quod
2492 5268 2738 5323 renialent
2788 5271 2936 5324 liabet
2975 5271 3179 5343 culpant
3224 5270 3335 5340 (De
3373 5271 3660 5343 Nuptiis‘et

2079 5358 2515 5430 concupiscentia,
2543 5361 2633 5416 lib.
2664 5363 2718 5429 ι,
2746 5363 2938 5434 n.17).
2985 5362 3129 5418 Nihil
3160 5363 3359 5420 habent
3400 5348 3510 5422 duo
3537 5365 3660 5431 ista.

2080 5461 2336 5523 quantum
2383 5468 2589 5508 mecum
2639 5470 2830 5512 omnes
2866 5455 3049 5511 vident
3087 5457 3178 5527 qui
3223 5471 3411 5513 verum
3460 5458 3661 5523 vident,

2082 5542 2223 5599 unde
2248 5558 2332 5597 me
2356 5544 2606 5598 ostendas
2623 5545 2750 5600 mihi
2783 5561 2905 5602 esse
2930 5548 3276 5602 contrarium.
3309 5547 3442 5602 Audi
3489 5557 3664 5602 tamra

2084 5634 2370 5690 identidem
2399 5635 2538 5705 quod
2579 5651 2764 5693 eorum
2810 5640 3057 5695 sensibus
3100 5640 3410 5696 inettleatius
3455 5640 3662 5695 intima-

2151 5767 2167 5798 ³
2202 5772 2250 5814 ιιι
2274 5764 2443 5814 decem
2470 5773 2558 5814 Mss
2583 5802 2595 5827 ,
2620 5765 2782 5827 primi.

2149 5829 2170 5859 ’
2205 5836 2301 5876 Αιιι.
2325 5833 2395 5875 Fx.
2425 5838 2469 5875 ιιι
2499 5837 2622 5889 iis»,
2646 5842 2875 5894 pugnare.
