4122 6518
515 372 620 456 διο

518 495 622 548 tur,
654 501 788 556 quos
824 485 1010 544 fallere
1049 490 1287 546 affectas.
1319 489 1672 546 Calumniaris
1697 489 1860 556 enim,
1891 505 1984 544 nos
2008 506 2100 546 ea:-

514 583 828 636 cusationrm
873 585 1093 650 pra‘bere
1138 585 1368 656 turpibus
1408 595 1455 640 et
1499 585 1768 656 ﬂagitiosis
1793 583 2097 647 hominibus,

513 684 570 724 ut
598 689 710 728 cum
740 673 952 744 infanda
981 677 1241 730 immunda
1271 678 1632 738 commiserint,
1662 687 1838 730 contra
1864 682 2098 730 volunta-

511 773 611 816 tem
636 780 688 817 se
715 764 885 820 dicant
928 768 1123 836 fecisse,
1155 779 1202 822 ct
1225 769 1336 823 ideo
1367 769 1564 822 nullum
1601 769 1782 822 habere
1807 779 2098 836 peccatum:

510 855 668 926 quasi
727 873 826 914 nos
874 877 978 914 non
1023 862 1189 915 tnnlto
1242 862 1478 918 exertius
1519 861 1864 918 adhortemur
1913 869 2098 914 contra

509 947 783 1004 libidinem
811 965 934 1008 esse
969 953 1332 1022 pugnandum.
1375 951 1505 1006 Nam
1549 953 1592 1006 si
1621 966 1736 1014 vos,
1767 967 1888 1006 cum
1916 951 1966 1006 id
1997 952 2098 1006 bo-

510 1054 638 1092 num
665 1053 786 1098 eSSe
821 1041 1032 1106 dicatis,
1063 1058 1168 1098 non
1197 1044 1356 1098 vultis
1387 1053 1560 1098 tamen
1605 1052 1662 1098 ut
1689 1053 1866 1098 vestra
1909 1043 2100 1100 advero

508 1144 602 1184 sus
659 1130 831 1188 istud‘
882 1132 1080 1190 bonum
1137 1135 1456 1204 frigescere,
1505 1134 1588 1189 γρηὶ
1636 1145 1782 1190 certe
1827 1145 2098 1205 tepescere

509 1219 648 1276 bella
688 1221 969 1280 credamus
997 1243 1010 1278 :
1041 1237 1240 1296 quanto
1268 1226 1568 1297 vigilantius
1593 1237 1646 1282 ct
1673 1226 1947 1286 ardentius
1967 1243 2098 1282 con-

506 1323 588 1368 tra
638 1313 833 1370 malum
896 1331 993 1370 nos
1038 1332 1322 1374 censemus
1374 1333 1494 1374 esse
1555 1318 1934 1389 pugnandum?
1987 1318 2096 1374 Nos

505 1405 734 1460 dicimus
775 1406 904 1462 illud
934 1423 1054 1463 esse
1099 1417 1283 1463 contra
1329 1409 1679 1475 voluntatem,
1712 1417 1770 1464 ut
1813 1423 1938 1464 caro
1969 1423 2096 1464 con-

505 1498 745 1567 cupiscat
774 1499 1032 1556 adversus
1075 1503 1356 1570 spiritum;
1418 1517 1520 1556 non
1585 1501 1734 1564 illud,
1777 1509 1834 1555 ut
1879 1501 2096 1570 spiritus

503 1588 762 1644 adversus
789 1605 1027 1646 carnem.
1061 1591 1164 1647 Per
1189 1607 1348 1662 quam
1386 1593 1871 1664 concupiscentiam
1899 1593 2092 1648 bonam

505 1679 584 1748 iit,
616 1691 675 1736 ut
729 1683 828 1736 nisi
880 1699 1037 1737 causa
1077 1684 1366 1754 generandi
1419 1700 1523 1740 non
1579 1694 1796 1740 utantur
1841 1685 2094 1756 conjuges

501 1773 678 1827 carnis
702 1774 942 1838 libidine,
973 1791 1037 1830 ac
1079 1775 1158 1832 sic
1199 1776 1340 1831 malo
1369 1785 1591 1832 utantur
1635 1779 1806 1843 bene;
1835 1779 1924 1848 qui
1968 1794 2091 1832 usus

503 1862 676 1918 bonus
703 1863 828 1918 mali
863 1864 988 1920 facit
1030 1868 1312 1922 honestum
1354 1867 1696 1922 concubitum
1727 1883 1954 1937 vereque
1995 1885 2092 1924 nu-

501 1956 756 2024 ptialem:
791 1958 1078 2028 voluptatis
1123 1968 1299 2013 autem
1349 1975 1536 2024 causa,
1583 1975 1688 2014 non
1738 1961 1924 2030 prolis,
1969 1959 2094 2014 facit

498 2049 841 2104 concubitttm
863 2049 1202 2118 culpabilem,
1221 2049 1316 2106 sed
1339 2051 1390 2105 in
1415 2051 1638 2121 conjuge
1659 2051 1944 2108 venialem.
1967 2051 2090 2108 ldeo

498 2149 678 2194 autem
720 2149 774 2194 et
815 2140 882 2196 de
920 2141 1144 2196 honesto
1183 2141 1467 2196 concubitu
1510 2143 1600 2212 qui
1645 2143 1898 2208 nascitur,
1930 2143 2092 2197 trahit

498 2231 640 2302 quod
687 2233 1017 2288 renascendo
1043 2233 1318 2298 diluatur;
1360 2235 1482 2304 quia
1511 2244 1566 2289 et
1599 2235 1650 2290 in
1679 2235 1963 2290 concubitu
1989 2234 2088 2289 ho-

499 2332 651 2378 nesto
681 2324 820 2377 inest
851 2323 1069 2388 malum,
1099 2339 1205 2392 quo
1237 2325 1375 2378 bene
1421 2325 1583 2378 utitur
1629 2323 1838 2380 bonitas
1879 2325 2088 2392 nuptia-

499 2429 640 2466 rum.
675 2411 780 2468 Sed
813 2429 918 2468 non
945 2415 1096 2468 obest
1121 2415 1342 2480 renatis,
1365 2415 1504 2482 quod
1535 2415 1720 2470 uberat
1747 2418 1903 2470 natis.
1938 2415 2088 2472 Unde

495 2507 558 2558 tit
591 2520 947 2575 consequens,
973 2506 1142 2576 utqui
1179 2521 1242 2561 ex
1283 2506 1362 2562 cis
1393 2507 1648 2574 nascitur,
1680 2515 1732 2560 et
1762 2506 1838 2560 illi
1881 2506 2020 2562 obsit
2041 2507 2086 2561 si

498 2611 604 2650 non
633 2604 962 2650 renascatur.

569 2687 656 2742 64.
701 2687 778 2742 Tu
808 2702 936 2742 sane
967 2687 1104 2741 inter
1131 2687 1624 2756 argumentationes
1653 2696 1788 2752 tuas,
1820 2688 2010 2756 quibus
2035 2697 2087 2743 te

497 2779 727 2834 inaniter
765 2779 1020 2834 adversus
1063 2794 1182 2833 mea
1225 2779 1384 2834 verba
1410 2789 1752 2848 contorques,
1798 2779 2084 2834 identidem

496 2880 548 2926 te
579 2871 892 2926 ilaniclucos
929 2872 1183 2940 adjuvare
1230 2886 1335 2926 non
1375 2871 1546 2927 vides.
1589 2871 1712 2926 ideo
1751 2873 1946 2942 quippe
1990 2873 2085 2928 tibi

495 2966 708 3022 videtur
734 2976 889 3022 natus
915 2967 984 3023 do
1002 2969 1286 3024 concubitu
1307 2969 1570 3040 conjugali
1609 2985 1716 3024 non
1740 2970 1950 3028 trahere
1979 2973 2086 3026 ori—

492 3057 672 3128 ginale
715 3068 1012 3128 peccatum,
1045 3061 1165 3130 quia
1205 3061 1268 3114 de
1309 3063 1404 3116 liae
1443 3077 1592 3132 apere
1613 3063 1749 3131 quod
1791 3079 1892 3116 non
1939 3062 2086 3116 habet

493 3149 720 3220 culpant,
749 3151 911 3216 nasci,
937 3151 1074 3206 sicut
1104 3150 1256 3218 dicis,
1293 3151 1450 3222 culpa
1478 3169 1578 3206 non
1615 3161 1790 3224 potest.
1821 3151 1928 3208 Cur
1953 3167 2084 3224 ergo

492 3241 561 3296 de
581 3256 745 3309 opere
777 3242 866 3296 Dei
885 3242 1024 3314 quod
1053 3257 1158 3298 non
1187 3243 1415 3298 habebat
1434 3244 1666 3312 culpam,
1687 3253 1805 3298 nata
1829 3251 1913 3300 est
1930 3243 2082 3313 culpa

491 3334 688 3404 angeli,
717 3341 838 3390 nata
871 3335 1025 3404 culpa
1053 3335 1329 3390 hominis?
1368 3317 1556 3390 Cernis
1587 3343 1840 3406 quantum
1865 3335 1944 3390 eis
1968 3335 2079 3389 suf-

491 3424 736 3495 frageris,
763 3441 990 3496 quorum
1021 3425 1376 3482 detestatione
1401 3427 1616 3482 conaris
1637 3426 1908 3497 obtegere,
1941 3427 2081 3497 quod

491 3517 746 3572 adversus
771 3518 1090 3574 catholicam
1133 3518 1289 3574 fidem
1329 3517 1754 3574 fundatissimam
1791 3520 1981 3576 sentis.
2025 3520 2080 3576 Si

490 3607 632 3662 enim
661 3608 952 3664 Secundum
973 3608 1302 3664 definitivam
1331 3611 1532 3678 tuam',
1559 3611 1622 3662 de
1651 3611 1744 3664 hoc
1765 3627 1918 3680 opere
1943 3611 2081 3680 quod

491 3717 592 3752 non
631 3699 778 3754 liabet
797 3701 1022 3770 cuipam.
1055 3702 1196 3754 nasci
1224 3700 1376 3770 culpa
1401 3717 1502 3754 non
1542 3710 1736 3768 potest;
1769 3716 1894 3756 ecce
1935 3702 2079 3756 nulla

491 3808 656 3860 opera
679 3793 769 3847 Dei
794 3793 992 3848 habent
1013 3793 1222 3861 culpam
1249 3809 1262 3844 :
1293 3792 1432 3846 unde
1459 3793 1615 3860 igitur
1633 3793 1790 3862 culpa
1817 3802 1936 3848 nata
1959 3793 2080 3848 est?

491 3881 590 3936 llic
629 3881 970 3948 Manichacus,
1005 3890 1056 3936 te
1091 3881 1400 3950 adjuvante,
1437 3882 1596 3936 aliam
1636 3881 1902 3948 naturam,
1943 3883 2080 3937 sicut

490 3973 706 4038 desipit,
750 3971 944 4026 malam
985 3971 1202 4025 molitur
1248 3969 1521 4034 inducere,
1556 3980 1612 4024 ut
1652 3972 1720 4026 sit
1749 3972 1886 4027 unde
1925 3973 2078 4042 culpa

493 4071 616 4116 nata
649 4075 769 4116 esse
796 4061 1081 4116 credatur:
1111 4061 1232 4131 quia
1259 4062 1321 4116 de
1347 4079 1497 4130 opere
1521 4060 1638 4128 Dei,
1669 4063 1962 4118 secundum
1991 4072 2076 4116 tua

491 4153 674 4214 verba,
693 4151 844 4222 culpa
873 4170 972 4206 non
1001 4154 1241 4206 nascitur.
1261 4153 1522 4223 Numquid
1551 4163 1722 4222 potest
1753 4155 1888 4208 vinci
1915 4155 2079 4210 Mani-

493 4246 696 4308 clnuus,
719 4245 816 4298 nisi
843 4259 964 4300 cum
991 4245 1082 4300 illo
1107 4254 1162 4300 et
1189 4246 1302 4316 ipse
1332 4246 1596 4302 vincaris?
1624 4246 1755 4314 Quia
1781 4255 1834 4302 et
1858 4247 2078 4317 angelus

425 4333 428 4338 ’
495 4345 548 4390 et
575 4335 734 4390 homo
763 4337 854 4391 Dei
881 4345 1004 4390 sunt
1041 4351 1202 4406 Opera
1233 4337 1348 4392 sine
1373 4337 1561 4408 culpa;
1593 4353 1660 4392 ex
1681 4338 1874 4407 quibus
1902 4348 2077 4394 tamen

494 4429 652 4498 culpa
695 4435 818 4482 nata
855 4436 960 4494 est,
983 4427 1108 4480 dum
1135 4428 1204 4482 ab
1239 4443 1305 4483 eo
1331 4429 1420 4498 qui
1451 4429 1604 4498 culpa
1633 4436 1800 4496 caret,
1827 4444 1920 4499 per
1949 4429 2078 4486 libe-

491 4537 609 4576 rum
635 4520 914 4574 arbitrium
946 4530 1319 4586 recesserunt,
1348 4522 1488 4591 quod
1528 4524 1606 4576 eis
1645 4521 1826 4578 datum
1853 4533 1936 4578 est
1961 4525 2078 4580 sine

495 4611 683 4680 culpa;
713 4621 770 4666 et
796 4612 915 4666 facti
950 4621 1074 4666 sunt
1095 4614 1240 4677 mali,
1266 4628 1370 4668 non
1403 4629 1496 4682 per
1521 4613 1900 4670 admixtionem
1927 4617 2074 4682 mali,

493 4703 586 4756 sed
628 4718 722 4770 per
749 4703 1100 4758 defectionem
1133 4703 1282 4758 boni.

562 4795 650 4848 65.
695 4795 852 4858 Dicis,
881 4794 940 4848 ob
971 4795 1065 4848 hoc
1093 4811 1125 4848 a
1153 4811 1232 4846 me
1255 4794 1518 4848 christiani
1557 4797 1792 4864 temporis
1820 4797 2078 4850 continen-

491 4889 610 4940 tium
642 4888 797 4956 fuisse
825 4887 1106 4950 laudatam,
1138 4903 1238 4942 non
1267 4897 1322 4940 ut
1367 4889 1434 4940 ad
1461 4887 1794 4958 virginitatem
1841 4889 2078 4943 incende

490 4989 666 5030 rentur
696 4979 944 5042 homines,
971 4977 1060 5032 sed
1089 4988 1140 5031 ut
1179 4978 1364 5033 bonum
1395 4979 1686 5047 nuptiarum
1727 4979 1864 5048 quod
1905 4996 1938 5032 α
1967 4980 2075 5034 Deo

493 5067 778 5120 institutum
805 5077 876 5121 cst
903 5068 1249 5122 damnaretur.
1275 5066 1380 5122 Sed
1407 5083 1472 5122 ne
1505 5069 1704 5136 puteris
1727 5069 1984 5124 malevola
2011 5071 2078 5124 de

492 5154 672 5218 animo
711 5171 832 5210 meo
869 5157 1172 5225 suspicione
1211 5159 1478 5227 torqueri,
1529 5157 1674 5212 velut
1721 5159 1946 5228 probare
1991 5174 2078 5214 me

497 5247 698 5310 volens,
729 5249 862 5302 dicis
886 5248 1014 5302 mihi
1045 5267 1060 5303 :
1091 5249 1151 5304 Si
1181 5248 1396 5317 fideliter
1421 5249 1600 5308 invitas
1635 5249 1858 5306 homines
1883 5250 1950 5302 ad
1971 5259 2076 5305 stu-

555 5385 572 5418 !
609 5389 736 5442 Mss,
757 5381 931 5434 ipsum.

559 5447 580 5484 ι
611 5441 731 5500 “tres
753 5452 884 5505 Mss,
909 5441 1234 5508 delirationem
1257 5452 1404 5500 tuam.

1013 377 1287 434 CONTRA
1324 377 1664 435 JULiANUM
1706 376 2163 446 PELAGIANUM,
2203 379 2262 438 S.
2303 377 2672 439 AUGUSTINI
2717 377 2920 434 Ι.ιῦΕῆ
2945 377 3255 444 QUINTUS.

3685 384 3792 442 8‘20

2207 491 2348 546 dium
2388 481 2726 556 continentior,
2769 491 2945 561 fateris
2973 508 3090 562 ergo
3118 493 3190 546 ita
3217 493 3460 566 nirtutem-_
3476 495 3731 564 pudicitia:
3757 515 3796 546 α

2207 581 2480 636 uolantibus
2507 598 2651 652 posse
2669 582 2877 646 servari,
2903 591 2956 636 ut
2975 582 3059 647 sit,
3087 583 3384 655 quicumque
3411 586 3644 654 voluerit,
3669 603 3788 642 cor-

2208 691 2330 744 pore
2349 683 2549 729 sanctus
2578 683 2623 730 et
2649 675 2846 744 spiritu.
2881 673 3218 744 Iiespondeo,
3249 691 3333 729 me
3360 673 3534 744 fateri,
3564 677 3656 732 sed
3683 683 3786 733 non

2207 767 2344 821 sicut
2371 781 2484 822 vos.
2513 765 2646 822 Nam
2677 781 2772 822 vos
2801 765 2964 835 ipsius
2991 767 3153 818 animi
3181 765 3384 822 viribus
3405 765 3507 822 hoc
3529 767 3784 834 tribuitis;

2207 860 2552 930 cgo,.adjuta3
2581 875 2674 930 per
2712 858 2806 914 Dei
2845 859 3068 929 gratiam
3096 858 3377 914 voluntati.
3413 859 3784 916 Verumtamen

2206 950 2332 1020 quid
2373 951 2742 1020 comprimitur
2782 949 2944 1004 animi
2995 949 3220 1018 imperio
3263 965 3332 1006 ne
3375 959 3640 1020 peccetur,
3685 952 3784 1010 nisi

2206 1045 2404 1098 malum
2431 1057 2537 1114 quo
2567 1043 2810 1098 vincente
2841 1042 3128 1112 peccatur?
3167 1042 3320 1112 Quod
3363 1043 3558 1098 malum
3601 1059 3666 1098 ne
3701 1044 3782 1098 di-

2205 1151 2386 1191 camus
2413 1153 2534 1192 cum
2565 1135 2866 1191 Manichacis
2907 1146 3156 1207 tanquam
3185 1151 3252 1192 ex
3291 1136 3465 1190 aliena
3512 1137 3636 1190 mali
3685 1151 3782 1190 n.1-

2207 1237 2324 1282 tura
2373 1227 2524 1282 nobis
2577 1243 2698 1283 esse
2740 1228 3116 1292 commixtum,
3167 1236 3334 1282 restat
3377 1235 3438 1282 ut
3497 1230 3549 1282 in
3603 1237 3780 1282 nostra

2205 1327 2390 1372 natura
2433 1327 2680 1389 tanquam
2721 1318 2910 1374 vulnus
2961 1318 3174 1390 aliquod
3223 1317 3484 1374 fateamur
3527 1333 3646 1372 esse
3695 1333 3784 1372 sa-

2205 1410 2472 1478 nandum,
2513 1411 2664 1481 cujus
2717 1425 2918 1466 reatum
2964 1409 3074 1480 jam
3115 1408 3344 1466 fatemur
3383 1409 3781 1480 regenerationis

2203 1509 2470 1555 sanatum.

2273 1593 2362 1648 6.6.
2395 1593 2534 1648 Ecce
2561 1593 2750 1648 frustra
2781 1593 3128 1656 enumerasti.
3151 1593 3342 1662 quibus
3367 1607 3451 1647 me
3477 1607 3776 1661 comparas,

2203 1697 2280 1738 tot
2309 1685 2678 1742 hrcrcticurum
2720 1685 2954 1754 fraudes,
2993 1701 3219 1756 quorum
3257 1686 3460 1740 utinam
3497 1701 3776 1739 numerum

2201 1793 2308 1830 non
2339 1791 2584 1846 augeres.
2619 1794 2638 1828 ι
2669 1777 2972 1846 Apostolica
3011 1776 3296 1840 sententia,
3336 1791 3440 1846 qua
3479 1785 3626 1830 notat
3665 1775 3773 1830 ha:-

2201 1869 2394 1924 l‘tfllCOS
2407 1868 2746 1939 prohibentes
2759 1869 2956 1923 nubere
2981 1887 2999 1922 ι
3019 1869 3060 1940 (l
3080 1868 3212 1922 Tim.
3242 1884 3315 1934 tv,
3334 1867 3412 1936 5),
3432 1886 3451 1918 ι
3471 1869 3627 1922 etiam
3643 1884 3726 1922 mc
3752 1887 3770 1919 ι

2200 1961 2428 2016 ass-eris:
2461 1961 2604 2032 tangi
2629 1980 2640 2012 :
2669 1981 2688 2014 ι
2709 1961 2856 2030 quasi
2881 1960 3108 2026 dicaam
3139 1969 3258 2030 post
3273 1959 3558 2015 adventum
3578 1957 3772 2014 Christi

2201 2053 2369 2122 turpia
2405 2069 2525 2108 esse
2561 2053 2824 2123 conjagia.
2863 2072 2882 2104 ι
2925 2053 3059 2108 Audi
3099 2069 3226 2120 ergo
3255 2053 3394 2121 quod
3429 2053 3687 2115 dicimus,
3721 2062 3776 2106 ut

2199 2145 2300 2202 hoc
2327 2145 2500 2214 ipsum
2527 2144 2705 2199 multis
2731 2144 2903 2200 modis
2928 2159 2992 2200 ac
3015 2145 3208 2214 Saepius
3229 2143 3512 2209 audiendo,
3538 2157 3643 2196 non
3665 2142 3772 2197 dis-

2195 2239 2413 2294 simules
2434 2239 2730 2300 veritatem,
2743 2238 3000 2292 simulans
3019 2237 3244 2306 quodam
3269 2236 3426 2290 modo
3441 2236 3774 2290 surditatem.

2197 2332 2309 2386 Non
2348 2331 2573 2387 dicimus
2604 2331 2772 2399 turpia
2799 2345 2916 2386 esse
2946 2329 3218 2400 conjugia;
3250 2327 3676 2398 quandoquidem
3709 2343 3774 2382 ne

2197 2421 2574 2476 incontinentia
2606 2421 2655 2474 in
2683 2419 2986 2474 damnabile
3015 2420 3171 2472 cadat
3199 2417 3477 2488 ﬂagitium.
3507 2415 3772 2471 fulcienda

2195 2521 2280 2566 est
2306 2511 2584 2566 honestate
2615 2511 2938 2580 nuptiarum.
2972 2509 3075 2564 Sed
3107 2509 3248 2580 quod
3281 2523 3372 2562 vos
3402 2506 3596 2570 dicitis.
3627 2507 3774 2561 chri-

2195 2603 2364 2658 stiana
2385 2602 2624 2656 doctrina
2649 2617 2750 2656 nou
2773 2602 2922 2667 dicit,
2952 2601 3000 2654 id
3029 2609 3129 2664 est,
3161 2611 3214 2654 ut
3248 2599 3410 2653 verba
3440 2607 3526 2652 tua
3553 2613 3768 2668 poaam,

2199 2710 2218 2744 ι
2265 2691 2534 2748 hominem
2574 2690 2820 2746 sufticere
2850 2690 3097 2760 ingenitis
3135 2691 3232 2746 sibi
3271 2689 3506 2744 motibus
3532 2689 3659 2744 dare
3691 2689 3771 2744 le—

2193 2797 2288 2854 ges
2329 2800 2342 2837 :
2391 2801 2410 2834 ι
2443 2782 2544 2840 hoc
2589 2796 2694 2838 non
2741 2782 2998 2844 dicimus;
3047 2781 3142 2836 sed
3189 2781 3414 2836 dicimus
3459 2779 3598 2850 quod
3643 2779 3772 2834 dixit

2193 2875 2500 2944 Apostolus,
2547 2889 2668 2929 cum
2709 2873 2834 2928 hinc
2873 2873 3200 2942 loqueretur,
3255 2870 3606 2942 Unusquisque
3649 2887 3770 2939 pro-

2193 2967 2362 3036 prium
2391 2967 2579 3020 donum
2599 2965 2745 3018 liabet
2771 2981 2800 3018 a
2825 2963 2930 3018 Deo
2956 2963 3136 3032 (lCor.
3162 2979 3256 3028 vn,
3279 2963 3358 3034 7).
3396 2961 3460 3016 Et
3479 2961 3617 3032 quod
3639 2961 3770 3016 dixit

2193 3057 2468 3122 Dominus,
2500 3056 2626 3111 Sine
2649 3071 2726 3110 me
2764 3055 2890 3110 nihil
2934 3056 3138 3124 potestis
3191 3057 3354 3126 facere
3375 3051 3547 3124 (Jonn.
3577 3068 3664 3118 xv,
3689 3050 3766 3122 5).

2191 3151 2277 3213 Et,
2313 3148 2634 3206 Nonontnes
2663 3148 2867 3216 rapiunt
2893 3148 3092 3200 verbum
3129 3147 3243 3212 hoc,
3279 3146 3367 3200 sed
3389 3145 3564 3215 quibus
3593 3143 3768 3197 datum

2189 3253 2262 3296 est
2289 3239 2500 3314 (Matth.
2531 3255 2644 3303 χιιι,
2677 3239 2763 3310 Η)
2799 3255 2812 3290 :
2841 3253 2962 3292 cum
2991 3245 3172 3306 posset
3195 3223 3410 3296 dicere,
3437 3235 3552 3290 Non
3581 3248 3769 3288 omnes

2189 3334 2406 3402 capiunt
2430 3329 2792 3394 verbumhoc,
2820 3328 2914 3384 sed
2941 3328 3032 3400 qui
3053 3328 3309 3392 voluerit;
3337 3326 3386 3382 si
3415 3341 3597 3380 verum
3625 3333 3769 3380 esset

2189 3426 2331 3497 quod
2359 3425 2538 3482 dicitis
2566 3439 2680 3480 vos.
2715 3423 2910 3492 Qucero
2933 3437 3062 3476 sane
3081 3461 3096 3486 ,
3123 3419 3369 3491 qualibus
3391 3417 3639 3488 iugenitis
3667 3415 3767 3470 sibi

2189 3517 2422 3572 motibus
2459 3516 2730 3570 hominem
2765 3515 2956 3570 dicatis
2991 3527 3114 3568 esse
3153 3512 3400 3566 idoneum
3427 3509 3556 3564 dare
3585 3507 3767 3580 leges?

2191 3617 2366 3662 utrum
2411 3606 2567 3662 bonis
2590 3647 2604 3670 ,
2633 3621 2704 3660 an
2745 3605 2937 3658 malis?
2965 3604 3020 3658 Si
3057 3603 3240 3667 bonis;
3281 3602 3536 3656 adversus
3567 3602 3764 3656 bonum

2188 3714 2316 3768 ergo
2331 3697 2546 3767 spiritus
2563 3697 2889 3766 concupiscit
2911 3697 2950 3758 ‘,
2967 3703 3020 3750 et
3033 3694 3139 3748 duo
3157 3693 3296 3747 bona
3315 3691 3538 3746 invicem
3555 3691 3653 3746 sibi
3674 3689 3767 3744 ad-

2189 3797 2468 3844 versantur
2494 3787 2544 3842 in
2573 3787 2808 3842 homine.
2837 3785 2986 3853 Quod
3013 3785 3056 3840 si
3087 3785 3158 3838 ita
3189 3792 3364 3848 esset,
3397 3783 3508 3851 ipsa
3539 3783 3766 3836 duorum

2189 3883 2450 3938 bonorum
2477 3884 2613 3936 inter
2631 3895 2690 3934 se
2715 3879 3012 3934 adversitas
3039 3877 3174 3932 bona
3195 3891 3316 3932 esse
3346 3890 3448 3930 non
3477 3883 3674 3944 posset.
3705 3873 3764 3928 Si

2187 3983 2364 4028 autem
2390 3973 2578 4038 malis;
2609 3970 2774 4026 fatere
2799 3970 2956 4039 igitur
2984 3967 3244 4038 ingenitus
3271 3981 3390 4020 esse
3421 3965 3619 4020 homini
3647 3979 3765 4018 mo-

2190 4075 2272 4118 tus
2297 4063 2486 4118 malos.
2513 4072 2698 4116 contra
2727 4076 2860 4130 quos
2884 4062 3099 4114 castitas
3125 4058 3360 4112 dimicat.
3395 4058 3458 4111 Et
3486 4071 3552 4112 ne
3587 4055 3766 4110 dicere

2186 4173 2306 4212 cum
2353 4155 2658 4210 Manichmis
2701 4154 2932 4224 cogaris,
2975 4152 3163 4208 alienae
3211 4151 3332 4206 mali
3377 4161 3582 4204 naturae
3613 4149 3765 4203 nobis

2189 4253 2366 4304 inesse
2409 4245 2846 4304 commuttionem
2873 4285 2888 4312 ,
2939 4252 3180 4300 nostrum
3231 4241 3408 4312 potius
3452 4241 3764 4312 originalem

2187 4339 2442 4395 conﬁtere
2467 4341 2803 4408 languorem.
2831 4336 3000 4406 Cujus
3022 4335 3291 4406 languoris
3313 4335 3452 4389 malo
3473 4334 3766 4414 conjugalis

2189 4434 2324 4488 bene
2347 4433 2515 4486 utitur
2547 4430 2830 4499 pudicitia;
2857 4439 3042 4484 contra
3069 4427 3212 4497 quod
3251 4426 3522 4497 languoris
3565 4427 3763 4480 malum

2185 4523 2506 4578 adhibentur
2543 4521 2611 4576 ab
2647 4519 3097 4574 incontinentibus
3135 4517 3438 4586 nuptiarum
3483 4517 3757 4578 remedia,

2185 4623 2503 4670 exercentur
2529 4629 2560 4666 a
2591 4611 2986 4666 continentibus
3013 4609 3242 4680 gloriosa
3270 4609 3580 4663 certamina.
3613 4607 3767 4660 Arbi-

2188 4717 2300 4762 tror
2329 4704 2758 4774 pollicitationem
2797 4717 3006 4768 meam,
3047 4716 3112 4756 ex
3153 4716 3257 4768 quo
3287 4700 3306 4729 ¹
3349 4698 3440 4752 tibi
3480 4697 3544 4750 ad
3587 4697 3762 4750 omnia

2188 4797 2511 4864 respondere
2550 4795 2684 4863 carpi
2711 4837 2726 4861 ,
2769 4794 2822 4848 in
2859 4792 3051 4862 quibus
3088 4787 3372 4844 solvendos
3410 4787 3766 4858 qumstionutu

2187 4889 2355 4944 nodos
2375 4887 2579 4954 aliquos
2607 4885 2852 4950 attulisti,
2881 4882 3214 4938 conmmdins
3241 4879 3468 4950 impleri,
3503 4880 3544 4932 si
3575 4895 3764 4934 nume-

2175 4996 2300 5042 rum
2346 4989 2552 5030 tuorum
2591 4974 2918 5030 voluminum
2947 4987 3048 5026 non
3078 4986 3378 5026 excessero.
3411 4970 3489 5024 Sit
3525 4985 3653 5037 ergo
3679 4969 3766 5024 hic

2187 5074 2306 5127 linis
2335 5071 2494 5140 hujus
2521 5071 2660 5136 mei,
2688 5079 2746 5124 ut
2771 5069 3114 5124 novissimum
3143 5076 3290 5122 tuum
3319 5063 3384 5122 ait
3415 5064 3520 5120 alio
3551 5061 3765 5117 refella-

2185 5179 2302 5220 mus
2327 5164 2564 5219 exordio.

2253 5325 2264 5353 ι
2303 5324 2384 5369 t:ic
2407 5327 2478 5368 ttr.
2506 5325 2556 5369 ct
2579 5325 2688 5368 Iov.
2713 5317 2891 5366 addunt
2909 5352 2922 5370 ,
2946 5316 3174 5366 adversus
3196 5313 3416 5377 spiritum
3439 5325 3454 5362 :
3476 5309 3620 5360 male.

2248 5387 2267 5416 ε
2303 5383 2613 5432 Horiaccnsis
2639 5389 2735 5438 ιιι,
2763 5391 2828 5428 ctr-
2847 5389 2962 5440 qua.

1919 5607 2339 5668 nerea-9:221».—
