4122 6562
923 357 1197 415 CONTRA
1229 357 1569 417 JULIANUM
1608 356 2073 423 PELAGIANUM,
2113 356 2174 415 S.
2214 355 2580 415 AUGUSTINI
2623 357 2823 419 LIBER
2864 359 3149 418 SEXTUS.

3580 367 3684 423 82!

1473 486 1951 674 LIBER
2011 563 2199 672 SE
2212 563 2640 691 XTUIS.

460 734 600 784 Libro
621 730 794 782 Juliani

814 738 1019 804 reme.
1043 732 1248 795 (iusque
1269 733 1321 783 in
1340 732 1787 804 τειίαιιειιηηιιετιβω
1810 726 2414 804 Pristis.‘ihriﬂsievﬁis
2450 735 2501 778 οι
2521 730 2918 804 (imminentia.
2939 730 3320 804 φνίιιειιοηῦιιιε
3357 743 3407 787 ει
3430 735 3679 804 calumniis

397 794 682 861 respondet.
705 788 848 861 pasci
862 788 1105 861 hominem
1126 788 1235 843 cum
1258 788 1728 861 mecato'conlii-mnat
1751 788 1825 841 ex'
1854 788 2421 861 Baptismoparvnlorum
2438 825 2459 861 ,γ
2501 803 2562 861 ex
2590 788 2795 861 apostoli
2818 792 2983 861 verbis
3002 794 3061 843 ad
3096 801 3323 861 nontanos
3342 804 3411 861 Aet
3433 798 3493 849 ad
3516 788 3678 850 canit:

400 850 552 925 thids,
586 856 774 925 exrritu
797 856 1051 925 entorcismi
1073 850 1489 925 etexsu'ﬂiationis
1509 865 1619 925 qua:
1657 851 1711 903 ﬁt
1739 863 1850 902 eum
1889 850 2075 925 parvuli
2098 850 2411 925 baptiaantur.
2435 850 2655 925 ostendit
2693 853 2820 925 oleae
2843 862 2894 903 et
2914 852 3113 925 oleastri
3156 859 3439 925 exemplum
3458 863 3678 925 apposite

396 911 561 987 datum
581 953 599 987 ,_
619 924 674 987 ut
696 915 996 987 intelligatur
1017 916 1258 987 quomodo
1281 911 1670 987 _ex_pa_reritibus
1684 911 1995 987 regeneratis
2013 911 2257 987 scius-tis
2266 920 2519 987 nascantur
2552 913 2638 987 lilii
2652 922 2951 987 peceatores
2982 924 3035 966 et
3056 911 3401 987 regenerandi.
3427 911 3677 987 Pe‘d‘atum

395 970 644 1046 originale
659 970 897 1046 inprimis
919 970 1539 1046 parentibusvoiuntarium
1563 970 1773 1046 essehoc
1794 974 1934 1046 nobis
1948 970 2149 1046 quidem
2170 970 2382 1046 alienum
2406 970 2703 1046 proprietate
2724 970 3180 1046 actionis,‘nostrti'm
3200 970 3675 1046 tamennontagione

398 1034 691 1105 prtﬁaginis.
715 1034 862 1105 [iuius
878 1034 1059 1105 peccati
1076 1038 1254 1105 merito
1271 1036 1377 1087 ﬁeri
1390 1072 1405 1097 ,
1428 1044 1484 1087 ut
1505 1037 1734 1105 tantis_ab
1757 1034 1953 1105 infantia
1966 1034 2176 1105 miseriis
2195 1039 2435 1105 atteramr
2446 1034 2608 1105 genus
2627 1034 2886 1086 humanum
2902 1073 2918 1097 ,

2956 1045 3112 1111 atque
3133 1041 3319 1111 μςνωί
3341 1042 3450 1111 sine
3465 1041 3679 1111 rescue-

395 1096 595 1149 rationis
616 1096 1057 1168 gratian'morientes
1077 1098 1448 1168 escludantnra
1467 1110 1622 1160 regno
1646 1096 2196 1168 Deizsanctitieationem
2219 1096 2617 1168 perBaptismum
2639 1109 2768 1168 nunc
2790 1104 2841 1148 et
2860 1096 3044 1168 animm"
3058 1106 3111 1151 et
3133 1096 3225 1168 ipsi
3245 1106 3431 1165 corpori
3447 1096 3675 1168 conferri,

398 1173 497 1209 non
522 1156 684 1210 tanton
707 1159 883 1229 auferri
904 1161 992 1210 hac
1013 1161 1063 1209 in
1084 1160 1181 1210 vita
1202 1156 1815 1229 corruptionemporporis,
1840 1169 1950 1228 quae
1967 1158 2119 1218 ipsam
2139 1156 2336 1229 quoque
2357 1156 2832 1229 aggravatanimam.
2857 1167 3005 1229 Docet
3019 1156 3260 1229 quomodo
3287 1156 3677 1229 concupiscentia

394 1230 591 1291 maneat
610 1229 740 1281 actu,
764 1228 1026 1291 praetereat
1059 1215 1370 1291 reatu.__t‘auli
1391 1220 1600 1291 apostoli
1616 1215 1908 1291 testimonia,
1926 1215 2658 1291 perverselaiitlliano'exmsita
2675 1254 2691 1278 ,
2715 1229 2915 1291 revocat
2945 1215 3329 1291 “catholicum
3351 1215 3673 1277 intellectum.

398 1283 463 1332 Ad
488 1277 1038 1333 extremutn'Ezecbielis
1054 1283 1411 1343 auctoritatem,
1424 1277 1530 1344 'qua
1552 1280 1637 1331 ille
1651 1277 1971 1338 abutebatur,
1995 1278 2264 1333 semiudum
2283 1277 2557 1341 legitimum
2572 1277 2771 1330 sensim
2794 1281 3162 1348 interpretatur.

1817 1386 2243 1444 manus

472 1512 698 1569 CAPUT
735 1511 1016 1569 PRlllde.
1050 1542 1120 1553 -
1152 1512 1197 1567 l.
1224 1511 1558 1582 Responsum
1591 1509 1800 1580 estjam
1843 1507 1982 1564 libro

396 1611 488 1657 tuo
512 1602 702 1667 tertio;
737 1603 1121 1672 respondeatur
1148 1611 1202 1656 et
1225 1612 1415 1669 quarto
1441 1619 1452 1654 :
1480 1600 1654 1655 aderit
1685 1601 1941 1654 Dominus
1961 1638 1978 1666 ,

396 1705 454 1750 ut
493 1709 596 1749 non
628 1694 801 1749 solum
835 1694 1051 1760 veritas,
1083 1693 1177 1747 sed
1219 1694 1377 1747 etiam
1419 1692 1653 1747 Charitas
1695 1689 1786 1745 tibi
1825 1688 1980 1745 exhi-

394 1786 582 1841 beatnr
601 1801 630 1839 a
656 1785 833 1841 nobis.
847 1785 979 1855 Qua:
998 1785 1104 1840 duo
1125 1785 1365 1856 quisquis
1386 1785 1634 1850 tenuerit,
1660 1799 1760 1839 nec
1781 1782 1976 1849 fatuus,

392 1893 494 1933 nec
522 1877 736 1932 invidus
759 1877 880 1931 erit.
916 1877 988 1931 De
1013 1877 1207 1947 quibus
1232 1876 1373 1930 vitiis
1400 1876 1451 1930 in
1479 1875 1740 1945 principio
1770 1887 1978 1929 memo-

396 1968 499 2023 rati
539 1968 610 2036 tui
648 1966 769 2022 libri
800 1968 962 2021 multa
988 1967 1189 2022 dixisti.
1232 1966 1362 2022 Nam
1389 1975 1442 2022 et
1469 1980 1621 2022 error
1653 1966 1896 2032 veritate,
1925 1971 1981 2021 et

391 2060 529 2115 livor
548 2058 807 2113 charitate
834 2057 1114 2128 pellendus
1135 2066 1235 2113 est.
1268 2057 1324 2112 In
1354 2056 1452 2113 hac
1481 2067 1656 2112 autem
1682 2066 1767 2111 tua
1793 2056 1979 2127 dispu-

394 2149 597 2205 latione
623 2165 743 2204 eum
766 2148 832 2203 de
856 2149 1075 2204 stultitia
1100 2149 1417 2219 loquereris,
1446 2148 1628 2203 dicens
1664 2166 1683 2200 ι
1718 2163 1836 2203 eam
1864 2162 1977 2202 ma-

394 2252 530 2297 trem
552 2256 672 2296 esse
693 2240 929 2296 omnium
952 2240 1221 2304 vitiorum,
1254 2258 1273 2293 s
1298 2239 1586 2293 adhibuisti
1614 2238 1976 2294 testimonium

391 2333 459 2389 de
486 2333 786 2404 Scriptura,
818 2332 905 2387 ubi
931 2332 1157 2404 legitur,
1188 2330 1454 2386 Neminem
1491 2331 1655 2403 diligit
1688 2329 1855 2399 Deus,
1879 2332 1977 2386 nisi

391 2443 504 2479 eum
532 2425 753 2497 quicum
780 2425 1030 2496 sapientia
1067 2424 1260 2478 habitat
1302 2424 1459 2495 (Sap.
1493 2439 1604 2489 vn,
1626 2421 1741 2496 28).
1784 2423 1977 2491 Qumre

394 2504 575 2590 itaque
598 2516 902 2588 diligenter,
932 2526 1112 2572 utrum
1139 2515 1379 2571 habitare
1404 2531 1525 2571 cum
1555 2516 1814 2586 sapientia
1842 2531 1976 2586 pue-

392 2610 508 2666 rilis
536 2609 740 2665 vanitas
769 2602 957 2681 possit,
988 2624 1082 2679 per
1112 2624 1274 2679 quam
1304 2623 1524 2664 necesse
1555 2618 1637 2664 est
1664 2623 1729 2664 ex
1754 2607 1974 2663 infantia

391 2699 644 2769 parvulus
682 2706 935 2765 transeat,
977 2699 1066 2768 qui
1106 2707 1283 2753 tmnen
1324 2699 1515 2753 transit
1554 2715 1569 2753 :
1609 2706 1664 2754 et
1693 2698 1973 2753 considera

390 2791 478 2860 qui
522 2791 722 2859 primus
751 2788 952 2844 fructus
977 2799 1226 2845 nascatur
1248 2788 1318 2844 de
1346 2789 1526 2846 radice
1555 2804 1715 2859 quam
1752 2788 1971 2855 laudas;

390 2889 444 2935 et
468 2886 661 2951 quanta
684 2879 735 2933 in
753 2878 1078 2934 contrarium
1097 2878 1393 2934 mutatione
1413 2893 1548 2948 opus
1566 2878 1757 2934 habeat
1772 2887 1828 2934 ut
1846 2878 1972 2934 dili-

390 2981 543 3041 gatur
564 2986 593 3026 a
622 2971 756 3036 Deo,
784 2969 875 3041 qui
913 2971 1014 3027 nisi
1053 2987 1174 3026 eum
1212 2971 1301 3042 qui
1331 2970 1533 3027 habitat
1568 2987 1688 3027 cum
1714 2971 1972 3042 sapientia

390 3061 659 3116 neminem
679 3060 878 3133 diligit;
899 3062 951 3115 in
973 3061 1360 3132 prmdestinatis
1379 3063 1559 3132 utique
1579 3063 1812 3133 parvulis
1830 3064 1973 3132 quod

391 3151 503 3207 odit
523 3152 830 3221 absumens,
857 3162 914 3208 ut
933 3155 1090 3209 etiam
1113 3154 1256 3223 ipsos
1275 3168 1305 3208 a
1325 3154 1559 3210 vanitate
1579 3152 1832 3209 liberatos
1851 3168 1972 3209 cum

398 3243 663 3312 sapientia
690 3243 874 3315 diligat
909 3243 1209 3300 habitantes
1239 3260 1254 3298 :
1281 3258 1417 3315 quos
1440 3252 1586 3299 certe
1622 3244 1667 3299 si
1703 3243 1772 3300 ab
1808 3244 1972 3300 ubere

394 3342 578 3404 raptos
603 3333 883 3390 abstulerit
910 3334 1133 3391 ultimus
1160 3335 1274 3391 dies
1301 3332 1404 3407 (α),
1438 3335 1605 3390 miror
1625 3335 1670 3390 si
1700 3334 1862 3391 audes
1890 3333 1974 3391 di-

390 3439 515 3480 cere
551 3423 883 3481 habitatores
919 3440 1039 3480 cum
1070 3424 1327 3496 sapientia
1359 3434 1554 3495 praeter
1581 3440 1799 3496 regnum
1840 3426 1968 3491 Dei,

391 3531 497 3584 quo
526 3529 620 3570 eos
651 3531 671 3567 ‹
706 3514 933 3584 bonum,
968 3534 988 3568 ι
1019 3515 1313 3571 secundum
1341 3524 1423 3580 te,
1458 3533 1479 3569 ι
1507 3516 1772 3571 inviolatae
1797 3515 1971 3571 incul-

392 3614 636 3676 patmque
675 3613 879 3660 naturre
910 3624 931 3658 ι
960 3598 1064 3660 ηὸη
1107 3604 1364 3674 permittit
1400 3604 1678 3671 accedere,
1720 3604 1820 3660 nisi
1859 3604 1973 3661 veri

388 3694 688 3750 Salvatoris
716 3695 881 3764 gratia
908 3692 1219 3765 redemptos
1247 3695 1436 3750 liberet
1459 3710 1489 3749 a
1518 3695 1635 3749 falsi
1669 3694 1969 3763 insipientia

392 3785 703 3840 lnndatoris.
736 3785 804 3842 Ut
832 3786 1073 3841 omittam
1106 3795 1293 3841 natura
1325 3771 1519 3853 fatuos,
1550 3785 1718 3840 multo
1745 3785 1973 3855 amplius

391 3875 650 3945 lugendus
680 3875 951 3946 Scriptura
983 3884 1118 3932 teste
1143 3891 1304 3945 quam
1330 3883 1569 3930 mortuos
1601 3874 1790 3943 (Eccli.
1824 3889 1933 3929 xxu
1952 3914 1969 3940 ,

390 3968 501 4029 15).
544 3965 690 4035 Quos
727 3966 941 4036 quidem
979 3976 1033 4021 et
1071 3966 1137 4022 ab
1164 3952 1456 4021 istoitanto
1492 3965 1636 4021 malo
1663 3972 1840 4036 potest
1879 3965 1972 4020 Dei

389 4057 554 4125 guttis
596 4070 691 4125 per
725 4056 1038 4126 sanguinem
1078 4055 1383 4111 Mediatoris
1419 4071 1611 4111 eruere
1652 4073 1667 4111 :
1707 4055 1800 4110 sed
1833 4054 1972 4110 unde

393 4154 679 4213 gotuerunt
703 4144 759 4200 in
790 4154 991 4200 tantum
1023 4145 1221 4200 malum
1261 4160 1436 4213 ruere,
1477 4147 1523 4202 si
1560 4145 1739 4201 divino
1772 4145 1972 4217 judicio

390 4238 532 4291 nulla
559 4237 747 4309 origini
773 4237 998 4294 debetur
1022 4252 1179 4308 pmna
1206 4237 1441 4293 vitiatae?

460 4329 515 4381 2.
550 4329 686 4384 Ecce
710 4329 901 4385 merito
927 4328 1317 4399 reprehendisti
1342 4344 1437 4386 eos
1464 4339 1520 4386 et
1543 4331 1792 4401 graviter,
1825 4350 1847 4385 ς
1879 4332 1969 4402 qui

395 4420 477 4473 vel
506 4419 920 4489 supersederunt
943 4420 1159 4475 scienda
1183 4435 1527 4492 cognoscere,
1552 4421 1635 4476 vel
1657 4434 1760 4475 non
1787 4421 1975 4477 fortui-

388 4510 519 4565 dant
544 4509 779 4581 ignorata
803 4510 1039 4582 culpare.
1074 4528 1094 4563 ι
1130 4509 1392 4580 Numquid
1428 4512 1528 4565 hoc
1553 4510 1622 4567 de
1647 4510 1731 4567 his
1755 4513 1842 4582 qui
1873 4528 1971 4568 ex-

390 4600 582 4656 cordes
600 4601 710 4656 nati
734 4608 877 4667 sunt,
900 4610 1052 4672 potes
1070 4601 1288 4658 dicere?
1306 4601 1418 4658 Nec
1441 4611 1617 4657 tamen
1640 4603 1719 4658 eis
1738 4603 1838 4658 sub
1858 4603 1972 4660 Deo

389 4690 537 4761 justo
562 4690 702 4747 unde
730 4691 781 4746 id
802 4689 1046 4747 accidere
1063 4691 1297 4763 potuerit
1316 4690 1625 4747 inventurus
1647 4706 1707 4747 es
1722 4732 1739 4759 ,
1762 4693 1807 4747 si
1829 4694 1970 4749 nulla

334 4838 343 4845 ,
391 4797 459 4836 ex
497 4781 807 4852 parentibus
833 4781 1113 4837 trahuntur
1138 4783 1325 4836 merita
1358 4772 1607 4838 lilio'rum.
1640 4800 1661 4835 Ι
1689 4784 1793 4840 Sed
1833 4785 1971 4839 invi:

388 4869 571 4927 dendo
609 4870 739 4939 tibi,
777 4872 831 4926 in
868 4871 1095 4942 quadam
1140 4871 1362 4927 meridie
1404 4882 1693 4943 comperta:
1734 4875 1971 4928 veritatis

392 4960 512 5015 sine
537 4960 986 5017 obumbramento
1013 4961 1379 5033 ignorationis,
1414 4978 1435 5014 ι
1468 4969 1525 5016 ιιι
1554 4962 1806 5032 loqueris,
1838 4980 1858 5014 ι
1892 4963 1971 5017 in-

388 5050 649 5106 sanimus.
681 5070 705 5106 s
739 5052 884 5108 itane
914 5067 1041 5108 vero
1066 5059 1213 5107 tanta
1246 5052 1296 5106 in
1327 5051 1563 5122 parvulis
1585 5052 1718 5107 mala
1741 5093 1756 5119 ,
1800 5063 1853 5106 tu
1878 5054 1968 5123 qni

388 5155 496 5198 non
534 5141 742 5198 invides
763 5183 780 5210 ,
819 5157 927 5197 non
952 5141 1140 5199 vides?
1165 5142 1343 5197 Bonus
1379 5151 1462 5197 est
1495 5141 1663 5207 Deus,
1686 5141 1861 5212 justus
1886 5151 1971 5198 est

389 5234 533 5290 Deus
558 5252 576 5291 :
605 5243 857 5295 extranea
885 5249 1106 5305 prorsus
1132 5235 1259 5289 mali
1292 5243 1379 5290 est
1414 5234 1559 5290 nulla
1594 5242 1781 5289 natura
1804 5275 1821 5301 ,
1849 5250 1969 5305 qum

389 5333 591 5380 nostra:
632 5334 837 5381 natura
884 5324 1176 5380 secundum
1215 5322 1545 5380 Manichacus
1577 5322 1825 5381 credatur
1869 5323 1969 5380 atl-

390 5416 556 5470 mixta
588 5432 602 5470 :
631 5416 772 5472 unde
798 5425 946 5481 sunt,
979 5430 1085 5472 non
1115 5416 1238 5471 dico
1265 5416 1319 5472 in
1350 5416 1608 5481 moribus,
1631 5415 1733 5473 sed
1756 5415 1810 5472 in
1840 5417 1970 5487 ipsis

390 5505 617 5576 ingeniis
638 5521 757 5562 cum
783 5507 977 5577 quibus
1000 5516 1291 5563 nascuntur
1317 5516 1460 5563 tanta
1489 5506 1765 5563 hominum
1790 5507 1929 5564 mala
1947 5546 1965 5574 ,

396 5599 444 5653 si
470 5612 578 5654 non
598 5606 684 5654 est
710 5598 940 5653 humana
959 5599 1111 5670 origo
1136 5599 1339 5666 vitiata,
1369 5615 1479 5654 non
1508 5608 1591 5656 est
1615 5614 1786 5655 massa
1816 5599 1968 5656 dam-

394 5688 554 5743 nata?
573 5686 708 5754 Quid
724 5730 741 5757 ,
765 5688 907 5759 quod
929 5687 1089 5745 homo
1109 5687 1365 5745 l'atuitatis
1384 5704 1575 5759 expers
1595 5689 1735 5746 etab
1756 5690 1967 5746 invidia:

457 5799 529 5863 (ο)
563 5797 737 5851 .titusio
757 5797 817 5850 ad
841 5796 1005 5863 Virgil.
1029 5797 1215 5849 maelii.
1241 5796 1323 5850 lib.
1346 5798 1394 5863 ο,
1412 5810 1538 5851 vers.
1577 5799 1677 5848 12-}
1692 5800 1787 5849 hi9.

2088 1504 2316 1562 stimulis
2339 1508 2563 1575 alienus,
2593 1510 2763 1581 ipsam
2788 1511 2868 1569 sic
2900 1511 3160 1570 describis
3203 1516 3457 1574 invidiam
3479 1562 3494 1588 ,
3525 1528 3582 1575 ut
3615 1521 3667 1577 in

2091 1604 2177 1651 tua
2218 1596 2574 1670 descriptione
2601 1601 2704 1657 hoc
2741 1603 2923 1658 vitium
2952 1613 3006 1660 et
3037 1616 3310 1676 peceatum
3338 1620 3591 1681 appareat
3620 1623 3670 1669 et

2086 1702 2243 1759 pmna
2274 1691 2515 1760 peccati?
2552 1693 2744 1749 Annon
2774 1706 2854 1750 est
2881 1705 3154 1766 peccatum
3183 1699 3501 1757 diabolieum
3531 1703 3669 1759 invi-

2084 1776 2211 1833 dia?
2237 1794 2415 1835 annon
2444 1790 2526 1837 est
2551 1785 2704 1853 poena
2737 1785 2939 1854 peccati
2961 1827 2975 1851 ,
3007 1802 3126 1857 qum
3161 1805 3181 1840 α
3218 1790 3462 1859 protinus
3494 1793 3670 1863 ipsum

2083 1868 2151 1924 de
2171 1884 2276 1941 quo
2300 1869 2471 1926 oritur
2492 1882 2648 1928 vexat
2674 1876 2982 1931 auctorem?
3010 1895 3029 1930 ι
3055 1877 3182 1935 Ilzec
3203 1881 3361 1935 verba
3383 1888 3469 1935 tua
3492 1894 3619 1938 sunt
3653 1901 3667 1937 :

2083 1968 2138 2015 et
2172 1970 2347 2017 tamen
2384 1962 2634 2019 diuturna
2662 1964 2981 2037 loquacitate
3008 1967 3153 2024 visus
3182 1969 3276 2025 tibi
3313 1985 3372 2027 es
3408 1974 3658 2029 acutissi-

2085 2066 2175 2108 me
2218 2051 2565 2124 disputasse,
2611 2073 2632 2108 ι
2677 2071 2840 2111 unum
2880 2056 3129 2130 idemque
3166 2059 3351 2116 vitium
3393 2072 3669 2133 peccatum

2083 2159 2401 2216 poenamque
2424 2148 2628 2217 peccati
2666 2163 2786 2204 esse
2824 2163 2929 2204 non
2969 2165 3146 2221 posse.
3180 2171 3199 2205 ι
3227 2150 3334 2209 Sed
3373 2154 3510 2210 forte
3546 2156 3669 2225 quia

2081 2234 2289 2291 invidus
2314 2251 2421 2290 non
2447 2251 2507 2293 es
2528 2279 2544 2304 ,
2577 2237 2663 2292 vix
2688 2238 2900 2294 tandem
2929 2240 3180 2295 invidiam
3210 2242 3262 2296 in
3293 2241 3399 2297 alio
3428 2243 3564 2298 libro
3590 2243 3669 2298 vi-

2081 2325 2215 2381 dere
2239 2328 2454 2397 potuisti
2483 2328 2551 2384 de
2574 2344 2677 2400 qua
2706 2328 2822 2385 haec
2845 2328 3074 2397 diceres,
3101 2342 3157 2388 et
3186 2332 3278 2388 tibi
3307 2348 3405 2404 pro
3432 2350 3519 2391 me
3543 2337 3667 2407 quia

2079 2419 2210 2474 mihi
2246 2436 2350 2475 non
2377 2421 2581 2476 invides
2608 2422 3028 2479 contradiceres.

2149 2511 2375 2570 CAPUT
2405 2513 2469 2569 ll.
2492 2545 2562 2554 -—
2586 2515 2639 2569 '5.
2672 2513 2846 2570 Finito
2871 2524 3050 2572 autem
3082 2517 3365 2587 prooemio,
3392 2517 3481 2575 ubi
3505 2516 3665 2574 etiam

2072 2602 2352 2672 iaborasti,
2383 2605 2520 2660 sicut
2549 2606 2711 2673 soles,
2740 2606 2965 2677 probare
2991 2608 3132 2678 quod
3160 2608 3413 2678 praedico,
3449 2629 3471 2663 ς
3500 2610 3666 2667 Deum

2069 2708 2199 2750 esse
2228 2694 2501 2751 hominum
2528 2696 2895 2764 conditorem;
2927 2716 2948 2750 ι
2980 2713 3097 2754 mea
3124 2697 3321 2756 deinde
3350 2699 3506 2756 verba
3542 2715 3668 2771 pro-

2078 2785 2266 2852 ponis,
2297 2785 2384 2841 ubi
2411 2785 2518 2841 dixi
2539 2827 2556 2853 ,
2593 2805 2612 2839 ι
2642 2786 2867 2854 Mundo,
2900 2804 3008 2843 non
3038 2789 3148 2845 Deo
3185 2790 3335 2846 nasci
3374 2791 3666 2862 hominem,

2077 2875 2169 2947 qui
2215 2876 2283 2933 de
2328 2878 2755 2949 concupiscentia
2800 2880 2977 2935 carnis
3028 2882 3294 2943 nascitur:
3336 2881 3445 2939 Deo
3489 2892 3666 2939 autem

2075 2968 2221 3025 nasci
2246 2984 2366 3041 cum
2393 2984 2458 3026 ex
2475 2985 2607 3040 aqua
2621 2978 2674 3026 et
2684 2970 2873 3041 Spiritu
2903 2972 3196 3039 renascitur
3220 2993 3240 3027 ι
3260 2972 3364 3055 (De
3385 2971 3593 3045 Nuptiis
3613 2984 3663 3030 et

2077 3057 2510 3130 Concupiscentia,
2534 3058 2623 3114 lib.
2648 3060 2700 3128 i,
2728 3076 2781 3114 η.
2819 3059 2936 3131 Si).
2977 3063 3177 3128 Quibus
3215 3063 3349 3119 meis
3374 3063 3552 3119 verbis
3576 3064 3660 3121 sic

2076 3147 2364 3215 insidiaris,
2395 3158 2452 3205 ut
2474 3165 2683 3206 asseras
2709 3150 2831 3207 hinc
2858 3152 3075 3223 intelligi
3106 3168 3192 3209 me
3216 3152 3413 3210 debere
3440 3154 3656 3219 dixisse,

2076 3239 2217 3309 quod
2263 3239 2329 3294 ad
2375 3240 2645 3296 diabolum
2690 3241 2953 3311 pertineat
2998 3240 3252 3312 quidquid
3294 3241 3359 3298 ad
3406 3245 3661 3300 mundum

2075 3330 2344 3401 pertinet:
2368 3331 2490 3399 quia
2512 3330 2715 3389 scilicet
2734 3329 2856 3385 alibi
2886 3331 3145 3400 dixeram,
3177 3350 3197 3385 ι
3227 3347 3320 3387 eos
3343 3333 3431 3403 qui
3456 3333 3524 3389 de
3544 3348 3666 3390 cor-

2076 3435 2264 3492 porum
2302 3423 2679 3477 commixtione
2708 3430 2997 3478 nascuntur
3032 3421 3098 3476 ad
3136 3422 3221 3492 jus
3257 3422 3453 3478 diaboli
3495 3425 3663 3492 perti-

2077 3527 2238 3577 nere;
2274 3530 2294 3565 s
2324 3510 2614 3566 asserenda
2642 3511 2858 3581 utique,
2905 3530 2924 3563 ι
2953 3511 3018 3566 de
3059 3520 3318 3580 potestate
3354 3513 3469 3568 erui
3512 3523 3661 3570 tene-

2076 3601 2323 3667 brarum,
2362 3617 2480 3656 cum
2519 3609 2903 3672 regenerantur
2938 3600 2990 3655 in
3026 3600 3261 3656 Christo.
3291 3619 3309 3654 ι
3344 3600 3663 3672 Respondeo

2077 3710 2204 3765 ergo
2227 3695 2507 3749 calumnia:
2531 3702 2656 3749 tuae.
2685 3691 2759 3748 Ita
2783 3692 2927 3748 enim
2951 3708 3038 3747 me
3063 3692 3141 3747 vis
3167 3694 3338 3763 putari
3363 3694 3663 3764 appellasse

2077 3783 2330 3838 mundum
2351 3783 2417 3837 ad
2439 3790 2756 3852 potestatem
2779 3782 2975 3838 diaboli
3003 3783 3379 3853 pertinentem,
3409 3793 3660 3853 tanquam

2077 3873 2268 3928 thlum
2297 3882 2351 3927 et
2377 3883 2575 3927 terram
2604 3881 2659 3927 et
2682 3873 2860 3928 omnia
2888 3887 3008 3943 qum
3044 3873 3097 3927 in
3131 3874 3210 3928 eis
3238 3883 3362 3929 sunt
3381 3916 3395 3938 ,
3427 3875 3513 3930 vel
3542 3875 3660 3930 dia-

2075 3962 2229 4018 bolus
2257 3963 2460 4027 fecerit,
2492 3964 2577 4019 vel
2603 3963 2847 4018 diabolus
2874 3971 3071 4019 teneat.
3103 3964 3214 4020 Hoc
3243 3979 3349 4020 non
3379 3966 3498 4022 dico
3518 4009 3532 4033 ,
3564 3968 3662 4023 sed

2076 4054 2333 4120 detestor,
2362 4055 2644 4125 redarguo,
2673 4064 2727 4110 et
2754 4053 2952 4110 damno
2979 4055 3071 4124 qui
3095 4055 3242 4111 dicit.
3275 4055 3381 4112 Sed
3413 4056 3515 4114 hoc
3543 4056 3662 4114 loco

2076 4146 2152 4200 sic
2181 4145 2437 4213 appellavi
2469 4145 2721 4200 mundum
2741 4185 2757 4211 ,
2788 4145 3234 4215 quemadmodum
3263 4146 3538 4214 Dominus,
3570 4149 3659 4203 ubi

2076 4238 2183 4303 ait,
2228 4235 2361 4291 Ecce
2403 4238 2532 4292 venit
2570 4238 2804 4308 princeps
2842 4237 3020 4292 mundi
3049 4236 3226 4308 (Joan.
3255 4255 3361 4304 xlv,
3392 4239 3504 4311 50).
3543 4240 3659 4296 Non

2075 4329 2217 4384 enim
2245 4326 2365 4384 cmli
2398 4335 2453 4383 et
2481 4336 2638 4382 terrm
2667 4336 2721 4382 et
2746 4328 2982 4383 omnium
3011 4342 3130 4399 qua:
3158 4343 3255 4398 per
3275 4327 3528 4396 Verbum,
3558 4329 3661 4385 hoc

2075 4429 2157 4475 est
2196 4435 2290 4489 per
2324 4419 2570 4476 eumdem
2608 4419 2779 4491 ipsum
2821 4420 3122 4489 Chrismm,
3150 4418 3290 4477 facta
3326 4431 3474 4487 sunt,
3518 4422 3660 4478 unde

2076 4513 2330 4581 scriptum
2358 4522 2438 4566 est
2458 4553 2472 4577 ,
2507 4510 2731 4566 Mundus
2749 4527 2851 4588 per
2876 4528 2988 4566 eunt
3018 4512 3187 4583 factus
3212 4521 3285 4567 est
3322 4511 3431 4586 (Id.
3465 4528 3508 4578 ι,
3542 4514 3656 4584 iO),

2076 4601 2367 4671 principem
2393 4602 2559 4656 voluit
2584 4601 2803 4672 intelligi
2829 4601 3097 4657 diabolum
3131 4621 3144 4657 :
3173 4603 3267 4658 sed
3293 4605 3430 4659 sicut
3457 4604 3656 4659 dictum

2076 4700 2177 4753 est,
2213 4688 2437 4744 Mundus
2465 4691 2518 4743 in
2546 4691 2769 4760 maligno
2798 4691 2991 4764 positus
3017 4703 3090 4745 est
3119 4692 3160 4765 (1
3185 4690 3342 4746 Joan.
3369 4707 3421 4756 ν,
3453 4692 3540 4763 i9)
3564 4709 3578 4759 ;
3605 4702 3660 4749 et

2077 4780 2287 4844 iterum,
2316 4778 2502 4834 Omnia
2525 4796 2639 4850 qua
2662 4782 2714 4833 in
2740 4780 2930 4835 mundo
2955 4789 3093 4847 sunt,
3120 4782 3520 4852 concupiscentia
3544 4798 3657 4836 car-

2074 4871 2154 4924 nis
2180 4879 2252 4924 est
2270 4910 2286 4933 ,
2318 4879 2365 4924 et
2393 4870 2795 4939 concupiscentia
2818 4871 3078 4924 oculorum
3097 4911 3113 4938 ,
3145 4879 3194 4925 et
3218 4870 3424 4926 ambitio
3447 4872 3620 4927 saeculi
3635 4888 3657 4939 ,-

2074 4973 2187 5026 (μω
2204 4976 2304 5013 non
2325 4969 2397 5013 est
2422 4975 2454 5012 a
2477 4958 2653 5025 Patre,
2679 4960 2769 5015 sed
2793 4975 2856 5015 ex
2876 4960 3067 5014 mundo
3090 4969 3164 5014 est
3191 4958 3301 5033 (Id.
3322 4975 3380 5028 ll,
3406 4963 3517 5036 iii).
3539 4962 3656 5019 Non

2072 5049 2216 5105 enim
2256 5050 2450 5105 emtum
2491 5060 2545 5104 et
2585 5058 2727 5105 terra
2769 5064 2872 5106 non
2910 5059 3034 5106 sunt
3059 5066 3091 5105 a
3118 5051 3275 5108 Patre
3303 5067 3400 5123 per
3428 5052 3654 5121 Filium;

2073 5151 2164 5196 aut
2186 5140 2370 5211 Angeli
2389 5182 2407 5210 ,
2436 5141 2610 5197 sidera
2630 5180 2645 5206 ,
2675 5142 2922 5209 arbusta,
2950 5141 3197 5199 animalia
3216 5185 3233 5212 ,
3272 5143 3516 5202 homines
3548 5161 3658 5203 non

2073 5241 2199 5289 sunt
2220 5248 2252 5288 a
2276 5232 2433 5288 Patre
2458 5247 2557 5303 per
2586 5230 2777 5288 Filium
2795 5272 2811 5298 ,
2841 5242 3097 5305 quantum
3124 5235 3341 5307 quidem
3375 5238 3563 5294 attinet
3589 5239 3656 5294 ad

2076 5325 2243 5395 ipsam
2263 5324 2612 5382 substantiam
2632 5340 2736 5397 qua
2758 5327 3001 5383 homines
3020 5338 3143 5383 sunt
3163 5347 3177 5384 :
3200 5329 3297 5385 sed
3317 5331 3498 5388 mundi
3522 5333 3662 5403 prin-

2073 5432 2203 5489 ceps
2228 5425 2313 5472 est
2336 5417 2580 5473 diabolus
2596 5457 2613 5484 ,
2637 5427 2693 5474 et
2719 5417 2951 5474 mundus
2978 5419 3031 5475 in
3061 5421 3292 5493 maligno
3318 5423 3524 5493 pes-itus
3551 5431 3656 5490 est,

2074 5522 2262 5562 omnes
2284 5507 2464 5578 utique
2490 5507 2733 5565 homines
2755 5510 2847 5582 qui
2870 5511 2949 5568 rei
2973 5520 3099 5568 sunt
3125 5512 3482 5569 damnationis
3502 5520 3662 5569 aeter-

2075 5613 2157 5653 na:
2177 5640 2192 5664 ,
2224 5599 2268 5652 si
2286 5595 2404 5653 non
2435 5598 2557 5655 inde
2586 5599 2910 5673 liberentur,
2937 5611 2997 5658 ut
3025 5603 3043 5637 ⁸
3074 5617 3179 5659 non
3217 5603 3327 5675 jam
3358 5605 3665 5675 pertineant.

2076 5691 2139 5743 ad
2176 5692 2462 5759 principem
2496 5703 2829 5762 peceatoruzu
2854 5695 3163 5766 ,redempti
3193 5710 3259 5751 eo
3286 5698 3541 5768 sanguine
3568 5698 3656 5772 qui

2140 5803 2154 5832 θ
2194 5810 2318 5859 3ts;.,
2343 5806 2406 5850 et.
