4098 6540
510 347 616 405 823

506 458 560 513 ln
587 458 953 514 remiSSlonem
979 455 1129 515 fusus
1149 466 1232 514 est
1254 468 1609 528 peccatorum.
1637 457 1767 512 lluic
1787 469 1912 525 ergo
1933 468 2084 507 mun-

502 552 575 604 do
594 590 611 616 ,
641 553 793 620 cujus
819 551 1064 621 princeps
1088 560 1198 618 est,
1226 551 1293 607 de
1321 566 1427 620 quo
1454 551 1528 605 ait
1564 550 1653 620 qui
1681 548 1806 606 vicit
1829 547 2084 604 mundum

502 640 688 710 (John.
714 659 804 698 ut
825 686 839 707 ,
869 644 994 715 55).
1026 643 1155 698 Ecce
1190 644 1319 699 uenit
1353 644 1585 714 princeps
1614 641 1818 707 mundi,
1847 650 1891 694 et
1924 641 1976 694 in
2005 656 2084 694 me

505 734 640 792 nihil
664 737 876 793 inueniet
904 752 923 795 :
949 737 1107 793 huic.
1135 737 1382 809 inquam,
1419 734 1614 791 mundo
1641 735 1873 789 nascitur
1899 732 2081 799 homo,

508 830 679 884 donec
708 837 1015 884 renascatur
1054 829 1109 882 in
1142 843 1208 882 eo
1231 827 1320 898 qui
1346 827 1473 881 vicit
1500 825 1753 881 mundum
1776 867 1790 891 ,
1820 833 1874 880 et
1900 824 1950 878 in
1976 838 2085 893 quo

508 918 640 974 nihil
668 919 872 977 invenit
905 920 1150 990 princeps
1176 917 1380 974 mundi.

577 1011 632 1066 4.
662 1010 794 1079 Quis
830 1021 909 1066 est
949 1017 1090 1071 enim
1127 1011 1388 1076 mundus,
1429 1010 1497 1066 de
1539 1024 1643 1080 quo
1680 1008 1807 1063 dicit
1841 1006 2084 1063 Salvator

508 1099 688 1160 mundi
714 1109 769 1157 et
792 1102 960 1157 victor
985 1100 1186 1166 mundi,
1218 1099 1338 1155 Non
1363 1109 1519 1171 potest
1544 1099 1759 1154 mundus
1782 1098 1946 1159 odisse
1963 1113 2081 1161 vos;

506 1208 586 1248 me
611 1199 779 1247 autem
803 1193 909 1245 odit
927 1233 943 1257 ,
973 1192 1090 1264 quia
1124 1208 1214 1261 ego
1248 1190 1582 1244 testimonium
1620 1189 1850 1258 perhibeo
1879 1189 1941 1242 de
1968 1187 2079 1252 illo,

503 1282 626 1351 quia
648 1299 802 1352 opera
825 1284 932 1353 ejus
958 1282 1094 1336 mala
1116 1291 1230 1336 sunt
1258 1280 1367 1353 (Id.
1393 1297 1486 1347 vn,
1514 1279 1612 1352 7)?
1639 1278 1900 1349 Numquid
1926 1288 2081 1333 terra:

506 1387 570 1427 ac
594 1374 777 1439 maris,
805 1370 927 1428 (ιωιί
957 1388 1020 1428 ac
1048 1373 1277 1427 siderum
1308 1372 1444 1426 mala
1475 1381 1595 1425 sunt
1624 1372 1817 1439 opera?
1846 1369 1950 1425 Sed
1982 1368 2084 1423 uti-

503 1480 610 1535 que
637 1464 865 1527 mundus
893 1467 992 1521 iste
1021 1465 1263 1521 homines
1301 1472 1442 1521 sunt.
1482 1462 1591 1519 Nec
1633 1463 1699 1516 ab
1743 1463 1844 1518 isto
1884 1461 2082 1517 mundo

504 1544 781 1628 quisquam
813 1556 1114 1613 liberandus
1142 1557 1383 1626 cligitur,
1414 1555 1516 1610 nisi
1545 1555 1714 1624 gratia
1744 1554 1838 1608 Dei
1868 1568 1961 1622 per
1987 1552 2081 1607 Je-

506 1662 624 1704 sum
656 1647 924 1709 Christum
955 1649 1230 1704 Dominum
1263 1658 1502 1702 nostrum
1528 1665 1549 1699 .:
1582 1648 1669 1716 qui
1697 1646 1842 1702 dedit
1866 1661 2080 1701 carnem

503 1751 654 1792 suam
687 1753 780 1806 pro
810 1737 993 1800 mundi
1019 1739 1158 1803 vita;
1191 1739 1331 1813 quod
1372 1753 1478 1792 non
1520 1737 1766 1804 iecisset,
1796 1737 1895 1792 nisi
1925 1752 2081 1791 mun-

422 1856 427 1865 ι
502 1826 631 1882 dum
675 1828 965 1883 invenisset
1008 1827 1061 1882 in
1106 1837 1295 1883 morte.
1325 1828 1453 1897 Quis
1493 1836 1576 1883 est
1613 1827 1837 1883 mundus
1873 1828 1939 1883 de
1976 1842 2082 1897 quo

502 1918 712 1973 dicebat
737 1920 935 1976 Judmis
953 1960 967 1989 ,
1004 1920 1105 1977 Vos
1134 1922 1197 1976 de
1220 1922 1313 1976 hoc
1336 1921 1526 1976 mundo
1549 1923 1703 1986 estis;
1728 1939 1818 1993 ego
1845 1939 1945 1976 non
1969 1939 2083 1976 sum

496 2009 567 2064 tle
589 2009 682 2064 hoc
705 2012 891 2065 mundo
922 2010 1032 2081 (Μ.
1055 2027 1168 2075 vut,
1196 2012 1325 2082 23)?
1351 2013 1645 2080 Postremo,
1675 2013 1792 2083 quis
1817 2022 1899 2069 est
1923 2029 2080 2067 mun-

496 2096 603 2153 dus
639 2098 706 2153 de
745 2115 848 2170 quo
881 2101 1041 2171 elegit
1072 2099 1229 2163 Jesus
1263 2102 1548 2172 discipulos
1577 2119 1734 2171 suos,
1778 2111 1833 2158 ut
1865 2104 1975 2173 jam
2015 2102 2082 2158 de

501 2189 702 2244 mundo
729 2205 831 2245 nou
860 2201 1058 2255 essent,
1089 2202 1142 2248 et
1167 2209 1262 2250 eos
1290 2194 1355 2248 de
1380 2210 1484 2265 quo
1505 2194 1614 2265 jam
1641 2209 1745 2249 non
1771 2204 1941 2262 erant,
1970 2194 2082 2265 ipte

498 2280 733 2338 mundus
761 2280 1000 2336 odisset?
1032 2282 1121 2337 Sic
1149 2285 1288 2346 enim
1330 2283 1561 2354 loquitur
1594 2283 1836 2339 Salvator
1878 2283 2080 2351 mundi,

508 2370 602 2422 lux
630 2369 846 2433 mundi;
876 2371 973 2436 sic,
1003 2371 1236 2442 inquam.
1268 2373 1501 2442 loquitur
1526 2391 1539 2427 :
1570 2372 1696 2427 Ila’c
1720 2374 1903 2427 mando
1924 2372 2077 2441 vobis,

502 2468 559 2519 nt
600 2460 821 2530 diligatis
858 2461 1085 2516 invicem.
1121 2462 1184 2522 Si
1219 2463 1438 2523 mundus
1470 2480 1556 2525 vos
1593 2465 1732 2531 odit,
1766 2466 1940 2519 scitote
1965 2466 2084 2535 quia

502 2567 584 2609 me
604 2551 822 2620 priorem
843 2551 976 2607 vobis
995 2553 1112 2607 odio
1132 2554 1325 2609 habuit.
1349 2555 1409 2611 Si
1434 2554 1495 2609 de
1517 2556 1704 2619 mundo
1723 2557 1912 2621 essetis,
1936 2574 2085 2611 mun-

503 2640 600 2693 dus
627 2641 761 2709 quod
793 2658 938 2697 suum
972 2653 1080 2698 erat
1108 2644 1337 2717 diligeret
1358 2662 1378 2699 :
1401 2647 1518 2708 quia
1545 2662 1657 2704 vero
1683 2647 1747 2719 de
1769 2648 1956 2702 mundo
1981 2665 2084 2702 non

502 2732 654 2796 estis,
697 2733 785 2787 sed
822 2751 911 2805 ego
945 2735 1071 2807 elegi
1104 2754 1190 2792 ros
1228 2737 1292 2791 de
1322 2739 1546 2805 mundo;
1574 2749 1836 2811 propterea
1864 2741 1969 2794 odit
1997 2756 2083 2795 ros

504 2824 724 2881 mundus
763 2824 875 2894 (Id.
904 2843 991 2893 xv,
1026 2829 1232 2901 17-19).
1268 2829 1323 2885 Si
1358 2845 1461 2885 non
1488 2830 1807 2898 addidisset,
1840 2849 1930 2904 ego
1955 2832 2084 2902 elegi

503 2929 590 2965 vos
610 2913 673 2967 de
693 2916 917 2982 numdo;
945 2919 1110 2986 putari
1138 2930 1337 2991 posset,
1363 2919 1431 2974 ita
1454 2920 1671 2985 dixisse,
1694 2922 1756 2983 de
1775 2922 1961 2983 mundo
1981 2937 2081 2976 non

500 3002 640 3063 estis,
666 3006 1109 3074 quemadmodum
1135 3009 1201 3065 de
1224 3022 1286 3068 se
1307 3011 1423 3082 ipso
1449 3010 1679 3080 dixerat,
1711 3010 1823 3083 Ego
1847 3030 1949 3074 non
1969 3030 2083 3067 sum

490 3090 568 3169 ode
593 3092 688 3147 hoc
714 3097 921 3151 mundo.
953 3098 1132 3169 Neque
1152 3101 1299 3157 enim
1328 3110 1383 3157 et
1411 3102 1524 3173 ipse
1552 3102 1649 3158 fuit
1679 3104 1749 3160 de
1775 3104 2002 3170 mundo,
2028 3114 2084 3162 et

498 3185 703 3253 electus
727 3195 809 3242 est
835 3187 957 3244 inde
983 3198 1040 3244 ut
1066 3206 1168 3245 non
1195 3201 1339 3248 esset
1364 3192 1432 3250 de
1461 3193 1681 3250 mundo.
1707 3194 1836 3263 Quis
1870 3194 1971 3255 hoc
1997 3195 2081 3251 di-

503 3277 641 3341 gerit
688 3275 1048 3336 christianus?
1090 3279 1201 3339 Nec
1249 3283 1544 3341 secundum
1595 3283 1699 3342 hoc
1747 3286 1889 3342 enim
1938 3285 2084 3357 quod

503 3368 664 3425 homo
701 3385 825 3439 esse
864 3372 1109 3444 dignatus
1150 3385 1252 3444 est,
1275 3376 1440 3432 Filius
1483 3378 1574 3433 Dei
1618 3369 1701 3434 de‘
1725 3377 1923 3435 mundo
1961 3379 2078 3443 fuit.

427 3464 429 3467 ’
500 3461 636 3528 Quid
668 3463 770 3528 ita,
801 3463 899 3519 nisi
933 3466 1053 3535 quia
1096 3466 1148 3521 in
1191 3467 1284 3524 illo
1326 3479 1600 3539 peccatum
1648 3487 1916 3542 nunquam
1958 3471 2073 3540 fuit,

492 3561 716 3627 propter
745 3554 882 3625 quod
912 3558 1087 3612 omnis
1112 3558 1273 3614 homo
1299 3561 1448 3632 prius
1476 3561 1696 3629 mundo,
1713 3579 1815 3617 non
1845 3563 1957 3619 Deo
1983 3580 2080 3618 na-

493 3644 698 3712 ﬁcitur,
727 3654 779 3700 et
808 3657 862 3702 ut
889 3648 997 3705 Deo
1024 3662 1272 3707 nascatur
1304 3653 1372 3710 de
1406 3656 1606 3711 mundo
1636 3655 1852 3726 eligitur
1877 3657 1965 3728 qui
1993 3673 2077 3713 re-

497 3737 733 3793 nascitur
760 3748 811 3793 ut
837 3739 949 3810 jam
986 3759 1091 3798 non
1130 3746 1200 3800 sit
1226 3745 1294 3800 de
1322 3748 1557 3804 mundo?
1590 3749 1814 3819 Propter
1841 3752 1983 3822 quod
2010 3753 2077 3808 ab

495 3843 564 3879 eo
599 3829 846 3899 princeps
876 3834 1055 3897 mundi
1085 3836 1294 3905 ejicitur
1322 3838 1491 3904 foras,
1522 3840 1661 3909 sicut
1690 3842 1801 3910 ipse
1830 3850 2072 3909 testatur,

494 3920 681 3975 dicens
705 3941 717 3973 :
744 3921 897 3988 Nunc
917 3926 1169 3996 judicium
1194 3939 1267 3987 est
1291 3932 1487 3995 mundi,
1510 3948 1644 3986 nunc
1667 3933 1900 4003 princeps
1922 3935 2075 4005 hujus

495 4011 674 4065 mundi
702 4014 924 4083 ejicielstr
950 4018 1087 4086 foras
1115 4020 1225 4093 (Id.
1254 4038 1348 4089 xu,
1378 4022 1491 4094 51).

567 4102 620 4156 5.
651 4101 762 4159 Nisi
790 4102 925 4161 forte
948 4122 1013 4162 eo
1043 4125 1209 4181 usque
1234 4122 1405 4180 vestra
1433 4112 1802 4184 progredietur
1832 4112 2070 4179 audacia,

495 4203 553 4261 ut
577 4193 762 4249 dicatis
794 4213 898 4251 non
927 4198 994 4255 de
1021 4202 1220 4261 mundo
1248 4205 1368 4275 eligi
1413 4204 1688 4275 parvulos,
1727 4205 1939 4273 quando
1968 4205 2072 4260 Bac

493 4288 687 4352 ptismo
714 4289 828 4354 ejus
855 4288 1138 4346 abluuntur
1158 4335 1172 4357 ,
1198 4292 1268 4348 de
1294 4310 1400 4364 quo
1428 4294 1625 4355 dictum
1655 4302 1770 4360 est,
1802 4293 1940 4349 Deus
1967 4304 2073 4349 erat

488 4376 544 4432 in
570 4373 786 4442 Christo,
815 4379 1058 4434 mundum
1082 4383 1412 4438 reconcilians
1438 4385 1553 4440 sibi.
1584 4385 1667 4447 Ad
1697 4384 1853 4441 istam
1879 4399 2070 4439 recon-

488 4466 811 4523 ciliationem
854 4469 899 4524 si
940 4472 1143 4543 negatis
1188 4474 1436 4543 parvulos
1482 4475 1784 4544 pertinere,
1815 4481 2070 4544 negantes

486 4572 581 4611 eos
605 4573 724 4613 csse
751 4559 817 4617 de
840 4563 1069 4630 mundo;
1098 4580 1198 4634 qua
1224 4564 1401 4621 fronte
1420 4567 1604 4623 nescio
1624 4568 1813 4626 vivatis
1839 4567 1892 4623 iu
1913 4582 2072 4623 mun-

487 4648 576 4711 do.
601 4648 767 4705 Porro
786 4653 828 4706 si
851 4668 945 4709 cos
968 4652 1223 4719 fatemini,
1246 4670 1366 4711 cum
1392 4657 1442 4711 in
1463 4672 1657 4727 corpus
1672 4658 1871 4716 Christi
1892 4669 2069 4729 trans-

486 4749 632 4804 eunt,
661 4741 728 4797 de
754 4743 951 4803 mundo
974 4744 1134 4816 eligi;
1167 4761 1386 4803 necesse
1407 4758 1489 4803 est
1512 4757 1573 4803 ut
1595 4749 1642 4804 ei
1666 4760 1973 4821 nascantur,
1996 4751 2067 4809 de

484 4849 590 4908 quo
632 4834 900 4906 eliguntur
945 4845 1000 4906 ut
1041 4847 1425 4899 renascantur._
1450 4839 1750 4897 Nascuntur
1783 4844 1923 4905 enim
1969 4860 2065 4915 per

484 4925 660 4981 carnis
681 4928 1185 4997 concupiscentiam,
1208 4940 1558 4991 renascuntur
1584 4948 1678 5002 per
1696 4933 1922 5004 Spiritus
1942 4951 2062 5006 gra—

483 5015 629 5069 tiam.
659 5013 749 5071 Illa
776 5017 843 5071 de
870 5019 1067 5086 mundo
1091 5029 1193 5087 est,
1223 5020 1338 5079 hmo
1362 5024 1506 5078 venit
1531 5024 1583 5078 in
1610 5025 1886 5092 mundum,
1912 5036 1973 5083 ut
1992 5027 2061 5083 do

483 5106 681 5161 mundo
704 5107 969 5176 eligantur
991 5110 1079 5180 qui
1108 5112 1464 5181 praedestinati
1491 5124 1615 5169 sunt
1636 5124 1758 5172 ante
1778 5117 2056 5173 mundum.

477 5196 610 5250 (lum
641 5205 819 5265 autem
849 5197 1076 5265 dixisset
1101 5203 1418 5271 Apostolus,
1451 5203 1587 5262 Deus
1610 5217 1720 5261 erat
1753 5209 1805 5262 in
1837 5209 2055 5279 Christo,

480 5286 719 5340 nnmdum
745 5289 1070 5353 reconcilians
1090 5293 1222 5362 sibi;
1247 5295 1512 5365 quomodo
1539 5297 1587 5352 id
1614 5298 1788 5362 meiat,
1818 5316 1939 5356 mox
1964 5302 2059 5356 ad-

473 5373 684 5445 iunxit,
715 5387 876 5449 atque
908 5380 1014 5443 ait,
1060 5382 1183 5440 Non
1230 5396 1472 5458 reputans
1510 5389 1613 5451 illis
1655 5389 1842 5463 delicta
1886 5410 2058 5447 eorum

475 5464 551 5534 (ll
579 5466 698 5523 Cor.
727 5484 782 5536 v,
824 5467 937 5541 19).
970 5471 1134 5530 Totus
1172 5491 1300 5549 ergo
1336 5479 1565 5535 mundus
1604 5497 1671 5539 ex
1700 5482 1866 5538 Adam
1896 5500 2052 5550 reus;

477 5555 587 5622 Deo
616 5573 719 5618 non
749 5571 977 5632 negante
1004 5579 1216 5622 manum
1248 5571 1579 5627 formationis
1600 5575 1747 5644 operi
1774 5589 1870 5630 suo
1894 5579 1932 5642 ¹,
1965 5592 2053 5632 se-

538 5728 560 5778 t
594 5736 694 5794 sip.
720 5735 793 5795 Fr.
820 5738 873 5788 et
892 5743 1083 5799 septem
1102 5744 1234 5805 Uss,
1257 5736 1401 5808 opere
1423 5756 1509 5794 suo

1341 345 1611 401 CURTRA
1652 340 1986 399 JULMNUM
2015 337 2391 397 PELAGIANL
2404 341 2475 421 bl,
2503 340 2560 398 S.
2592 336 2955 407 AUGUSTINI

3659 351 3771 410 824

2190 452 2422 508 minibus
2476 455 2725 510 institutis
2772 454 3012 526 quamvis
3062 465 3279 528 paterna
3334 461 3768 530 prrevaricatioue

2190 544 2386 601 vitiatis
2417 562 2432 600 :
2461 557 2514 602 et
2542 562 2661 602 cum
2689 562 2788 617 per
2810 545 3077 603 Christum
3108 551 3478 607 reconciliatur
3512 555 3765 621 mundus,

2188 632 2257 690 de
2296 635 2493 690 mundo
2533 636 2819 704 liberatur;
2850 653 2917 694 eo
2947 639 3202 696 liberante
3237 644 3327 712 qui
3357 647 3498 698 venit
3527 659 3582 698 tu
3611 661 3765 700 mun-

2188 725 2348 790 dum,
2381 742 2485 782 non
2528 727 2598 784 de
2640 727 2838 785 mundo
2871 728 3179 801 eligendus,
3206 732 3301 789 sed
3329 732 3631 801 electurus;
3657 750 3768 791 non

2188 818 2498 873 meritorum
2539 820 2830 890 electione,
2870 822 2966 879 sed
2994 824 3177 894 gratiae
3201 841 3219 878 :
3249 825 3370 896 quia
3403 826 3643 897 reliquiae
3673 844 3772 898 per

2186 907 2498 963 electionem
2530 913 2712 980 gratia:
2740 911 2899 966 salva:
2927 913 3077 968 facta:
3102 923 3226 969 sunt
3258 914 3430 989 (Rom.
3456 933 3511 974 xx
3531 960 3548 987 ,
3574 918 3654 991 5).

2254 996 2482 1053 CAPUT
2512 998 2596 1055 Ill.
2620 1030 2694 1043 ——
2720 1001 2774 1056 6.
2808 1001 3008 1058 Deinde
3036 1005 3319 1074 propositis
3343 1007 3460 1062 aliis
3484 1009 3618 1063 meis
3644 1024 3769 1064 ver-

2186 1085 2302 1156 bis,
2329 1087 2417 1143 ubi
2446 1089 2588 1157 dixi,
2624 1110 2644 1144 ι
2675 1092 2839 1163 Hujus
2877 1095 3320 1165 concupiscentia:
3359 1107 3559 1155 reatum
3606 1113 3767 1170 rege-

2187 1179 2392 1234 neratio
2432 1180 2545 1236 sola
2582 1181 2833 1246 dimittit,
2864 1199 2925 1239 ac
2962 1200 3059 1255 per
3092 1185 3193 1242 hoc
3217 1188 3489 1258 generatio
3515 1189 3704 1255 trahit;
3737 1208 3757 1241 ι

2187 1284 2416 1340 moxque
2457 1272 2702 1342 subjunxi
2722 1316 2737 1341 ,
2773 1293 2793 1328 ι
2823 1275 2960 1346 Ergo
2986 1276 3125 1347 quod
3154 1286 3461 1348 generatum
3499 1289 3579 1336 est
3606 1296 3762 1351 rege—

2186 1371 2430 1426 neretur,
2461 1370 2520 1416 ut
2549 1362 2823 1430 similiter,
2857 1367 2977 1436 quia
3021 1383 3125 1422 non
3166 1378 3345 1440 potest
3387 1370 3575 1436 aliter,
3619 1372 3762 1441 quod

2186 1459 2411 1505 tractum
2440 1461 2520 1508 est
2539 1454 2864 1527 remittatur»
2888 1455 2988 1529 (De
3018 1445 3226 1527 Nuptiis
3253 1468 3298 1514 et
3326 1459 3762 1532 Concupisceutia,

2186 1539 2274 1593 lib.
2305 1541 2326 1594 1
2354 1582 2367 1605 ,
2417 1558 2469 1595 η.
2514 1541 2577 1597 21
2609 1543 2627 1612 )
2657 1561 2669 1597 :
2700 1544 2892 1599 frustra
2934 1546 3218 1604 identidem
3265 1552 3473 1607 conaris
3513 1552 3764 1623 obtegere

2185 1631 2326 1701 quod
2356 1632 2677 1703 superﬂuum
2710 1634 3032 1706 Baptismum
3063 1640 3259 1709 putatis
3293 1641 3344 1694 in
3376 1643 3635 1711 parvulis,
3677 1643 3763 1698 di-

2185 1730 2367 1777 centes
2399 1741 2418 1776 ι
2446 1725 2817 1794 mysteriorum
2847 1727 3040 1782 Christi
3068 1731 3290 1800 gratiam
3320 1733 3500 1789 multis
3527 1733 3764 1803 locuple-

2187 1824 2289 1869 tem
2314 1830 2432 1871 csse
2452 1818 2780 1873 muneribus.
2809 1838 2828 1872 ι
2854 1818 3040 1876 Velitis
3059 1823 3258 1891 nolitis,
3277 1825 3523 1894 parvulos
3542 1827 3761 1881 credere

2185 1907 2509 1962 conﬁtemini
2540 1909 2592 1963 in
2617 1908 2885 1965 Christum
2917 1928 3010 1981 per
3034 1913 3195 1968 corda
3221 1924 3275 1969 et
3300 1929 3391 1970 ora
3417 1917 3757 1986 gestantium.

2187 1995 2326 2068 Ergo
2349 2010 2401 2052 et
2422 1999 2485 2051 ad
2515 1998 2657 2069 ipsos
2683 2002 2910 2070 pertinet
2937 2002 3198 2059 dominica
3226 2005 3312 2060 illa
3335 2007 3593 2061 sententia
3618 2025 3631 2060 :
3659 2006 3761 2074 Qui

2186 2102 2286 2139 non
2327 2087 2623 2156 crediderit,
2663 2090 3072 2146 condentnabitur
3112 2091 3303 2166 (Marc.
3343 2111 3467 2162 xvi,
3508 2096 3612 2167 16).
3644 2096 3758 2163 Qua

2186 2193 2375 2247 causa,
2406 2196 2507 2250 qua
2530 2182 2764 2251 justitia,
2795 2183 2841 2238 si
2872 2184 3073 2241 nullum
3104 2185 3319 2259 trahunt
3345 2187 3597 2258 originale
3630 2203 3760 2259 pec-

2177 2266 2401 2356 catum?
2424 2271 2577 2339 Quod
2605 2283 2783 2331 autem
2812 2273 2965 2343 dicis,
3002 2294 3020 2328 ι
3051 2276 3182 2333 Hinc
3211 2258 3385 2346 potius
3413 2294 3539 2334 suos
3571 2294 3762 2348 appro-

2185 2359 2306 2428 bat,
2348 2363 2489 2432 quod
2525 2374 2648 2421 ante
2674 2367 2947 2438 proprium
2976 2368 3259 2422 voluntatis
3284 2368 3590 2439 obsequium
3612 2409 3628 2433 ,
3660 2370 3760 2424 hoc

2185 2452 2326 2524 quod
2352 2455 2404 2509 in
2431 2455 2509 2509 eis
2535 2455 2659 2513 fecit
2686 2457 3063 2513 beneficiorum
3092 2458 3342 2513 sublimat
3369 2460 3663 2529 augmentis
3687 2477 3701 2513 :
3731 2479 3754 2512 ι

2185 2545 2230 2599 si
2252 2560 2379 2617 ergo
2405 2545 2528 2602 hinc
2551 2562 2677 2604 suos
2702 2547 2834 2604 istos
2854 2548 3142 2619 approbat;
3171 2549 3408 2618 profecto
3432 2549 3548 2604 illos
3568 2548 3759 2619 quibus

2186 2635 2289 2692 hoc
2317 2652 2422 2692 non
2451 2638 2632 2706 donat,
2660 2655 2765 2694 non
2792 2640 3050 2711 approbat
3072 2657 3215 2697 suos.
3248 2642 3413 2697 Porro
3436 2658 3554 2698 cum
3580 2652 3633 2697 et
3655 2642 3756 2713 ipsi

2185 2729 2372 2785 eadem
2398 2745 2557 2786 causa
2583 2733 2689 2787 sint
2713 2733 2857 2802 ejus,
2884 2734 3007 2804 quia
3036 2733 3269 2789 condidit
3296 2749 3421 2799 eos;
3450 2749 3543 2788 cur
3575 2750 3679 2788 non
3705 2745 3757 2789 et

2186 2822 2332 2891 ipsos
2356 2822 2542 2878 eodem
2573 2824 2733 2878 modo
2760 2826 3019 2895 approbat
3040 2826 3205 2880 suos?
3233 2825 3402 2881 llinc‘
3428 2824 3495 2880 de
3518 2824 3645 2893 fato,
3673 2826 3754 2881 vel

2186 2913 2254 2969 de
2291 2915 2597 2984 acceptione
2639 2931 2985 2986 personarum
3023 2916 3155 2973 nihil
3197 2918 3463 2988 negatis’.
3487 2904 3601 2972 1am
3630 2932 3755 2986 ergo

2185 3007 2460 3062 nobiscum
2489 3006 2713 3078 gratiam
2743 2996 3090 3064 conﬁtemini.
3131 3009 3267 3077 Quid
3304 3017 3385 3064 est
3422 3010 3562 3065 enim
3592 3009 3754 3075 aliud,

2185 3096 2275 3153 ubi
2301 3098 2432 3153 nihil
2458 3098 2666 3155 illorum
2691 3101 2811 3155 est?
2849 3100 2905 3155 ln
2941 3115 3044 3157 una
3078 3100 3235 3171 igitur
3266 3099 3553 3170 eademque
3576 3114 3753 3164 causa,

2183 3194 2321 3251 alius
2365 3195 2682 3268 relinquitur
2722 3196 2925 3266 iustitia
2963 3196 3268 3267 judicaute,
3307 3211 3414 3251 non
3455 3194 3595 3261 lato;
3623 3193 3758 3248 alius

2148 3298 2149 3301 ‘
2184 3286 2473 3341 assumitur
2498 3289 2663 3359 gratia
2692 3297 2996 3358 prmstante,
3028 3303 3133 3343 non
3162 3288 3373 3343 merito.

2257 3376 2308 3430 7.
2334 3377 2549 3433 Frustra
2570 3378 2788 3433 omnino
2808 3378 3144 3440 contenditis,
3168 3394 3269 3435 nec
3291 3379 3358 3434 ab
3376 3380 3611 3451 originali
3636 3394 3755 3448 pec-

2183 3476 2301 3530 cato
2329 3469 2573 3537 parvulos
2600 3471 3003 3541 regeneratioue
3029 3470 3292 3526 mundari.
3315 3471 3429 3525 Non
3454 3473 3554 3527 hoc
3579 3482 3756 3526 osten-

2182 3556 2290 3623 dit,
2323 3558 2413 3627 qui
2455 3559 2620 3625 dixit,
2655 3560 2963 3632 Quicumque
2988 3562 3230 3632 baptizati
3257 3580 3430 3618 sumus
3458 3564 3510 3617 in
3536 3561 3753 3628 Christo,

2181 3650 2236 3709 in
2260 3660 2418 3712 morte
2443 3652 2551 3723 ejus
2577 3652 2817 3723 baptisati
2840 3671 3034 3710 sumus.
3064 3654 3300 3710 Dicenda
3328 3657 3490 3718 enim,
3521 3646 3758 3719 Quicum-

2181 3759 2297 3812 que,
2329 3758 2435 3801 non
2463 3745 2920 3815 utique'parvulos
2946 3745 3071 3801 fecit
3097 3756 3365 3817 exceptos.
3392 3746 3527 3814 Quid
3552 3756 3631 3801 est
3655 3762 3753 3798 aii-

2184 3842 2287 3889 tem
2329 3836 2379 3888 in
2420 3844 2591 3897 morte
2626 3835 2823 3893 Christi
2863 3836 3149 3908 baptizari,
3192 3838 3289 3891 nisi
3335 3847 3548 3907 peccato
3584 3836 3756 3891 mori?

2156 3925 2335 3981 ‘Unde
2372 3927 2529 3982 etiam
2561 3926 2630 3982 de
2658 3927 2774 3998 ipso
2802 3928 2943 3983 idem
2972 3928 3077 3982 alio
3106 3929 3222 3983 loco
3249 3927 3373 3983 dicit
3398 3969 3410 3991 ,
3455 3928 3599 3994 Quod
3623 3930 3753 3983 enim

2180 4028 2406 4071 mortuus
2433 4028 2506 4072 est
2532 4028 2734 4089 peccato
2756 4060 2770 4081 ,
2811 4029 3035 4073 mortuus
3068 4028 3140 4072 est
3181 4019 3349 4073 semel.
3393 4019 3542 4085 Quod
3576 4019 3753 4089 utique

2179 4107 2378 4163 dictum
2405 4118 2482 4163 est
2507 4122 2723 4179 propter
2747 4109 3142 4165 similitudinem
3171 4112 3347 4165 carnis
3373 4111 3569 4179 peccati
3596 4128 3610 4165 :
3635 4126 3752 4180 pro-

2180 4211 2297 4271 pter
2324 4200 2462 4268 quod
2493 4210 2548 4256 et
2572 4217 2817 4271 magnum
2849 4192 3161 4267 mysterium
3192 4211 3273 4256 est
3300 4202 3472 4257 crucis
3499 4202 3634 4271 ejus,
3663 4201 3749 4256 ubi

2177 4306 2231 4352 et
2256 4306 2393 4351 vetus
2419 4295 2567 4350 homo
2589 4303 2755 4349 noster
2772 4294 2922 4351 simul
2946 4295 3220 4359 cruci/imus
3245 4304 3346 4358 est,
3378 4306 3429 4348 ut
3456 4307 3713 4350 cuacuetur
3728 4296 3749 4327 ³

2175 4406 2359 4461 corpus
2384 4389 2592 4458 peccati.
2618 4388 2671 4443 Si
2702 4402 2829 4456 ergo
2852 4387 2907 4441 iu
2934 4386 3144 4442 Christo
3172 4388 3373 4456 parvuli
3399 4388 3746 4458 baptizantur,

2176 4481 2230 4536 in
2259 4490 2431 4535 morte
2452 4480 2569 4548 ejus
2599 4479 2950 4548 baptizautur.
2975 4476 3029 4533 Si
3060 4479 3112 4532 iu
3142 4488 3313 4534 morte
3339 4481 3455 4550 ejus
3483 4480 3748 4550 baptizan-

2177 4580 2289 4635 tur,
2321 4572 2505 4625 mortis
2533 4570 2648 4639 ejus
2676 4570 3007 4625 similitudini
3039 4570 3381 4639 complantati
3410 4581 3620 4640 peccato
3643 4572 3749 4627 uti—

2173 4677 2278 4732 que
2307 4661 2622 4716 moriuntur.
2659 4661 2809 4729 Quod
2838 4663 2971 4716 enim
3000 4671 3224 4718 utortuus
3249 4672 3549 4733 estpeccato
3568 4703 3581 4722 .
3610 4680 3745 4716 mor-

2173 4763 2290 4807 tuus
2315 4763 2387 4807 est
2411 4752 2567 4807 semel
2590 4769 2610 4807 :
2634 4746 2768 4822 quod
2791 4764 2959 4807 autem
2984 4754 3118 4817 vivit,
3148 4754 3264 4807 uiuit
3290 4752 3418 4808 Deo.
3445 4754 3508 4807 Et
3527 4754 3647 4824 quid
3670 4762 3748 4808 est
3786 4810 3798 4819 _

2140 4846 2145 4851 ’
2172 4845 2521 4914 complantari
2548 4844 2881 4899 similitudini
2911 4845 3097 4898 mortis
3118 4844 3255 4911 ejus,
3287 4845 3383 4898 nisi
3412 4845 3549 4912 quod
3576 4843 3749 4912 sequi-

2171 4948 2291 5005 tur,
2325 4937 2415 4993 Sic
2451 4946 2499 4992 et
2534 4953 2620 4991 ros
2662 4937 2944 4992 existimate
2986 4952 3072 4991 uos
3114 4946 3334 4990 mortuos
3377 4953 3484 4990 esse
3524 4946 3741 5005 peccato,

2166 5032 2328 5086 uiuere
2362 5038 2532 5084 autem
2569 5026 2679 5082 Deo
2715 5030 2772 5082 in
2809 5029 3007 5084 Christo
3042 5029 3168 5082 Jesu
3207 5027 3383 5101 (Rom.
3417 5044 3502 5092 vt,
3531 5028 3746 5096 5-11)?

2166 5123 2428 5195 Numquid
2461 5122 2651 5178 dicturi
2682 5138 2866 5177 sumus
2886 5164 2901 5190 ,
2934 5132 3153 5193 peccato
3177 5133 3442 5177 mortuum
3469 5122 3627 5176 fuisse
3652 5120 3742 5175 Je-

2166 5234 2282 5274 sum
2302 5261 2327 5295 ,η
2350 5217 2494 5290 quod
2523 5217 2726 5271 nullum
2755 5216 2940 5273 habuit
2968 5215 3237 5287 unquam?
3264 5215 3433 5269 Absit.
3467 5214 3532 5268 Et
3572 5222 3739 5268 tamen

2163 5310 2304 5381 quod
2330 5318 2570 5365 mortuus
2595 5318 2677 5364 est
2700 5318 2951 5381 peccato,
2984 5318 3226 5363 mortuus
3259 5315 3344 5362 est
3377 5306 3561 5361 semel.
3603 5304 3740 5358 Mors

2162 5400 2304 5456 enim
2334 5402 2449 5469 ejus
2478 5409 2750 5470 peceatum
2778 5412 3018 5455 nostrum
3048 5398 3397 5472 significavit,
3425 5412 3530 5467 quo
3566 5396 3767 5465 utique~

2163 5494 2276 5564 ipsa
2304 5506 2450 5549 mors
2474 5494 2704 5549 accidit:
2728 5494 2815 5549 cui
2840 5495 2998 5550 morti
3026 5505 3287 5558 mortuus,
3316 5491 3367 5545 id
3390 5498 3493 5556 est,
3521 5498 3577 5546 ut
3598 5503 3728 5544 tuor.

2226 5627 2244 5691 ξ
2279 5633 2376 5675 Am.
2402 5631 2476 5677 Er.
2505 5632 2563 5691 et
2578 5625 2799 5691 plerique
2823 5633 2949 5685 Mss,
2978 5626 3071 5691 hic.

2228 5690 2249 5721 ⁸
2276 5694 2395 5736 Tres
2416 5700 2447 5736 e
2471 5684 2702 5738 Vaticanis
2720 5684 2851 5747 3155..
2875 5689 3088 5763 genitis.
3312 5710 3456 5789 is».

2240 5749 2259 5780 ³
2284 5756 2328 5789 In
2354 5756 2476 5789 Mys“
2502 5756 2827 5789 nranmrplur-
3329 5774 3338 5781 -
3360 5762 3375 5789 ζ
3412 5776 3419 5783 ε

2240 5749 2259 5780 ³
2283 5756 2328 5797 tu
2354 5756 2477 5810 sis-5.,
2502 5756 2828 5800 eracuaretur.
2875 5749 2891 5763 "
