4098 6504
296 445 419 500 talis
438 458 542 499 non
564 449 705 499 esset
728 441 963 507 ulterius,
989 448 1204 513 peccato
1224 440 1412 496 dicitur
1433 450 1689 495 mortuus.
1711 438 1863 507 Quod

294 551 422 606 ergo
451 535 564 605 ipse
592 532 906 605 signiﬁcavit
948 533 999 588 in
1040 530 1382 586 similitudine
1421 529 1598 586 carnis
1643 530 1864 600 peccati,

295 626 393 681 hoc
419 640 515 696 per
537 623 651 695 ejus
674 623 895 694 gratiam
922 639 1019 677 nos
1047 623 1249 692 agimus
1279 622 1330 675 in
1357 636 1515 677 carne
1542 620 1738 690 peccati
1769 639 1781 674 :
1813 630 1871 673 ut

291 715 559 789 quomodo
595 717 685 771 ille
723 715 1000 771 moriendo
1038 712 1367 768 similitudini
1413 713 1611 781 peccati
1655 722 1869 779 peccato

208 830 211 833 ·
296 816 532 862 mortuus
562 806 909 876 praedicatur,
939 808 1008 859 ita
1035 804 1350 874 quicumque
1378 803 1430 857 in
1462 803 1551 857 illo
1591 802 1744 857 fuerit
1773 802 1867 854 ba-

293 899 516 968 ptizatus
537 903 578 965 ί,
606 896 778 953 eidem
806 895 883 950 rei
911 893 1064 963 cujus
1092 893 1177 947 illa
1216 890 1387 947 fuerat
1424 890 1711 947 similitudo
1751 905 1867 944 mo-

292 990 486 1055 riatur;
534 996 589 1043 et
634 985 904 1060 quomodo
949 986 1002 1041 in
1051 986 1190 1040 illius
1230 1000 1349 1041 vera
1387 999 1547 1040 carne
1572 998 1695 1038 vera
1725 997 1869 1038 mors

292 1082 407 1149 fuit,
437 1083 515 1140 sic
544 1081 634 1135 iiat
663 1081 717 1135 in
747 1078 888 1135 veris
915 1077 1147 1149 peccatis
1177 1093 1300 1134 vera
1327 1075 1587 1131 remissio.

359 1170 586 1228 CAPUT
628 1169 718 1226 Ν.
749 1201 821 1213 -
844 1170 900 1227 8.
928 1168 1093 1223 Totus
1121 1167 1296 1237 itaque
1325 1166 1424 1221 iste
1451 1162 1699 1236 Epistolas
1738 1177 1867 1231 apo-

292 1263 492 1318 stolica:
518 1264 668 1319 locus
694 1263 737 1318 si
765 1272 815 1319 te
842 1262 911 1317 ab
931 1261 1030 1315 ista
1052 1260 1310 1331 pravitate
1330 1271 1432 1312 non
1453 1255 1687 1327 corrigit,
1712 1253 1869 1308 nimis

290 1355 605 1411 obduruisti.
635 1356 889 1424 Quamvis
925 1353 1067 1409 enim
1117 1352 1216 1407 sibi
1263 1364 1500 1406 connexa
1543 1351 1650 1404 sint
1691 1347 1867 1402 omnia

289 1446 477 1516 quibus
503 1447 595 1513 ait,
625 1445 867 1501 scribens
895 1444 961 1498 ad
990 1443 1289 1508 Romanos,
1322 1450 1381 1497 ut
1406 1441 1574 1512 gratia
1604 1440 1692 1495 Dei
1722 1453 1869 1493 com-

287 1537 569 1592 mendetur
592 1554 685 1608 per
702 1536 883 1593 Jesum
907 1535 1172 1592 Christum
1199 1553 1212 1590 :
1239 1543 1411 1589 tamen
1435 1533 1556 1604 quia
1577 1532 1866 1601 Epistulam

289 1639 454 1684 totam
477 1629 561 1685 hic
584 1630 822 1686 recolere
847 1637 901 1685 ct
927 1637 1247 1700 pertractare
1270 1644 1373 1681 non
1396 1640 1693 1697 possumus,
1715 1625 1868 1681 valde

285 1721 431 1776 enim
458 1721 669 1791 longum
697 1729 811 1786 est;
839 1736 903 1774 ex
936 1720 1035 1774 isto
1061 1719 1233 1790 capite
1262 1718 1399 1787 quod
1428 1717 1600 1787 agitur
1625 1714 1877 1772 consider

284 1824 497 1877 remus,
530 1809 616 1863 ubi
660 1810 766 1872 ait,
814 1806 1140 1864 Commendat
1182 1815 1347 1860 autem
1389 1822 1532 1860 suam
1576 1804 1867 1858 charitatcnt

284 1899 427 1956 Deus
452 1902 503 1955 in
530 1900 690 1968 nobis,
715 1902 952 1971 quoniam
980 1916 1095 1953 cum
1123 1899 1289 1952 adhuc
1318 1908 1599 1969 peccatores
1625 1912 1863 1961 essemus,

283 1990 515 2047 Christus
554 2008 644 2062 pro
681 1991 821 2045 nobis
842 2001 1064 2045 mortuus
1091 2000 1161 2045 est
1183 1988 1356 2064 (Rom.
1373 2006 1424 2055 v,
1446 1988 1477 2043 8
1500 1997 1546 2042 et
1570 1985 1648 2059 9).
1673 1987 1782 2042 lloc
1812 1997 1865 2041 tu

282 2082 484 2137 dictum
530 2082 768 2151 exceptis
810 2082 1041 2151 parvulis
1087 2081 1165 2133 vis
1207 2079 1398 2148 putari.
1443 2077 1543 2134 Ubi
1589 2076 1635 2133 si
1682 2076 1775 2131 abs
1816 2085 1867 2131 te

281 2175 542 2243 quaeram,
571 2173 615 2226 si
644 2189 749 2227 non
777 2180 897 2225 sunt
925 2172 1063 2225 inter
1095 2178 1401 2239 peccatores
1430 2167 1691 2233 habendi,
1731 2181 1865 2236 quo-

282 2260 445 2316 modo
474 2276 567 2331 pro
592 2262 670 2316 eis
696 2269 936 2315 mortuus
960 2269 1063 2326 est,
1090 2259 1178 2329 qui
1210 2273 1306 2329 pro
1332 2256 1701 2328 peccatoribus
1724 2270 1868 2311 mor.

280 2359 400 2406 tuus
450 2351 569 2406 est?
615 2350 981 2420 Respondebis
1031 2364 1137 2403 non
1185 2365 1283 2420 pro
1328 2347 1457 2403 solis
1502 2345 1866 2417 peccatoribus

278 2450 553 2497 mortuum
576 2481 593 2506 ,
629 2440 871 2510 quamvis
901 2440 969 2494 sit
996 2438 1153 2493 etiam
1188 2452 1282 2507 pro
1317 2436 1686 2508 peccatoribus
1719 2450 1866 2489 mor~

279 2530 608 2598 tuus.'Quod
636 2530 847 2601 quidem
878 2544 1137 2599 nusquam
1176 2529 1309 2599 legis
1336 2529 1387 2582 in
1415 2526 1606 2582 divinis
1631 2525 1865 2581 auctori-

277 2624 499 2689 tatibus,
530 2632 794 2677 mortuum
821 2623 1026 2678 scilicet
1048 2636 1167 2677 esse
1188 2620 1455 2676 Christum
1481 2620 1639 2674 etiam
1668 2634 1762 2690 pro
1786 2618 1865 2674 eis
1922 2626 1925 2627 ⁷

274 2715 367 2787 qui
394 2714 927 2775 nullumbabuerunt
953 2714 1169 2767 omnino
1196 2722 1491 2783 peccatum.
1521 2710 1625 2768 Sed
1651 2710 1865 2767 attende

277 2822 441 2877 quam
471 2807 663 2861 validis
689 2807 1007 2861 testimoniis
1030 2806 1288 2876 urgearis.
1317 2806 1394 2859 Tu
1420 2804 1553 2860 dicis
1580 2804 1739 2860 etiam
1768 2817 1865 2874 pro

279 2898 649 2967 peccatoribus
686 2907 951 2952 mortuum
975 2914 993 2952 :
1020 2911 1119 2968 ego
1142 2896 1263 2951 dico
1291 2896 1500 2951 nonnisi
1529 2911 1626 2967 pro
1666 2910 1855 2965 pecca-

279 2991 486 3046 toribus
510 3001 812 3053 mortuum;
841 2991 910 3044 ita
942 2996 999 3044 ut
1026 2987 1349 3058 respondere
1374 2988 1612 3059 cogaris,
1640 2988 1684 3043 si
1713 2987 1864 3044 nullo

277 3090 504 3149 peccato
530 3080 734 3151 parvuli
761 3079 1000 3135 obstricti
1039 3086 1164 3132 sunt
1181 3119 1196 3143 ,
1225 3092 1328 3131 non
1356 3092 1475 3132 esse
1503 3091 1601 3147 pro
1629 3076 1864 3148 parvulis

277 3177 571 3225 mortuum.
602 3168 738 3224 Dicit
775 3169 920 3224 enim
962 3167 1029 3222 ad
1067 3166 1374 3222 Corinthios
1406 3182 1419 3219 :
1453 3164 1704 3233 Quoniam
1731 3182 1864 3221 unus

275 3277 373 3329 pro
404 3258 635 3314 erunibus
660 3267 886 3313 mortuus
925 3266 1036 3322 est;
1064 3273 1184 3329 ergo
1220 3272 1394 3311 omnes
1422 3257 1608 3309 mortui
1634 3264 1785 3323 sunt,
1815 3264 1865 3310 et

275 3368 373 3424 pro
399 3351 630 3406 omnibus
654 3359 878 3405 mortuus
900 3358 971 3405 est
996 3348 1060 3421 (ll
1086 3348 1204 3404 Cor.
1230 3364 1284 3415 v,
1317 3350 1402 3417 Ii,
1431 3350 1541 3421 l5).
1571 3348 1726 3403 Nullo
1749 3338 1865 3403 mo-

270 3446 346 3501 do
374 3445 467 3501 hic
490 3459 685 3514 negare
710 3442 1053 3513 permitteris,
1080 3441 1290 3496 nonnisi
1322 3457 1417 3510 pro
1444 3441 1526 3496 his
1551 3440 1638 3510 qui
1670 3440 1863 3494 mortui

269 3544 425 3600 sunt,
458 3544 725 3588 mortuum
754 3532 915 3587 fuisse
936 3530 1138 3586 Jesum.
1164 3531 1308 3597 Quos
1334 3530 1490 3599 igitur
1515 3530 1617 3585 hoc
1640 3530 1758 3584 loco
1784 3530 1867 3583 in-

272 3626 477 3695 telligis
507 3624 786 3679 mortuos?
825 3621 1079 3691 numquid
1120 3635 1215 3677 eos
1252 3621 1340 3691 qui
1371 3621 1436 3674 de
1463 3635 1687 3689 corpore
1713 3621 1863 3675 exie-

268 3716 443 3773 runt?
480 3714 611 3782 Quis
639 3714 708 3768 ita
732 3712 959 3783 desipiat
979 3720 1040 3767 ut
1058 3711 1160 3767 hoc
1180 3712 1387 3781 sapiat?
1412 3711 1490 3765 Eo
1509 3710 1670 3766 modo
1690 3711 1865 3781 itaque

267 3806 628 3875 intelligimus
653 3813 911 3870 mortuos,
943 3818 1038 3873 pro
1062 3802 1253 3873 quibus
1279 3801 1527 3856 omnibus
1557 3817 1691 3854 unus
1722 3816 1864 3854 mor-

267 3909 398 3955 tuus
426 3904 513 3951 est
538 3895 814 3960 Christus,
855 3893 1124 3964 quomodo
1156 3893 1279 3947 alibi
1317 3892 1447 3948 dicit
1476 3913 1489 3947 :
1520 3890 1588 3945 Et
1628 3908 1712 3946 vos
1749 3901 1864 3945 cunt
1895 3945 1898 3947 ,

214 4026 217 4029 ‹
265 3988 449 4045 essetis
480 3987 665 4039 mortui
698 3986 751 4038 in
781 3985 975 4038 delictis
1001 3991 1049 4038 et
1084 3983 1329 4053 prmputio
1356 3983 1522 4036 carnis
1550 3990 1757 4045 vesti-te,
1791 3981 1864 4033 vi-

264 4079 498 4151 viﬁcavit
527 4094 641 4132 cum
682 4077 772 4130 illo
809 4074 1025 4148 (Coloss.
1054 4090 1089 4130 ll
1111 4116 1127 4141 ,
1156 4074 1269 4144 15).
1307 4074 1383 4128 Ac
1414 4088 1510 4144 per
1539 4071 1668 4137 hoc,
1709 4087 1858 4136 unus,

267 4172 484 4241 inquit,
530 4183 621 4238 pro
659 4165 887 4221 omnibus
913 4177 1136 4219 mortuus
1162 4172 1269 4227 est;
1310 4179 1427 4233 ergo
1468 4178 1639 4216 onmes
1678 4162 1864 4214 mortui

262 4271 387 4319 sunt
416 4279 437 4316 :
466 4259 758 4314 ostendens
787 4256 903 4310 ﬁeri
931 4270 1036 4313 non
1074 4254 1306 4324 potuisse
1345 4262 1404 4308 ut
1436 4261 1737 4306 moreretur
1761 4252 1860 4307 nisi

266 4372 368 4426 pro
397 4352 651 4409 mortuis.
682 4351 758 4405 Ex
801 4350 900 4403 hoc
938 4348 1077 4402 enim
1120 4346 1359 4416 probavit
1397 4359 1585 4400 omnes
1622 4353 1863 4400 mortuos

262 4462 389 4503 esse
411 4489 427 4511 ,
472 4443 596 4515 quia
638 4457 736 4510 pro
761 4440 1009 4495 omnibus
1037 4448 1280 4493 mortuus
1307 4447 1390 4493 est
1418 4453 1571 4492 unus.
1599 4436 1858 4508 Impinge,

263 4538 506 4600 iuculco,
539 4531 759 4588 infercio
784 4529 1050 4586 recusanti
1071 4548 1089 4587 ς
1108 4530 1290 4599 arcipe
1308 4570 1323 4595 ,
1346 4528 1559 4584 salubre
1582 4538 1665 4583 est
1681 4569 1697 4593 ,
1737 4530 1861 4584 nolo

261 4628 548 4685 moriaris.
593 4623 736 4679 Unus
765 4640 856 4694 pro
883 4621 1113 4676 omnibus
1150 4632 1375 4676 mortuus
1410 4631 1523 4685 est;
1550 4637 1667 4691 ergo
1691 4637 1862 4675 omnes

261 4722 455 4777 mortui
483 4727 626 4773 sunt.
660 4716 792 4772 Vide
819 4715 940 4785 quia
971 4728 1304 4784 consequens
1331 4728 1455 4767 csso
1477 4714 1661 4778 voluit,
1691 4722 1749 4766 ut
1775 4714 1860 4767 in-

259 4815 588 4883 telligantur
613 4822 803 4862 omnes
832 4805 1060 4872 mortui,
1104 4806 1147 4858 si
1198 4819 1294 4873 pro
1336 4804 1581 4858 omnibus
1620 4813 1860 4858 mortuus

253 4913 364 4959 est.
408 4901 551 4969 Quia
593 4913 720 4968 ergo
757 4911 863 4951 non
902 4895 957 4950 iu
995 4910 1253 4964 corpore,
1283 4903 1447 4949 restat
1476 4904 1533 4948 ut
1563 4894 1613 4947 iu
1644 4904 1860 4962 peccato

253 5010 382 5052 esse
406 5002 659 5048 mortuos
677 5004 883 5049 omnes,
906 5001 1004 5057 pro
1023 4986 1213 5057 quibus
1232 4985 1474 5040 Christus
1494 4992 1733 5038 mortuus
1751 5000 1799 5039 e.»
1812 4990 1854 5048 t,

257 5103 424 5141 nemo
454 5090 655 5153 neget,
681 5080 841 5135 nemo
865 5079 1101 5141 dubitet,
1132 5076 1221 5147 qui
1247 5091 1305 5131 se
1330 5091 1437 5129 non
1466 5084 1623 5145 negat
1646 5083 1738 5130 aut
1761 5076 1858 5130 du-

256 5179 396 5233 bitat
416 5190 551 5232 essc
574 5172 943 5228 christianum.
966 5168 1316 5238 QuaprOpter,
1344 5167 1386 5221 si
1416 5166 1618 5221 nullum
1642 5168 1859 5222 trahunt

257 5278 551 5340 peccatum
583 5263 806 5335 parvuli,
836 5279 941 5317 non
967 5271 1091 5317 sunt
1118 5260 1329 5315 mortui.
1359 5259 1415 5316 Si
1440 5276 1545 5314 non
1567 5270 1688 5313 sunt
1713 5275 1858 5314 mor-

257 5361 333 5416 tui
356 5402 373 5423 ,
422 5373 535 5412 non
581 5365 663 5409 est
704 5362 946 5407 mortuus
972 5368 1069 5421 pro
1094 5352 1204 5417 eis,
1234 5351 1322 5420 qui
1362 5364 1466 5404 non
1504 5358 1587 5405 est
1613 5359 1855 5404 mortuus

254 5453 359 5507 nisi
397 5463 499 5519 pro
537 5445 783 5500 mortuis.
814 5443 891 5498 Tu
930 5451 1106 5497 autem
1138 5441 1247 5509 jam
1292 5441 1343 5494 in
1391 5440 1560 5509 primo
1600 5449 1688 5493 tuo
1720 5438 1854 5494 libro

324 5586 337 5615 ¹
378 5587 431 5632 in
460 5578 615 5631 editis
647 5580 783 5639 post.
827 5570 1120 5639 baptizatus,
1159 5570 1370 5639 delenda
1403 5570 1510 5639 luce
1531 5570 1700 5639 verba,
1721 5567 1853 5619 idem

255 5631 395 5703 (seu,
420 5642 477 5693 id
504 5641 600 5698 est)
625 5631 997 5703 ti’fctito,_citjtts
1029 5634 1079 5703 in
1108 5631 1300 5684 Chrile
1324 5631 1611 5703 tiptiliiudo.
1630 5701 1637 5703 _
1658 5644 1749 5703 non
1772 5644 1849 5680 τε·

256 5694 392 5757 tua:
413 5716 430 5752 :
455 5694 604 5752 certe
625 5694 653 5746 'a
679 5697 882 5746 librariis
903 5695 1126 5745 translata
1154 5708 1192 5757 rc
1226 5694 1439 5752 nutrgine
1466 5695 1509 5742 in
1535 5701 1815 5757 quite-stunt
1835 5726 1849 5749 ,

259 5754 343 5828 (ἰὼ
368 5767 431 5819 ἥδ
453 5762 657 5822 οαωὶιιο
678 5766 807 5810 (Ἔτει
835 5759 879 5807 in
901 5756 1244 5818 :ttlliquiot'ii‘us
1268 5754 1613 5820 ntauuseriptis.

1656 324 1858 383 LIBER
1896 321 2174 382 SEXTUS.

3449 337 3552 393 886

1976 451 2158 497 contra
2202 457 2300 498 nos
2335 443 2604 509 clamans,
2645 444 2857 515 dixisti,
2902 465 2921 498 ι
2949 445 3214 501 Christum
3255 448 3412 502 etiam
3453 464 3549 520 pro

1974 535 2204 604 parvulis
2234 547 2521 591 mortuum.
2553 556 2571 590 ι
2606 536 2759 592 Nullo
2801 538 2960 592 modo
3001 538 3156 608 igitur
3192 555 3385 609 negare
3425 557 3547 609 per-

1974 628 2196 682 mitteris
2222 643 2314 683 eos
2342 628 2553 684 trahere
2580 630 2832 699 originale
2860 640 3153 700 peccatum.
3192 631 3321 686 Nam
3356 635 3547 688 mortui

1976 720 2132 784 unde,
2163 720 2207 774 si
2233 736 2338 775 non
2366 721 2526 781 inde?
2553 732 2641 776 aut
2670 730 2885 794 propter
2912 738 3067 793 quam
3100 735 3326 777 mortem
3360 702 3549 793 parvu-

1975 810 2147 864 lorum
2175 822 2412 868 mortuus
2432 823 2532 875 est,
2554 815 2642 884 qui
2667 829 2770 867 non
2797 823 2878 868 est
2905 825 3142 868 mortuus
3165 814 3263 867 nisi
3290 831 3385 883 pro
3406 830 3549 871 mor-

1975 902 2115 955 tuis?
2147 902 2383 973 Eumque
2429 912 2484 959 tu
2533 912 2795 958 mortuum
2844 919 2940 973 pro
2987 903 3217 973 parvulis
3256 903 3545 960 conﬁteris.

1972 990 2105 1047 Redi
2145 1008 2271 1064 ergo
2309 1009 2513 1050 mecum
2556 994 2623 1049 ad
2661 995 2787 1049 illud
2822 994 2963 1065 quod
2993 995 3058 1049 ad
3089 995 3357 1052 Romanos
3379 999 3395 1029 ²
3432 1013 3545 1053 eoa--

1975 1092 2153 1155 peram
2183 1084 2382 1142 dicere.

2042 1174 2096 1231 9.
2135 1173 2491 1241 Commendat,
2543 1177 2742 1248 inquit,
2790 1195 2932 1233 suam
2976 1179 3269 1233 charitatem
3312 1178 3449 1232 Deus
3490 1180 3545 1232 in

1928 1326 1939 1329 ν
1972 1264 2135 1332 nobis,
2161 1267 2396 1335 quoniam
2420 1285 2536 1322 cum
2558 1270 2726 1321 adhuc
2753 1280 3034 1339 peccatores
3060 1287 3295 1335 essemus,
3321 1268 3549 1324 Christus

1973 1373 2064 1426 pro
2109 1358 2248 1412 nobis
2289 1371 2513 1413 mortuus
2552 1369 2643 1414 est.
2690 1358 2814 1414 Cant
2855 1369 3159 1431 peccatores,
3189 1361 3387 1430 inquit,
3419 1376 3551 1415 esse-

1971 1467 2100 1516 mus,
2149 1451 2249 1506 hoc
2287 1461 2388 1517 est,
2443 1466 2563 1507 eum
2614 1454 2806 1507 mortui
2853 1468 3129 1518 eSscmus,
3181 1452 3410 1509 Christus
3455 1470 3548 1524 pro

1972 1542 2113 1596 nobis
2159 1552 2383 1596 mortuus
2425 1552 2498 1596 est
2543 1559 2555 1572 ·
2597 1543 2753 1597 nmllo
2799 1544 2959 1614 magis
2995 1545 3264 1614 justiﬁcati
3313 1559 3447 1597 nunc
3493 1545 3545 1597 in

1970 1632 2215 1702 sanguine
2259 1631 2451 1698 ipsius,
2494 1632 2621 1686 solvi
2666 1632 2850 1687 erinms
2895 1633 2956 1685 ab
2994 1634 3071 1686 ira
3117 1650 3208 1705 per
3246 1634 3432 1703 ipsum.
3485 1631 3548 1687 Si

1972 1722 2102 1776 enim
2143 1737 2256 1774 cum
2285 1721 2472 1774 ininnci
2502 1737 2746 1782 essemus.
2775 1723 3082 1775 reconciliati
3120 1726 3293 1776 sumus
3324 1721 3427 1775 Deo
3458 1738 3548 1792 per

1971 1822 2179 1867 mortem
2210 1810 2333 1865 Filii
2356 1803 2506 1884 ejus;
2553 1812 2709 1866 multo
2737 1814 2896 1883 magis
2924 1814 3252 1877 reconciliati,
3285 1814 3412 1867 salvi
3448 1814 3548 1866 eri-

1972 1921 2083 1960 mus
2119 1905 2171 1958 in
2198 1906 2299 1957 vita
2336 1905 2514 1973 ipsius.
2562 1904 2672 1959 Hoc
2702 1913 2782 1958 est
2824 1904 2954 1958 illud
2997 1905 3136 1974 quod
3176 1905 3301 1959 alibi
3332 1904 3543 1966 dicitur,

1972 1993 2108 2047 Deus
2134 2007 2238 2048 erat
2263 1995 2312 2047 in
2340 1994 2558 2060 Christo,
2589 1994 2832 2047 mundum
2857 1996 3187 2049 reconcilians
3214 1995 3309 2047 sibi
3337 1994 3400 2065 (Il
3425 1992 3542 2049 Cor.

1974 2101 2028 2151 v,
2061 2084 2167 2158 l9).
2204 2085 2400 2140 Deinde
2440 2085 2527 2139 hic
2565 2086 2805 2155 sequitur
2833 2103 2847 2140 :
2879 2083 2998 2138 Non
3038 2085 3200 2140 solum
3234 2095 3430 2148 autent,
3457 2086 3546 2138 sed

1960 2185 2019 2229 'et
2062 2176 2335 2246 gloriantes
2378 2176 2430 2230 in
2479 2175 2605 2241 Deo,
2658 2193 2746 2245 per
2792 2175 3063 2228 Dominum
3108 2184 3329 2229 nostrum
3371 2174 3546 2228 Iesum

1972 2266 2241 2322 Christum.
2276 2266 2395 2320 Non
2438 2267 2631 2334 solum,
2674 2266 2870 2336 inquit,
2902 2266 3047 2332 salvi,
3067 2264 3153 2320 sed
3182 2274 3228 2319 et
3253 2265 3544 2335 gloriantes.

1977 2357 2076 2411 Per
2098 2373 2245 2427 quem
2272 2363 2405 2411 nunc
2434 2366 2479 2410 et
2509 2357 2961 2411 reconciliationem
2987 2356 3292 2426 accepimus.
3337 2356 3400 2410 Et
3429 2365 3548 2410 lan-

1970 2464 2128 2520 quam
2176 2463 2334 2505 causa
2379 2460 2743 2516 qumrerctur,
2773 2463 2934 2518 quare
2965 2461 3060 2516 per
3102 2461 3262 2500 unum
3297 2445 3550 2501 Mediato-

1970 2558 2084 2598 rem
2118 2542 2385 2597 hominem
2411 2542 2432 2573 ¹
2465 2541 2554 2595 liat
2598 2540 2696 2595 ista
2741 2538 3101 2595 reconciliatio
3139 2555 3153 2593 :
3186 2537 3404 2607 Propter
3430 2537 3546 2605 hoc,

1971 2633 2161 2703 inquit,
2209 2633 2335 2688 sicut
2382 2650 2471 2703 per
2515 2648 2670 2685 unum
2717 2631 2964 2684 hominem
3013 2638 3270 2703 peccatum
3318 2628 3369 2682 in
3416 2628 3549 2682 hunc

1970 2726 2214 2781 mundum
2256 2726 2491 2789 intravit,
2539 2732 2585 2778 et
2636 2740 2724 2795 per
2768 2731 3025 2794 peccatum
3073 2738 3249 2789 mors;
3293 2731 3339 2775 et
3378 2721 3452 2775 ita
3494 2721 3565 2775 in.

1970 2834 2142 2871 omnes
2177 2816 2407 2871 homines
2437 2815 2756 2885 pertransiit,
2788 2815 2842 2867 in
2867 2830 2964 2884 quo
3001 2829 3172 2867 omnes
3198 2821 3549 2883 peccaverunt.

1971 2908 2107 2978 Quid
2134 2923 2260 2978 ergo
2282 2908 2389 2978 egit
2414 2906 2534 2962 lex?
2562 2905 2708 2961 itane
2736 2905 2822 2959 illa
2851 2904 3196 2961 reconciliare
3216 2919 3320 2959 non
3343 2904 3549 2974 potuit?

1969 3001 2109 3064 Non,
2140 3001 2328 3069 inquit,
2361 2998 2529 3069 Usque
2553 3000 2684 3053 enim
2713 2997 2781 3050 ad
2804 2995 3006 3069 Legem,
3037 3005 3293 3067 peccatum
3319 2996 3372 3049 in
3398 3012 3548 3050 mun-

1971 3091 2036 3145 do
2071 3091 2167 3162 fuit
2194 3105 2212 3143 :
2238 3088 2495 3152 lloc'cst,
2539 3102 2637 3143 nec
2675 3087 2758 3140 lcx
2804 3085 2969 3155 potuit
2999 3082 3208 3140 auferre
3246 3094 3547 3155 peccatum.

1971 3179 2242 3235 Peccatum
2278 3188 2445 3231 autent
2483 3194 2582 3231 non
2622 3174 2954 3249 deputabatur
2983 3191 3097 3228 cum
3121 3172 3228 3229 Lex
3262 3191 3363 3229 non
3396 3184 3544 3229 esset.

1970 3270 2101 3327 Erat
2140 3270 2350 3340 quidem
2379 3278 2654 3340 peceatum
2676 3310 2689 3333 ,
2723 3269 2817 3323 sed
2858 3281 2964 3322 non
2994 3266 3383 3338 deputabatur,
3421 3265 3545 3336 quia

1970 3378 2075 3417 non
2099 3360 2534 3432 cognoscebatur.
2567 3357 2665 3412 Per
2680 3358 2861 3429 Legem
2884 3359 3034 3424 enim,
3063 3357 3199 3411 sicut
3225 3355 3276 3410 iu
3302 3356 3404 3410 alio
3429 3356 3547 3409 loco

1969 3452 2117 3518 dicit,
2164 3451 2380 3522 cognitio
2426 3450 2616 3521 peccati
2657 3448 2848 3519 (Rom.
2876 3464 2969 3515 ιιι,
2997 3446 3131 3519 20).
3183 3446 3289 3502 Sed
3321 3447 3546 3517 regnavit

1969 3561 2105 3599 mors
2142 3543 2202 3596 ab
2228 3542 2413 3607 Adam,
2441 3557 2595 3612 usque
2618 3542 2685 3593 ad
2716 3539 2920 3610 Moysen
2947 3554 2970 3597 :
2997 3539 3120 3610 quia
3152 3554 3251 3594 nec
3277 3552 3371 3608 per
3399 3538 3546 3608 Moy-

1968 3651 2062 3691 sen
2089 3677 2101 3699 ,
2151 3634 2199 3689 id
2248 3642 2358 3697 est,
2410 3647 2508 3688 nec
2544 3647 2637 3702 per
2666 3630 2859 3700 Legem
2901 3644 3124 3700 regnum
3166 3628 3282 3698 ejus
3311 3627 3541 3681 ablatum

1968 3736 2070 3781 est.
2122 3723 2367 3796 Regnavit
2407 3732 2574 3776 autem
2618 3731 2665 3775 et
2706 3721 2759 3774 in
2808 3720 2886 3775 his
2929 3720 3015 3790 qui
3052 3735 3155 3773 non
3195 3726 3539 3789 peccaverunt.

1969 3819 2144 3886 Quare
2190 3817 2367 3886 igitur,
2414 3814 2456 3868 si
2488 3829 2593 3868 non
2622 3811 3017 3883 peccaverunt?
3059 3809 3195 3865 Audi
3238 3825 3400 3879 quare
3435 3825 3446 3861 :
3477 3807 3543 3861 In

1968 3909 2295 3964 similitudine
2335 3907 2387 3973 ³,
2436 3905 2630 3976 inquit,
2683 3902 3107 3974 praevaricationis
3146 3901 3301 3966 Adte,
3344 3900 3428 3972 qui
3470 3908 3544 3952 est

1968 4006 2135 4074 [arma
2180 3999 2355 4072 futuri.
2409 3998 2565 4052 Dedit
2630 3997 2769 4050 enim
2822 4010 2885 4049 ex
2937 4009 2996 4049 se
3040 3993 3263 4048 formam
3318 3989 3543 4060 posteris

1967 4095 2117 4157 suis,
2159 4091 2400 4161 quamvis
2444 4098 2655 4157 peccata
2706 4085 2916 4157 propria
2960 4099 3064 4139 non
3110 4082 3454 4144 habentibus,
3486 4090 3543 4134 ut

1969 4184 2167 4253 peccati
2210 4180 2411 4251 paterni
2439 4178 2752 4247 contagione
2781 4186 3117 4229 morerentur
3139 4215 3153 4238 .
3185 4173 3272 4243 Qui
3306 4188 3398 4242 per
3426 4172 3542 4239 ejus

1967 4275 2234 4330 carnalem
2261 4270 2743 4340 concupiscentiam
2769 4268 3129 4338 gignerentur.
3162 4264 3269 4320 Sed
3290 4280 3388 4317 non
3414 4264 3541 4316 sicut

1967 4366 2239 4429 delictum,
2282 4362 2483 4431 inquit,
2529 4361 2603 4414 ita
2639 4368 2687 4413 et
2726 4357 2953 4411 donatio.
3008 4355 3072 4411 Si
3112 4356 3243 4410 enim
3287 4355 3348 4408 ob
3388 4354 3541 4408 unius

1967 4459 2206 4513 delictum
2237 4456 2381 4509 multi
2411 4454 2597 4508 mortui
2620 4444 2765 4517 sunt,
2796 4449 2956 4504 multo
2986 4449 3145 4518 magis
3174 4448 3337 4519 gratia
3364 4445 3464 4499 Dei
3493 4454 3540 4499 et

1965 4550 2155 4604 donum
2181 4549 2233 4601 in
2263 4547 2427 4617 gratia
2454 4544 2604 4597 unius
2630 4541 2845 4595 hominis
2870 4538 2995 4594 Jesu
3019 4538 3206 4592 Christi
3234 4537 3286 4591 in
3316 4534 3485 4589 multis
3516 4534 3536 4565 δ

1964 4637 2258 4693 abundavit.
2311 4634 2473 4689 Multo
2517 4631 2684 4702 magis
2734 4630 2915 4699 utique
2958 4626 3273 4691 abundavit,
3318 4626 3437 4695 quia
3484 4624 3535 4677 in

1964 4730 2153 4803 quibus
2179 4727 2427 4785 abundat.
2461 4722 2821 4791 temporaliter
2847 4719 3167 4781 moriuntur,
3200 4716 3251 4768 in
3280 4725 3537 4769 :ctermnn

1963 4821 2148 4875 victuri
2177 4826 2321 4871 sunt.
2370 4815 2438 4868 Et
2464 4831 2595 4879 non,
2625 4812 2820 4880 inquit,
2851 4811 2978 4863 sicut
3016 4824 3104 4880 per
3132 4822 3288 4859 unum
3322 4822 3536 4876 peccan-

1963 4921 2083 4975 tem,
2111 4910 2182 4962 ita
2207 4916 2275 4961 est
2298 4914 2342 4960 et
2363 4907 2569 4959 donum.
2599 4901 2736 4954 Nam
2763 4899 3015 4970 judicium
3049 4895 3250 4966 quidem
3271 4910 3332 4948 ea:
3352 4909 3453 4947 uno
3483 4895 3535 4947 in

1961 5003 2424 5060 condemnationem
2459 5015 2478 5052 :
2519 4998 2682 5068 gratia
2725 5006 2891 5048 autem
2932 5008 2994 5046 ea:
3035 4991 3206 5046 multis
3253 4990 3443 5060 delictis
3483 4989 3534 5041 in

1950 5097 2383 5169 justi/icationem.
2432 5090 2501 5144 Et
2528 5103 2689 5144 unum
2733 5086 2927 5156 quippe
2964 5082 3094 5137 illud
3123 5080 3188 5135 ad
3232 5078 3567 5134 damnatio-'

1974 5236 1981 5241 l
2023 5257 2040 5290 ι
2077 5252 2386 5304 Floriacensis
2421 5247 2576 5299 codex
2614 5246 2810 5308 antiqua
2841 5254 2981 5292 manu
3004 5244 3280 5297 correctus,
3321 5235 3448 5301 quod
3472 5234 3534 5286 de

2273 5321 2517 5383 nmms:
2548 5373 2582 5383 Α.
2604 5367 2806 5383 -._.s--__s
2857 5371 2898 5383 ιι
2929 5363 3040 5383 -.ηιξ
3090 5358 3212 5383 Lm:

2024 5358 2512 5429 iusicﬁat—swsaéaliicani
2537 5373 2589 5419 et
2604 5367 2828 5416 Vaticani.
2849 5371 2903 5414 At
2925 5363 3059 5421 editi,
3084 5358 3344 5429 hominum.

2021 5442 2044 5474 s
2162 5416 2590 5498 Xﬁqﬁibiéé'ués‘.
2618 5430 2757 5493 juxta
2781 5438 3010 5491 graecum.
3037 5416 3093 5473 At
3115 5422 3259 5481 editi,
3286 5419 3339 5470 in
3359 5416 3531 5469 simili-

1954 5502 2292 5615 Miami)qu
2324 5563 2431 5606 Mss.
2452 5590 2468 5610 ς
2507 5566 2557 5603 tn
2578 5550 2747 5603 multos
2776 5564 2793 5615 .'
2815 5551 2952 5615 juxta
2974 5557 3180 5615 graecam
3218 5550 3270 5593 et
3292 5542 3527 5615 vulgatam

1958 5601 2901 5678 tectioﬁiﬁfiiliniiﬁi.‘séd'iugusuniim
2925 5601 3124 5678 legisse,
3220 5601 3398 5678 multis,
3418 5615 3530 5678 pro:

1957 5668 2295 5738 lie—cohig—nut
2329 5668 2681 5735 ιονυλίυηδρεζ
2701 5675 2826 5738 quod
2868 5668 3111 5721 inde'mox
3153 5668 3305 5722 dicat,
3346 5668 3456 5726 (prin
3481 5674 3531 5709 ut

1958 5749 2122 5817 qr‘if't';
2152 5744 2375 5792 timuiita.
