4122 6502
580 314 682 372 8°27

584 421 704 461 nem
746 402 959 460 trahere
990 401 1159 471 potuit
1190 416 1203 451 :
1235 398 1329 454 sed
1370 400 1540 469 gratia
1568 414 1672 452 non
1715 398 1819 453 hoc
1850 411 2009 451 unum
2042 404 2160 447 tan-

584 509 697 552 tum
717 538 733 561 ,
761 509 947 550 verum
973 492 1133 548 etiam
1164 491 1309 560 plura
1331 533 1345 558 ,
1379 506 1500 560 qum
1524 488 1862 559 superaddita
1889 494 2013 541 sunt
2040 500 2167 565 pecf

581 599 701 645 cata
728 586 945 642 delevit.
979 585 1042 640 Si
1070 586 1202 639 enim
1231 583 1291 637 ob
1319 583 1468 636 unius
1496 582 1761 645 delictum,
1805 579 2001 649 inquit,
2030 594 2166 631 mors

582 680 812 754 regnavit
858 695 946 748 per
992 692 1194 741 unum;
1247 673 1407 728 multa
1456 674 1616 745 magis
1664 672 1750 743 qui
1800 668 2166 723 abundantiam

586 775 767 845 gratia:
790 781 836 825 et
852 771 1069 843 justitiw
1092 767 1364 838 accipiunt,
1390 765 1444 819 in
1469 766 1569 817 vita
1593 764 1869 835 regnabant
1896 778 1984 832 per
2008 775 2165 813 unum

584 863 763 920 Iesum
788 861 1063 919 Christum.
1100 857 1355 929 Superior
1384 856 1637 928 repetitus
1666 862 1749 910 est
1777 868 1998 918 sensus;
2042 851 2165 922 quia

521 986 554 1023 ο,
589 956 756 1010 multo
788 954 955 1024 magis
985 952 1170 1006 invita
1199 950 1526 1020 regnabunt,
1558 946 1646 1017 qui
1676 946 1790 999 sine
1830 944 1933 998 line
1972 958 2201 1013 regna--

544 1028 760 1116 ibunt;
813 1062 970 1117 quam
1013 1058 1159 1099 mors
1204 1044 1256 1097 in
1302 1042 1381 1097 eis
1424 1040 1684 1110 regnavit,
1732 1054 1851 1107 qua:
1896 1052 2015 1092 cum
2065 1037 2168 1090 line

547 1152 554 1195 ς
591 1139 849 1209 regnavit.
892 1136 1072 1207 Itaque
1097 1135 1223 1190 sicut
1260 1149 1349 1205 per
1390 1132 1571 1198 unius,
1619 1130 1805 1199 inquit,
1851 1130 2088 1183 delictum
2114 1128 2169 1182 in

541 1233 549 1301 ξ
592 1245 765 1283 omnes
798 1227 1023 1281 homines
1062 1226 1131 1280 ad
1167 1222 1651 1286 condemnationem,
1692 1221 1763 1273 ita
1802 1231 1849 1273 et
1891 1237 1981 1291 per
2018 1220 2169 1273 unius

539 1320 546 1393 ξ
589 1320 1002 1388 iustiﬁcationem
1053 1318 1106 1372 in
1154 1334 1325 1373 omnes
1373 1316 1598 1369 homines
1642 1315 1708 1367 ad
1748 1313 2168 1384 justiﬁcationem

590 1413 724 1464 vine.
758 1409 881 1464 ideo
905 1419 959 1463 et
988 1408 1056 1463 ibi
1084 1424 1274 1473 omnes,
1306 1414 1358 1461 et
1389 1406 1473 1459 hic
1508 1420 1713 1469 omnes,
1745 1402 1865 1473 quia
1909 1418 2065 1457 nemo
2100 1400 2168 1455 ad

595 1510 819 1556 mortem
847 1500 947 1563 nisi
976 1514 1070 1567 per
1094 1498 1261 1561 illum,
1289 1510 1444 1550 nemo
1469 1494 1534 1547 ad
1558 1495 1715 1547 vitam
1743 1494 1842 1548 nisi
1870 1508 1963 1562 per
1988 1494 2167 1545 istum.

592 1594 735 1647 Sicut
760 1592 892 1646 enim
922 1607 1012 1661 per
1040 1588 1422 1644 inobedientiam
1450 1587 1599 1640 unius
1641 1586 1855 1639 hominis
1886 1595 2170 1654 peccatores

589 1683 843 1737 constituti
880 1689 995 1735 sunt
1034 1681 1181 1734 mulli
1213 1680 1228 1711 ¹
1250 1696 1271 1746 ;
1312 1679 1385 1732 ita
1428 1687 1474 1731 et
1513 1694 1602 1747 per
1644 1677 1794 1731 unius
1836 1676 2170 1730 obedientiam

579 1774 709 1845 justi
754 1773 1115 1826 constituentur
1164 1769 1330 1824 ntulti.
1380 1768 1489 1822 Lex
1532 1776 1699 1821 autem
1739 1767 2055 1832 subintravit,
2110 1776 2169 1821 ut

588 1866 863 1919 abundaret
908 1864 1164 1923 delictum.
1222 1861 1320 1918 Ubi
1371 1870 1541 1916 autem
1584 1860 1859 1914 abundavit
1908 1859 2166 1927 delictum,

586 1954 1009 2021 superabundavit
1035 1953 1201 2025 gratia
1228 1967 1248 2007 :
1276 1962 1330 2006 ut
1358 1950 1781 2022 quemadmodum
1807 1952 2030 2020 regnavit
2054 1967 2169 2020 pec-

585 2057 754 2099 catum
789 2046 841 2099 in
886 2055 1045 2099 morte
1071 2046 1093 2077 ⁸
1111 2086 1126 2110 ,
1158 2045 1230 2099 sic
1254 2054 1299 2098 et
1325 2044 1488 2115 gratia
1512 2052 1682 2113 regnet
1707 2058 1795 2113 per
1826 2042 2081 2114 justitiam
2107 2043 2162 2097 in

587 2138 739 2189 vitam
759 2144 1021 2202 (sternam,
1043 2152 1133 2205 per
1147 2132 1323 2188 Iesunt
1348 2133 1604 2187 Christum
1628 2131 1899 2186 Dominum
1920 2141 2166 2187 nostrum.

663 2225 748 2280 10.-
794 2224 931 2292 Quid
973 2240 1092 2295 ergo
1134 2224 1390 2290 dicemus,
1433 2222 1642 2293 inquit?
1682 2222 2079 2293 permanebimus
2116 2225 2170 2278 in

592 2326 817 2385 precata,
849 2325 909 2377 ut,
930 2316 1093 2387 gratia
1120 2314 1378 2369 abundet?
1406 2315 1567 2369 Absit.
1599 2314 1734 2381 Quid
1759 2314 1899 2369 enim
1930 2315 2174 2384 prmstitit

592 2409 795 2477 gratia,
846 2408 891 2461 si
934 2405 1351 2476 permanendum
1398 2416 1481 2460 est
1523 2405 1575 2460 in
1626 2406 1886 2476 peccato?
1933 2405 2173 2475 Denique

592 2501 834 2569 Sequitur
860 2482 915 2555 et
941 2498 1069 2553 dicit
1098 2515 1111 2551 :
1148 2497 1247 2566 Qui
1274 2496 1457 2551 mortui
1480 2513 1652 2551 sumus
1677 2506 1899 2568 peccato,
1922 2495 2172 2563 quomodo

593 2595 812 2648 vivemus
840 2593 893 2646 in
920 2608 977 2645 eo
997 2592 1023 2646 ?
1058 2590 1193 2646 llinc
1217 2604 1357 2645 nunc
1380 2589 1663 2660 diligenter
1688 2588 1920 2654 attende,
1948 2595 2005 2643 et
2031 2586 2173 2658 quod

598 2686 838 2755 sequitur
865 2694 924 2740 ut
945 2682 1208 2755 intelligas
1234 2684 1468 2738 intentus
1494 2681 1750 2736 ausculta.
1773 2680 1907 2736 Cum
1929 2680 2171 2746 dixisset,

596 2779 697 2845 Qui
741 2778 925 2832 mortui
959 2792 1134 2831 sumus
1174 2782 1409 2846 peccato,
1440 2773 1687 2844 quomodo
1726 2774 1944 2826 vivemus
1980 2772 2032 2825 in
2070 2771 2176 2826 eo?

596 2870 678 2923 An
732 2869 1014 2940 ignoratis,
1064 2867 1265 2935 inquit,
1314 2865 1551 2935 quoniam
1595 2864 1890 2933 quicumque
1936 2861 2175 2933 baptizati

595 2976 771 3015 sumus
792 2961 847 3014 in
867 2959 1065 3023 Christo
1084 2956 1230 3024 Iesu,
1256 2957 1311 3011 in
1334 2964 1493 3011 morte
1516 2957 1675 3025 ipsius
1705 2955 1942 3026 baptizati
1965 2954 2177 3009 sumus?

604 3053 699 3104 llic
744 3059 867 3105 sunt
909 3048 1109 3119 parvuli
1154 3047 1245 3119 qui
1288 3047 1651 3118 baptizantur,
1679 3063 1746 3101 an
1772 3062 1877 3102 non
1912 3048 2077 3113 sunt?
2117 3046 2175 3103 Si

600 3158 705 3197 non
735 3141 822 3198 hic
863 3149 1020 3205 sunt,
1054 3140 1242 3195 falsum
1280 3148 1363 3194 est
1404 3153 1532 3210 ergo
1574 3137 1715 3209 quod
1740 3137 1835 3201 ait,
1866 3137 2179 3211 Quicumque

593 3235 841 3306 baptizati
864 3251 1036 3290 sumus
1062 3235 1115 3289 in
1141 3233 1339 3289 Christo
1359 3232 1515 3299 Iesu,
1540 3235 1595 3287 in
1631 3239 1791 3301 morte
1825 3232 1984 3305 ipsius
2010 3232 2177 3308 bapti-

592 3328 699 3380 καιί
743 3340 959 3390 sumus;
1001 3326 1126 3396 quia
1174 3340 1282 3382 non
1332 3324 1387 3381 in
1435 3333 1609 3379 morte
1653 3324 1795 3381 illius
1844 3324 2178 3395 baptizantur

601 3418 827 3486 parvuli.
874 3417 977 3473 Sed
1015 3417 1267 3487 quoniam
1307 3432 1493 3472 verum
1533 3416 1659 3471 dicit
1697 3416 2005 3487 Apostolus,
2047 3415 2178 3471 nulli

597 3508 964 3578 intelliguntur
1005 3506 1235 3577 excepti.
1299 3505 1433 3561 Nam
1491 3504 1539 3559 si
1589 3505 1657 3560 de
1706 3505 1835 3559 solis
1888 3505 2178 3576 majoribus

592 3599 801 3654 dictum
833 3598 1047 3668 putatis,
1076 3599 1166 3669 qui
1187 3598 1297 3668 jam
1328 3605 1546 3651 utuntur
1580 3596 1751 3652 libero
1779 3596 2028 3662 arbitrio,
2056 3611 2177 3651 cum

591 3690 739 3744 dicat
776 3691 898 3757 ille,
942 3689 1288 3760 Quicumque;
1335 3688 1531 3743 frustra
1571 3704 1663 3744 vos
1701 3697 1867 3744 terret
1912 3689 2177 3745 dominica

596 3781 688 3834 illa
716 3780 1000 3847 sententia,
1033 3778 1151 3833 Nisi
1179 3786 1290 3850 quis
1319 3789 1525 3834 renatus
1561 3780 1713 3851 fuerit
1751 3796 1815 3834 ea:
1838 3796 1968 3849 aqua
1996 3791 2043 3834 et
2068 3781 2179 3849 spi-

592 3873 722 3924 ritu.
753 3870 968 3927 llabetis
996 3868 1140 3925 énim
1167 3872 1415 3940 magnum
1443 3868 1813 3938 compendium
1839 3886 1853 3923 :
1879 3878 2180 3924 asseverate

600 3971 656 4016 et
681 3963 781 4015 hoc
810 3960 876 4015 de
900 3961 1029 4016 solis
1056 3960 1346 4029 majoribus
1370 3959 1592 4025 dictum,
1626 3974 1956 4029 nequaquam
1984 3975 2182 4031 parvu-

602 4054 685 4107 los
715 4053 813 4106 ista
838 4053 1183 4123 generalitate
1229 4051 1493 4108 Concludi.
1542 4046 1612 4107 Et
1651 4051 1777 4122 quid
1807 4054 1957 4108 vobis
1994 4062 2075 4107 est
2112 4053 2181 4109 de

593 4143 896 4213 qua-stione
916 4143 1254 4213 Baptismatis
1276 4143 1539 4210 laborare,
1561 4152 1739 4197 utrum
1766 4144 1836 4198 sit
1857 4144 1961 4199 vita
1981 4153 2181 4200 mtcrna

602 4245 803 4304 prmter
844 4250 1065 4304 regnum
1108 4235 1221 4302 Dei,
1269 4250 1336 4289 an
1382 4235 1489 4289 vita
1534 4243 1730 4290 aeterna
1770 4236 2008 4305 privandi
2050 4237 2178 4303 sint,

603 4324 914 4381 innocentes
940 4334 1017 4381 tot
1042 4326 1298 4396 imagines
1320 4327 1432 4394 Dei,
1457 4341 1521 4381 ac
1547 4341 1641 4396 per
1662 4326 1764 4382 hoc
1786 4336 1982 4383 aeterna
2011 4337 2182 4385 morte

602 4415 941 4484 plectendzn?
978 4416 1034 4471 Si
1059 4425 1235 4471 autem
1281 4416 1382 4472 hoc
1422 4417 1601 4472 dicere
1641 4432 1751 4471 non
1785 4417 2016 4484 audetis,
2044 4434 2180 4489 quo-

590 4506 748 4560 niam
794 4507 1162 4562 universaliter
1203 4508 1406 4577 prolata
1452 4509 1712 4564 sententia
1758 4517 1862 4576 est,
1908 4509 2028 4564 Nisi
2067 4512 2182 4581 quis

602 4606 808 4658 renatus
834 4599 987 4669 fuerit
1014 4614 1078 4653 ea:
1114 4615 1245 4665 aqua
1268 4607 1319 4652 et
1342 4600 1551 4669 spiritu,
1579 4617 1680 4655 non
1709 4610 1867 4670 potest
1904 4602 2093 4657 intrare
2128 4605 2183 4657 in

601 4705 811 4759 regnum
848 4687 945 4743 Dei
987 4685 1177 4761 (Ioan.
1205 4704 1296 4755 ut,
1325 4690 1395 4761 5)
1430 4705 1447 4747 :
1492 4691 1681 4747 eadem
1724 4706 1818 4747 vos
1863 4694 2184 4748 universitas

601 4782 942 4851 comprimit,
988 4782 1199 4839 dicente
1245 4782 1537 4853 Apostolo,
1586 4784 1897 4856 Quicumque
1943 4785 2183 4857 baptizati

597 4890 779 4943 sumus
808 4874 859 4927 in
886 4872 1085 4929 Christo
1107 4872 1263 4939 Iesu,
1291 4874 1343 4928 in
1370 4882 1526 4928 morte
1553 4874 1689 4930 illius
1714 4876 1953 4945 baptisati
1989 4891 2181 4929 sumus.

602 4967 748 5034 Ergo
781 4974 835 5022 et
869 4966 1075 5036 parvuli
1113 4966 1202 5037 qui
1229 4965 1563 5035 baptizantur
1590 4966 1641 5020 in
1666 4965 1908 5026 Christo,
1934 4966 2182 5036 quoniam

604 5054 659 5107 in
689 5063 860 5109 tttorte
892 5054 1059 5124 ipsius
1084 5054 1436 5124 baptizantur,
1462 5064 1679 5124 peccato
1706 5055 2024 5109 moriuntur.
2054 5053 2183 5110 Inde

602 5145 751 5200 enim
798 5158 1037 5199 connexa
1090 5155 1213 5198 sunt
1272 5145 1372 5199 ista
1419 5145 1719 5214 sequentia,
1773 5159 1893 5199 cum
1942 5146 2183 5216 superius

603 5235 808 5292 dictum
852 5244 1028 5300 esset,
1073 5234 1176 5300 Qui
1214 5235 1400 5289 mortui
1444 5251 1621 5289 sumus
1662 5246 1893 5306 peccato,
1937 5239 2184 5308 quomodo

609 5329 826 5383 vivemus
849 5328 904 5382 in
928 5344 985 5382 eo
1002 5328 1029 5382 1’
1068 5326 1200 5382 Nam
1230 5327 1375 5383 velut
1402 5337 1726 5398 quaereretur
1743 5368 1761 5395 ,
1790 5329 1915 5401 quid
1940 5339 2023 5385 est
2047 5331 2180 5386 mori

609 5418 872 5493 peccato?
917 5418 998 5473 An
1042 5418 1320 5489 ignoratis,
1372 5419 1570 5490 inquit,
1615 5422 1851 5491 quoniam
1892 5423 2185 5495 quicumque

677 5578 695 5606 ί
733 5578 780 5620 tu
805 5578 932 5629 Mss,
954 5569 1301 5621 constituuntur
1322 5571 1478 5625 multi.

673 5636 698 5667 ι
730 5633 935 5699 \aiieani
958 5639 1067 5699 uss.
1103 5640 1154 5683 et
1177 5630 1502 5699 Floriaccnsis,
1525 5648 1575 5689 m
1596 5643 1810 5693 mortem.
1830 5647 1990 5699 Qrzrce
2016 5650 2180 5692 tamen

612 5706 771 5756 esum
797 5696 843 5745 to
865 5691 1075 5745 thtmatb.
1486 5691 1498 5699 ν
1726 5691 1733 5693 τ
1844 5692 1861 5707 ρ

1396 307 1665 363 CONTRA
1702 300 2039 364 JULIANUM
2077 297 2552 366 PELAGIANUM,
2593 301 2652 355 S.
2692 300 3063 358 AUGUSTINI

2277 306 2552 366 LitANUM,
2593 306 2652 355 S.
2692 306 3063 358 AUCUSTINI
3746 306 3855 364 828

2277 392 2516 462 baptizati
2543 409 2717 448 sumus
2742 394 2793 448 in
2821 393 3019 449 Christo
3042 394 3200 465 Iesu,
3229 396 3283 449 in
3318 405 3476 453 morte
3502 397 3638 454 illius
3681 400 3855 469 bapti-

2271 483 2373 537 zati
2397 485 2617 539 sumus?
2663 487 2796 542 Hinc
2839 485 3072 557 probans
3113 488 3254 564 quod
3296 502 3457 559 supra
3497 490 3742 559 dixerat,
3789 493 3856 549 Si

2273 577 2457 628 mortui
2482 593 2653 630 sumus
2688 589 2909 647 peccato,
2935 580 3183 651 quomodo
3208 581 3425 637 vivemus
3448 581 3503 636 in
3532 599 3590 637 eo
3608 582 3638 638 .’
3680 594 3737 639 ut
3760 586 3856 658 qui

2274 682 2331 721 se
2372 684 2476 722 non
2522 669 2826 739 ignorarent
2870 671 2921 725 in
2958 681 3131 728 morte
3153 671 3347 729 Christi
3385 675 3702 745 baptizatos,
3730 692 3855 732 cum

2273 762 2664 831 baptizarentur
2707 764 2757 817 in
2795 762 3029 827 Christo,
3068 765 3266 821 scirent
3308 766 3466 822 etiam
3510 781 3571 824 se
3612 776 3859 823 mortuos

2273 867 2393 907 esse
2433 862 2685 922 peccato;
2729 854 2850 923 quia
2880 853 3011 911 nihil
3053 864 3135 910 est
3172 854 3316 911 aliud
3359 856 3412 911 in
3456 869 3629 915 morte
3652 857 3859 915 Christi

2274 942 2567 1011 baptizari,
2602 944 2700 997 nisi
2744 936 2961 1013 peccato
2991 946 3146 999 mori.
3190 946 3301 1000 lloc
3344 946 3649 1018 diligentius
3687 964 3861 1020 expo-

2274 1046 2409 1086 nens
2436 1032 2699 1107 adjungit,
2726 1043 2780 1089 et
2801 1033 2928 1090 dicit
2953 1052 2968 1088 :
2998 1033 3289 1106 Consepulti
3320 1053 3440 1109 ergo
3466 1055 3638 1098 sumus
3661 1040 3738 1093 illi
3766 1056 3861 1109 per

2272 1123 2591 1195 Baptismum
2615 1125 2668 1178 in
2692 1133 2922 1192 mortem,
2949 1133 3003 1179 ut
3027 1126 3453 1195 quemadmodum,
3469 1130 3685 1183 surrexit
3706 1128 3862 1183 Chri-

2270 1226 2377 1272 stus
2400 1235 2433 1272 a
2460 1219 2669 1274 mortuis
2694 1235 2787 1286 per
2816 1218 3029 1288 gloriam
3057 1217 3250 1286 Patris,
3276 1221 3351 1273 ita
3371 1229 3417 1274 et
3442 1238 3533 1277 nos
3557 1222 3611 1275 in
3635 1223 3861 1278 novitate

2272 1308 2386 1362 vitis
2422 1309 2751 1363 ambulemus.
2785 1308 2846 1364 Si
2880 1309 3012 1363 enim
3038 1310 3365 1379 complantati
3399 1328 3575 1367 sumus
3606 1313 3858 1367 similitu-

2273 1406 2381 1459 dini
2398 1406 2571 1461 mortis
2580 1407 2724 1477 ejus;
2745 1406 2816 1460 sic
2827 1417 2872 1460 et
2889 1406 2961 1477 (a)
2978 1407 3355 1461 resurrectionis
3370 1409 3555 1461 erimus
3576 1424 3595 1462 :
3619 1408 3713 1463 hoc
3750 1408 3856 1462 sci-

2271 1505 2430 1561 entes,
2465 1497 2583 1565 quia
2619 1506 2755 1551 vetus
2788 1497 2937 1551 homo
2966 1506 3131 1552 noster
3167 1497 3320 1551 simul
3353 1497 3627 1567 cruciﬁxus
3664 1507 3758 1563 est,
3799 1508 3861 1552 ut

2272 1597 2534 1640 evacuetur
2570 1603 2754 1657 corpus
2792 1588 3012 1658 peccati,
3038 1596 3091 1640 ut
3125 1589 3261 1642 ultra
3292 1603 3392 1642 non
3420 1588 3695 1644 serviamus
3733 1605 3858 1659 pec-

2272 1667 2403 1730 cato.
2436 1676 2536 1742 Qui
2575 1678 2707 1731 enim
2740 1687 2967 1732 mortuus
3001 1687 3103 1744 est,
3133 1678 3447 1749 justiﬁcalus
3475 1689 3545 1732 est
3571 1696 3603 1731 a
3627 1687 3858 1750 peccato.

2274 1769 2338 1824 Si
2381 1778 2548 1823 autem
2590 1771 2775 1823 mortui
2817 1786 2993 1824 sumus
3034 1787 3147 1824 cum
3186 1767 3405 1838 Christo,
3450 1771 3698 1825 credimus
3735 1772 3862 1843 quia

2272 1860 2425 1914 simul
2454 1859 2671 1913 vivemus
2700 1876 2813 1913 cum
2836 1860 2926 1914 illo
2957 1876 2977 1914 :
3008 1861 3215 1915 scientes
3248 1862 3367 1931 quia
3397 1860 3626 1914 Christus
3645 1877 3862 1932 surgens

2273 1966 2335 2004 ca:
2358 1951 2565 2003 mortuis
2591 1952 2703 2022 jam
2729 1968 2829 2005 non
2854 1951 3094 2019 moritur,
3118 1968 3254 2006 mors
3287 1950 3365 2005 illi
3392 1952 3527 2005 ultra
3552 1968 3655 2006 non
3685 1951 3856 2006 domi-

2273 2039 2492 2094 nabitur.
2525 2040 2673 2108 Quod
2711 2042 2843 2095 enim
2878 2050 3103 2095 mortuus
3140 2051 3215 2096 est
3253 2051 3456 2114 peccato
3477 2084 3491 2106 ,
3520 2051 3746 2096 mortuus
3783 2052 3863 2098 est

2272 2130 2424 2185 semel
2448 2146 2468 2185 .°
2489 2131 2625 2201 quod
2647 2141 2815 2186 autem
2834 2132 2969 2197 vivit,
2996 2132 3111 2186 vivit
3133 2131 3261 2187 Deo.
3291 2130 3375 2186 Ita
3398 2144 3444 2186 et
3470 2149 3556 2188 vos
3580 2133 3864 2189 existimate

2274 2238 2359 2277 vos
2398 2232 2623 2279 mortuos
2652 2224 2855 2293 quidem
2881 2240 2987 2279 esse
3022 2232 3225 2295 peccato
3243 2265 3260 2291 ,
3289 2226 3450 2282 vivere
3473 2234 3639 2280 autem
3658 2225 3766 2280 Deo
3804 2227 3862 2280 in

2276 2314 2477 2369 Christo
2499 2314 2627 2369 Iesu
2656 2317 2830 2388 (Rom.
2872 2332 2927 2384 v,
2952 2316 3092 2384 8-vr,
3121 2315 3235 2388 Η).
3264 2316 3320 2374 Si
3346 2333 3476 2389 ergo
3501 2326 3722 2390 peccato
3747 2334 3858 2374 non

2276 2406 2576 2460 moriuntur
2601 2408 2827 2477 parvuli,
2852 2408 3036 2477 procul
3059 2408 3221 2466 dubio
3246 2408 3297 2464 in
3322 2407 3518 2464 Christi
3547 2417 3721 2465 morte
3745 2425 3859 2465 non

2275 2497 2629 2567 baptizantur.
2675 2499 2731 2554 Si
2775 2500 2827 2554 in
2874 2499 3074 2556 Christi
3129 2510 3305 2557 morte
3346 2516 3451 2556 non
3498 2500 3858 2571 baptizantnr,

2276 2605 2383 2644 non
2417 2591 2469 2645 in
2494 2590 2708 2647 Christo
2744 2592 3096 2662 baptizantur.
3128 2592 3438 2663 Quicumque
3461 2595 3592 2648 enim
3618 2593 3864 2665 baptisati

2275 2697 2452 2735 sumus
2477 2681 2528 2735 in
2555 2681 2751 2737 Christo
2773 2682 2920 2749 Iesu,
2947 2683 3000 2736 in
3027 2693 3187 2738 morte
3214 2684 3375 2755 ipsius
3397 2683 3638 2755 baptizati
3660 2701 3857 2740 sumus.

2278 2771 2336 2826 ln
2364 2772 2573 2827 Christo
2604 2782 2781 2829 autem
2818 2774 3179 2843 baptizantur,
3222 2783 3443 2847 peccato
3468 2791 3595 2847 ergo
3622 2776 3860 2831 moriuno

2280 2871 2383 2917 tur.
2414 2863 2512 2919 Cui
2539 2874 2776 2933 peccato,
2804 2879 2984 2935 quaeso
3010 2875 3082 2931 te,
3108 2866 3206 2920 nisi
3234 2865 3373 2936 quod
3402 2866 3661 2937 originale
3684 2879 3863 2922 traxe-

2281 2953 2461 3007 runt?
2516 2956 3016 3025 Argumentationes
3060 2956 3335 3011 hominum
3381 2958 3398 2989 ¹
3439 2956 3802 3012 conticescant
3840 2974 3856 3011 :

2280 3045 2538 3102 Dominus
2564 3046 2711 3101 novit
2737 3047 3090 3118 cogitationes
3113 3047 3407 3115 hominum,
3433 3048 3685 3117 quoniam
3709 3064 3862 3104 vana

2280 3146 2405 3192 sunt
2442 3135 2612 3209 (Psal.
2637 3154 2789 3206 xcnt,
2820 3138 2944 3210 Η).
2984 3138 3424 3211 Διιεοοηάίιὴωο
3462 3153 3492 3193 a
3533 3139 3862 3209 sapientibus

2280 3236 2334 3283 et
2379 3227 2744 3298 prudentibus.
2771 3236 2835 3285 et.
2870 3229 3125 3284 revelavit
3167 3245 3229 3285 ea
3273 3229 3506 3299 parvulis
3550 3229 3861 3301 (Mettium,

2279 3317 2407 3391 25).
2441 3318 2495 3375 Si
2534 3320 2626 3373 tibi
2657 3320 2943 3375 christiana
2972 3319 3101 3375 fides
3129 3320 3406 3392 displicet,
3436 3322 3670 3391 apertius
3693 3322 3864 3377 conli-

2282 3420 2396 3466 tere
2426 3429 2439 3465 :
2473 3427 2593 3466 nam
2623 3412 2965 3467 christianam
3009 3410 3166 3466 fidem
3210 3413 3369 3467 aliam
3396 3426 3500 3467 non
3530 3421 3682 3482 potes
3714 3413 3863 3468 inve-

2281 3502 2415 3555 nire.
2450 3501 2599 3558 Unus
2623 3501 2782 3557 homo
2807 3512 2889 3557 est
2921 3501 2987 3556 ad
3021 3510 3267 3568 mortem,
3296 3518 3432 3557 unus
3453 3502 3521 3558 ad
3547 3503 3729 3557 vitam.
3766 3501 3863 3558 Ille

2283 3602 2485 3648 tantum
2532 3593 2714 3661 homo,
2761 3593 2861 3649 iste
2905 3593 3044 3649 Deus
3081 3602 3138 3648 et
3177 3593 3338 3648 homo
3362 3595 3405 3649 ⁸.
3450 3596 3553 3650 l’er
3593 3595 3739 3649 illum
3776 3601 3864 3650 est

2282 3689 2511 3744 mundus
2546 3689 2792 3746 inimicus
2824 3688 2996 3747 factus
3020 3690 3133 3747 Deo
3160 3708 3173 3743 :
3204 3704 3299 3760 per
3334 3690 3492 3746 istum
3519 3687 3747 3745 mundus
3770 3705 3865 3746 re-

2281 3781 2594 3836 conciliatur
2633 3782 2746 3837 Deo
2791 3782 2992 3838 electus
3038 3798 3103 3838 ex
3151 3782 3369 3837 mundo.
3421 3781 3567 3836 Sicut
3617 3781 3761 3836 enim
3806 3782 3864 3835 in

2282 3869 2446 3923 Adam
2468 3886 2637 3925 omnes
2661 3872 2972 3936 moriuntur,
3002 3872 3074 3926 sic
3100 3879 3147 3926 et
3172 3871 3224 3925 in
3251 3872 3449 3927 Christo
3488 3888 3661 3925 omnes
3700 3871 3865 3940 viviﬁ-

2282 3960 2547 4016 cabuntur.
2596 3960 2741 4017 Sicut
2786 3963 3092 4032 portavimus
3130 3962 3400 4033 imaginem
3441 3962 3653 4024 terreni,
3695 3971 3865 4032 porte-

2284 4070 2396 4108 mus
2426 4052 2447 4085 ³
2483 4062 2529 4108 et
2569 4054 2836 4125 imaginem
2881 4056 2993 4124 ejus
3032 4055 3119 4125 qui
3157 4054 3221 4109 de
3262 4055 3386 4107 celo
3425 4062 3496 4107 est
3541 4052 3592 4125 (l
3619 4052 3735 4107 Cor.
3770 4067 3860 4117 xv,

2283 4145 2377 4211 22,
2401 4144 2513 4217 49).
2545 4145 2669 4200 llrec
2691 4144 3106 4200 stabilitamenta
3135 4143 3257 4199 lidei
3286 4143 3590 4198 christiana:
3626 4144 3714 4213 qui
3739 4144 3867 4199 sub.

2284 4247 2497 4294 vertere
2522 4238 2727 4302 nititur,
2758 4236 3022 4293 stantibus
3047 4237 3127 4291 eis
3162 4237 3275 4306 ipse
3305 4235 3649 4291 subvertitur.

2356 4329 2581 4386 CAPUT
2608 4330 2650 4384 ν
2675 4328 2845 4403 (b).—
2869 4330 2956 4383 ll.
2988 4328 3209 4383 Prorsus
3226 4327 3364 4398 quod
3383 4327 3583 4382 inlibro
3602 4326 3861 4391 meodixi,

2285 4422 2369 4476 cui
2400 4421 2635 4485 resistis,
2662 4436 2847 4475 verum
2872 4429 2956 4475 est
2980 4437 2994 4473 :
3030 4437 3050 4471 ‹
3077 4418 3208 4474 Nam
3233 4417 3373 4489 quod
3402 4416 3677 4472 dimissum
3700 4427 3783 4472 est
3810 4417 3864 4470 in

2288 4522 2540 4583 parente,
2571 4523 2630 4567 ut
2669 4512 2909 4566 trahatur
2948 4512 3001 4565 in
3031 4509 3184 4581 prole
3207 4550 3223 4575 ,
3264 4509 3413 4563 miris
3440 4506 3652 4577 quidem
3693 4507 3866 4563 modis

2287 4607 2375 4670 lit,
2420 4606 2515 4659 sed
2545 4614 2719 4660 tamen
2752 4604 2812 4658 lit
2837 4622 2852 4657 :
2884 4613 2939 4658 et
2963 4604 3082 4671 quia
3112 4601 3301 4657 modus
3328 4602 3440 4671 ipse
3477 4615 3583 4655 non
3606 4600 3747 4654 facili
3778 4614 3866 4653 ra-

2290 4697 2432 4751 tione
2459 4695 2768 4766 indagatur,
2801 4708 2902 4750 nec
2933 4706 3185 4748 sermone
3209 4690 3524 4762 explicatur,
3550 4690 3619 4746 ab
3643 4688 3869 4745 inﬁdeli-

2288 4790 2387 4844 bus
2417 4804 2522 4843 non
2550 4788 2785 4844 creditur
2817 4806 2836 4839 ι
2873 4785 2973 4860 (De
2998 4784 3206 4854 Nuptiis
3230 4792 3276 4837 et
3304 4782 3739 4853 Concupiscentia,
3764 4781 3861 4836 lib.

2290 4882 2340 4944 1,
2375 4897 2428 4933 n.
2456 4879 2570 4949 ει).
2595 4879 2798 4945 Quibus
2827 4876 3002 4933 verbis
3027 4876 3162 4930 meis
3197 4872 3464 4929 insidiaris
3511 4871 3861 4936 mendaciter,

2288 4972 2436 5040 quasi
2449 4972 2694 5034 dixerim,
2718 4986 2737 5021 ι
2763 4983 2862 5024 nec
2878 4970 3080 5022 ratione
3093 4963 3490 5036 comprehendi,
3508 4978 3606 5018 nec
3620 4976 3869 5019 sermone

2287 5062 2578 5128 explicari;
2612 5080 2633 5113 ι
2677 5058 2996 5115 subtrahens
3029 5058 3153 5115 inde
3179 5057 3319 5127 quod
3343 5056 3473 5123 disi,
3508 5072 3530 5108 ι
3557 5069 3661 5109 non
3680 5054 3821 5109 facili
3841 5072 3865 5108 ι

2289 5157 2402 5212 sive
2423 5174 2441 5207 ι
2474 5156 2676 5210 ratione
2713 5173 2732 5207 ι
2770 5155 2885 5208 sive
2915 5171 2937 5205 ι
2964 5165 3230 5208 sermone.
3260 5168 3282 5203 ι
3307 5147 3467 5207 Aliud
3489 5157 3573 5204 est
3599 5165 3621 5201 ι
3649 5146 3814 5212 nulla,
3841 5162 3864 5198 ι

2291 5248 2432 5319 quod
2452 5259 2505 5302 tu
2532 5247 2695 5310 dicis;
2728 5244 2871 5300 aliud
2896 5255 2979 5300 est
3009 5263 3030 5297 ι
3058 5258 3164 5299 non
3190 5241 3348 5309 facili,
3381 5258 3401 5294 ι
3430 5239 3571 5311 quod
3589 5254 3688 5309 ego
3711 5237 3820 5293 dixi
3852 5254 3871 5291 :

2292 5342 2378 5397 ubi
2409 5340 2534 5412 quid
2562 5339 2702 5394 aliud
2730 5352 2888 5409 quam
2929 5336 3292 5393 calunrniosus
3340 5332 3605 5406 appares?
3637 5330 3744 5387 Sed
3770 5328 3872 5386 etsi

2356 5456 2373 5488 ί
2409 5436 2724 5503 t‘loriacensis
2744 5457 2849 5507 ωε..
2873 5446 3093 5500 hominis.

2354 5518 2374 5548 ²
2408 5523 2616 5573 Quatuor
2637 5519 2765 5569 διδ,
2789 5511 2879 5562 iste
2899 5518 2944 5561 et
2968 5520 3089 5561 ηεαδ
3105 5516 3149 5581 et
3168 5509 3322 5560 homo.
3579 5568 3589 5579 .

2355 5577 2377 5611 ³
2410 5577 2543 5633 aliti,
2562 5576 2633 5627 ita
2654 5582 2914 5636 portemus,
2938 5574 3104 5636 Abest,
3120 5577 3211 5636 vlg,
3233 5582 3263 5621 ι
3286 5567 3637 5633 tinniturum

2356 5640 2429 5761 2a)
2462 5644 2620 5695 Forte,
2642 5633 2729 5686 sed
2748 5641 2813 5693 et,
2828 5641 2883 5682 ut
2903 5633 3041 5692 infra,
3068 5647 3115 5683 n.
3139 5633 3212 5681 15.

2384 5698 2431 5759 b)
2468 5698 2597 5760 Apud
2623 5707 2720 5746 Αηι.
2750 5704 2797 5745 et
2818 5700 2913 5757 PL,
2932 5694 2977 5743 ‘2.

2384 5694 2431 5759 li)
2468 5698 2597 5760 Apud
2623 5707 2720 5746 Αηι.
2750 5704 2797 5745 et
2818 5700 2913 5757 PL,
2932 5694 2977 5743 ‘2.

2822 6486 3337 6500 -‘---
