4122 6564
1410 291 1438 300 -ρ-

293 386 417 447 829⁷

294 506 438 559 nulla
472 504 676 558 ratione
700 501 997 571 iudagetur,
1019 499 1163 553 nullo
1177 513 1425 555 Sermone
1451 500 1746 569 explicetur
1764 517 1778 554 :
1794 515 1890 556 ve-

293 616 418 657 rum
438 610 614 654 tanien
657 608 741 653 est
773 596 918 667 quod
962 590 1252 667 antiquitus
1280 593 1455 650 veraci
1485 594 1588 649 tide
1626 593 1889 649 catholica

292 688 616 758 praedicatur
638 695 691 742 et
709 685 944 742 creditur
958 701 1054 755 per
1074 683 1369 741 Ecclesiam
1386 693 1549 739 totam
1570 700 1585 749 ;
1611 699 1732 754 qua:
1751 682 1891 739 filios

293 779 530 835 ﬁdelium
556 794 656 835 nec
678 779 1025 845 exorcizaret,
1055 792 1157 833 nec
1196 775 1522 842 exsufﬂaret,
1564 775 1608 830 si
1647 790 1754 830 non
1793 790 1889 830 eos

294 870 366 925 de
395 878 659 940 potestate
687 869 1050 934 tenebrarum,
1080 877 1135 924 et
1162 884 1193 923 a
1220 869 1460 938 principe
1498 867 1691 923 mortis
1730 882 1888 922 erue.-

290 970 409 1026 rct;
461 961 604 1031 quod
634 963 688 1015 in
733 960 869 1015 libro
902 975 1057 1025 meo,
1101 959 1187 1014 cui
1212 959 1358 1016 velut
1380 958 1708 1026 respondes,
1740 972 1771 1011 a
1800 971 1886 1013 me

291 1057 524 1121 positum
564 1051 765 1123 est(De
790 1051 955 1121 Nupt.
979 1062 1027 1107 et
1053 1051 1302 1122 Concup.,
1322 1043 1470 1115 libJ,
1487 1050 1679 1121 n.22):
1706 1049 1800 1105 sed
1829 1049 1883 1104 id

292 1153 351 1200 tu
376 1159 800 1201 commemorare
828 1144 1070 1211 timuisti,
1103 1155 1351 1214 tanquam
1380 1143 1495 1213 ipse
1517 1144 1586 1198 ab
1611 1142 1743 1198 orbe
1770 1152 1882 1197 toto

293 1236 660 1293 exsufﬂaudus
682 1252 830 1293 esses
846 1278 862 1303 ,
900 1237 946 1291 si
974 1237 1098 1292 huic
1119 1236 1477 1292 exsumatioui
1505 1251 1609 1305 qua
1634 1237 1881 1303 princeps

292 1329 480 1384 mundi
506 1336 561 1383 et
584 1344 613 1381 a
639 1328 872 1396 parvulis
909 1328 1123 1395 ejicitur
1162 1326 1338 1392 foras,
1380 1326 1746 1382 contradicere
1787 1339 1880 1378 vo-

288 1418 509 1473 luiSses.
555 1416 775 1473 Frustra
819 1427 873 1473 te
915 1418 1190 1488 intorques
1213 1416 1761 1488 argumentationibus
1785 1430 1880 1470 va-

289 1511 415 1577 nis,
443 1527 550 1566 non
576 1510 832 1566 adversus
861 1526 969 1575 me,
1000 1511 1094 1567 sed
1123 1510 1379 1566 adversus
1401 1523 1738 1563 communem
1765 1523 1878 1561 ma.

286 1610 428 1657 trem
472 1603 834 1671 spiritualem;
875 1618 995 1673 qua:
1022 1618 1126 1657 nou
1171 1613 1222 1655 te
1248 1601 1405 1656 aliter
1446 1600 1684 1671 peperit,
1715 1615 1873 1669 quam

286 1695 433 1750 sicut
450 1694 562 1763 jam
584 1709 690 1750 non
714 1695 793 1749 vis
819 1703 876 1748 ut
905 1695 1103 1759 pariat;
1126 1702 1311 1748 contra
1334 1692 1486 1761 cujus
1516 1694 1717 1746 viscera
1744 1691 1874 1747 satis

287 1786 463 1842 acutis
504 1786 623 1841 telis
647 1787 741 1841 tibi
771 1785 973 1842 videris
988 1793 1266 1851 armatus,
1295 1784 1364 1841 de
1385 1784 1588 1853 justitia
1616 1782 1709 1838 Dei
1737 1797 1871 1837 con.

289 1890 374 1933 tra
411 1880 674 1947 justitiam
704 1879 838 1946 Dei,
886 1878 954 1935 de
981 1880 1151 1949 gratia
1176 1879 1272 1934 Dei
1309 1887 1494 1934 contra
1521 1877 1746 1947 gratiam
1779 1876 1868 1932 Dei

280 1971 548 2040 colligens
569 1979 903 2041 argumenta.
931 1970 1083 2025 Tunc
1100 1971 1242 2026 enim
1271 1980 1355 2026 est
1385 1969 1477 2024 Dei
1496 1984 1620 2023 vera
1644 1968 1867 2039 justitia,

278 2066 330 2119 si
380 2079 544 2134 grave
582 2063 767 2134 jugum
813 2079 976 2134 super
1022 2063 1162 2118 ﬁlios
1201 2062 1373 2118 Adam
1403 2078 1436 2117 a
1462 2062 1550 2117 die
1590 2062 1762 2116 exitus
1801 2061 1871 2117 de

279 2165 472 2209 ventre
493 2156 676 2208 matris
701 2169 888 2209 eorum
916 2152 1102 2226 (Eccli.
1130 2169 1201 2208 ιι.
1219 2194 1237 2219 ,
1266 2151 1320 2224 1)
1356 2169 1461 2206 non
1488 2156 1558 2206 sit
1592 2151 1866 2221 injustam;

278 2243 781 2310 Quomodoautem
819 2259 927 2298 non
960 2253 1044 2299 est
1083 2244 1338 2313 injustam
1371 2245 1556 2313 jugum
1585 2259 1779 2314 grave,
1822 2244 1868 2299 si

278 2333 489 2401 nullum
521 2344 603 2389 est
631 2335 684 2389 in
726 2335 960 2403 parvulis
988 2333 1229 2401 malum,
1277 2344 1497 2404 propter
1542 2333 1683 2404 quod
1723 2334 1870 2403 justo

274 2424 408 2494 jugo
440 2435 753 2493 premantur
787 2425 970 2495 gravi?
1017 2424 1168 2481 'l‘unc
1194 2434 1276 2479 est
1310 2440 1434 2480 vero
1467 2425 1558 2487 Dei
1587 2426 1754 2494 gratia
1776 2467 1792 2490 ,
1821 2426 1867 2480 si

244 2513 390 2568 ’hoc
430 2516 592 2570 rebus
634 2515 911 2581 exhibeat,
960 2514 1102 2585 quod
1149 2515 1325 2571 verbis
1364 2524 1538 2570 sonat.
1588 2515 1868 2581 Quomodo

277 2613 461 2661 autem
493 2604 595 2660 hoc
633 2605 756 2660 facit
780 2646 795 2670 ,
838 2606 883 2659 si
914 2620 1035 2660 eum
1064 2605 1318 2660 exsufﬂet
1361 2607 1412 2661 iu
1452 2621 1560 2676 quo
1585 2606 1732 2660 novit
1761 2621 1866 2661 non

275 2711 403 2752 esse
431 2696 572 2766 quod
604 2698 808 2766 pellat,
834 2699 879 2754 si
908 2713 1030 2754 eum
1060 2698 1200 2754 lavat
1227 2699 1280 2753 in
1310 2713 1417 2768 quo
1442 2699 1590 2755 novit
1617 2713 1725 2757 non
1748 2713 1870 2756 esse

275 2788 421 2857 quod
446 2788 664 2842 abluat?

280 2940 283 2945 γ
354 2878 442 2933 12.
470 2879 737 2949 Numquid
775 2878 862 2939 vel
891 2879 985 2935 tibi
1011 2881 1097 2937 vel
1136 2881 1463 2951 quibuslibet
1500 2884 1869 2939 consectaneis

278 2966 387 3022 tuis
415 2969 432 2999 ¹
460 2968 679 3037 aliquid,
706 2968 888 3029 dicere
935 2970 1233 3039 videreris,
1278 2971 1326 3026 si
1371 2980 1628 3042 quantum
1671 2973 1756 3028 sit
1785 2972 1869 3046 (ut

280 3076 351 3114 ex
395 3075 460 3115 ea
498 3069 680 3115 natum
720 3076 941 3117 necesse
980 3061 1051 3117 sit
1089 3063 1334 3130 renasci,
1381 3078 1487 3118 non
1525 3073 1770 3119 renatum
1798 3066 1869 3121 sit

280 3164 509 3209 necesse
550 3151 792 3208 damnari
817 3152 875 3223 ¹)
917 3152 1123 3209 malum
1159 3155 1605 3224 concupiscentiae
1651 3157 1859 3224 carnis,

275 3242 560 3301 sanctitate
587 3243 781 3303 mentis
810 3244 1047 3314 cogitare
1075 3245 1304 3314 possetis
1336 3263 1352 3300 :
1379 3253 1437 3301 et
1461 3246 1865 3316 quidcouferat

275 3333 449 3405 gratia
471 3374 488 3398 ,
520 3347 641 3388 cum
666 3342 873 3390 reatum
900 3333 1019 3404 ejus
1051 3334 1319 3402 absolvit,
1359 3351 1465 3405 quo
1502 3335 1730 3391 faciebat
1755 3337 1865 3391 ori-

273 3425 526 3495 ginalitcr
550 3425 820 3498 hominem
845 3442 997 3483 reum
1017 3469 1032 3493 ,
1060 3427 1361 3498 quandolit
1396 3427 1449 3481 in
1478 3428 1570 3483 illo
1595 3429 1750 3497 plena
1779 3443 1867 3483 re-

276 3519 464 3574 missio
492 3528 831 3589 peccatorum
864 3520 924 3584 ³;
953 3520 1195 3590 quamvis
1224 3520 1338 3588 ipsa
1358 3530 1651 3582 remaneat,
1678 3527 1865 3575 contra

275 3623 437 3678 quam
464 3611 762 3679 regenerati
787 3611 1383 3680 spiritusconeupiscat,
1398 3619 1490 3666 aut
1515 3610 1650 3666 bene
1667 3626 1866 3667 usurus

274 3701 380 3756 hoc
410 3701 551 3757 malo
576 3702 627 3756 in
656 3702 864 3758 minore
880 3703 1204 3767 certamine,
1236 3710 1329 3757 aut
1352 3703 1571 3757 omnino
1596 3716 1705 3757 non
1731 3716 1863 3756 usu-

271 3806 369 3846 rus
413 3792 468 3845 in
506 3792 712 3861 majore
755 3793 1092 3849 certamine?
1139 3792 1281 3849 Inest
1308 3794 1450 3849 extim
1484 3808 1675 3849 sensus
1703 3795 1865 3863 hujus

274 3882 404 3936 mali
427 3922 449 3948 ,,
473 3881 598 3938 dum
629 3883 920 3939 reluctatur
948 3893 1109 3955 atque
1130 3884 1427 3941 cohibetur.
1459 3885 1659 3940 Beatus
1682 3895 1866 3941 autem

270 3972 386 4036 ille,
413 3972 504 4043 qui
524 3973 639 4028 sola
662 3976 1067 4044 regeneratione
1088 3975 1392 4041 dimittitur,
1411 3976 1863 4046 quemadmodum

269 4079 398 4119 cum
447 4064 649 4120 inesset
692 4080 799 4119 non
843 4066 1208 4130 sentiebatur;
1256 4068 1326 4123 ita
1364 4067 1483 4136 ejus
1516 4067 1715 4123 ablatio
1757 4067 1867 4123 tide

266 4170 317 4212 Cl
332 4156 527 4216 editur.
560 4170 665 4210 non
690 4170 852 4212 carne
876 4157 958 4213 vel
986 4167 1164 4213 mente
1188 4159 1433 4213 sentitur.
1462 4157 1590 4215 ideo
1618 4159 1671 4213 in
1698 4157 1863 4228 hujus

268 4247 348 4301 rei
382 4245 711 4301 obscuritate
735 4255 790 4302 te
821 4246 995 4317 jactas
1018 4287 1035 4312 ,
1076 4256 1132 4303 et
1153 4248 1408 4307 adversus
1435 4249 1713 4305 veritatem
1739 4264 1865 4318 quas

267 4338 485 4397 oSIendi.
528 4338 804 4393 hominum
847 4339 1080 4397 maxime
1123 4342 1418 4396 carnalium
1459 4341 1708 4397 sensibus
1752 4355 1863 4397 non

267 4437 470 4498 potest,
487 4438 687 4498 quanto
702 4429 871 4500 magis
899 4437 957 4485 ut
975 4439 1129 4500 putas
1152 4431 1369 4497 acriter,
1400 4439 1547 4486 tanto
1573 4431 1744 4501 magis
1772 4431 1860 4486 in-

268 4520 503 4575 ﬁdeliter
523 4535 747 4591 pugnas.

342 4613 431 4668 15.
462 4611 571 4668 Sed

334 4710 482 4768 verte
503 4716 680 4768 omnes
701 4711 807 4768 tete
828 4705 880 4756 in
904 4702 1055 4768 facies
1070 4738 1087 4764 ,
1104 4709 1164 4768 et
1181 4704 1414 4755 contrahe
1436 4703 1672 4768 quidquid

336 4767 446 4814 sive
467 4766 667 4825 animis,
686 4767 793 4815 sive
812 4772 919 4816 arte
942 4764 1077 4816 vales
1095 4765 1169 4830 (a)
1194 4778 1210 4814 :
1453 4764 1473 4768 '
1568 4776 1573 4779 '

269 4846 585 4919 Quicumque
615 4847 857 4918 baptizati
881 4865 1054 4903 sumus
1095 4848 1149 4901 in
1182 4846 1382 4903 Christo
1407 4846 1532 4902 Jesu
1552 4889 1568 4914 ,
1607 4848 1661 4902 in
1698 4858 1857 4903 morte

263 4940 427 5011 ipsius
455 4939 696 5011 baptizati
720 4957 914 4994 sumus.
958 4939 1100 5010 Ergo
1132 4954 1313 4993 verum
1352 4949 1431 4994 est
1477 4954 1573 4993 nos
1617 4948 1857 4994 mortuos

264 5046 389 5086 esse
416 5041 637 5103 peceato
662 5030 713 5085 in
742 5039 915 5086 morte
939 5029 1160 5097 Christi,
1193 5047 1311 5101 qua!
1340 5029 1438 5084 fuit
1464 5030 1575 5085 sine
1599 5039 1851 5099 peccato:

263 5140 333 5180 ac
359 5140 451 5195 per
492 5123 596 5180 hoc
635 5132 690 5180 et
717 5124 948 5194 majores
973 5134 1025 5179 et
1053 5123 1276 5193 parvuli.
1321 5122 1500 5193 Neque
1528 5122 1671 5177 enim
1701 5121 1775 5176 illi
1802 5131 1857 5177 et

268 5232 377 5271 non
407 5215 528 5281 isti,
560 5224 652 5270 aut
685 5215 771 5269 isti
802 5224 856 5270 et
886 5229 989 5270 non
1023 5214 1099 5269 illi
1131 5232 1144 5269 :
1177 5215 1269 5270 sed
1294 5215 1587 5287 quicumque
1614 5214 1855 5284 baptismi

261 5324 438 5363 sumus
464 5306 519 5360 in
545 5305 743 5360 Christo
769 5306 896 5361 Jesu
918 5347 934 5374 ,
962 5306 1016 5360 in
1042 5317 1196 5361 morte
1219 5306 1356 5361 illius
1386 5305 1628 5377 baptizati
1654 5323 1850 5361 sumus.

329 5443 348 5512 ξ
383 5440 607 5512 Quinque
644 5439 858 5491 Vaticani
893 5395 1099 5491 διεξίοι
1145 5438 1245 5490 duo
1296 5435 1553 5497 Gallicani,
1610 5442 1870 5489 conserua--

261 5516 367 5596 ne?
384 5506 513 5613 istic;
532 5562 851 5621 sententiam,
875 5559 1156 5624 parenthesi
1176 5561 1407 5624 inclusam
1420 5594 1436 5620 ,
1458 5561 1686 5610 omittunt
1706 5559 1854 5610 iidem

266 5625 470 5688 codices
489 5624 706 5688 quinque
729 5621 936 5675 Vaticani
969 5621 1140 5688 et_duo
1155 5622 1397 5672 Gallicani.
1579 5682 1585 5688 ,

329 5689 351 5717 ³
386 5682 697 5735 r'loriacenSis
729 5692 812 5735 Ms.
859 5684 1070 5734 secunda
1111 5696 1253 5732 manu
1272 5690 1548 5743 correctus,
1571 5682 1620 5733 in
1650 5682 1734 5735 illo
1766 5696 1852 5746 per

262 5760 374 5797 eam
399 5746 616 5797 remissio
636 5752 958 5809 peccatorum.

327 5809 403 5861 (al
437 5809 588 5857 Verba
613 5805 810 5864 Virgilii,
836 5805 917 5855 lib.
952 5805 1005 5854 1:2
1027 5806 1232 5866 :15neid.,
1258 5819 1386 5857 vers.
1414 5806 1523 5866 889,
1542 5806 1649 5856 890.

1674 382 1875 439 LIBER
1912 381 2200 440 SEXTUS.

3494 403 3580 457 ςδο

1999 498 2289 571 Compulti
2324 519 2445 574 ergo
2482 521 2651 560 sumus
2676 506 2753 561 illi
2781 524 2872 576 per
2909 506 3226 577 Baptismum
3262 514 3315 567 in
3345 527 3574 571 mortem.

1993 590 2113 646 Non
2138 593 2254 648 sine
2283 594 2529 663 parvulis
2560 613 2573 649 :
2602 597 2854 667 quoniam
2888 601 3183 672 qudcumque
3217 604 3456 673 baptizati
3487 624 3574 660 su-

1994 699 2108 739 mus
2141 684 2194 738 in
2226 683 2424 740 Clu-isto
2449 684 2484 740 Ι
2489 702 2574 741 esu
2597 727 2612 751 ,
2643 688 2699 742 in
2737 699 2899 746 morte
2930 690 3072 746 illius
3099 692 3338 763 baptizati
3378 713 3571 751 sumus.

2001 774 2070 830 Ut
2095 778 2518 847 quemadmodum
2555 783 2774 836 surrexit
2812 783 3041 839 Christus
3065 802 3097 839 a
3121 789 3331 842 mortuis
3353 805 3443 858 per
3462 790 3575 860 glo-

1990 867 2123 920 riam
2150 866 2352 935 Patris,
2383 870 2470 923 ita.
2485 880 2533 924 et
2558 887 2650 926 nos
2676 873 2731 927 in
2760 874 2979 928 novitate
3006 876 3121 931 vita
3145 876 3475 933 atubulemus.
3509 879 3572 933 Si

1946 998 1951 1005 .
1989 960 2123 1012 enim
2149 963 2479 1030 complantati
2514 964 2701 1034 fuimus
2735 966 3055 1022 similitudini
3094 971 3272 1023 mortis
3299 972 3435 1040 ejus,
3483 972 3572 1025 sed

1989 1064 2036 1107 et
2063 1054 2444 1110 resurrectionis
2468 1072 2675 1112 enatus.
2718 1057 2816 1113 Hic
2843 1070 2967 1115 sunt
2985 1070 3039 1115 et
3066 1062 3268 1131 parvuli
3293 1063 3565 1131 complano

1988 1145 2080 1197 tati
2124 1144 2458 1201 similitudini
2503 1149 2691 1203 mortis
2737 1149 2874 1218 ejus.
2927 1150 3039 1205 Hoc
3086 1152 3228 1206 enim
3270 1153 3339 1207 ad
3377 1168 3567 1207 oniues

1986 1233 2217 1301 pertinet
2252 1236 2574 1306 quicumque
2611 1236 2860 1307 baptizati
2888 1253 3073 1294 sumus
3100 1240 3152 1294 in
3179 1240 3393 1296 Christo
3418 1241 3563 1295 Jesu.

1987 1325 2102 1380 Hoc
2127 1329 2335 1383 scientes
2357 1371 2371 1393 ,
2418 1331 2537 1399 quia
2564 1339 2704 1386 vetus
2731 1332 2880 1386 homo
2919 1343 3088 1388 noster
3116 1334 3268 1388 simul
3291 1337 3565 1404 cruciﬁxus

1981 1429 2074 1472 est.
2121 1418 2359 1486 Quorum
2402 1431 2556 1476 vetus
2594 1420 2791 1487 homo,
2837 1422 2941 1478 nisi
2983 1425 3284 1495 quicumque
3326 1425 3569 1494 baptizati

1979 1528 2154 1566 unius
2166 1513 2220 1565 in
2237 1511 2438 1568 Christo
2460 1514 2486 1567 .’
2514 1513 2611 1568 Hic
2642 1514 2818 1585 itaque
2832 1530 3186 1586 agnoscamus
3213 1526 3268 1572 et
3292 1518 3564 1586 parvulos.

1978 1605 2101 1673 quia
2129 1615 2182 1658 et
2212 1605 2355 1673 ipsos
2396 1607 2690 1676 baptizatos
2719 1622 2823 1662 non
2864 1623 3118 1678 negamus
3143 1610 3195 1663 in
3223 1608 3457 1663 Christo.
3501 1611 3569 1664 Et

1979 1693 2161 1763 utquid
2188 1695 2341 1749 simul
2370 1696 2643 1764 cruciﬁxus
2668 1705 2742 1751 est
2771 1707 2913 1751 uetus
2930 1698 3080 1751 homo
3107 1708 3274 1752 uoster
3294 1699 3319 1751 ?
3360 1697 3427 1755 Ut
3457 1716 3565 1752 eva-

1975 1796 2150 1838 cuetur
2170 1826 2185 1848 ,
2214 1786 2382 1855 inquit
2407 1827 2423 1852 ,
2461 1804 2644 1858 corpus
2669 1789 2860 1857 peccati
2880 1830 2897 1856 ,
2930 1799 2983 1842 ut
3007 1790 3144 1842 ultra
3164 1806 3264 1844 non
3289 1791 3563 1845 serviamus

1976 1888 2203 1945 peccato.
2238 1878 2459 1948 Propter
2482 1878 2584 1933 hoc
2606 1893 2801 1949 corpus
2839 1881 3073 1949 peccati,
3113 1882 3259 1935 misit
3298 1882 3435 1936 Deus
3474 1882 3563 1937 Fi-

1978 1967 2105 2021 lium
2134 1984 2291 2022 suum
2319 1969 2370 2022 iu
2406 1968 2755 2026 similitudine
2797 1971 2973 2026 carnis
3001 1972 3203 2041 peccati
3231 1971 3409 2043 (Rom.
3439 1990 3555 2038 vm,

1974 2060 2053 2127 5).
2096 2058 2210 2126 Qua
2254 2060 2415 2129 igitur
2445 2059 2771 2130 imprudentia
2805 2076 3063 2131 negamus
3100 2064 3258 2117 etiam
3302 2066 3553 2134 parvulos

1973 2163 2170 2219 corpus
2199 2149 2400 2205 habere
2425 2152 2668 2220 peccati,
2700 2167 2821 2206 cum
2852 2151 2955 2206 hoc
2975 2152 3117 2221 quod
3140 2153 3288 2217 dicit,
3319 2155 3556 2209 omnium

1973 2239 2044 2293 sit
2071 2240 2388 2310 quicumque
2425 2239 2675 2310 baptizati
2704 2256 2890 2297 sumus
2916 2242 2968 2296 in
2997 2242 3252 2297 Christo?
3301 2244 3399 2310 Qui
3426 2245 3559 2299 enim

1972 2339 2198 2383 mortuus
2224 2339 2297 2383 est
2318 2370 2335 2397 ,
2369 2332 2687 2401 justiﬁcatus
2712 2342 2787 2385 est
2816 2347 2848 2383 a
2877 2341 3100 2401 peccato.
3147 2331 3208 2387 Si
3232 2343 3397 2386 autem
3424 2351 3561 2389 mor-

1973 2421 2046 2474 tui
2072 2436 2245 2475 sumus
2272 2437 2387 2474 cum
2410 2420 2632 2482 Clu-ista.
2661 2422 2911 2475 credimus
2932 2422 3051 2490 quia
3068 2422 3221 2476 simul
3242 2423 3394 2476 etiam
3418 2427 3554 2478 uiue-

1973 2526 2086 2564 mus
2119 2526 2233 2563 cum
2273 2509 2515 2573 Christo;
2559 2521 2768 2565 scientes
2807 2512 2928 2583 quia
2972 2510 3204 2567 Christus
3243 2528 3458 2585 surgens
3498 2530 3563 2568 ea:

1972 2601 2201 2655 mortuis
2210 2603 2326 2671 jam
2353 2617 2457 2656 non
2488 2602 2736 2668 moritur,
2785 2618 2923 2656 mors
2948 2602 2994 2655 ei
3019 2603 3156 2656 ultra
3191 2618 3295 2657 non
3322 2603 3560 2657 domina-

1971 2694 2122 2747 bitur.
2151 2692 2303 2759 Quod
2330 2694 2462 2749 enim
2486 2704 2715 2750 mortuus
2744 2704 2820 2748 est
2853 2704 3087 2765 peccato,
3121 2706 3349 2751 mortuus
3373 2704 3446 2749 est
3474 2712 3559 2750 se-

1970 2786 2070 2839 onel
2092 2801 2116 2839 :
2139 2786 2275 2856 quod
2310 2795 2480 2840 auum
2502 2778 2619 2841 uiuit
2641 2828 2657 2852 ,
2687 2787 2804 2841 uiuit
2836 2786 2960 2842 Deo.
3007 2785 3095 2840 Ita
3121 2796 3166 2842 et
3201 2804 3289 2842 vos
3310 2829 3326 2856 ,
3364 2789 3556 2859 inquit,

1971 2877 2252 2936 existimate
2275 2893 2362 2937 vos
2406 2888 2633 2934 mortuos
2659 2895 2766 2934 esse
2794 2889 2996 2949 peccato
3011 2894 3035 2945 ;
3075 2881 3236 2933 vivere
3258 2890 3425 2934 autem
3455 2879 3561 2935 Deo

1970 2968 2025 3021 in
2048 2966 2433 3025 ChristoJcsu.
2479 2969 2685 3036 Quibus
2709 2969 2811 3025 hoc
2832 2969 3002 3025 dicit?
3043 2970 3338 3041 evigilasne
3354 3012 3371 3038 ,
3398 2980 3453 3026 et
3480 2980 3561 3023 at-

1972 3056 2183 3112 tendis?
2227 3057 2322 3113 Eis
2347 3060 2530 3129 utique
2553 3061 2750 3130 quibus
2775 3060 3019 3125 dicebat,
3065 3061 3129 3116 Si
3164 3070 3334 3115 autem
3371 3063 3559 3116 mortui

1967 3164 2143 3203 sumus
2161 3166 2275 3203 cum
2306 3149 2527 3205 Christo.
2572 3151 2644 3205 Et
2675 3152 2767 3221 qui
2790 3161 2917 3206 sunt
2940 3151 2994 3205 hi
3020 3192 3034 3217 ,
3063 3152 3167 3207 nisi
3194 3153 3385 3222 quibus
3409 3151 3558 3207 dise-

1969 3247 2085 3302 rat,
2125 3236 2278 3294 Vetus
2306 3239 2458 3294 homo
2485 3250 2654 3296 noster
2678 3241 2831 3295 simul
2847 3243 3124 3310 crucifixus
3147 3252 3237 3307 est,
3271 3252 3325 3296 ut
3352 3257 3560 3297 euacua-

1925 3317 1937 3325 “
1969 3337 2054 3384 tur
2079 3346 2263 3400 corpus
2291 3332 2483 3402 peccati
2502 3332 2529 3386 ?
2570 3331 2673 3386 nisi
2706 3333 2899 3403 quibus
2922 3332 3168 3400 dixerat,
3211 3332 3558 3404 Complantati

1968 3435 2145 3474 sunms
2187 3420 2509 3475 similitudini
2541 3423 2718 3477 mortis
2754 3422 2903 3493 ejus?
2942 3422 3041 3476 nisi
3088 3423 3283 3494 quibus
3323 3424 3554 3489 dixerat,

1968 3510 2264 3583 Cousepulti
2295 3531 2472 3568 sumus
2511 3531 2631 3585 ergo
2653 3514 2731 3568 illi
2771 3531 2859 3583 per
2889 3513 3205 3585 Baptismum
3227 3515 3281 3568 in
3307 3518 3555 3571 mortem?

1970 3604 2037 3659 Et
2066 3606 2167 3661 hoc
2185 3607 2378 3677 quibus
2396 3649 2413 3675 ,
2441 3608 2523 3662 vel
2548 3608 2617 3662 de
2642 3607 2835 3678 quibus
2859 3606 3107 3672 dixerat,
3139 3608 3257 3678 lege
3276 3609 3552 3679 superiora

1968 3700 2150 3763 verba,
2174 3699 2367 3769 quibus
2392 3698 2510 3755 hinc
2531 3708 2719 3753 cuncta
2746 3713 2984 3753 connexa
3010 3706 3165 3761 sunt,
3200 3708 3254 3753 et
3279 3699 3551 3754 invenies:

1969 3790 2049 3844 An
2096 3790 2342 3860 ignoratis
2391 3790 2632 3861 quoniam
2668 3789 2970 3859 quicumque
3006 3789 3249 3859 baptizati
3284 3806 3457 3844 sumus
3497 3790 3553 3845 in

1968 3880 2168 3936 Christo
2203 3878 2235 3933 J
2243 3896 2328 3933 esu
2352 3919 2369 3945 ,
2396 3882 2451 3933 in
2477 3891 2638 3934 morte
2657 3880 2795 3935 illius
2824 3880 3062 3951 baptismi
3087 3895 3263 3934 sumus
3282 3881 3308 3934 .9
3334 3879 3404 3934 Et
3430 3895 3551 3936 cum

1967 3973 2067 4027 hoc
2085 3973 2290 4027 diceret
2318 3973 2358 4039 ¹,
2384 3972 2614 4053 probare
2638 3971 2764 4043 quid
2793 3971 2996 4026 voluit?
3037 3971 3177 4043 Lege
3200 3971 3373 4027 adhuc
3396 3975 3553 4042 paulo

1965 4065 2211 4135 superius
2230 4106 2246 4130 ,
2276 4074 2330 4121 ct
2364 4065 2606 4121 invenies
2638 4083 2651 4119 :
2685 4065 2748 4121 Si
2769 4066 2953 4119 mortui
2981 4081 3154 4119 sumus
3175 4075 3397 4136 peccato,
3427 4082 3556 4137 quo-

1966 4158 2117 4212 modo
2150 4158 2370 4229 vivemus
2397 4159 2450 4212 in
2479 4175 2537 4213 eo
2556 4158 2582 4211 ?
2619 4160 2726 4213 Aut
2755 4174 2883 4230 ergo
2917 4157 3187 4229 agnoscite
3217 4160 3466 4228 parvulos
3496 4159 3551 4213 in

1965 4248 2292 4318 Baptismate
2303 4257 2547 4304 mortuos
2565 4263 2684 4304 esse
2710 4258 2946 4317 peccato,
2962 4258 3017 4303 et
3040 4249 3275 4304 fatemini
3299 4249 3553 4306 habuisse

1964 4340 2050 4393 cui
2076 4348 2412 4394 morerentur
2439 4338 2694 4409 originale
2720 4349 2993 4408 peccaturo
3030 4357 3043 4394 :
3070 4346 3162 4394 aut
3185 4348 3369 4409 aperte
3388 4340 3553 4396 dicite

1965 4445 2071 4485 non
2103 4446 2198 4487 eos
2224 4431 2277 4485 in
2303 4441 2479 4486 morte
2503 4429 2700 4486 Christi
2721 4432 3038 4501 baptizatos,
3066 4446 3187 4487 cum
3215 4431 3552 4501 baptizaretu-

1965 4530 2051 4575 tur
2086 4521 2139 4576 in
2171 4520 2420 4587 Christo;
2465 4531 2521 4578 et
2562 4523 2874 4592 Apostolum
2921 4523 3184 4578 mendacii
3224 4523 3546 4594 redarguite,

1965 4615 2228 4669 dicentem
2243 4655 2258 4678 ,
2292 4614 2606 4684 Quicumque
2626 4613 2868 4685 θηρήιαιὶ
2899 4630 3074 4669 sumus
3098 4615 3151 4668 in
3174 4612 3376 4670 Christo
3399 4614 3437 4668 Ι
3440 4631 3546 4681 esu,

1965 4706 2016 4761 in
2044 4716 2202 4760 morte
2219 4706 2360 4761 illius
2390 4706 2631 4776 [παρείκαιί
2658 4723 2849 4761 sumus.

2033 4799 2123 4853 14.
2167 4797 2279 4867 Ego
2311 4796 2428 4851 haec
2468 4812 2613 4850 arma
2647 4797 2884 4851 cmiestia
2908 4838 2923 4864 ,
2961 4811 3083 4867 qua:
3117 4796 3338 4851 vincunt
3366 4796 3546 4855 ρωιο-

1962 4891 2120 4945 stium
2144 4932 2159 4958 ,
2198 4906 2304 4944 non
2339 4890 2549 4944 dimitto
2579 4907 2593 4943 :
2622 4889 2707 4943 his
2739 4888 2895 4942 [idem
2934 4904 3107 4942 meam
3138 4903 3553 4966 sermonemque

1959 4981 2257 5036 committo.
2303 4984 2630 5050 Argumenta
2659 4995 2778 5050 qua:
2818 4978 3085 5049 profertis,
3124 4978 3351 5033 humana
3378 4990 3550 5054 sunt;

1960 5072 2079 5128 haec
2117 5073 2444 5127 munimenta
2486 5072 2662 5126 divina
2704 5079 2849 5126 sunt.
2900 5068 3108 5124 Delicta
3154 5071 3265 5143 quis
3312 5071 3549 5145 intelligit

1960 5162 2132 5234 (Psal.
2164 5178 2328 5228 xvnt,
2363 5160 2495 5223 43)?
2536 5161 2802 5233 Numquid
2839 5161 2960 5216 ideo
2997 5161 3192 5217 delicta
3239 5178 3342 5216 non
3381 5172 3504 5218 sunt
3522 5163 3559 5218 ?~

1960 5253 2035 5309 Ita
2060 5262 2116 5309 et
2152 5253 2411 5323 originale
2436 5252 2690 5307 delictum
2717 5251 2860 5322 quod
2895 5253 2946 5306 in
2977 5261 3195 5321 parente
3227 5263 3557 5323 regenerato,

1958 5344 2280 5408 remittitur,
2303 5352 2359 5399 et
2385 5354 2559 5398 tamen
2587 5346 2775 5398 transit
2803 5344 2853 5398 iu
2883 5343 3122 5414 prolem,
3154 5351 3207 5398 et
3237 5353 3415 5399 manet
3443 5344 3555 5413 nisi,

1958 5447 2014 5495 et
2054 5438 2166 5509 ipsa
2213 5444 2592 5507 regeneretur,
2642 5436 2761 5504 quis
2804 5436 3087 5506 intelligit?
3128 5435 3394 5506 Numquid
3425 5436 3552 5503 ideq

1958 5547 2066 5587 non
2091 5539 2174 5587 est
2200 5529 2493 5585 delictum?
2516 5526 2659 5585 Unus
2679 5544 2773 5599 pro
2800 5530 3028 5583 omnibus
3053 5537 3276 5584 mortuus
3301 5540 3393 5593 est,
3426 5546 3548 5600 erga

1959 5641 2129 5680 omnes
2157 5622 2341 5677 mortui
2378 5632 2514 5677 sunt.
2558 5622 2676 5690 Quo
2702 5621 2864 5677 corde
2884 5663 2899 5688 ,
2932 5637 3039 5691 quo
3066 5637 3159 5678 ore
3182 5664 3198 5690 ,
3230 5638 3330 5692 qua
3372 5622 3548 5677 l'routu

2026 5805 2039 5832 ί
2076 5799 2297 5849 Gallicani
2318 5806 2445 5860 Mss,
2470 5805 2515 5849 c—t
2539 5804 2586 5847 ut
2620 5797 2705 5849 hoc
2728 5795 2882 5859 ﬁeret.
