4122 6564
1412 382 1683 440 CONTRA
1722 377 2060 436 JULIANUM
2102 372 2565 435 PELAGIANUM,
2597 371 2656 428 S.
2701 370 3059 427 AUGUSTI?“
3783 369 3883 426 832

2300 501 2406 540 non
2437 499 2591 556 posse
2611 485 2856 539 animalia
2880 486 2977 539 nisi
2997 482 3276 538 inferiores
3293 495 3504 536 movere
3525 480 3880 551 mandibulas,

599 395 699 451 83!

604 509 852 579 parvulos
881 514 1122 560 mortuos
1145 503 1367 572 negatis,
1402 513 1499 570 pro
1520 498 1710 567 quibus
1732 493 2002 548 Christum
2044 504 2188 544 mur-

607 612 753 653 tuum
783 612 887 651 non
917 595 1160 665 negatis?
1206 594 1260 647 Si
1290 607 1392 646 non
1430 602 1507 645 est
1551 603 1647 658 pro
1673 587 1749 640 eis
1779 583 2019 639 Christus
2047 596 2193 634 mor-

609 702 768 750 tuus,
798 686 981 756 utquid
1023 682 1395 754 baptizantnr?
1443 680 1755 746 Quicumque
1795 675 1925 727 enim
1954 670 2196 740 baptizati

606 795 783 834 sumus
810 778 862 831 in
889 775 1089 831 Christo
1119 774 1244 828 Jcsu
1264 816 1277 835 ,
1309 773 1359 825 in
1386 780 1545 823 morte
1567 768 1705 821 illius
1731 762 1972 834 baptismi
1997 776 2191 814 sumus.

609 871 666 925 Si
711 878 886 924 autem
926 869 1089 923 etiam
1121 882 1218 937 pro
1256 866 1336 919 eis
1361 871 1603 918 mortuus
1641 867 1759 923 est,
1809 855 1901 926 qui
1934 870 2073 908 unus
2101 867 2197 923 pro

610 962 860 1016 omnibus
896 970 1136 1015 mortuus
1173 967 1288 1023 est;
1332 971 1458 1026 ergo
1494 952 1688 1009 mortui
1718 958 1842 1004 sunt
1866 956 1921 1003 et
1960 947 2043 1000 isti
2071 960 2193 1000 cum

559 1065 591 1121 ’πε
614 1055 881 1108 omnibus.
913 1053 976 1106 Et
1005 1052 1129 1121 quia
1160 1051 1211 1104 in
1251 1056 1467 1118 peccato
1496 1044 1689 1100 mortui
1717 1049 1839 1097 sunt
1858 1082 1873 1107 ,
1903 1040 2202 1094 moriuntur

618 1152 672 1197 et
698 1152 918 1212 peccato
940 1149 996 1195 ut
1017 1141 1194 1195 vivant
1221 1139 1348 1202 Deo,
1374 1135 1586 1208 quando
1611 1140 1960 1189 renascuntur
1977 1145 2041 1184 ex
2068 1131 2197 1183 Deo.

619 1232 770 1299 Quod
800 1232 845 1286 si
871 1232 1136 1301 explicare
1171 1245 1275 1283 non
1321 1227 1515 1298 possim
1563 1222 1828 1295 quomodo
1855 1223 2005 1276 vivus
2034 1234 2201 1290 gene-

621 1333 703 1378 ret
725 1332 989 1377 mortuum
1013 1322 1277 1391 (mortuus
1299 1317 1440 1373 enim
1464 1323 1682 1386 peccato
1704 1328 1917 1384 parens,
1937 1320 1996 1366 et
2019 1310 2203 1364 vivens

625 1415 765 1480 Deo,
791 1420 1013 1484 generat
1036 1420 1213 1466 tamen
1235 1410 1287 1464 in
1314 1414 1528 1480 peccato
1559 1414 1829 1460 mortuum
1847 1443 1865 1469 ,
1891 1402 1993 1457 nisi
2013 1410 2068 1456 et
2091 1401 2205 1470 ipse

626 1515 843 1575 peccato
868 1504 1269 1572 regeneratione
1291 1501 1568 1565 moriatur,
1597 1506 1653 1553 et
1683 1497 1824 1551 vivat
1854 1491 2021 1567 Deo);
2055 1506 2208 1547 num-

626 1596 751 1667 quid
798 1595 916 1648 ideo
956 1594 1147 1648 falsum
1187 1602 1303 1657 est,
1346 1592 1472 1661 quia
1511 1587 1770 1659 explicari
1794 1585 1974 1641 verbis
1992 1584 2075 1638 vel
2102 1596 2208 1636 non

627 1693 841 1756 potest,
885 1684 965 1739 vel
1009 1682 1322 1738 difﬁcillime
1360 1679 1571 1751 potest?
1616 1679 1694 1733 Tu
1737 1692 1904 1746 nega,
1946 1675 1992 1729 si
2022 1671 2206 1733 audes,

626 1786 808 1831 natum
836 1784 1103 1829 mortuum
1123 1814 1139 1839 ,
1185 1790 1279 1843 pro
1309 1788 1413 1840 quo
1441 1771 1708 1826 Christum
1737 1784 1843 1823 non
1871 1781 2035 1837 negas
2060 1780 2209 1819 mor-

627 1878 798 1922 tuunt.
830 1863 972 1920 Unus
1002 1864 1140 1918 enim
1162 1880 1251 1933 pro
1272 1862 1503 1916 omnibus
1520 1871 1745 1914 mortuus
1766 1869 1837 1913 est
1860 1876 1878 1925 ;
1908 1874 2027 1928 ergo
2042 1871 2213 1910 omnes

631 1957 816 2010 mortui
853 1964 969 2010 sunt
1000 1954 1068 2025 (Il
1099 1952 1216 2008 Cor.
1242 1967 1274 2006 v
1296 1996 1308 2017 ,
1345 1950 1456 2022 ii).
1508 1949 1684 2006 Verba
1727 1958 1849 2004 sunt
1884 1946 2210 2017 apostolica;

630 2048 723 2103 sed
766 2063 913 2102 arma
950 2055 1075 2101 sunt
1116 2054 1294 2100 nostra
1319 2085 1333 2107 ,
1386 2042 1576 2113 quibus
1620 2050 1795 2096 tamen
1831 2040 1876 2093 si
1918 2050 2214 2108 repugnare

631 2138 800 2201 nolis,
853 2136 1107 2205 intelligis
1154 2134 1295 2204 quod
1346 2134 1462 2187 sine
1512 2130 1842 2190 dubitatione
1888 2126 2213 2183 credendum

632 2239 715 2283 est
741 2228 900 2282 etiam
925 2226 971 2280 si
995 2242 1099 2281 non
1131 2225 1412 2294 intelligas.
1445 2223 1616 2278 llumo
1641 2222 1782 2275 enim
1808 2220 1901 2289 qui
1927 2217 2217 2289 spirituali-

634 2329 715 2372 ter
754 2329 908 2372 natus
929 2358 944 2382 ,
970 2317 1253 2371 carnaliter
1279 2316 1477 2386 gignit,
1509 2323 1795 2383 utrumque
1825 2311 1985 2366 habet
2008 2325 2214 2375 semen,

635 2417 685 2461 et
715 2406 1013 2460 immortale
1036 2406 1178 2461 unde
1198 2421 1255 2461 se
1275 2405 1502 2475 gaudeat
1529 2404 1727 2468 vivum,
1753 2411 1809 2463 et
1833 2403 2057 2457 mortale
2079 2401 2219 2457 unde

634 2508 855 2567 generet
884 2510 1174 2552 mortuum.
1207 2497 1302 2552 Cui
1332 2496 1649 2551 vivificando
1670 2495 1816 2549 nullo
1845 2494 2005 2549 modo
2030 2508 2218 2549 neces-

637 2590 778 2643 saria
810 2588 1007 2643 Christi
1049 2603 1195 2642 mors
1233 2596 1409 2651 esset,
1452 2587 1554 2642 nisi
1602 2595 1844 2640 mortuus
1873 2592 2029 2639 natus
2052 2592 2218 2639 esset.

644 2675 791 2732 Unus
810 2678 950 2732 enim
974 2693 1066 2747 pro
1093 2677 1322 2731 omnibus
1348 2684 1573 2730 mortuus
1601 2685 1707 2741 est;
1741 2691 1860 2746 ergo
1882 2690 2052 2729 omnes
2079 2690 2220 2728 mor-

640 2769 715 2821 tui
744 2779 878 2822 sunt.
910 2768 1018 2823 Nec
1043 2783 1137 2822 eos
1168 2768 1236 2823 de
1265 2769 1363 2822 ista
1392 2776 1564 2823 morte
1593 2766 1865 2832 excitatis,
1899 2780 2034 2837 quos
2073 2779 2221 2820 mor-

641 2870 762 2914 tuos
803 2874 906 2914 non
943 2875 1064 2915 esse
1088 2859 1329 2914 clamatis
1361 2876 1375 2912 :
1406 2858 1500 2914 sed
1536 2873 1605 2914 ne
1643 2858 1822 2912 vivant
1845 2857 2022 2926 potius
2048 2856 2223 2926 impe-

646 2951 805 3017 ditis,
855 2950 1066 3019 quando
1100 2950 1152 3005 in
1183 2963 1368 3004 eorum
1408 2949 1715 3019 parentibus
1740 2947 1938 3015 fidem,
1985 2962 2088 3018 qua
2118 2960 2223 3001 una

645 3049 869 3112 possunt
888 3040 1232 3105 reviviscere;
1270 3039 2001 3111 impiorum'argumentorum
2018 3037 2226 3093 machi-

642 3134 728 3187 nis
758 3132 1093 3202 oppugnatis.

715 3222 937 3280 CAPUT
953 3223 1018 3279 Vl
1033 3224 1205 3298 (a).--
1225 3221 1312 3280 i5.
1329 3222 1433 3280 Sed
1450 3223 1561 3295 jam
1572 3223 1849 3280 veniamus
1866 3222 1934 3278 ad
1963 3223 2225 3293 prolixam

650 3325 705 3369 ct
734 3330 1015 3385 operosam
1055 3315 1468 3386 disputationem
1498 3326 1637 3370 tuam
1662 3357 1679 3384 ,
1728 3331 1833 3386 qua
1876 3315 2038 3382 illud,
2083 3314 2226 3385 quod

647 3407 1146 3477 quantulacumque
1190 3407 1552 3463 similitudinis
1589 3407 1757 3477 gratia
1798 3406 1851 3460 in
1893 3420 1953 3461 re
1990 3405 2055 3459 ad
2100 3420 2227 3476 per-

647 3498 976 3566 spiciendum
1014 3498 1248 3563 dil'licili,
1286 3495 1645 3551 adhibendum
1683 3496 1864 3566 putavi
1892 3494 1994 3565 (De
2015 3494 2228 3566 Nuptiis

646 3598 694 3642 et
714 3585 1147 3657 Coucupiscentia,
1179 3586 1266 3641 lib.
1295 3588 1347 3652 1,
1379 3604 1433 3641 n.
1460 3586 1575 3657 Si),
1605 3585 1673 3642 de
1690 3586 1806 3642 olea
1834 3587 2059 3650 scilicet,
2086 3585 2228 3656 quod

648 3684 765 3751 ejus
800 3699 981 3740 semen
1009 3684 1296 3754 degeneret
1323 3684 1374 3738 in
1402 3683 1726 3749 oleastrum,
1753 3680 1988 3737 refutare
2015 3682 2230 3735 molitus

648 3791 710 3833 es
741 3796 754 3832 :
777 3779 923 3848 prius
943 3776 1233 3839 affirmans,
1270 3793 1289 3827 t
1317 3774 1457 3845 quod
1487 3776 1536 3830 ei
1565 3775 1639 3830 rei
1666 3791 1784 3844 qua:
1815 3788 1909 3845 per
1934 3788 1995 3829 se
2018 3772 2231 3828 defendi

653 3885 760 3924 non
788 3876 964 3937 potest
987 3909 1001 3933 ,
1035 3867 1178 3941 [nihil
1221 3866 1578 3936 suffragantur
1605 3867 1867 3937 exempla.
1901 3883 1923 3916 ι
1971 3865 2079 3920 Cur
2104 3870 2232 3935 ergo

649 3961 966 4029 Apostolus,
1012 3974 1135 4013 mox
1167 3967 1223 4012 ut
1261 3958 1535 4028 proposuit
1574 3958 1921 4027 qumstionem
1966 3957 2233 4027 quomodo

654 4058 935 4118 resurgant
959 4049 1190 4110 mortui,
1234 4063 1341 4117 quo
1367 4058 1543 4102 autem
1575 4062 1799 4117 corpore
1832 4050 2076 4113 veniant,
2099 4062 2233 4102 con-

653 4139 801 4194 tinuo
844 4154 957 4192 rem
1003 4137 1320 4207 incognitam
1363 4148 1416 4192 et
1461 4139 1792 4206 inexpertam
1824 4138 2074 4206 exemplo
2111 4152 2237 4206 pro-

652 4228 784 4284 bare
808 4229 1057 4296 suscepit,
1084 4228 1375 4297 adjungens
1392 4269 1407 4293 ,
1442 4228 1629 4294 Stulte,
1654 4238 1706 4281 tu
1725 4228 1860 4297 quod
1885 4230 2103 4282 seminus
2133 4243 2236 4282 non

653 4321 948 4393 viui/iratum
981 4321 1077 4374 nisi
1101 4322 1118 4353 ³
1146 4321 1391 4374 moriatur
1409 4321 1478 4390 (ll
1514 4320 1631 4375 Cor.
1654 4335 1751 4385 xv,
1774 4320 1888 4390 56),
1920 4330 2024 4375 etc.
2040 4321 2063 4374 ?
2082 4320 2235 4388 Quod

654 4411 864 4482 quidem
890 4411 1187 4481 exemplum
1209 4420 1262 4466 et
1287 4411 1409 4467 huic
1431 4412 1506 4466 rei
1537 4426 1638 4480 qua
1664 4410 1729 4466 de
1748 4412 1940 4481 agitur,
1969 4426 2073 4465 non
2091 4410 2237 4466 omni

657 4500 814 4555 modo
846 4510 929 4555 est
953 4502 1347 4557 inconveniens.
1388 4502 1651 4572 Purgatur
1678 4502 1820 4556 enim
1846 4516 1877 4556 a
1907 4502 2056 4571 palea
2096 4503 2236 4556 triti-

655 4608 798 4654 cum,
830 4594 964 4648 sicut
989 4593 1146 4648 homo
1172 4609 1200 4647 a
1221 4604 1461 4665 peccato,
1488 4605 1542 4650 et
1571 4604 1746 4649 tamen
1767 4593 1891 4649 inde
1922 4608 2042 4649 cum
2074 4595 2229 4664 palea

657 4684 889 4738 nascitur
911 4684 1156 4739 alterum.

730 4772 816 4827 16.
862 4772 997 4841 Quid
1040 4783 1122 4828 est
1157 4782 1334 4828 autem
1364 4773 1503 4843 quod
1528 4773 1594 4829 de
1625 4774 1891 4830 crocodilo
1919 4775 2096 4830 dicere
2138 4790 2236 4829 vo-

657 4862 838 4928 luisti,
882 4880 900 4914 t
933 4863 1102 4917 solum
1130 4878 1249 4918 esse
1284 4864 1334 4917 in
1364 4865 1609 4920 omnibus
1633 4865 1950 4919 animalibus
1972 4907 1985 4928 ,
2019 4865 2105 4920 cui
2142 4882 2239 4919 sn-

661 4954 901 5023 periurcs
946 4956 1282 5010 mandihulas
1335 4956 1532 5011 moveri
1582 4958 1808 5012 Albinus
1858 4956 2129 5019 affirmat;
2183 4965 2239 5010 et

660 5045 855 5113 ignem,
885 5062 1004 5099 cum
1033 5046 1101 5100 sit
1128 5048 1374 5101 omnibus
1398 5048 1595 5115 exitio,
1619 5048 1971 5103 salamandra:
2001 5064 2120 5101 esse
2151 5047 2237 5100 lu-

658 5136 866 5190 dibrio?
900 5155 920 5188 ι
978 5136 1164 5192 Nonne
1207 5137 1305 5193 ista
1352 5148 1533 5195 contra
1584 5154 1679 5195 vos
1727 5140 1902 5209 potius
1948 5138 2236 5207 protulisti,

659 5226 869 5294 quando
895 5226 1160 5282 invenitur
1185 5228 1380 5299 aliquid
1411 5229 1549 5285 unde
1577 5237 1903 5284 monstretur
1926 5243 2047 5282 esse
2078 5228 2243 5295 possi-

661 5313 766 5371 bile
794 5316 932 5386 quod
954 5319 1269 5387 generaliter
1290 5318 1624 5389 negabatur?
1645 5318 1775 5374 Cum
1804 5332 1930 5386 ergo
1959 5332 2053 5371 vos
2078 5332 2241 5385 gene-

657 5407 842 5461 raliter
862 5410 1195 5477 negaveritis,
1219 5424 1376 5479 posse
1402 5409 1680 5477 gignentes
1704 5410 1757 5461 in
1775 5408 1976 5475 prolem
1997 5405 2240 5474 trajicere

658 5497 797 5565 quod
829 5514 931 5551 non
961 5498 1153 5553 habent
1182 5499 1320 5568 ipsi;
1366 5498 1411 5552 si
1440 5499 1596 5553 fuerit
1621 5499 1892 5551 inventum
1932 5496 2070 5566 quod
2112 5512 2239 5566 pns-

657 5589 726 5644 sit
752 5588 852 5644 hoc
883 5588 1077 5657 facere,
1106 5591 1175 5644 ita
1201 5587 1554 5659 superamiui,
1577 5588 1712 5641 sicut
1741 5586 1828 5641 ille
1854 5587 1940 5655 qui
1969 5586 2174 5642 dixerat
2193 5590 2235 5653 ²,

720 5704 736 5736 ⁸
756 5704 839 5767 me
859 5702 972 5751 editi
992 5700 1189 5767 addunt,
1210 5698 1361 5767 prius.
1376 5703 1563 5767 abesto
1588 5711 1796 5767 manttsri
1812 5700 1839 5761 ῑι
1860 5701 1919 5748 tis
1947 5708 1986 5749 ,τι
2012 5713 2034 5746 a
2062 5714 2233 5764 gt‘itt‘o.

721 5767 743 5797 ³
777 5764 968 5825 Aliquot
992 5770 1121 5820 3155.,
1146 5761 1222 5809 hic
1246 5762 1459 5825 ctjttfra,
1488 5761 1684 5809 (Interit.

717 5827 790 5886 (tt)
826 5821 954 5888 apud
981 5833 1077 5872 am.
1116 5831 1165 5871 et
1189 5829 1283 5881 nr,
1303 5821 1348 5870 ὅ.

2302 582 2515 634 invento
2545 580 2816 634 crocodilo
2845 581 2960 633 sine
2990 577 3333 646 ambiguitate
3361 585 3652 646 superatur
3678 591 3695 642 ;
3722 585 3779 630 et
3804 578 3884 645 qui

2299 670 2507 726 dixerat
2537 672 2739 726 nullum
2768 670 2964 724 animal
3008 670 3058 723 in
3105 669 3226 737 igne
3253 668 3435 722 vivere
3458 710 3473 733 ,
3523 666 3886 723 demonstrato

2301 762 2444 832 quod
2490 762 2560 818 de
2609 759 2944 816 salamandra
2996 759 3339 830 perhibetur,
3390 758 3507 811 sine
3550 757 3887 826 ambiguitate

2302 855 2655 910 convincitur.
2704 853 2853 909 Cum‘
2870 853 3027 923 igitur
3054 851 3246 906 delinis
3292 868 3312 903 t
3351 850 3611 904 naturalia
3637 864 3731 918 per
3756 850 3887 904 acci-

2302 945 2438 1001 dens
2460 962 2564 1001 non
2593 946 2868 1012 converti;
2905 964 2925 998 ι
2958 947 3004 1000 si
3029 944 3113 999 vel
3145 959 3281 998 unus
3318 944 3586 1013 quiSpiam
3631 943 3789 998 fuerit
3813 944 3886 996 iu-

2304 1048 2497 1093 ventus
2515 1081 2531 1106 ,
2559 1038 2651 1108 qui
2683 1037 2901 1092 vitiatus
2920 1036 3098 1107 aliquo
3122 1051 3251 1092 casu
3272 1050 3392 1091 cum
3420 1034 3617 1090 eodem
3650 1034 3777 1089 vitio
3804 1052 3890 1104 ge-

2307 1131 2484 1186 nuerit
2535 1130 2737 1197 lilium,
2794 1129 3098 1198 factumque
3151 1127 3221 1182 sit
3271 1126 3407 1197 proli
3465 1127 3712 1180 naturale
3761 1129 3891 1196 quod

2307 1221 2514 1291 parenti
2534 1220 2781 1276 accidens
2803 1221 2941 1287 fuit;
2970 1233 3163 1288 nempe
3184 1229 3269 1272 tua
3293 1217 3533 1272 deﬁnitio
3558 1217 3659 1271 ista
3693 1215 3890 1270 frustra-

2307 1310 2471 1366 bitur.
2512 1311 2650 1366 ‘ltem
2681 1325 2800 1365 cum
2839 1310 3066 1377 detinis,
3119 1326 3139 1361 ε
3168 1317 3442 1378 parentem
3480 1306 3629 1377 quod
3660 1306 3773 1377 ipse
3798 1322 3891 1362 non

2313 1403 2515 1469 habet,
2566 1404 2619 1458 in
2663 1418 2814 1458 suam
2858 1405 3064 1473 prolem
3105 1416 3209 1456 non
3252 1415 3410 1470 posse
3453 1401 3837 1467 transmittere,
3869 1418 3888 1455 ο

2312 1511 2490 1551 nonne
2509 1494 2749 1561 deﬁnitio
2777 1496 2937 1550 etiam
2964 1494 3063 1550 ista
3085 1492 3409 1557 destruetur,
3439 1507 3565 1546 cum
3593 1492 3686 1545 tibi
3709 1492 3892 1546 fuerint

2312 1587 2664 1642 demonstrati
2686 1587 2791 1640 nati
2815 1586 3058 1639 homines
3088 1582 3448 1653 integerrimis
3470 1583 3729 1637 omnibus
3751 1597 3893 1637 mem-

2290 1679 2426 1741 .bris
2454 1694 2519 1734 ex
2555 1679 2638 1733 his
2675 1677 2985 1747 parentibus
3010 1718 3025 1743 ,
3069 1676 3159 1746 qui
3202 1675 3459 1731 nonnulla
3500 1675 3745 1729 membra
3789 1690 3893 1743 per-

2315 1768 2590 1825 diderant?
2615 1767 2975 1823 Audiebamus
3000 1782 3030 1820 a
3059 1766 3352 1835 majoribus
3376 1766 3612 1829 nostris,
3651 1766 3740 1833 qui
3767 1780 3822 1818 se
3848 1766 3892 1819 id

2315 1875 2473 1916 nosse
2509 1875 2573 1916 ac
2602 1860 2796 1915 vidisse
2841 1859 3128 1925 dicebant,
3170 1858 3504 1913 Fundanium
3532 1860 3550 1890 ¹
3576 1857 3894 1927 Carthaginis

2316 1950 2609 2016 rhetorem,
2648 1965 2770 2005 cum
2804 1949 2917 2019 ipse
2962 1949 3222 2005 accidenti
3244 1950 3373 2003 vitio
3398 1949 3583 2004 luscus
3608 1958 3790 2011 esset,
3820 1950 3894 2002 lu-

2313 2057 2466 2097 scum
2502 2042 2666 2096 tilium
2706 2055 3034 2109 procreasse.
3081 2039 3197 2109 Quo
3236 2039 3484 2109 exemplo
3527 2040 3788 2094 evertitur
3820 2040 3892 2094 ijla

2319 2142 2406 2188 tua
2435 2132 2721 2197 sententia,
2750 2147 2853 2202 qua
2878 2131 3028 2196 dicis,
3068 2150 3088 2183 ι
3127 2130 3383 2186 naturalia
3408 2146 3503 2201 per
3530 2129 3776 2184 accidens
3800 2133 3893 2182 'uou

2316 2226 2575 2282 converti.
2611 2243 2632 2277 ι
2676 2224 2940 2280 Accidens
2977 2224 3175 2294 quippe
3204 2224 3300 2277 luit
3334 2224 3389 2277 in
3424 2231 3618 2293 patre,
3662 2221 3795 2292 quod
3831 2223 3894 2274 fa~

2318 2327 2462 2374 ctum
2491 2327 2575 2374 est
2611 2319 2662 2372 in
2702 2318 2809 2373 tilio
2839 2318 3099 2372 naturale.
3147 2317 3293 2371 Illam
3332 2331 3461 2371 vero
3489 2317 3717 2370 alteram
3746 2357 3761 2379 ,
3806 2330 3892 2383 qua

2320 2408 2496 2465 dicitis
2522 2447 2553 2475 ,.
2595 2425 2616 2460 t
2648 2417 2897 2478 parentes
2941 2407 2993 2461 in
3025 2406 3165 2460 ﬁlios
3191 2421 3252 2461 ea
3283 2421 3402 2475 qua:
3441 2421 3551 2460 non
3584 2405 3777 2459 habent
3811 2405 3892 2472 ipsi

2328 2516 2432 2556 non
2461 2514 2618 2570 posse
2647 2499 3038 2566 transfundere,
3069 2516 3088 2551 ο
3119 2499 3256 2553 alius
3284 2496 3547 2552 lt‘undanii
3578 2496 3745 2559 ﬁlius,
3772 2496 3892 2564 quod

2324 2592 2556 2647 maxime
2593 2592 2846 2646 usitatum
2882 2597 2998 2655 est,
3045 2603 3166 2645 cum
3195 2589 3402 2644 duobus
3443 2587 3620 2643 oculis
3658 2587 3726 2642 de
3767 2586 3893 2640 lusco

2325 2692 2480 2738 natus
2510 2683 2738 2749 evertit,
2778 2689 2836 2738 et
2877 2680 3292 2736 innumerabiles
3333 2680 3424 2751 qui
3467 2687 3760 2734 nascuntur
3783 2692 3892 2731 ocu-

2323 2772 2417 2829 lati
2438 2772 2507 2828 de
2534 2772 2843 2843 parentibus
2866 2771 3046 2828 caecis.
3066 2769 3500 2827 Transmittendo
3532 2771 3728 2841 quippe
3751 2770 3798 2822 in
3816 2781 3893 2822 eos

2325 2878 2463 2934 quos
2485 2864 2711 2935 gignunt
2734 2863 2875 2933 quod
2901 2863 3003 2934 ipsi
3031 2877 3139 2918 non
3169 2862 3402 2928 habent,
3431 2876 3533 2916 vos
3563 2862 3733 2932 potius
3757 2873 3892 2929 quam

2325 2967 2454 3009 suos
2491 2952 2631 3008 ﬁlios
2671 2953 2774 3009 sibi
2818 2953 3023 3009 similes
3064 2967 3190 3009 esse
3229 2952 3638 3019 demonstrant,
3683 2950 3771 3022 qui
3806 2961 3891 3003 tam

2329 3041 2510 3099 fuistis
2534 3043 2588 3097 in
2623 3043 2821 3099 vestris
2845 3042 3243 3099 definitionibus
3268 3042 3419 3098 cteci.

2342 3184 2343 3189 η
2398 3133 2624 3191 CAPUT
2655 3134 2745 3190 Vll
2768 3164 2841 3176 -
2866 3136 2954 3191 17.
2994 3135 3135 3190 Sane
3162 3149 3284 3191 cum
3312 3149 3542 3205 eaquae
3567 3132 3636 3189 ad
3666 3148 3773 3188 rem
3801 3138 3887 3184 non

2257 3295 2272 3308 '
2325 3226 2599 3296 pertinent
2639 3226 2865 3281 multum
2909 3226 3175 3296 loqueris,
3205 3226 3385 3281 dixisti
3428 3226 3636 3296 aliquid
3664 3224 3799 3279 unde
3822 3237 3893 3276 me

2328 3317 2576 3389 quiddam
2606 3317 2747 3387 quod
2775 3317 2839 3372 ad
2871 3332 2983 3372 rem
3014 3318 3245 3387 pertinet
3271 3316 3616 3391 admoneres,
3648 3315 3731 3370 ubi
3755 3312 3887 3374 sisti.

2334 3425 2356 3460 ο
2392 3407 2767 3464 Curiositatem
2812 3407 2955 3478 quod
2996 3407 3499 3477 comprehenderit,
3534 3407 3710 3462 minus
3743 3404 3893 3459 solere

2329 3499 2547 3565 mirari;
2587 3508 2642 3554 et
2668 3497 2926 3554 adversus
2968 3512 3089 3554 eam
3128 3498 3385 3553 divinitus
3422 3497 3592 3552 fuisse
3617 3496 3888 3566 provisum,

2329 3598 2389 3646 ut
2427 3590 2592 3645 multa
2619 3589 2687 3644 de
2716 3597 2856 3644 terra
2899 3589 3193 3644 innumeris
3232 3588 3464 3644 discreta
3504 3583 3891 3657 proprietatibus

2329 3683 2695 3753 gignerentur.
2731 3698 2751 3734 ι
2786 3680 2855 3736 Ει
2882 3696 3067 3737 revera
3097 3680 3214 3736 [nec
3244 3689 3330 3737 est
3359 3681 3563 3735 utilitas
3592 3678 3890 3735 occultorum

2332 3789 2552 3845 operum
2581 3774 2707 3839 Dei;
2755 3789 2824 3829 ne
2853 3783 3094 3843 prompta
3120 3774 3383 3829 vilescant
3400 3815 3417 3840 ,
3445 3788 3514 3829 ne
3542 3770 3891 3840 comprehensa

2331 3866 2464 3919 mira
2488 3880 2609 3920 esse
2626 3863 2906 3920 desistant.
2922 3863 3074 3921 Unde
3088 3873 3141 3920 et
3162 3864 3433 3934 Scriptura
3455 3866 3586 3920 dicit
3606 3882 3619 3917 :
3638 3862 3773 3918 Sicut
3792 3872 3886 3912 ossa

2332 3957 2385 4010 in
2408 3966 2576 4010 ventre
2612 3957 2940 4026 prwgnantis,
2971 3957 3045 4010 ita
3081 3973 3182 4010 non
3211 3958 3442 4026 agnoscis
3472 3971 3628 4026 opera
3652 3953 3742 4007 Dei
3770 3957 3887 4019 quo.

2332 4064 2545 4118 cumque
2571 4049 2717 4118 faciet
2742 4048 2972 4105 universa
2998 4047 3194 4119 (Eccle.
3225 4063 3279 4103 χι
3303 4088 3320 4114 ,
3350 4047 3441 4119 5).
3472 4047 3639 4102 Recte
3664 4047 3825 4113 itaque
3847 4046 3891 4093 et

2336 4140 2451 4211 ipse
2478 4140 2683 4208 dixisti,
2708 4150 2896 4197 contra
2919 4141 3282 4197 curiositatem
3307 4155 3428 4211 quas
3454 4140 3635 4196 minus
3662 4136 3787 4192 solet
3811 4132 3891 4186 uti.

2334 4235 2444 4287 rari
2490 4232 2633 4304 quod
2678 4233 2909 4302 potuerit
2947 4231 3401 4302 comprehendere
3420 4272 3436 4296 ,
3469 4222 3891 4298 incomprehensi-

2334 4322 2460 4383 bilia
2497 4337 2618 4378 esse
2654 4337 2817 4395 opera
2861 4322 2983 4377 Dei.
3028 4322 3138 4377 Cur
3170 4336 3299 4391 ergo
3342 4320 3571 4375 humana
3621 4312 3889 4389 opinatione

2336 4413 2548 4469 conaris
2578 4425 2818 4468 evertere
2838 4454 2853 4478 ,
2884 4412 3027 4483 quod
3057 4414 3233 4468 minus
3262 4412 3407 4467 vales
3429 4411 3483 4466 in
3509 4410 3684 4464 divina
3713 4402 3889 4459 ratione

2340 4502 2834 4572 comprehendere?
2856 4502 2968 4573 Ego
2988 4503 3219 4571 quidem,
3241 4516 3342 4555 non
3362 4499 3452 4573 (ut
3475 4511 3530 4556 tu
3547 4488 3885 4555 calumniaris)

2338 4593 2469 4655 disi,
2505 4612 2524 4645 t
2563 4594 2703 4647 nulla
2732 4595 2936 4649 ratione
2964 4594 3344 4664 comprehendi
3376 4607 3568 4663 posse;
3610 4609 3629 4642 ι
3661 4586 3747 4642 sed
3775 4581 3884 4637 diti.

2344 4702 2364 4737 t
2402 4684 2541 4738 facili
2570 4685 2776 4740 ratione
2804 4700 2911 4740 non
2940 4700 3118 4755 posse.
3166 4703 3187 4738 ι
3222 4684 3600 4739 Verumtamen
3645 4675 3762 4749 quid
3794 4674 3812 4704 ²
3850 4668 3884 4720 εί

2338 4789 2520 4835 contra
2544 4778 2727 4833 vitium
2756 4778 3076 4832 curiositatis
3107 4777 3373 4843 humanm,
3401 4776 3485 4831 cui
3514 4773 3704 4836 solent,
3729 4774 3779 4820 ut
3796 4765 3887 4834 ipse

2340 4883 2749 4933 commemoras,
2769 4867 3151 4937 comprehensa
3170 4868 3446 4931 vilescere,
3461 4869 3618 4920 etiam
3638 4860 3733 4915 hoc
3751 4858 3885 4915 Deus.

2339 4956 2787 5029 quemadmodum
2814 4956 2997 5023 multa,
3024 4958 3100 5013 sic
3125 4959 3390 5013 ocoultarc
3412 4955 3598 5023 voluit,
3619 4961 3676 5008 ut
3695 4949 3741 5004 id
3768 4947 3888 4999 intc-

2339 5050 2534 5120 stigare
2556 5058 2716 5119 atque
2741 5048 3196 5119 comprehendere
3220 5048 3453 5102 humana
3481 5045 3771 5115 conjectura
3797 5045 3883 5088 non

2340 5141 2541 5210 possit?
2580 5140 2770 5196 ideone
2823 5149 3007 5196 contra
3068 5139 3363 5195 Ecclesiam
3424 5149 3644 5203 matrem
3685 5138 3883 5187 vestram

2340 5229 2654 5285 ratiunculis
2699 5232 2892 5285 vestris
2934 5230 3085 5301 quasi
3143 5229 3543 5299 parricidalibus
3588 5213 3882 5297 pugiunculis

2340 5319 2550 5376 debetis
2587 5322 2819 5384 armari,
2862 5329 2920 5375 ut
2948 5323 3053 5375 vim
3097 5320 3427 5385 Sacramenti
3469 5320 3583 5390 ejus
3614 5314 3880 5372 occultam.

2341 5426 2445 5482 qua
2466 5412 2770 5481 purgandos
2792 5413 3023 5483 concipit
3041 5411 3313 5484 parvulos,
3337 5411 3576 5483 quamvis
3595 5408 3659 5464 de
3677 5395 3878 5475 purgatis

2342 5504 2649 5572 parentibus
2676 5515 2849 5571 natos,
2876 5514 3121 5575 tanquatn
3149 5519 3270 5560 ossa
3292 5506 3345 5559 in
3370 5517 3552 5560 ventre
3575 5487 3873 5572 praegnantis.

2343 5609 2447 5649 non
2466 5595 2867 5660 contrectando,
2893 5596 2987 5651 sed
3012 5597 3261 5652 laniando
3289 5594 3573 5667 quaeratis?
3599 5589 3698 5647 Nisi
3717 5590 3866 5639 autem

2404 5709 2419 5739 ¹
2434 5771 2441 5779 _
2459 5709 2600 5763 mni.
2651 5707 2933 5779 t‘rnnlumrm
2951 5720 2968 5769 ;
3002 5708 3401 5759 dissentientibus
3425 5719 3589 5755 tnamts
3602 5706 3665 5762 :ri;
3685 5701 3739 5748 tis
3757 5687 3873 5739 mlit-

2341 5781 2472 5817 Cntlts
2499 5780 2546 5815 ut
2576 5779 2821 5818 \attcattts‘.

2407 5832 2424 5860 ²
2463 5833 2607 5889 initi,
2644 5834 2784 5891 quat.
2817 5829 2974 5880 ‘lt‘lius
3008 5826 3189 5892 allquét
3214 5840 3338 5892 uss,
3366 5829 3496 5892 (μέλ.
