4122 6502
249 349 362 410 853

248 462 514 519 sermonis
542 463 869 536 longitudine
901 465 1095 520 nollem
1142 464 1360 538 fatigare
1403 465 1659 521 lectorem
1682 507 1697 530 ,
1728 465 1839 537 jam

253 562 306 608 te
329 553 473 608 mille
502 567 678 608 rerum
701 556 1006 625 generibus.
1036 571 1260 625 quarum
1290 554 1843 623 incomprehensibilis

261 646 400 700 ratio
443 654 626 702 contra
658 646 878 701 usitatas
924 656 1125 702 natura:
1155 647 1268 702 vias
1311 648 1459 717 quasi
1508 662 1604 719 per
1628 646 1842 703 deserta

250 750 423 806 Opaca
450 735 609 807 repit,
638 734 951 802 obruerem;
982 738 1033 791 in
1060 737 1253 807 quibus
1282 736 1439 793 etiam
1462 736 1841 806 degenerantia

251 828 459 884 semina
485 867 502 896 ,
535 843 641 883 non
672 827 885 900 quidem
930 828 983 884 in
1027 828 1447 909 dissimillimum
1478 844 1647 899 genus
1693 829 1842 899 (quia

251 934 352 975 nec
373 919 611 974 oleaster
635 921 713 976 sic
732 930 813 977 est
842 921 910 975 ab
936 920 1054 976 olea
1083 920 1347 976 discretus
1378 933 1434 975 ut
1460 922 1583 976 vitis
1604 923 1643 990 ),
1673 922 1768 976 sed
1790 922 1843 977 in

249 1009 533 1081 quamdam
556 1054 570 1079 ,
602 1010 648 1066 si
676 1010 779 1066 dici
812 1022 1021 1081 potest,
1058 1011 1287 1067 similem
1316 1011 1799 1068 dissimilitudinem
1825 1054 1841 1081 ,

250 1103 403 1162 sicuti
432 1103 526 1157 viti
552 1111 634 1159 est
677 1104 920 1159 labrusca
951 1102 1230 1160 dissimilis
1252 1144 1268 1170 ,
1300 1118 1420 1173 ane
1450 1111 1627 1159 tamen
1656 1103 1725 1159 de
1753 1118 1845 1159 se-

252 1196 396 1250 mine
432 1195 556 1250 vitis
597 1196 867 1267 gignitur,
910 1196 1072 1250 multa
1106 1205 1482 1257 monstrarem.
1524 1195 1593 1251 Et
1617 1210 1714 1251 cur
1737 1211 1844 1253 non

256 1287 539 1343 credamus
562 1286 665 1343 hoc
688 1288 809 1344 ideo
823 1288 1055 1344 voluisse
1076 1287 1406 1352 Creatorem,
1424 1297 1482 1342 ut
1502 1287 1846 1344 crederemus

248 1378 411 1433 etiam
454 1391 640 1434 semen
686 1376 921 1433 hominis
970 1391 1128 1446 posse
1176 1375 1363 1432 vitium
1403 1376 1470 1431 de
1509 1376 1846 1447 gignentibus

247 1468 487 1537 trahere,
513 1467 658 1540 quod
690 1468 745 1523 in
772 1468 850 1523 eis
874 1483 903 1522 a
928 1468 1121 1539 quibus
1148 1467 1381 1538 gignitur
1419 1483 1526 1522 non
1558 1467 1628 1522 sit
1654 1484 1668 1520 :
1697 1476 1753 1521 ut
1777 1466 1844 1521 ad

250 1559 369 1631 ejus
386 1560 638 1631 gratiam,
661 1575 765 1632 qua
790 1559 1039 1615 homines
1062 1568 1323 1615 eruuntur
1346 1574 1377 1613 a
1409 1565 1845 1628 potestatetene-

255 1651 476 1706 brarum
498 1658 554 1706 et
572 1650 625 1705 in
651 1664 871 1720 regnum
892 1650 1030 1704 illius
1053 1647 1470 1714 transferuntur,
1493 1648 1654 1702 etiam
1671 1646 1846 1718 bapti-

249 1743 353 1797 zati
372 1758 493 1799 cum
520 1743 629 1798 suis
658 1741 895 1812 parvulis
921 1749 1230 1807 currerent;
1258 1740 1397 1796 sicut
1418 1750 1594 1795 tecum
1611 1739 1846 1794 cucurrit

260 1845 415 1904 pater
443 1831 522 1906 (a)
545 1842 763 1889 sanctus
783 1868 804 1900 ,
834 1831 1078 1886 nesciens
1107 1830 1278 1886 eidem
1307 1829 1490 1900 gratia:
1515 1845 1671 1900 quam
1699 1843 1847 1884 esses

257 1924 474 1980 futurus
503 1922 779 1995 ingratus?

323 2037 412 2094 18.
453 2036 558 2093 Sed
599 2044 804 2092 naturae
848 2042 1114 2091 scrutator
1161 2032 1457 2089 acerrimus
1496 2030 1692 2088 limites
1730 2030 1847 2101 ejus

247 2130 484 2197 invenis,
504 2138 562 2185 et
581 2128 798 2200 regulas
817 2127 958 2198 ﬁgis,
980 2126 1189 2193 dicens,
1222 2144 1243 2179 s
1282 2125 1385 2181 Per
1400 2139 1579 2181 rerum
1605 2131 1843 2178 naturam

249 2223 368 2279 ﬁeri
397 2238 502 2278 non
530 2236 692 2292 posse
710 2260 728 2288 ,
754 2228 822 2276 ut-
838 2220 964 2276 illud
997 2219 1290 2290 probentur
1315 2216 1527 2274 tradere
1553 2225 1806 2287 parentes
1823 2256 1843 2283 ,

247 2329 357 2385 quo
383 2314 621 2369 caruisse
648 2312 962 2367 creduntur.
1007 2309 1160 2379 Quod
1200 2310 1246 2365 si
1285 2308 1520 2372 tradunt,
1574 2326 1594 2360 ι
1638 2306 1837 2376 inquis,

257 2424 278 2457 s
310 2420 418 2461 non
446 2406 742 2461 amiserunt
765 2441 781 2458 .
819 2422 841 2458 ι
870 2403 989 2458 Ista:
1015 2412 1138 2459 sunt
1164 2400 1461 2470 Pelagiana:
1487 2398 1845 2462 deﬁnitiones,

247 2513 385 2569 quas
411 2499 550 2554 lecto
573 2496 641 2552 ad
681 2497 946 2567 religiosae
971 2495 1246 2551 memoriae
1274 2494 1637 2549 Marcellinum
1661 2535 1675 2559 ,
1703 2493 1847 2563 quod

246 2604 663 2655 commemoras,
691 2587 950 2658 opusculo
980 2596 1166 2642 nostro
1192 2584 1303 2659 (De
1325 2584 1657 2639 Peccatorum
1682 2584 1845 2641 Meri-

247 2681 348 2747 tis,
376 2680 468 2736 lib.
498 2682 564 2747 5,
604 2696 759 2750 capp.
793 2681 865 2747 3,
892 2678 989 2736 εει
1024 2677 1125 2750 9),
1149 2678 1259 2747 jam
1305 2692 1559 2749 respuere
1596 2677 1847 2734 debuisti.

247 2770 404 2827 Prior
441 2772 587 2827 enim
636 2770 884 2841 Pelagius
933 2769 1002 2826 de
1051 2769 1359 2840 parentibus
1398 2768 1645 2824 ﬁdelibus
1684 2769 1846 2836 dixit,

253 2881 275 2916 ι
316 2878 423 2918 non
452 2878 548 2918 eos
588 2862 829 2933 potuisse
876 2861 929 2916 in
977 2870 1224 2931 posteros
1274 2860 1675 2928 transmittere,
1706 2858 1850 2930 quod

247 2952 349 3023 ipsi
371 2952 592 3008 minime
625 2952 946 3009 habuerunt.
985 2970 1008 3005 ι
1042 2950 1149 3007 Sed
1173 2966 1333 3022 quam
1349 2951 1419 3007 sit
1433 2949 1650 3016 falsum,
1668 2966 1853 3008 exem-

250 3044 355 3114 plis
377 3042 796 3100 evidentissimis
833 3041 1186 3113 perducetur,
1219 3057 1446 3114 quorum
1479 3042 1653 3114 aliqua
1689 3058 1850 3114 supra
1903 3104 1909 3110 ,

254 3135 366 3191 dixi
394 3177 412 3203 ,
430 3135 578 3191 unde
596 3144 682 3192 est
708 3144 765 3190 et
801 3133 906 3191 hoc
943 3133 1091 3205 quod
1114 3134 1275 3190 etiam
1304 3148 1450 3190 nunc
1486 3133 1682 3190 dicam.
1711 3133 1851 3200 Quid

246 3226 397 3282 enim
427 3225 677 3297 prreputii
707 3226 905 3281 retinet
932 3224 1316 3292 circumcisus,
1343 3225 1411 3280 de
1432 3234 1541 3296 qno‘
1569 3225 1853 3296 praeputia-
1904 3276 1914 3284 .

245 3328 335 3373 tus
355 3327 534 3373 tamen
553 3317 804 3388 gignitur,
827 3325 885 3374 et
904 3316 1044 3386 quod
1058 3316 1168 3387 jam
1180 3333 1284 3373 non
1311 3326 1396 3373 est
1414 3316 1467 3372 in
1486 3316 1722 3385 homine,
1745 3326 1855 3373 tra-

246 3409 396 3465 hitur
416 3409 470 3464 in
496 3408 730 3465 hominis
755 3409 997 3465 semine?
1020 3408 1131 3465 Nec
1148 3409 1218 3464 ob
1232 3409 1374 3463 aliud
1400 3408 1724 3464 credendum
1747 3418 1850 3478 est,

244 3503 487 3572 antiquis
514 3503 755 3572 patribus
789 3501 893 3557 hoc
915 3501 1170 3557 divinitus
1204 3501 1368 3557 fuisse
1397 3512 1748 3572 prmceptum,
1795 3511 1856 3558 ut

250 3600 452 3649 octavo
470 3592 559 3647 die
578 3592 1024 3649 circumciderent
1051 3594 1298 3662 parvulos
1321 3593 1388 3647 ad
1417 3594 1816 3664 signiﬁcandam
1833 3597 1852 3628 ⁸

244 3681 715 3753 regenerationem
740 3696 859 3753 qua:
885 3682 938 3737 ﬁt
966 3683 1017 3737 in
1031 3681 1266 3750 Christo,
1280 3684 1370 3752 qui
1388 3692 1512 3755 post
1523 3685 1664 3739 diem
1685 3685 1852 3757 septi-

244 3786 398 3828 mum
414 3772 641 3838 sabbati,
657 3786 766 3843 quo
774 3772 1032 3843 diejacuit
1049 3775 1100 3827 in
1114 3774 1382 3844 sepulcro,
1402 3776 1624 3831 traditus
1640 3786 1857 3848 propter

246 3865 453 3921 delicta
481 3874 683 3931 nostra,
711 3866 991 3937 sequenti,
1025 3865 1079 3921 id
1104 3875 1188 3922 est
1206 3908 1222 3934 ,
1249 3875 1440 3922 octavo
1468 3867 1521 3922 in
1552 3868 1843 3924 hebdoma-

245 3955 414 4011 dibus
443 3953 530 4011 die
566 3958 859 4011 resurrexit
884 3964 1103 4027 propter
1142 3956 1588 4028 justiﬁcationem
1616 3969 1855 4015 nostram

251 4046 451 4118 (Rom:
482 4064 558 4115 tv,
587 4047 712 4121 25).
742 4048 896 4118 Quod
937 4058 1329 4106 sacramentum
1355 4051 1774 4109 circumcisionis
1802 4053 1855 4109 in

249 4140 429 4211 ﬁgura
460 4140 802 4209 praecessisse
828 4139 1172 4210 Baptismatis
1191 4182 1206 4208 ,
1253 4142 1374 4211 quis
1399 4141 1484 4198 vel
1514 4142 1857 4199 mediocriter

250 4232 429 4287 sacris
452 4230 670 4287 Litteris
707 4230 947 4287 eruditus
988 4231 1239 4302 ignoret;
1266 4248 1388 4288 eum
1427 4232 1765 4303 apertissime
1788 4234 1858 4291 de

253 4322 481 4378 Christo
533 4321 675 4378 dicat
699 4312 1009 4393 Apostolus,
1048 4321 1149 4390 Qui
1198 4332 1273 4378 est
1308 4334 1461 4394 caput
1483 4325 1647 4379 omnis
1666 4325 1857 4395 princi-

255 4422 415 4483 palm
431 4422 480 4466 ct
504 4412 787 4484 potestatis,
806 4412 863 4467 in
886 4428 989 4483 quo
1013 4414 1162 4467 etiam
1188 4413 1476 4469 circumcisi
1501 4414 1619 4469 estis
1638 4415 1859 4470 circum-

250 4503 452 4559 cisione
465 4520 567 4557 non
584 4519 739 4557 manu
767 4506 925 4573 facta,
952 4502 1010 4557 in
1036 4503 1403 4573 exspoliutiouc
1417 4505 1645 4575 corporis
1663 4506 1857 4571 carnis,

252 4596 312 4650 in
343 4595 729 4648 circumcisione
757 4593 944 4647 Christi
965 4608 987 4657 ,'
1024 4594 1303 4666 consepulti
1331 4597 1376 4649 ei
1403 4597 1458 4650 in
1495 4595 1780 4667 Boptismo,
1808 4600 1862 4653 in

252 4700 362 4755 quo
386 4693 434 4736 et
455 4685 849 4738 consurrexistis
879 4700 968 4755 per
994 4684 1152 4752 ﬁdem
1180 4686 1489 4752 Operatiouis
1509 4684 1626 4751 Dei,
1649 4689 1732 4755 qui
1751 4705 1864 4742 sus-

252 4776 433 4832 citavit
453 4776 599 4830 illuni
618 4792 650 4829 a
681 4776 890 4830 mortuis
921 4793 940 4828 :
966 4785 1013 4830 ct
1041 4791 1124 4829 vos
1149 4792 1261 4829 cunt
1279 4780 1452 4833 essetis
1493 4779 1674 4832 mortui
1698 4780 1751 4832 in
1777 4779 1866 4833 dc—

255 4868 398 4924 lictis
427 4877 473 4921 et
506 4867 755 4936 prwputio
797 4867 967 4920 carnis
1015 4876 1227 4932 vestrae,
1279 4867 1544 4935 viviﬁcaeit
1589 4884 1701 4921 cum
1730 4867 1823 4921 illo
1845 4909 1860 4935 ,

256 4959 464 5013 donum
480 4957 624 5012 nobis
657 4958 826 5011 omnia
867 4956 1053 5010 delicta
1088 4955 1302 5033 (lloloss.
1332 4972 1402 5020 tt,
1432 4957 1670 5028 10-15)ἳ
1700 4957 1866 5027 Hujus

257 5067 395 5120 ergo
423 5048 849 5106 circutncisionis
879 5065 984 5103 non
1027 5047 1346 5104 utanul‘actae
1368 5088 1385 5112 ,
1414 5065 1531 5116 qua:
1558 5062 1699 5102 nunc
1726 5049 1783 5101 lit
1811 5050 1863 5103 in

258 5142 524 5205 Christo,
580 5139 876 5194 similitudo
923 5138 1199 5208 praemissa
1255 5147 1340 5193 est
1391 5138 1477 5191 illa
1530 5139 1866 5193 circumcisio

261 5249 435 5290 manu
464 5235 623 5297 facta,
651 5249 771 5301 qua:
791 5230 914 5285 data
941 5241 1024 5284 est
1050 5230 1300 5284 Abrahre.

349 5328 438 5382 19.
483 5324 623 5398 [Νοιι
651 5325 795 5379 enim
824 5324 930 5378 dici
953 5331 1150 5394 potest,
1182 5321 1503 5392 Prwputium
1542 5337 1737 5392 corpus
1762 5333 1862 5390 est,

344 5481 361 5513 ι
398 5480 611 5531 vaticani
636 5487 744 5545 tres
763 5486 890 5545 Mss_.,
926 5473 1024 5545 nisi
1057 5474 1124 5525 ad
1143 5473 1870 5545 signiﬁcandajrn._rloriacensis

266 5551 381 5602 .tts.,
409 5554 558 5604 quam
596 5542 671 5604 ad,
696 5537 1089 5604 iigtuﬁcondunt.
1146 5535 1321 5586 verum
1347 5536 1575 5604 particula
1612 5535 1740 5595 nisi,
1785 5535 1870 5604 vel

265 5599 451 5669 quam,
478 5599 780 5669 lllie_add_ita_
821 5599 1025 5669 'sensutn
1043 5599 1309 5669 detorquet
1343 5600 1650 5669 superiorum
1693 5600 1869 5669 verbo-

264 5659 383 5715 rum
408 5659 544 5714 {Nec
561 5662 780 5730 ob‘nliud
807 5660 1112 5730 credendum
1149 5659 1256 5730 est;
1280 5659 1418 5730 quae
1445 5659 1720 5730 signiﬁcant
1757 5660 1872 5730 ideo

266 5734 572 5789 praeceptam
594 5726 1011 5789 circumcisionem
1029 5721 1222 5789 parvuli
1246 5721 1331 5789 _de
1366 5722 1646 5789 circumciso
1680 5722 1868 5785 geniti,

266 5783 391 5852 quia
412 5783 520 5850 ipse
540 5787 607 5836 de
627 5786 893 5852 circumcisi
917 5784 1110 5852 semine
1126 5783 1283 5852 trahit
1304 5785 1602 5847 praeputium.

339 5849 414 5910 (α)
430 5844 700 5902 ’πειρίας
721 5845 896 5896 Julisni
915 5851 1056 5910 pater
1074 5844 1178 5893 iuit.

1608 353 1805 412 LIBER
1843 352 2134 414 SEXTUS.

3429 373 3533 431 855

1954 464 2058 521 hoc
2084 475 2259 522 autem
2290 469 2431 539 quod
2479 471 2702 525 trahitur
2744 474 2793 527 in
2825 475 3061 548 origine,
3091 480 3275 537 vitiant
3308 502 3320 538 :
3352 486 3406 541 et
3442 489 3535 543 illo

1951 555 2166 625 quidem
2203 556 2475 623 abscisso,
2518 562 2622 624 vim
2671 563 2785 633 ejus
2835 576 3009 622 tamen
3060 585 3389 643 nequaquam
3418 579 3532 634 tolli

1952 649 2188 718 potuisse
2216 651 2282 706 de
2312 654 2556 720 semine;
2588 654 2691 712 hoc
2736 673 2865 713 vero
2907 660 3090 716 vitium
3134 664 3275 734 quod
3320 684 3424 722 non
3451 680 3535 725 est

1951 756 2167 812 corpus,
2195 746 2287 800 sed
2314 747 2560 803 accidens
2579 790 2593 814 ,
2621 765 2740 805 cum
2771 750 3097 824 indulgentia
3131 759 3199 812 sit
3225 762 3532 832 remissum,

1953 834 2005 887 in
2030 837 2233 892 semine
2253 842 2360 892 non
2384 842 2616 908 potuisse
2642 843 2875 900 residere
2900 864 2913 899 :
2938 846 3058 912 hoc,
3083 853 3325 919 inquam,
3350 870 3380 908 a
3401 871 3533 924 quo-

1951 925 2032 980 vis
2059 927 2401 985 callidissimo
2430 932 2532 986 dici
2566 948 2669 986 non
2715 944 2926 1004 potest,
2954 953 3074 992 cum
3113 944 3428 1001 auctoritate
3452 947 3533 1001 di-

1951 1017 2072 1070 vina
2104 1029 2413 1088 superetur,
2444 1036 2544 1092 qua
2588 1024 2700 1092 ipsa
2731 1040 2854 1094 pars
2879 1028 3119 1097 corporis
3148 1031 3217 1085 ob
3257 1031 3359 1087 hoc
3382 1035 3529 1104 jussa

1951 1118 2034 1161 est
2062 1111 2363 1178 amputari,
2391 1120 2446 1166 ut
2491 1111 2592 1167 hoc
2621 1115 2803 1168 vitium
2856 1130 3188 1189 purgaretur.
3233 1122 3383 1193 Quod
3430 1128 3532 1180 nisi

1951 1208 2094 1252 esset
2132 1199 2183 1252 in
2213 1202 2417 1257 semine
2440 1243 2455 1267 ,
2486 1203 2552 1256 ad
2597 1205 2842 1272 parvulos
2864 1247 2879 1273 ,
2911 1208 3101 1277 quibus
3127 1212 3531 1272 circumcisione

1952 1284 2040 1340 illa
2069 1287 2309 1357 corporis
2332 1288 2679 1346 auferendum
2710 1301 2793 1349 est
2812 1335 2826 1360 ,
2860 1297 3161 1353 nullatenus
3189 1305 3491 1369 perveniret
3516 1324 3533 1357 :

1951 1394 2125 1447 neque
2146 1379 2193 1434 si
2224 1381 2442 1438 minime
2471 1387 2818 1453 pervenisset,
2853 1388 3114 1459 indigeret
3140 1393 3402 1448 ullatenus
3433 1396 3532 1452 hac

1950 1471 2191 1543 corporis
2235 1473 2639 1530 circumcisione
2683 1480 2967 1536 semoveri.
3014 1481 3146 1536 Cum
3189 1493 3368 1540 autem
3410 1502 3533 1555 par-

1950 1561 2106 1615 vulus
2137 1564 2411 1633 proprium
2461 1565 2663 1620 nullum
2712 1567 2902 1623 haheat
2953 1571 3172 1627 omnino
3215 1585 3488 1644 peccatum
3516 1619 3533 1641 ,

1950 1662 2115 1707 restat
2146 1664 2201 1707 ut
2226 1655 2426 1709 nullum
2458 1657 2632 1712 eidem
2662 1659 2802 1713 aliud
2832 1660 3104 1717 auferatur
3130 1665 3231 1719 nisi
3277 1667 3537 1733 originale

1951 1740 2042 1796 illo
2064 1743 2304 1799 remedio
2324 1746 2441 1801 sine
2461 1762 2566 1816 quo
2590 1749 2727 1817 perit
2752 1750 2929 1806 anima
2955 1752 3069 1821 ejus
3098 1753 3162 1808 de
3187 1756 3380 1825 popqu
3394 1773 3496 1812 suo
3516 1776 3531 1823 ;

1949 1831 2092 1902 quod
2117 1833 2215 1888 sub
2248 1833 2395 1903 justo
2428 1836 2535 1890 Deo
2566 1852 2669 1891 non
2717 1838 2901 1906 ﬁeret,
2935 1842 3033 1896 nisi
3079 1853 3222 1898 esset
3246 1847 3399 1917 culpa
3430 1865 3534 1918 qua

1951 1924 2121 1979 ﬁeret.
2150 1926 2280 1993 Qum
2309 1929 2561 1998 quoniam
2594 1931 2806 1999 propria
2839 1933 2980 1986 nulla
3011 1944 3111 2001 est,
3145 1946 3313 1991 restat
3339 1948 3395 1992 ut
3421 1942 3532 1994 sola

1950 2016 2169 2085 originis
2196 2018 2394 2074 vitiatas
2424 2020 2494 2073 sit
2523 2021 2675 2090 culpa
2710 2019 2773 2094 ¹].

2021 2107 2111 2163 20.
2147 2108 2287 2192 Ecce
2327 2111 2673 2167 circumcisus
2720 2112 2879 2168 tradit
2923 2118 3159 2171 nascenti
3198 2117 3263 2173 de
3300 2133 3359 2175 se
3382 2162 3395 2185 ,
3430 2137 3537 2191 quo

1949 2200 2119 2255 caruit
2147 2201 2198 2255 in
2226 2216 2285 2257 se
2311 2199 2407 2275 (a).
2430 2202 2565 2270 Quid
2595 2214 2676 2259 cst
2696 2220 2824 2276 ergo
2850 2206 2988 2276 quod
3022 2205 3172 2274 dicis,
3203 2209 3333 2264 «Per
3356 2226 3533 2266 rerum

1951 2304 2193 2350 naturam
2223 2296 2336 2351 ﬁeri
2368 2312 2472 2351 non
2519 2312 2698 2366 posse,
2727 2308 2784 2352 ut
2816 2298 2942 2353 illud
2972 2299 3216 2356 homines
3246 2303 3536 2372 probentur
3610 2360 3627 2369 ,

1952 2385 2163 2440 tradere
2183 2426 2200 2453 ,
2225 2401 2333 2457 quo
2369 2388 2605 2443 caruisse
2645 2389 2977 2445 creduntur?
3010 2409 3028 2441 ι
3063 2389 3264 2446 Bonum
3293 2402 3369 2447 cst
3400 2411 3541 2463 prm-

1950 2476 2155 2546 putium
2181 2518 2198 2544 ,
2228 2492 2333 2531 non
2358 2486 2443 2533 cst
2472 2479 2669 2532 tnalnm
2696 2521 2710 2542 ,
2739 2480 2861 2551 quia
2889 2479 3032 2535 Deus
3058 2481 3181 2534 illud
3210 2481 3337 2538 fecit
3356 2527 3371 2551 ,
3402 2485 3541 2538 sicut

1951 2564 2019 2622 de
2038 2566 2269 2621 oleastro
2285 2566 2656 2638 copiosissime
2682 2568 2981 2641 disputasti.
3009 2570 3383 2642 Respondetur
3405 2574 3494 2627 tibi
3521 2591 3538 2627 :

1950 2655 2130 2712 Bonus
2155 2666 2235 2712 est
2265 2656 2497 2713 oleaster
2525 2659 2576 2713 in
2608 2674 2788 2714 rerum
2813 2670 3020 2725 natura,
3049 2664 3141 2717 sed
3169 2662 3221 2716 in
3253 2666 3536 2735 mysterio-

1952 2760 2070 2800 rum
2111 2747 2377 2818 scriptura
2426 2748 2623 2802 malum
2674 2746 2976 2820 signiﬁcat;
3024 2751 3163 2806 sicut
3208 2752 3353 2823 lupi,
3403 2755 3544 2809 sicut

1954 2835 2138 2906 vulpes
2157 2877 2173 2902 ,
2202 2837 2339 2892 sicut
2364 2852 2459 2895 sus
2485 2838 2591 2893 lota
2619 2839 2671 2893 in
2702 2839 2993 2895 volutabris
3018 2842 3157 2896 caeni
3183 2885 3199 2910 ,
3225 2843 3364 2902 sicut
3391 2845 3543 2899 canis

1952 2940 2245 2982 conversus
2269 2926 2336 2982 ad
2367 2943 2522 2983 suum
2553 2928 2810 2983 vomitum
2842 2946 2858 2983 :
2892 2929 2943 2984 in
2971 2947 3148 2987 rerum
3181 2943 3369 2994 natura
3400 2934 3539 2989 bona

1953 3025 2075 3071 sunt
2099 3016 2300 3086 omnia,
2322 3020 2459 3074 sicut
2480 3035 2646 3085 oves;
2672 3022 2849 3075 omnia
2872 3023 3067 3093 quippe
3097 3024 3235 3079 Dens
3258 3025 3379 3080 fecit
3401 3026 3540 3081 bona

1954 3108 2109 3164 valde
2139 3107 2298 3180 (Gen.
2328 3125 2368 3177 ι,
2399 3111 2461 3166 Si
2488 3110 2508 3183 )
2534 3129 2547 3166 :
2577 3111 2670 3166 sed
2714 3113 2766 3167 in
2807 3116 3005 3168 sanctis
3035 3114 3209 3171 Libris
3238 3117 3343 3186 lupi
3373 3122 3549 3174 matos

1954 3200 2281 3272 signiﬁcant,
2307 3217 2435 3258 oves
2457 3215 2634 3259 autem
2659 3204 2851 3258 bonos.
2877 3204 2986 3260 Nec
3010 3208 3301 3262 secundum
3329 3210 3379 3264 id
3401 3212 3547 3280 qund‘

1955 3301 2101 3358 sunt,
2130 3293 2225 3348 sed
2248 3294 2543 3348 secundum
2572 3295 2623 3349 id
2649 3296 2789 3365 quod
2817 3296 3137 3366 signiﬁcant,
3167 3299 3234 3354 de
3264 3301 3366 3354 illis
3395 3303 3541 3355 simi-

1956 3381 2207 3439 litudines
2248 3383 2475 3451 damus,
2508 3385 2719 3456 quando
2762 3386 2828 3441 de
2875 3388 3133 3442 bonorum
3178 3390 3551 3461 malorumque-

1956 3474 2255 3532 diﬁ‘erentia
2300 3476 2650 3547 diSputamus.
2702 3477 2791 3534 Sic
2834 3488 2887 3534 et
2933 3482 3249 3550 prmputium
3290 3484 3541 3552 quoniam

1957 3567 2214 3637 particula
2243 3578 2323 3624 est
2353 3568 2569 3625 humani
2600 3571 2840 3641 corporis
2865 3613 2878 3635 ,
2912 3572 3053 3643 quod
3087 3583 3252 3628 totum
3284 3584 3366 3628 cst
3402 3575 3538 3630 bona

1958 3659 2302 3728 susbstantta,
2330 3662 2512 3732 utique
2543 3662 2737 3717 bonmn
2768 3674 2849 3717 est
2888 3679 2983 3734 per
3008 3673 3282 3730 naturam;
3312 3667 3405 3723 sed
3434 3683 3547 3721 ma-

1958 3748 2066 3803 lum
2095 3750 2359 3821 signiﬁcat
2380 3767 2476 3823 per
2500 3752 2746 3824 ﬁguram,
2770 3769 2889 3809 cum
2915 3755 3001 3810 die
3022 3765 3209 3811 octavo
3235 3757 3543 3813 circumcidi

1960 3840 2268 3909 prmcipitur
2298 3843 2565 3913 parvulus,
2594 3855 2808 3915 propter
2839 3842 3125 3910 Christum,
3160 3847 3211 3900 in
3243 3862 3369 3917 quo,
3403 3849 3542 3904 sicut

1960 3932 2248 4000 Apostolus
2275 3931 2438 4000 dicit,
2468 3935 2767 3992 circumcisi
2795 3953 2977 3993 sumus
3007 3937 3413 3998 circumcisione
3441 3957 3544 3994 non

1960 4040 2122 4080 manu
2140 4025 2297 4095 facta,
2317 4044 2475 4100 quam
2502 4031 2617 4084 sine
2645 4030 2808 4086 dubio
2834 4034 3194 4102 prmﬁgurarit
3212 4039 3549 4093 circunu:isio

1961 4134 2123 4174 manu
2149 4119 2309 4176 facta.
2341 4122 2666 4195 Prmpntinm
2696 4124 2872 4195 itaque
2904 4118 3008 4181 n'on
3030 4137 3112 4182 est
3134 4139 3427 4197 peccatum,
3452 4134 3548 4187 sed

1962 4210 2229 4279 signiﬁcat
2266 4222 2539 4281 peccatum
2566 4254 2580 4277 ,
2625 4222 2680 4268 et
2709 4215 2939 4271 maxime
2979 4218 3270 4289 originale;
3303 4222 3423 4290 quia
3453 4237 3549 4292 per

1964 4299 2138 4371 ipsum
2183 4303 2485 4357 membrum
2533 4312 2615 4360 est
2662 4304 2814 4376 origo
2859 4308 3226 4376 nascentium,
3270 4326 3367 4381 per
3407 4313 3546 4382 quod

1962 4401 2239 4464 peccatum
2264 4393 2392 4450 dicti
2417 4409 2602 4451 sumus
2630 4407 2817 4451 natura
2845 4396 2938 4453 ﬁlii
2985 4398 3078 4453 irae
3107 4418 3121 4453 :
3153 4416 3272 4454 nam
3305 4404 3546 4470 ctip~nm

1965 4484 2265 4539 membrum
2288 4495 2473 4540 natura
2495 4487 2708 4557 proprie
2730 4487 2945 4542 dicitur.
2970 4489 3199 4546 Proinde
3215 4488 3549 4548 circumcisio

1965 4574 2142 4628 carnis
2168 4589 2275 4629 non
2307 4576 2477 4630 solum
2519 4577 2658 4630 illam
2690 4578 2837 4647 quasi
2880 4581 3182 4647 generalem
3229 4583 3546 4637 sententiam

1967 4674 2195 4719 vestram
2219 4668 2334 4720 sine
2360 4666 2703 4734 ambiguitate
2728 4666 3007 4734 subvertit,
3032 4684 3133 4738 qua
3162 4671 3355 4732 dicitis,
3390 4690 3408 4721 ι
3446 4672 3548 4726 Per

1967 4775 2145 4812 rerum
2176 4769 2417 4813 naturam
2462 4759 2573 4815 ﬁeri
2604 4774 2707 4813 non
2749 4775 2938 4827 posse,
2981 4770 3036 4813 ut
3063 4777 3167 4831 quo
3208 4763 3321 4831 ipse
3346 4760 3549 4827 caruit,

1970 4848 2143 4903 tradat
2172 4849 2302 4916 proli
2336 4864 2525 4917 parens
2553 4865 2567 4901 :
2607 4867 2626 4900 ι
2660 4858 2842 4902 verum
2872 4850 3031 4902 etiam
3079 4851 3200 4918 quia
3235 4854 3547 4919 prmputium

1971 4952 2243 5011 peccatum
2275 4939 2573 5011 signiﬁcat,
2603 4948 2657 4994 et
2704 4928 2967 4993 invenitur
2994 4940 3044 4992 in
3087 4950 3339 4995 nascente
3363 4982 3379 5009 ,
3408 4944 3549 5012 quod

1966 5033 2075 5105 jam
2101 5050 2204 5087 non
2227 5043 2341 5088 erat
2366 5033 2415 5086 in
2442 5040 2660 5101 parente
2685 5047 2697 5093 ;
2732 5031 2972 5101 profecto
2994 5030 3252 5101 originale
3276 5043 3551 5101 peccaturo

1971 5124 2111 5194 quod
2131 5124 2237 5194 jam
2266 5124 2548 5177 remissum
2572 5130 2653 5174 est
2678 5119 2985 5190 parentibus
3008 5121 3305 5189 baptizatis,
3335 5137 3554 5178 manere

1971 5215 2303 5269 demonstrat
2332 5214 2383 5267 in
2414 5208 2666 5282 parvulis,
2712 5210 2813 5265 nisi
2858 5219 2913 5265 et
2959 5210 3057 5280 ipsi
3102 5209 3469 5281 baptizentur,
3504 5214 3556 5269 id

1973 5317 2075 5373 cst,
2103 5305 2360 5374 spirituali
2388 5303 2791 5357 circumcisione
2820 5302 3178 5358 mundentur:
3207 5320 3408 5374 vosque
3431 5321 3559 5358 con-

1973 5396 2139 5451 vincit
2159 5411 2279 5451 csse
2302 5395 2636 5450 verissimum
2662 5393 2801 5464 quod
2826 5394 3057 5461 negatis;
3082 5394 3201 5464 quia
3229 5404 3279 5449 et
3306 5395 3418 5463 ipse
3442 5410 3557 5464 par-

1975 5486 2150 5550 vulus,
2172 5485 2239 5540 de
2259 5500 2365 5555 quo
2393 5485 2590 5539 dictant
2614 5493 2718 5551 est,
2745 5483 2935 5538 Peribit
2959 5486 3130 5539 animo
3157 5487 3266 5556 ejus
3287 5488 3347 5539 de
3370 5485 3558 5555 populo

2039 5597 2057 5629 ι
2092 5596 2300 5645 vaticani
2337 5602 2442 5644 tres
2477 5595 2787 5657 manuscripti
2813 5604 2865 5645 et
2924 5594 3085 5645 Gallici
3117 5596 3243 5655 duo,
3284 5596 3333 5645 in
3380 5595 3558 5657 quibus

1980 5665 2063 5719 est,
2080 5658 2442 5719 antiquissimus
2464 5655 2776 5706 Floriacensiis
2818 5664 2972 5707 totum
3016 5657 3145 5707 hunc
3184 5672 3236 5710 n.
3282 5658 3336 5707 l9
3373 5655 3561 5703 uncinis

1975 5718 2214 5770 inclusum
2236 5725 2551 5780 praetereunt.

2040 5783 2113 5841 (a)
2148 5771 2293 5844 Morel
2331 5778 2598 5844 legendum
2629 5787 2823 5841 censet,
2847 5792 2941 5844 quo
2977 5779 3131 5831 canat
3153 5778 3270 5842 ipse.
3316 5776 3428 5828 \ide
3451 5771 3560 5825 Ele-

1980 5849 2131 5892 ment.
2150 5841 2304 5891 uitio.
2318 5873 2335 5902 ,
2357 5853 2468 5904 pag.
2491 5841 2595 5891 157.
2612 5847 2670 5891 At.
