4098 6544
593 417 700 474 855

595 546 718 591 suo,
746 528 787 580 si
814 536 1001 578 octavo
1026 520 1109 575 die
1141 532 1243 571 non
1283 513 1437 568 fuerit
1473 507 1815 564 circumcisus
1843 502 2004 576 (Gen.
2035 513 2169 554 svu.

598 623 686 684 14,
719 618 838 690 l2),
869 615 1107 669 invenire
1131 608 1230 663 sub
1250 605 1394 676 justo
1416 601 1600 672 judice
1624 614 1718 655 cur
1744 602 1924 668 pereat
1952 607 2056 647 non
2086 604 2179 659 po-

598 713 770 778 testis,
803 714 1057 778 negantes
1084 698 1343 771 originale
1367 703 1666 767 peccatum.

666 803 758 858 2t.
785 768 1350 867 Mlinquamusvsilvas
1378 787 1754 847 oleastrorum,
1784 788 1839 834 et
1862 784 2072 831 montes
2096 768 2180 825 vel

598 896 880 952 Africanos
914 888 1018 943 .vel
1077 884 1235 940 Italos
1290 881 1585 942 olivarum;
1643 886 1744 927 nec
1794 870 2182 934 interrogemus

593 968 880 1059 agricolas,
927 980 1165 1053 quicum
1197 974 1289 1030 tibi
1337 969 1481 1027 aliud
1506 1009 1520 1034 ,
1566 963 1696 1020 mihi
1738 960 1880 1016 aliud
1925 954 2067 1011 forte
2091 968 2183 1008 re-

601 1074 912 1148 sponderint
935 1115 951 1140 ,
992 1079 1210 1125 neutros
1248 1074 1530 1135 possumus
1568 1053 1727 1112 celeri
1765 1047 2129 1121 exploratione
2165 1044 2183 1074 ί

598 1169 922 1227 convincere
943 1206 958 1230 ,
987 1164 1030 1219 si
1059 1161 1126 1217 ad
1154 1161 1254 1213 hoc
1281 1150 1659 1225 experiendum
1690 1145 1981 1201 semiuctur
2005 1137 2181 1200 arbor,

608 1263 744 1317 seris
777 1227 973 1316 factura
1004 1251 1287 1323 nepotibus
1332 1246 1573 1301 umbram
1606 1240 1625 1313 (
1654 1237 1831 1307 Virgil.
1875 1232 2059 1302 Georg.
2094 1227 2184 1280 lib.

605 1354 664 1418 2,
696 1368 825 1406 vers.
859 1348 990 1419 58).
1026 1346 1294 1400 Ilahemus
1320 1340 1488 1393 oleam
1515 1376 1530 1401 ,
1561 1350 1666 1387 non
1713 1327 2012 1384 Africanam
2033 1365 2049 1390 ,
2081 1336 2188 1375 nou

606 1448 812 1512 Italam,
839 1443 929 1498 sed
958 1440 1270 1502 llebrtcam;
1302 1432 1386 1488 cui
1438 1444 1535 1484 nos
1582 1424 1671 1496 qui
1716 1422 1908 1477 fuimus
1936 1416 2186 1477 oleaster,

606 1540 796 1594 insitos
827 1551 944 1590 csse
969 1530 1279 1603 gaudemus.
1311 1524 1386 1578 Illi
1413 1523 1546 1576 olea:
1571 1518 1694 1572 data
1721 1524 1803 1569 est
1828 1507 2185 1567 circumcisio,

606 1627 895 1701 qumnobis
917 1624 1076 1679 solvit
1096 1622 1250 1674 istam
1273 1617 1388 1672 sine
1408 1608 1795 1681 disceptatione
1814 1603 2187 1673 qumstiouem.

607 1694 788 1775 'l‘rahit
814 1715 1126 1788 praeputium
1148 1708 1343 1780 proles,
1366 1702 1505 1775 quod
1524 1701 1631 1771 jam
1653 1712 1756 1751 non
1774 1694 1935 1749 habet
1962 1702 2188 1759 parcns;

606 1811 795 1875 caruit,
814 1818 866 1861 et
884 1815 1058 1860 tamen
1083 1778 1328 1864 tradidit;
1359 1793 1557 1859 amisit,
1580 1798 1635 1845 et
1657 1799 1832 1841 tamen
1858 1778 2185 1836 transmisit:

606 1911 663 1956 et
684 1870 1122 1967 hocpm-putium
1152 1898 1428 1959 peccatum
1453 1879 1738 1953 signiﬁcat.
1768 1873 1912 1943 Ergo
1939 1879 1992 1924 et
2020 1870 2191 1937 ipsum

608 2001 785 2064 potest
809 1964 862 2044 in
893 1964 1200 2058 parentibus
1224 1978 1446 2035 interire
1471 2017 1486 2042 ,
1515 1983 1572 2029 et
1601 1982 1778 2026 tamen
1808 1966 1876 2021 ad
1906 1964 2043 2017 ﬁlios
2069 1975 2194 2031 per-

609 2085 858 2141 transire.
882 2085 1176 2134 Attestetur
1198 2074 1358 2129 etiam
1377 2069 1491 2140 ipse
1509 2064 1703 2129 infans,
1728 2070 1783 2116 et
1808 2069 1989 2115 tacens
2009 2053 2151 2109 dicat
2177 2068 2191 2104 :

611 2179 853 2234 Peritura
884 2181 967 2228 est
989 2168 1164 2224 anima
1197 2179 1316 2220 mea
1344 2162 1412 2216 de
1443 2156 1636 2230 populo
1664 2166 1805 2218 meo,
1839 2148 1883 2204 si
1911 2160 2016 2201 non
2046 2145 2197 2197 fuero

611 2268 962 2326 circumcisus
991 2274 1180 2318 octavo
1205 2258 1293 2314 die
1321 2275 1335 2311 :
1366 2254 1454 2325 qui
1481 2265 1610 2320 ergo
1634 2257 1687 2303 et
1714 2241 1972 2315 originale
1997 2238 2198 2294 malum

615 2358 938 2421 difﬁtemini,
971 2366 1027 2411 et
1058 2354 1262 2423 justum
1289 2349 1456 2402 Deum
1486 2339 1749 2402 fatemini,
1781 2333 1909 2406 quid
1941 2343 2199 2402 peccaveo

619 2456 721 2509 rim
748 2418 933 2505 dicite.
971 2418 1101 2499 lluic
1131 2439 1318 2496 infanti
1355 2436 1512 2491 tacite
1548 2428 1796 2486 clamanti
1835 2422 2085 2496 quoniam
2122 2418 2201 2473 lo-

617 2544 857 2617 quacitas
902 2549 1079 2595 vestra
1120 2537 1142 2568 ²
1184 2533 1323 2588 nulla
1373 2523 1675 2585 rationabili
1718 2534 1850 2576 voce
1896 2514 2198 2585 respondet,

617 2651 781 2691 voces
832 2631 1012 2704 potius
1058 2635 1264 2681 vestras
1312 2616 1616 2690 apostolicis
1666 2612 1941 2667 nobiscum
1986 2602 2202 2658 vocibus

615 2695 853 2799 jungite:
866 2723 995 2792 Qua:
1021 2720 1126 2774 sint
1152 2716 1293 2771 cuitu
1322 2728 1391 2768 ex
1426 2707 1755 2781 parentibus,
1782 2701 1864 2757 vel
1892 2708 2068 2755 utrum
2097 2695 2204 2751 sint

617 2821 780 2875 etiam
820 2817 922 2871 alia
959 2808 1200 2880 contagia
1250 2814 1587 2876 peccatorum
1612 2840 1628 2866 ,
1659 2798 1882 2853 liberum
1930 2791 2083 2847 nobis
2123 2797 2206 2842 est

621 2921 899 2980 qua-rere;
922 2905 1034 2958 sive
1059 2877 1329 2963 sil'facile,
1352 2894 1465 2949 sive
1483 2889 1722 2955 difﬁcile,
1743 2888 1853 2941 sive
1879 2877 2206 2953 impossibile

620 3001 858 3072 reperire
891 3015 905 3052 :
940 3011 1033 3065 per
1058 3006 1219 3048 unum
1257 2998 1432 3042 tamen
1471 2982 1741 3040 hominem
1787 2978 1840 3032 in
1876 2974 2020 3030 hunc
2048 2986 2207 3027 mun~

620 3069 748 3152 dum
779 3091 1004 3146 intrasse
1030 3093 1301 3156 peccatum
1327 3120 1342 3146 ,
1375 3085 1429 3133 et
1456 3091 1548 3147 per
1569 3080 1846 3145 peccatum
1876 3074 2127 3131 mortem,
2153 3069 2209 3116 et

622 3187 695 3240 ita
745 3184 795 3237 in
835 3168 1023 3235 omnes
1068 3174 1310 3229 homines
1355 3166 1743 3240 pertransisse,
1777 3162 1827 3215 in
1873 3174 1978 3230 quo
2021 3169 2208 3211 omnes

623 3279 977 3345 peccaverunt
1006 3268 1031 3339 (
1052 3265 1202 3320 Rom.
1236 3278 1290 3326 v,
1324 3259 1456 3330 12);
1487 3258 1642 3311 aliter
1672 3253 1822 3308 nobis
1848 3249 1927 3305 fas
1957 3263 2076 3303 esse
2103 3260 2207 3300 non
2239 3251 2251 3287 ί

624 3364 998 3421 existimemus
1036 3355 1313 3423 accipere,
1344 3350 1446 3404 nisi
1493 3358 1550 3403 ut
1591 3360 1778 3401 onmes
1823 3352 2062 3397 mortuos
2091 3353 2211 3392 csse

625 3455 908 3511 credamus
934 3452 983 3505 iu
1013 3445 1169 3519 primi
1202 3440 1434 3499 hominis
1465 3447 1702 3511 peccato,
1734 3450 1829 3506 pro
1854 3432 2045 3505 quibus
2070 3445 2212 3484 mor-

628 3561 751 3605 tuus
774 3557 856 3602 est
884 3542 1144 3602 Christus,
1176 3546 1230 3591 et
1257 3548 1445 3590 omnes
1478 3529 1616 3586 mori
1645 3535 1861 3599 peccato
1894 3524 2212 3596 quicumque

628 3640 967 3711 baptizantur
995 3634 1047 3687 in
1076 3628 1308 3685 Christo.

703 3705 926 3786 CAPUT
944 3722 1052 3778 Vlll
1075 3720 1172 3793 (α).
1192 3717 1365 3771 ——22.
1382 3712 1488 3770 Sed
1506 3712 1557 3767 in
1576 3710 1693 3765 aliis
1724 3708 1900 3764 verbis
1926 3705 2082 3772 meis,
2096 3719 2217 3776 qua:

631 3822 778 3877 velut
802 3815 1089 3875 refellenda
1111 3807 1404 3880 interponis
1429 3799 1771 3875 disputationi
1795 3798 2218 3871 tu:c,dicis,¢me

630 3913 845 3983 vulgum
863 3907 955 3962 tibi
980 3904 1214 3960 excitare
1225 3868 1470 3954 conatum
1495 3868 1558 3961 ς’»
1580 3891 1829 3965 quoniam
1856 3889 1961 3945 dixi
1981 3887 2085 3960 (De
2104 3868 2219 3941 Nu;

634 3979 755 4077 ptiis
781 4014 828 4057 et
852 3994 1286 4069 Concupiscentia,
1314 3990 1403 4045 lib.
1433 3989 1487 4054 l,
1515 4005 1567 4041 η.
1594 3984 1707 4055 22),
1742 4002 1760 4035 t
1793 3981 1951 4037 ﬁdem
1984 3996 2087 4035 non
2118 3979 2219 4034 dl-

634 4075 810 4152 bitare
836 4089 1216 4152 christianam,
1269 4097 1429 4152 quam
1473 4078 1596 4134 novi
1637 4075 1872 4131 haeretici
1916 4086 2223 4145 Oppugnare

637 4191 915 4255 coeperunt
938 4223 954 4247 ,
982 4189 1037 4235 et
1062 4192 1156 4233 eos
1182 4174 1270 4246 qui
1301 4173 1514 4227 lavacro
1553 4165 1973 4239 regenerationis
2000 4164 2224 4218 abluun-

640 4290 749 4341 tur,
774 4272 965 4330 redimi
992 4268 1060 4324 de
1086 4265 1280 4323 diaboli
1309 4270 1597 4333 potestate;
1638 4268 1692 4314 et
1734 4274 1826 4313 eos
1857 4259 1947 4328 qui
1989 4255 2225 4311 nondum

643 4370 737 4425 tali
762 4363 1168 4437 regeneratione
1197 4355 1456 4427 redempti
1473 4363 1617 4417 sunt,
1641 4353 1799 4407 etiam
1824 4348 2069 4420 parvulos
2092 4348 2227 4401 lilios

643 4459 1073 4526 redemptorum,
1125 4449 1224 4506 sub
1268 4448 1508 4520 ejusdem
1555 4443 1752 4500 diaboli
1797 4456 1917 4498 esse
1968 4449 2229 4513 potestate

644 4549 906 4621 captivos,
935 4544 1038 4600 nisi
1064 4553 1119 4599 et
1142 4541 1243 4613 ipsi
1266 4540 1451 4596 eadem
1472 4538 1640 4609 gratia
1662 4535 2008 4591 redimantur.
2031 4552 2051 4586 ι
2077 4532 2228 4602 Quod

647 4653 708 4698 ut
735 4638 1030 4711 apostolico
1076 4632 1382 4690 testimonio
1419 4628 1852 4699 comprobarem,
1907 4646 1924 4679 ι
1948 4626 2015 4681 ad
2044 4640 2231 4681 omnes

648 4743 873 4792 :etates»
907 4730 1015 4787 dixi
1051 4725 1358 4798 «pertinere
1398 4722 1547 4788 illud,
1589 4721 1656 4777 de
1679 4734 1786 4790 quo
1812 4721 2096 4789 Apostolus
2150 4718 2231 4771 lo-

650 4828 850 4898 quitur,
905 4819 1218 4877 beneﬁcium
1271 4815 1361 4869 Dei
1388 4831 1401 4868 :
1428 4813 1529 4880 Qui
1569 4813 1699 4867 eruit
1749 4828 1840 4866 nos
1883 4810 1947 4864 de
1993 4818 2234 4878 potestate

654 4918 989 4979 tenebrarum,
1017 4920 1062 4966 et
1089 4906 1344 4964 transtulit
1362 4906 1414 4958 in
1438 4920 1648 4974 regnum
1668 4901 1790 4955 Filii
1806 4902 2066 4956 charitatt's
2080 4916 2185 4953 sua:
2208 4918 2228 4950 ο

655 5008 875 5081 (Coloss.
903 5004 1072 5073 ωδ).
1102 5001 1158 5056 Si
1189 4998 1286 5052 hac
1301 4995 1561 5051 sententia
1579 5002 1762 5048 contra
1780 5008 1877 5047 vos
1906 4993 2094 5062 vulgus
2121 5006 2236 5044 mo-

656 5112 845 5166 vetur;
889 5113 1064 5152 nonne
1103 5093 1228 5148 hinc
1269 5102 1320 5145 te
1360 5088 1535 5159 potius
1573 5094 1783 5156 oportet
1810 5084 2116 5150 advertere,
2166 5082 2239 5136 ita

661 5209 786 5252 esse
809 5192 1073 5260 vulgatam
1103 5192 1158 5241 et
1183 5181 1321 5253 apud
1350 5194 1538 5234 omnes
1565 5176 1930 5233 conﬁrmatam
1955 5175 2110 5230 istam
2147 5158 2239 5228 ca-

664 5285 914 5341 tholicam
945 5278 1098 5334 ﬁdem
1125 5319 1140 5345 ,
1186 5285 1242 5330 ut
1272 5287 1369 5327 nec
1394 5271 1633 5325 notitiam
1665 5270 1833 5339 possit
1859 5266 2042 5336 fugere
2070 5280 2240 5335 popu-

666 5374 870 5433 larem?
905 5371 1136 5429 Necesse
1163 5366 1361 5438 quippe
1388 5362 1594 5427 funerat,
1635 5359 1888 5431 quidquid
1919 5358 1970 5412 in
2012 5357 2243 5427 parvulis

662 5468 780 5524 suis
825 5461 1056 5536 ageret’,
1102 5459 1239 5531 quod
1284 5456 1474 5511 attinet
1511 5453 1577 5510 ad
1621 5451 1870 5525 mysteria
1918 5447 2241 5516 christiana,

737 5623 755 5656 ι
789 5629 919 5671 uss.
942 5614 1193 5671 possimus.

737 5631 755 5656 ι
789 5631 919 5681 Mss,
942 5631 1193 5684 possmus.

735 5686 757 5718 ’
790 5691 922 5745 ωτι,
947 5678 1063 5745 quid
1086 5671 1355 5745 νφεεαυενξι
1390 5668 1536 5745 ἀίξίιε

944 5724 1206 5810 Musae
1237 5724 1412 5810 mre.-
1440 5739 1529 5810 is;
1543 5724 1991 5810 sesese"
2036 5734 2082 5776 εί
2101 5740 2130 5799 ³-
2162 5724 2250 5810 ie“

670 5788 921 5857 E3170}.
944 5788 1126 5860 habet,
1137 5788 1429 5861 peccaverit.
1451 5788 1775 5861 emendantur
1807 5802 1871 5861 ei;
1896 5788 2249 5861 mapasa'iptis.

740 5848 894 5920 3'15:
911 5848 1193 5924 grauate;
1212 5848 1217 5849 ί
1237 5862 1370 5919 ais-3.,
1395 5852 1636 5919 quidquid
1678 5849 1890 5907 permotis
1910 5848 2011 5903 suis
2051 5848 2253 5914 ageret;

1408 394 1680 453 comm
1719 387 2056 447 .IULIANUM
2095 381 2555 450 remensum,
2598 385 2656 441 s.
2700 379 3062 440 AUGUSTINI
3735 384 3817 441 εδδ

2284 512 2473 552 onmcs
2519 506 2676 552 nosse
2708 494 3058 550 Christianos.
3107 493 3213 548 Cur
3250 502 3422 547 autem
3464 493 3611 558 dicis,
3656 514 3672 547 ι
3698 499 3813 566 quod

2289 588 2597 642 certaminis
2640 586 2921 656 singularis
2945 584 3141 639 oblitus
3168 582 3221 637 in
3253 583 3459 652 vulgum
3488 583 3774 653 rcfugerim?
3799 609 3814 639 ι

2182 705 2188 713 -
2288 679 2418 747 Quis
2448 678 2544 732 tibi
2586 676 2829 748 promisit
2869 689 3045 729 meum
3087 673 3355 744 singulare
3394 675 3677 729 certamen?
3710 675 3818 743 Ubi,

2293 770 2504 841 quando
2521 811 2533 834 ,
2563 768 2829 841 quomodo
2849 810 2865 835 ,
2898 767 3091 837 quibus
3117 765 3480 836 prmscntibus,
3507 766 3683 837 quibus
3703 768 3820 823 arbi-

2296 864 2430 918 tris?
2478 863 2740 927 (Oblato,
2781 880 2799 915 ι
2840 862 2978 917 sicut
3025 859 3297 930 loqueris,
3351 876 3369 910 ι
3394 858 3580 928 placuit
3612 862 3821 930 componi

2293 953 2491 1008 ﬁndere
2521 952 2770 1019 bcllumo(
2791 948 2969 1022 Virgil.
2987 948 3201 1004 AZneid.
3229 946 3317 1004 lib.
3337 947 3422 1015 l2,
3440 964 3561 1003 vers.
3580 948 3714 1021 l09),
3738 969 3754 1001 ι
3783 960 3826 1004 nt

2296 1058 2500 1113 pugnas
2534 1043 2772 1098 omnium
2803 1041 3081 1096 contentio
3110 1048 3290 1095 nostra
3321 1040 3621 1095 dirimeret?
3647 1058 3665 1092 ι
3703 1041 3827 1095 Absit

2296 1143 2354 1188 ut
2385 1132 2515 1187 mihi
2541 1131 2681 1204 apud
2709 1131 3016 1187 Catholicos
3043 1146 3289 1202 arrogem
3309 1171 3324 1197 ,
3353 1130 3491 1200 quod
3520 1137 3570 1185 te
3599 1132 3681 1184 tibi
3715 1133 3827 1199 apud

2296 1223 2610 1295 Pelagianos
2636 1238 2886 1295 arrogare
2916 1239 3024 1277 non
3063 1222 3244 1292 pudet.
3272 1220 3420 1277 Unus
3459 1236 3569 1274 smn
3597 1236 3625 1275 e
3649 1222 3826 1283 multis,

2298 1315 2387 1385 qui
2437 1314 2686 1385 profanas
2724 1324 2930 1370 vestras
2977 1295 3238 1368 novitates
3280 1322 3338 1367 ut
3373 1324 3641 1381 possumus
3663 1310 3827 1364 refuta-

2297 1416 2438 1472 mus,
2469 1405 2606 1459 sicut
2630 1404 2914 1474 unicuiqne
2942 1411 3182 1457 nostrum
3207 1402 3350 1456 Deus
3373 1402 3590 1470 partitus
3613 1410 3687 1455 est
3710 1417 3830 1455 men-

2296 1510 2476 1549 suram
2523 1494 2643 1549 ﬁdei
2687 1493 2863 1566 (Ront.
2905 1509 3012 1558 xu,
3043 1493 3121 1564 5).
3170 1492 3463 1561 Antequam
3508 1505 3669 1546 essent
3708 1500 3831 1545 natus

2297 1585 2424 1640 huic
2450 1585 2677 1650 mundo,
2705 1593 2760 1640 et
2783 1592 3063 1654 antequam
3094 1598 3268 1638 essent
3298 1590 3510 1637 renatus
3541 1582 3668 1645 Deo,
3692 1581 3826 1635 multa

2298 1676 2558 1731 catholica
2576 1674 2775 1731 lmnina
2805 1683 3009 1729 vestras
3036 1673 3238 1727 futuras
3256 1673 3500 1726 tenebras
3516 1670 3833 1740 redarguendo

2298 1775 2674 1839 prmvenerunt
2705 1783 2719 1821 :
2750 1766 2819 1820 de
2862 1765 3054 1835 quibus
3104 1763 3215 1833 jam
3264 1763 3472 1839 duobus
3519 1761 3832 1833 superioribus

2303 1859 2452 1914 libris
2470 1857 2806 1928 meisquanta
2829 1855 2974 1925 potui
2996 1837 3426 1908 manifestati'one
3443 1852 3673 1906 disserui.
3691 1850 3833 1905 llabes

2302 1963 2406 2019 quo
2433 1956 2485 2003 te
2510 1961 2722 2012 avoces,
2751 1946 2795 2000 si
2823 1956 2874 2000 te
2897 1944 3153 1999 adversus
3179 1943 3498 1997 catholicam
3525 1942 3671 1997 ﬁdem
3694 1940 3833 1995 adhuc

2304 2038 2537 2093 insanire
2563 2036 2812 2091 delectat.

2370 2130 2463 2185 εὖ.
2487 2129 2596 2184 Nec
2619 2128 2835 2182 nemine
2866 2143 2887 2178 ι
2907 2114 3296 2195 sellularios-um
3323 2124 3570 2197 opiﬁcum
3590 2143 3608 2177 ι
3635 2123 3837 2179 derideat

2305 2221 2545 2277 membra
2572 2219 2771 2274 Christi
2795 2234 2811 2273 :
2835 2226 3107 2274 memento
3129 2217 3253 2288 quia
3288 2218 3495 2271 inﬁrma
3524 2214 3691 2269 mundi
3711 2213 3838 2282 elegit

2308 2313 2469 2379 Deus,
2496 2320 2557 2365 ut
2583 2308 2875 2365 confundat
2900 2309 3054 2364 fortia
3077 2308 3118 2378 (Ι
3149 2307 3267 2362 Cor.
3299 2308 3321 2360 l
3346 2348 3364 2373 ,
3396 2305 3505 2375 27).
3528 2304 3654 2373 Quid
3676 2314 3746 2359 est
3764 2317 3837 2354 auo

2306 2413 2413 2458 tem
2438 2443 2454 2470 ,
2489 2421 2509 2455 ι
2528 2401 2669 2472 quod
2696 2402 2775 2456 eis
2810 2414 2930 2455 cum
2960 2398 3246 2455 ostendere
3270 2398 3520 2469 emperis,
3550 2398 3600 2451 in
3625 2410 3700 2449 me
3722 2408 3838 2447 acer-

2306 2495 2484 2550 biores
2533 2493 2695 2549 ﬁent?
2725 2511 2747 2545 ι
2796 2491 3006 2547 Mentiri
3046 2492 3129 2548 eis
3171 2491 3302 2555 noli,
3351 2502 3409 2546 et
3437 2506 3541 2544 mn
3581 2488 3714 2543 ﬁent.
3754 2486 3839 2555 Ego

2308 2589 2450 2641 enim
2474 2601 2581 2640 non
2615 2604 2634 2637 ε
2658 2600 2773 2651 eos,
2805 2604 2824 2637 ι
2856 2585 2995 2638 sicut
3021 2582 3389 2648 calumniaris,
3422 2600 3442 2634 ι
3465 2589 3838 2646 assueto-pecu.

2309 2681 2435 2735 lium
2457 2677 2677 2742 diaboli,
2700 2696 2720 2730 ι
2741 2691 2877 2747 quos
2897 2674 3207 2745 redemptos
3220 2674 3422 2729 Christi
3441 2671 3683 2742 sanguine
3700 2668 3840 2722 scio‘:

2316 2792 2339 2825 ι
2360 2786 2459 2827 nec
2502 2770 2716 2825 diabolo
2744 2769 3009 2839 conjugis,
3037 2784 3058 2819 ι
3092 2766 3146 2822 in
3174 2775 3435 2837 quantum
3462 2764 3691 2834 conjugis
3719 2768 3841 2822 sunt,

2317 2884 2337 2918 ι
2365 2866 2469 2920 ulla
2497 2863 2833 2924 transcribo;
2865 2881 2884 2914 ι
2918 2875 3209 2916 ιιεοιεοηι
3231 2858 3540 2931 genitalium
3569 2859 3845 2910 commentor

2311 2957 2604 3021 artiﬁcem;
2649 2974 2669 3008 ι
2703 2969 2803 3010 nec
2836 2954 3231 3009 t-exeitatorem
3262 2951 3501 3005 virorum
3543 2948 3636 3001 nisi
3677 2943 3733 2998 ad
3768 2940 3844 2994 illi-

2311 3052 2470 3115 cita,s
2501 3062 2602 3102 uec
2631 3064 2652 3098 ι
2674 3043 3072 3100 fecundaturem
3100 3042 3448 3105 mulierum,»
3480 3053 3578 3093 nec
3609 3032 3846 3090 retnidito-

2313 3154 2472 3195 rem:
2499 3150 2687 3193 assem
2720 3134 3129 3205 «parvulorum.
3154 3150 3175 3185 ι
3222 3132 3350 3186 llam
3396 3144 3525 3201 ergo
3568 3141 3679 3197 qua:
3715 3138 3743 3176 a
3781 3135 3849 3174 me

2314 3234 2486 3288 aliena
2522 3240 2686 3296 sunt,
2732 3228 2783 3283 si
2823 3225 2995 3282 eis-de
3023 3238 3112 3280 me
3138 3223 3339 3278 dixeris
3354 3222 3410 3288 ³,
3450 3211 3847 3275 memieriszetsi

2315 3323 2594 3392 quisquam
2620 3332 2807 3374 eorum
2852 3316 2946 3371 tibi
2972 3314 3200 3370 credens
3238 3312 3486 3368 acerbior
3526 3311 3574 3364 in
3614 3321 3691 3361 me
3727 3302 3849 3357 fuerit

2319 3391 2508 3478 factus,
2534 3409 2789 3481 deceptus
2818 3408 3012 3478 poterit
3034 3419 3175 3472 esse,
3199 3419 3306 3459 non
3330 3403 3568 3458 doctus'.
3597 3400 3631 3454 li
3650 3412 3759 3452 vero
3778 3391 3846 3463 qtti

2319 3518 2374 3563 et
2421 3516 2708 3574 utrumque
2752 3510 2994 3556 nostrum
3017 3541 3032 3563 ,
3074 3508 3130 3554 et
3159 3496 3317 3552 ﬁdem
3350 3495 3658 3551 catholicam
3682 3489 3846 3547 sciunt.

2319 3599 2526 3654 discere
2550 3597 2647 3651 abs
2672 3604 2725 3650 te
2747 3592 2947 3663 aliquid
2972 3591 3194 3653 nolunt;
3218 3587 3321 3643 sed
3363 3595 3554 3643 cavent
3582 3581 3766 3653 potius,
3801 3587 3853 3628 ne

2558 3686 2698 3758 quod
2728 3650 3193 3740 noverunt.'mtlti
3222 3679 3421 3750 quippe
3449 3650 3646 3731 suntin
3670 3673 3764 3734 eis,
3785 3650 3863 3735 qui.

2324 3797 2429 3835 non
2470 3781 2643 3833 solum
2672 3786 2870 3846 prater
2897 3788 2982 3828 me
3004 3813 3020 3834 ,
3060 3782 3254 3824 verum
3280 3770 3449 3824 etiam
3473 3767 3667 3837 priores
3690 3774 3763 3816 me
3780 3758 3854 3810 isu

2325 3872 2664 3933 didicerunt,
2706 3883 2831 3937 qua:
2868 3873 3050 3920 vester
3066 3874 3258 3917 inovus
3283 3875 3440 3914 error
3462 3862 3728 3927 nppttgnat.
3751 3849 3854 3903 Cum

2327 3976 2456 4032 ergo
2481 3975 2588 4015 non
2612 3973 2707 4013 eos
2729 3932 2843 4028 ipse
2858 3955 3108 4020 fecerim,
3135 3951 3230 4008 sed
3252 3951 3546 4006 invenerim
3574 3944 3714 4016 hujus
3734 3932 3855 4012 quam

2329 4053 2536 4124 negatis
2556 4052 2732 4106 socios
2754 4048 3001 4105 veritatis
3021 4087 3038 4114 ,
3064 4044 3335 4113 quomodo
3357 4043 3439 4099 eis
3463 4056 3562 4111 ego
3583 4051 3691 4093 sum
3712 4039 3857 4089 auctor

2331 4145 2487 4216 hujus
2515 4158 2671 4213 quem
2696 4141 2895 4210 putatis
2919 4135 3160 4194 erroris?
3986 4135 3987 4173 ξ

2401 4212 2625 4291 CAPUT
2656 4231 2946 4288 tx.——st.
2986 4228 3319 4299 «Explican
3354 4226 3568 4297 inquis,
3603 4212 3859 4291 tquomdo
3916 4224 3917 4227 κ

2332 4335 2607 4398 peccumn
2639 4337 2883 4395 persona:
2909 4321 2983 4376 illi
3008 4319 3153 4390 justo
3180 4317 3351 4389 possit
3372 4315 3603 4372 adscribi
3624 4352 3641 4382 ,
3667 4323 3768 4382 qia:
3786 4316 3859 4359 nec

2335 4394 2503 4475 voluit
2554 4432 2794 4488 peccare,
2845 4429 2946 4470 nec
2990 4412 3227 4483 potuitn
3273 4409 3433 4466 Aliud
3475 4416 3557 4463 est
3596 4394 3860 4475 perpetrati!)

2337 4510 2670 4582 propriorum
2696 4548 2712 4573 ,
2756 4504 2898 4560 aliud
2942 4503 3240 4558 alienorum
3266 4501 3515 4570 contagio
3542 4499 3857 4568 peccatorum.

2335 4577 2589 4674 quantum
2618 4598 2831 4671 quidem
2858 4596 2924 4651 ad
2951 4610 3063 4650 sum
3082 4594 3343 4664 cujusque
3359 4592 3485 4645 vita:
3506 4588 3720 4660 pertinet
3733 4577 3860 4635 actio-

2339 4712 2485 4753 nem.
2515 4693 2649 4750 Nam
2677 4692 2723 4747 si
2751 4704 2848 4746 vos
2875 4690 3193 4745 sententiam
3224 4693 3426 4741 rectam
3460 4683 3512 4737 in
3541 4689 3753 4735 vestrum
3778 4680 3860 4723 tor-

2341 4799 2454 4846 tum
2484 4801 2697 4843 sensum
2741 4794 2991 4854 torquere
3033 4780 3279 4847 nolletis,
3325 4776 3581 4832 audiretis
3603 4765 3861 4840 Apostolum

2341 4882 2445 4937 hoc
2484 4879 2717 4936 breviter
2744 4852 3105 4967 explicantem
3128 4913 3145 4938 ,
3192 4870 3282 4941 qui
3324 4884 3488 4924 unum
3516 4864 3644 4921 dixit
3669 4860 3805 4915 fuisse
3826 4852 3863 4904 in

2340 4988 2448 5045 quo
2494 4984 2682 5027 omnes
2729 4949 3101 5037 peccaverunt.
3158 4962 3216 5017 In
3261 4960 3353 5015 illo
3402 4973 3511 5014 uno
3557 4950 3734 5011 mortui
3775 4949 3865 5000 sunt

2340 5078 2529 5120 omnes
2548 5104 2565 5130 ,
2603 5069 2662 5116 ut
2698 5064 2996 5114 moreretur
3019 5054 3154 5109 alius
3191 5066 3330 5108 unus
3353 5064 3453 5122 pro
3476 5046 3726 5104 omnibus.
3757 5033 3865 5092 lim

2345 5155 2488 5211 enim
2524 5167 2618 5223 pro
2663 5147 2893 5205 omnibus
2941 5153 3168 5200 mortuus
3211 5152 3285 5198 est
3317 5157 3337 5195 :
3356 5120 3480 5211 ergo
3516 5152 3679 5193 mes
3722 5120 3866 5183 mariti

2346 5260 2463 5305 sunt
2489 5246 2558 5318 (ll
2576 5245 2693 5302 Cor.
2729 5260 2776 5310 v,
2814 5239 2923 5316 14),
2952 5257 3049 5312 pro
3069 5240 3261 5310 quibus
3283 5237 3526 5294 Christus
3554 5239 3770 5288 mortuus
3791 5226 3865 5276 θεία

2349 5341 2488 5411 Nega
2530 5338 2688 5409 igitur
2715 5333 2984 5389 Christum
3023 5333 3182 5386 etiam
3220 5344 3317 5400 pro
3358 5325 3589 5399 parvulis
3613 5326 3867 5379 mortuum.

2348 5479 2556 5533 omisso,
2589 5471 2669 5544 in.
3574 5455 3669 5510 suis
3699 5446 3867 5515 agerent.

2352 5527 2600 5649 eam?
2620 5546 2733 5585 cum
2746 5527 2959 5593 parvulis
2980 5527 3083 5599 suis
3101 5531 3314 5597 agerent.
3348 5584 3361 5597 θ
3710 5572 3721 5585 ,
3845 5559 3869 5600 ,ο

2576 5599 2909 5667 ιιιᾳειιεῑεῇε..
2927 5588 3166 5653 peculatum
3182 5584 3363 5639 diaboli
3376 5619 3392 5645 ,
3411 5594 3530 5648 quos
3551 5578 3735 5632 retinuit
3762 5566 3852 5620 (Im

2420 5675 2454 5713 is
2474 5666 2703 5723 sanguine
2722 5666 2825 5706 suo.

2420 5727 2441 5786 ξ
2473 5722 2602 5772 Idem
2624 5726 2731 5777 ωε..
2753 5715 2797 5766 si
2813 5712 2888 5786 gis
3115 5723 3192 5786 me

2422 5745 2443 5818 ἶ
2473 5745 2692 5832 lim-:1.”
2696 5745 3094 5839 ἓιῖἶιῖἶιιῖιυίιῗὲ.
3102 5745 3431 5833 imm)?
3456 5775 3584 5829 Lov.,
3605 5773 3691 5814 non
3709 5745 3870 5809 ὀοτεὸονο

2365 5857 2421 5901 Al.
2442 5842 2674 5897 meliora
2693 5848 2823 5901 Mss,
2844 5835 2939 5888 tim
2962 5835 3147 5887 dedas.
