4098 6540
296 424 399 478 857

295 551 355 595 ιιι
392 539 596 593 exiutas
636 551 728 593 eos
756 537 822 593 de
853 549 1077 592 numero
1107 542 1474 597 mortuorum,
1519 533 1620 588 hoc
1656 544 1768 601 est,
1814 533 1880 588 de

294 631 541 701 contagio
571 639 930 698 peccatorum.
964 647 984 681 ι
1010 628 1109 695 Qui
1135 627 1249 683 fieri
1275 636 1471 697 potest,
1501 645 1520 678 ι
1554 625 1749 695 inquis,
1782 644 1800 677 ι
1826 634 1884 679 ιιι

295 738 384 780 res
422 722 624 777 arbitrii
667 720 961 776 conditioni
990 720 1250 775 seminum
1279 717 1604 773 misceatur?
1633 735 1653 769 ι
1685 716 1740 772 Si
1770 715 1882 769 fieri

299 829 402 871 non
432 819 629 883 posset,
660 826 769 884 non
793 818 937 866 esset
962 810 1105 865 unde
1131 810 1378 879 parvulos
1405 807 1640 863 nondum
1670 806 1737 861 de
1762 822 1885 861 cor-

294 919 425 974 pore
466 917 713 974 egressos
751 910 995 958 mortuos
1021 900 1344 956 diceremus.
1372 898 1505 968 Quia
1552 900 1597 953 si
1637 897 1882 953 Christus

294 1008 348 1054 et
378 1014 473 1068 pro
505 999 634 1070 ipsis
660 1006 903 1052 mortuus
929 1004 1047 1061 est,
1095 1010 1223 1066 ergo
1265 1003 1320 1050 et
1358 995 1455 1063 ipsi
1500 993 1693 1048 mortui
1717 1001 1878 1047 sunt:

295 1092 535 1161 quoniam
563 1091 608 1145 si
632 1105 763 1144 unus
790 1106 882 1159 pro
906 1087 1134 1143 omnibus
1173 1097 1399 1141 mortuus
1426 1095 1526 1153 cst,
1568 1100 1686 1156 ergo
1714 1097 1884 1138 omnes

297 1182 479 1235 nturtui
507 1191 641 1236 sunt.
665 1180 937 1246 AudiSne,
982 1178 1227 1235 Juliane?
1268 1179 1381 1233 haec
1414 1176 1656 1247 Apostoli
1683 1175 1842 1229 verba
1865 1216 1879 1239 ,

301 1289 405 1327 non
438 1288 553 1327 mea
586 1281 728 1327 sunt.
761 1271 898 1340 Quid
936 1287 964 1325 a
996 1285 1082 1325 me
1124 1270 1355 1338 qumris,
1407 1288 1426 1320 ι
1455 1284 1562 1339 ιιυο
1590 1268 1659 1322 sit
1688 1267 1882 1321 factum

299 1362 477 1429 modo,
511 1381 530 1415 ι
561 1377 682 1417 cum
711 1362 893 1417 videas
936 1361 1132 1416 factum
1174 1374 1294 1415 esse
1321 1374 1659 1430 quocumque
1687 1357 1845 1411 modo
1865 1399 1880 1421 ,

296 1455 341 1508 si
369 1455 622 1523 Apostolo
644 1453 831 1509 credas
855 1453 1037 1523 aliquo
1073 1452 1256 1518 modo,
1288 1452 1376 1520 qui
1404 1451 1471 1505 de
1495 1449 1709 1505 Christo
1738 1458 1791 1503 et
1816 1450 1883 1504 de

296 1543 380 1601 his
407 1560 505 1614 pro
541 1546 731 1616 quibus
756 1554 999 1600 mortuus
1027 1553 1107 1600 est
1132 1544 1406 1607 Christus,
1456 1544 1665 1598 mentiri
1714 1548 1885 1613 potuit

296 1638 445 1694 nullo
468 1638 628 1693 modo
643 1638 669 1691 ‘I
1060 1706 1068 1710 _

365 1726 460 1785 25.
493 1728 676 1784 Potest
714 1735 889 1783 autem
932 1728 1039 1784 dici
1079 1729 1219 1784 Deus
1247 1728 1314 1782 ab
1346 1728 1471 1794 alio,
1505 1729 1688 1798 quales
1718 1727 1846 1783 estis
1866 1770 1881 1793 ,

302 1836 591 1889 perverso,
642 1820 734 1877 sed
775 1836 959 1878 errore
1002 1822 1248 1887 diverso;
1299 1830 1473 1893 potest
1514 1836 1732 1892 prorsus
1778 1822 1883 1877 dici

300 1913 460 1980 Dens,
491 1913 761 1984 quod.nos
787 1916 989 1971 sentire
1012 1914 1080 1971 de
1105 1915 1340 1986 parvulis
1365 1914 1515 1979 dicis,
1554 1934 1573 1967 ι
1596 1915 1661 1970 ad
1686 1916 1882 1970 inimici

295 2004 377 2058 sui
411 2004 615 2060 lucrum
643 2019 857 2075 semper
880 2004 1211 2071 industrius;
1240 2023 1260 2058 ι
1295 2006 1415 2076 quia
1438 2019 1533 2061 eos
1553 2021 1688 2077 quos
1715 2006 1881 2072 novit,

304 2111 410 2150 non
438 2096 504 2152 ad
552 2106 763 2167 tempus
806 2096 907 2152 sub
949 2097 1161 2152 diabolo
1205 2096 1449 2162 futuros,
1498 2095 1595 2152 sed
1641 2112 1761 2152 eum
1795 2098 1885 2152 illo

294 2202 509 2258 semper
535 2203 774 2254 arsuros,
807 2203 913 2242 non
950 2187 1147 2244 desinit
1175 2202 1380 2254 creare,
1411 2187 1636 2254 nutrire,
1663 2189 1880 2251 vestire.

295 2282 478 2352 eisque
528 2282 951 2352 pertinacissima
1004 2282 1281 2354 iniquitate
1328 2284 1671 2354 peccantibus
1722 2284 1882 2338 vitam

295 2373 630 2444 salutemque
659 2373 1083 2429 subministrare.
1134 2373 1240 2429 Sed
1279 2373 1404 2429 iacit
1448 2374 1551 2430 hoc
1582 2377 1723 2431 Deus
1748 2390 1884 2446 quo-

294 2464 455 2520 modo
493 2466 669 2521 sciens
715 2465 855 2522 bene
882 2466 959 2521 uti
989 2475 1043 2521 et
1073 2466 1228 2523 bonis
1254 2477 1309 2522 et
1334 2467 1522 2535 malis;
1569 2468 1722 2539 cujus
1765 2483 1881 2523 ma-

290 2553 500 2623 iestatis
520 2554 726 2621 usibus,
759 2572 864 2612 non
897 2556 1070 2612 solum
1112 2572 1204 2612 eos
1233 2572 1370 2629 quos
1399 2558 1593 2628 premit
1617 2569 1709 2613 aut
1737 2559 1883 2615 deci-

294 2645 392 2715 pit,
413 2645 507 2701 sed
539 2661 637 2702 nec
660 2661 719 2703 se
741 2648 913 2718 ipsum
944 2648 1288 2720 malignitatis
1316 2650 1474 2705 ullius
1497 2659 1612 2706 arte
1641 2650 1886 2706 diabolus

295 2738 580 2793 subtrahit.
606 2741 686 2794 Ac
718 2755 812 2809 per
836 2740 939 2797 hoc
964 2756 1069 2797 non
1099 2744 1366 2813 pertinent
1386 2742 1453 2798 ad
1478 2744 1768 2811 diabolum,
1792 2749 1882 2817 qui

294 2836 555 2883 eruuntur
577 2828 648 2886 de
676 2829 873 2886 diaboli
902 2826 1165 2901 potestate
1189 2851 1201 2887 :
1227 2835 1317 2904 qui
1354 2849 1483 2890 vero
1512 2835 1580 2890 ad
1607 2850 1727 2891 eum
1758 2851 1884 2907 per-

294 2920 484 2985 tinent,
517 2922 569 2976 in
600 2922 713 2987 Dei,
743 2924 882 2979 sicut
906 2925 1043 2995 ipse,
1070 2934 1195 2980 sunt
1224 2936 1507 2997 potestate.

363 3010 454 3068 96.
477 3013 647 3081 Quam
669 3028 865 3070 vanum
887 3025 968 3071 est
994 3016 1175 3087 igitur,
1203 3017 1343 3086 quod
1369 3019 1578 3075 acutule
1607 3029 1658 3075 te
1683 3018 1884 3077 dixisse

292 3102 605 3171 arbitraris,
646 3104 797 3174 quasi
843 3119 1183 3174 asseramus,
1234 3107 1381 3164 «hoc
1426 3110 1564 3164 inter
1606 3125 1666 3166 se
1711 3109 1884 3166 foedus

293 3193 480 3253 iniisse
506 3194 778 3252 diabolum
806 3207 861 3253 et
893 3198 1058 3253 Deum
1082 3240 1098 3264 ,
1146 3208 1204 3253 ut
1231 3200 1488 3271 quidquid
1519 3201 1880 3271 perfunditur,

293 3286 474 3354 Deus;
523 3288 777 3359 quidquid
809 3290 1079 3360 nascitur,
1121 3290 1363 3348 diabolus
1392 3292 1492 3348 sibi
1527 3294 1794 3350 vindicet:
1820 3310 1883 3351 ea

294 3387 473 3436 tamen
513 3382 649 3453 lege,
676 3402 696 3436 ι
740 3384 875 3439 sicut
900 3383 1054 3452 dicis,
1102 3404 1122 3437 ι
1153 3386 1404 3455 utipsam
1448 3389 1883 3444 commixtionem

293 3487 454 3543 quam
481 3474 726 3530 diabolus
755 3477 981 3530 instituit
1002 3518 1017 3542 ,
1048 3477 1190 3533 Deus
1218 3478 1446 3533 obnoxia
1478 3480 1670 3536 virtute
1701 3480 1886 3537 fecun-

293 3563 386 3618 det
404 3563 431 3617 τ
461 3584 481 3616 ι
502 3564 741 3622 Prorsus
770 3583 868 3622 nec
896 3568 1124 3622 instituit
1152 3568 1395 3624 diabolus
1424 3574 1882 3642 commixtionctn,

294 3655 548 3725 quoniam
576 3667 718 3712 esset
744 3668 798 3713 et
825 3659 868 3712 si
899 3675 1056 3714 nemo
1082 3671 1386 3730 peceasset;
1419 3664 1513 3717 sed
1544 3663 1613 3717 ita
1641 3674 1803 3731 esset,
1827 3674 1886 3720 ut

294 3754 383 3800 tua
432 3745 505 3801 ibi
549 3758 796 3818 suscepta
837 3749 924 3805 vel
968 3749 1110 3804 nulla
1156 3759 1320 3818 esset,
1369 3752 1451 3806 vel
1498 3750 1731 3823 inquieta
1776 3770 1884 3811 non

292 3851 477 3895 esset:
502 3856 602 3896 nec
627 3840 855 3897 obnoxia
895 3844 1124 3909 virtute,
1157 3843 1251 3899 sed
1282 3844 1450 3900 libera
1479 3855 1534 3902 et
1572 3849 1883 3918 potentissi-

295 3944 381 3992 ma
428 3931 570 3987 Deus
616 3933 863 3988 fecundat
909 3943 1090 3990 uteros
1136 3933 1451 3990 feminarum
1478 3978 1493 4003 ,
1548 3938 1709 3993 etiam
1756 3953 1885 3995 vasa

292 4023 553 4079 diabolica
584 4025 870 4094 parituros.
900 4024 1049 4082 Sicut
1076 4026 1216 4081 enim
1254 4026 1560 4084 hominibus
1587 4030 1739 4085 malis
1763 4071 1779 4097 ,
1813 4031 1883 4086 ita

291 4127 351 4171 et
377 4116 670 4172 seminibus
689 4132 755 4173 ex
781 4117 984 4189 origine
1010 4118 1227 4179 vitiatis.
1254 4119 1308 4174 in
1331 4118 1523 4191 quibus
1550 4121 1686 4177 bona
1716 4132 1797 4178 est
1818 4123 1885 4180 ab

292 4207 387 4263 illo
414 4220 592 4265 creata
622 4209 938 4275 substantia,
972 4210 1383 4279 incrementum,
1418 4212 1665 4283 formam,
1698 4215 1881 4283 vitam,

292 4301 627 4373 salutemque
651 4303 874 4373 largitur
902 4303 1128 4375 gratuita
1166 4304 1424 4372 bonitate,
1456 4305 1599 4363 nulla
1646 4307 1885 4362 necessi-

295 4401 425 4455 tate,
456 4391 802 4463 insuperabili
836 4402 1116 4464 potestate,
1145 4393 1605 4471 irreprehensibili
1637 4397 1882 4461 veritate,

294 4481 427 4539 Cum
458 4499 586 4555 ergo
629 4492 912 4555 utrumque
958 4485 1015 4540 in
1057 4495 1320 4557 petestate
1367 4487 1436 4542 sit
1484 4487 1601 4552 Dei,
1650 4497 1705 4544 et
1743 4490 1884 4560 quod

295 4570 628 4642 perfunditur
665 4573 888 4641 scilicet,
937 4583 991 4630 et
1038 4575 1177 4646 quod
1224 4577 1482 4643 nascitur,
1528 4593 1558 4633 a
1603 4579 1753 4649 cujus
1784 4596 1887 4651 po-

294 4671 488 4719 testate
518 4664 726 4720 alienus
772 4680 869 4720 nec
912 4666 1025 4736 ipse
1072 4665 1317 4723 diabolus
1360 4669 1651 4739 invenitur,
1696 4680 1748 4728 tu
1778 4674 1885 4728 duo

294 4754 396 4811 ista
423 4756 690 4827 quomodo
732 4757 1001 4828 posuisti?
1045 4757 1234 4814 Utrum
1276 4759 1465 4815 melius
1510 4776 1630 4817 esse
1676 4764 1884 4820 voluisti

296 4846 445 4900 nasci
473 4862 631 4917 quam
681 4847 966 4917 perfundi?
994 4847 1077 4902 An
1106 4849 1294 4903 melius
1317 4864 1436 4905 esse
1464 4851 1728 4920 perfundi,
1757 4855 1879 4923 quia

297 4939 370 4995 ibi
400 4948 482 4995 est
507 4950 563 4996 et
594 4942 779 4996 nasci?
803 4940 918 4997 Non
940 4943 1083 4998 enim
1122 4941 1363 5014 perfundi
1391 4947 1585 5016 poterit
1611 4948 1701 5018 qui
1730 4959 1886 5004 natus

297 5049 405 5088 non
435 5033 612 5090 fuerit.
643 5038 722 5089 An
764 5044 1048 5107 utrumque
1094 5053 1246 5105 mqua
1289 5038 1441 5093 lance
1481 5040 1804 5109 perpendis‘?
1830 5043 1886 5098 Si

298 5124 444 5179 nasci
474 5135 626 5194 putas
651 5140 772 5182 esse
797 5126 1010 5190 melius.
1044 5129 1434 5199 regenerationi
1463 5131 1724 5200 spirituali
1757 5131 1887 5189 facis

297 5216 564 5286 injuriam,
592 5217 675 5274 cui
702 5221 1102 5289 generationem
1125 5222 1392 5277 carnalem
1423 5223 1682 5296 sacrilego
1702 5239 1886 5282 errore

298 5308 587 5378 prmponis.
613 5308 728 5364 Non
759 5312 900 5365 enim
934 5310 1125 5366 frustra
1159 5311 1398 5370 crederis
1423 5315 1657 5371 noluisse
1681 5316 1883 5385 dicere,

299 5398 455 5466 Quod
484 5400 816 5466 renascitur;
863 5400 980 5469 sed,
1009 5419 1028 5454 ι
1058 5402 1198 5472 quod
1221 5403 1586 5473 perfunditur:
1614 5426 1634 5460 ι
1661 5419 1720 5462 ιιι
1749 5424 1884 5479 quo-

299 5490 443 5542 niam
470 5489 745 5545 diabolum
784 5500 839 5547 et
868 5493 1030 5548 Deum
1056 5495 1208 5563 quasi
1233 5506 1414 5565 partes
1451 5497 1590 5553 inter
1613 5513 1670 5555 se
1696 5498 1887 5556 fecisse

299 5596 397 5650 per
423 5590 667 5638 nostrum
698 5597 913 5639 sensum
943 5583 1315 5643 demonstrare
1341 5588 1594 5659 cupiebas
1618 5631 1633 5656 ,
1679 5600 1885 5663 partem

299 5673 396 5730 Dei
439 5673 649 5734 faceres
684 5675 830 5731 verbi
862 5675 1062 5733 vilitate
1088 5678 1352 5733 viliorem.
1384 5679 1607 5736 Potuisti
1635 5681 1777 5737 enim
1806 5684 1886 5738 di-
1928 5709 1937 5719 -

297 5779 444 5833 cere,
469 5765 622 5837 Quod
653 5769 986 5833 renascitur;
1034 5769 1275 5840 potuisti,
1320 5769 1472 5839 Quod
1500 5785 1881 5843 regeneratur;

296 5860 519 5923 potuisti
561 5869 863 5930 postremo,
904 5860 1057 5928 Quod
1096 5863 1396 5934 baptizatur
1421 5881 1436 5911 ε
1465 5863 1566 5919 hoe
1591 5866 1733 5923 enim
1760 5884 1884 5924 ver—

1682 418 1880 476 LIBER
1920 418 2205 475 SEXTUS.

3472 434 3575 490 858

1990 531 2113 585 bum
2154 546 2219 584 ex
2267 544 2442 598 gratco
2488 531 2647 586 latina
2678 536 3009 590 consuetudo
3035 538 3110 593 sie
3142 538 3337 609 habet,
3384 553 3442 599 nt
3469 560 3577 602 non

1989 623 2157 677 soleat
2175 623 2300 677 alibi
2323 623 2422 677 nisi
2446 623 2498 677 in
2520 622 2868 681 Sacramenta
2890 633 3309 698 regenerationis
3331 637 3572 709 intelligi.

1989 712 2131 767 Nihil
2163 713 2354 768 horum
2383 714 2563 801 dicere
2588 717 2821 782 voluisti,
2866 720 2960 774 sed
2988 721 3192 792 elegisti
3223 727 3444 783 verbum
3470 747 3579 801 quo
3608 724 3617 733 ’
3671 743 3674 747 ‘

1992 806 2143 860 fieret
2169 791 2571 877 contemptibile
2600 810 2739 879 quod
2768 811 3001 867 dicebas.
3029 791 3198 871 Nemo
3224 821 3366 876 enim
3395 791 3579 893 legen-

1989 896 2118 950 tium
2159 897 2413 969 prmferre
2454 909 2633 967 posset
2664 909 2843 955 natum
2877 913 3081 969 renato,
3131 907 3215 962 vel
3243 924 3577 980 regeneratn,

1989 986 2072 1039 vel
2100 987 2396 1056 baptizata;
2430 992 2524 1044 sed
2554 990 2709 1046 facile
2735 995 2925 1061 putasti
2954 1006 3134 1052 natum
3162 998 3396 1067 prteferri
3422 1020 3582 1073 posse

1990 1078 2222 1146 perfuso.
2275 1079 2333 1135 Si
2374 1091 2554 1137 autem
2598 1096 2852 1155 quantum
2898 1086 3059 1143 distat
3106 1092 3301 1147 cmlum
3332 1111 3363 1150 a
3396 1107 3531 1151 terra
3559 1142 3577 1162 ,

1988 1178 2136 1223 tanto
2166 1172 2356 1228 melius
2384 1182 2468 1228 est
2498 1174 2742 1244 perfundi
2787 1186 2843 1231 ut
2874 1188 3114 1247 portetur
3143 1183 3374 1241 hominis
3405 1188 3580 1260 imago

1988 1261 2244 1328 caelestis,
2287 1278 2450 1333 quam
2480 1267 2625 1322 nasci
2655 1277 2712 1321 ut
2741 1279 2981 1337 portetur
3009 1270 3240 1330 hominis
3274 1276 3446 1348 imago
3475 1289 3581 1333 trr-

1987 1350 2102 1406 reni
2133 1351 2191 1423 (1
2221 1352 2341 1409 Cor.
2375 1370 2463 1421 xv,
2494 1357 2624 1427 b9);
2672 1361 2888 1415 evanuit
2926 1361 3036 1432 jam
3072 1373 3158 1418 tua
3189 1366 3288 1421 ista
3320 1368 3578 1424 invidiosa

1990 1442 2223 1511 partitio.
2252 1443 2437 1515 Neque
2476 1446 2619 1502 enim
2660 1449 2962 1507 mirandum
2995 1464 3078 1509 est
3101 1497 3115 1519 ,
3145 1456 3189 1510 si
3218 1458 3454 1513 cmlestis
3479 1464 3579 1514 lto-

1989 1532 2149 1586 mi;.is
2195 1534 2500 1605 imaginem,
2547 1554 2666 1607 qua:
2717 1555 2869 1596 saera
2918 1543 3222 1613 pet-fusione
3270 1551 3576 1620 suscipitur,

1989 1623 2088 1678 sibi
2118 1624 2348 1680 vindieat
2392 1626 2567 1694 Deus;
2615 1630 2898 1701 imaginem
2940 1651 3067 1690 vero
3110 1641 3305 1694 terreni
3347 1641 3579 1698 hominis

1989 1723 2203 1770 terrena
2232 1716 2349 1773 labe
2375 1720 2679 1776 sordentem
2706 1725 2834 1778 sinit
2860 1741 2981 1781 esse
3005 1730 3106 1783 sub
3131 1730 3344 1787 diabolo
3368 1752 3380 1788 :
3406 1734 3580 1790 donec

1990 1805 2055 1860 ad
2084 1808 2482 1877 suscipiendam
2504 1812 2741 1869 caelestis
2764 1816 2998 1872 hominis
3021 1819 3307 1891 imaginem
3333 1841 3580 1882 renasca-

1992 1906 2077 1952 tur
2102 1899 2155 1952 in
2183 1899 2419 1955 Christo.
2463 1934 2477 1953 .

2057 1987 2147 2043 27.
2188 1989 2355 2045 Porro
2387 1992 2432 2047 si
2471 1993 2709 2063 perfundi
2737 2004 2791 2051 et
2829 1999 2972 2053 nasci
3012 2003 3203 2071 aequali
3240 2004 3337 2060 abs
3368 2015 3419 2062 te
3445 2022 3579 2078 pen-

1988 2088 2173 2135 santur
2196 2084 2470 2152 examine,
2502 2094 2560 2141 ut
2602 2087 2723 2143 ideo
2758 2091 2963 2159 parvuli
2993 2095 3226 2150 nonduut
3269 2101 3438 2154 renati
3469 2118 3580 2157 non

1988 2170 2275 2227 credantur
2298 2189 2418 2231 esse
2445 2177 2545 2231 sub
2569 2177 2784 2235 diabolo
2802 2222 2818 2246 ,
2848 2198 2914 2237 ne
2938 2195 3117 2254 partes
3161 2190 3395 2259 mquales
3440 2192 3583 2248 inter

1988 2277 2049 2320 se
2096 2265 2235 2320 Deus
2272 2276 2328 2322 et
2363 2269 2608 2326 diabolus
2647 2272 2822 2329 facere
2862 2275 3169 2346 videantur,
3214 2281 3257 2335 si
3298 2282 3440 2339 Deus
3478 2286 3580 2340 sibi

1988 2352 2252 2423 perfusos,
2295 2357 2540 2414 diabolus
2581 2372 2758 2418 autem
2807 2365 3040 2421 vindicat
3089 2378 3286 2426 natos:
3341 2375 3582 2442 profecto

1987 2446 2110 2516 quia
2161 2449 2457 2504 sectandum
2514 2451 2673 2507 istum
2730 2469 2945 2512 sensum
3001 2469 3205 2515 tantum
3260 2466 3399 2520 valet
3454 2482 3581 2536 per-

1990 2538 2139 2595 fundi
2179 2551 2435 2612 quantum
2479 2545 2621 2601 valet
2664 2549 2844 2616 nasci,
2887 2552 3213 2622 superfluum
3250 2560 3584 2626 persuadetis

1987 2643 2109 2685 esse
2136 2631 2415 2701 perfundi;
2446 2636 2722 2705 quoniam,
2753 2640 2894 2709 quod
2924 2645 3252 2701 tantumdem
3281 2648 3440 2716 valet,
3474 2652 3585 2704 suf-

1989 2720 2100 2775 tleit
2139 2723 2306 2777 nasci.
2337 2724 2403 2778 Et
2446 2735 2625 2781 tamen
2665 2728 2871 2799 agimus
2907 2733 3124 2801 gratias,
3168 2737 3289 2806 quia
3334 2754 3439 2794 non
3478 2739 3584 2796 hoc

1986 2811 2208 2882 putatis.
2238 2812 2356 2869 Non
2382 2814 2523 2870 enim
2553 2816 2621 2871 ad
2650 2833 2871 2889 regnum
2897 2822 2993 2876 Dei
3023 2837 3197 2894 natos,
3231 2829 3332 2883 nisi
3361 2832 3579 2899 perfun-

1988 2901 2184 2960 dantur
2206 2943 2223 2970 ,
2260 2906 2542 2963 admittitis
2569 2927 2582 2963 :
2631 2920 2791 2981 atque
2817 2912 2886 2967 ita
2916 2915 3164 2984 perfundi
3189 2920 3357 2975 multo
3388 2924 3582 2979 melius

1983 2993 2234 3065 indicatis
2261 3012 2383 3053 esse
2408 3014 2567 3069 quam
2594 3002 2758 3056 nasci.
2778 2988 2906 3057 ’Jam
2934 3006 3115 3076 itaque
3146 3010 3296 3065 vobis
3322 3010 3427 3081 ipsi
3450 3015 3579 3070 red-

1988 3085 2097 3142 dite
2126 3090 2412 3154 rationem,
2442 3107 2512 3147 ne
2535 3095 2734 3162 putetis
2756 3096 3049 3168 indignum,
3075 3102 3240 3172 utqui
3262 3105 3584 3166 uanadmit-

1990 3185 2174 3233 tantur
2218 3180 2272 3234 in
2329 3197 2551 3253 regnum
2599 3185 2726 3249 Dei,
2757 3186 2864 3241 sint
2891 3189 2990 3244 sub
3034 3190 3125 3245 illo
3161 3194 3251 3263 qui
3291 3196 3484 3251 cecidit
3513 3198 3587 3253 de

1988 3284 2154 3340 regno
2182 3271 2305 3336 Dei;
2331 3281 2387 3327 et
2415 3274 2504 3345 qui
2534 3292 2638 3330 non
2668 3276 2864 3332 habent
2893 3280 3052 3335 vitam
3070 3323 3085 3349 ,
3115 3284 3223 3339 sint
3246 3286 3346 3341 sub
3374 3287 3466 3342 illo
3491 3292 3584 3361 qui

1988 3361 2221 3431 perdidit
2270 3364 2454 3421 vitam.
2499 3365 2615 3422 Non
2658 3375 2834 3424 autem
2878 3369 3073 3428 habere
3114 3376 3366 3444 parvulos
3393 3378 3580 3447 vitam,

1986 3452 2091 3507 nisi
2134 3453 2364 3510 habeant
2398 3455 2668 3513 Christum
2721 3459 2919 3533 (quem
2956 3466 3139 3533 procul
3180 3467 3343 3523 dubio
3382 3469 3583 3526 habere

1986 3558 2095 3600 non
2121 3557 2377 3617 possunt,
2409 3550 2509 3605 nisi
2537 3551 2809 3608 induerint
2834 3569 2954 3609 eum
2981 3599 2997 3622 ,
3030 3573 3094 3612 eo
3126 3561 3287 3616 modo
3314 3577 3419 3633 quo
3447 3568 3583 3620 scri-

1989 3644 2137 3703 ptum
2166 3648 2268 3703 est,
2300 3638 2554 3711 Quotquot
2577 3641 2630 3695 in
2658 3641 2857 3699 Christo
2883 3646 3123 3717 baptisati
3147 3652 3296 3718 estis,
3326 3651 3581 3711 Christum

1987 3722 2223 3779 induisti:
2248 3723 2443 3798 [Calan
2476 3728 2710 3805 111, 27])
2728 3750 2743 3788 :
2764 3750 2869 3789 non
2897 3751 3023 3807 ergo
3048 3752 3142 3793 eos
3168 3738 3365 3797 habere
3394 3744 3587 3814 vitam,

1988 3815 2089 3870 nisi
2121 3816 2343 3873 habeant
2374 3819 2669 3897 Christum,
2700 3824 2935 3883 Joannes
2963 3833 3289 3901 evangelista
3317 3843 3542 3893 testatur
3561 3882 3578 3906 ,

1988 3905 2173 3963 dicens
2213 3909 2264 3963 in
2303 3911 2535 3981 Epistula
2562 3931 2687 3979 sua,
2723 3917 2825 3985 Qui
2859 3920 3006 3975 habet
3042 3921 3274 3990 Filium,
3314 3926 3460 3982 liabet
3500 3905 3580 3985 vi;

1989 4010 2135 4067 tam;
2166 4003 2256 4073 qui
2281 4020 2384 4058 non
2410 4006 2557 4060 habet
2592 4006 2641 4061 F
2642 4009 2815 4072 ilium,
2844 4012 2998 4066 vitam
3026 4032 3127 4069 non
3167 4016 3314 4071 habet
3357 4018 3394 4091 (l
3419 4020 3579 4076 Joan.

1990 4108 2026 4147 ν
2049 4133 2065 4160 ,
2096 4093 2209 4166 12).
2240 4095 2429 4151 Merito
2458 4114 2586 4170 ergo
2614 4101 2980 4173 intelliguntur
3006 4109 3202 4163 mortui
3232 4111 3320 4181 qui
3353 4127 3458 4167 non
3488 4114 3584 4169 ha-

1989 4183 2117 4240 bent
2156 4187 2316 4241 vitam
2337 4230 2353 4256 ,
2386 4203 2484 4259 pro
2520 4191 2712 4260 quibus
2735 4204 2818 4248 est
2842 4192 3085 4252 Christus
3113 4209 3357 4257 mortuus
3396 4213 3452 4258 ut
3481 4204 3581 4259 ha-

1988 4277 2170 4333 beant.
2198 4278 2346 4335 Unus
2365 4282 2512 4336 ‘enim
2535 4300 2627 4353 pro
2651 4286 2880 4342 omnibus
2901 4300 3126 4345 mortuus
3146 4302 3240 4361 est,
3268 4311 3386 4367 ergo
3409 4314 3587 4352 omnes

1989 4372 2179 4424 mortui
2201 4382 2339 4425 sunt.
2364 4373 2489 4428 Ideo
2517 4384 2693 4432 autem
2733 4388 2975 4436 mortuus
3004 4393 3107 4451 est,
3136 4384 3274 4441 sicut
3300 4387 3490 4459 legitur
3512 4392 3587 4447 ad

1990 4460 2245 4518 Ilehraros
2268 4504 2282 4528 ,
2315 4473 2370 4517 ut
2398 4482 2487 4536 per
2506 4476 2715 4521 mortem
2741 4481 3004 4527 evacuaret
3031 4488 3144 4528 eum
3173 4477 3259 4547 qui
3284 4489 3582 4550 potestatem

1997 4552 2208 4608 habebat
2235 4557 2441 4622 moi-tis,
2474 4558 2529 4612 id
2550 4568 2654 4625 est,
2687 4560 2942 4617 diabolum
2980 4562 3164 4636 (Hebr.
3193 4583 3265 4636 ιι,
3300 4570 3408 4641 14).
3442 4571 3588 4640 Quid

1990 4659 2119 4716 ergo
2144 4647 2337 4702 mirum
2358 4691 2373 4714 ,
2401 4649 2444 4704 si
2473 4652 2711 4720 parvuli,
2744 4655 2993 4724 quamdiu
3023 4659 3215 4713 mortui
3242 4670 3400 4728 sunt,
3431 4673 3582 4719 ante-

1989 4754 2148 4809 quam
2176 4741 2430 4812 incipiant
2455 4758 2576 4798 eum
2602 4744 2804 4802 habere
2832 4750 2920 4818 qui
2947 4759 3188 4806 mortuus
3209 4762 3291 4806 est
3316 4769 3417 4823 pro
3440 4770 3590 4811 mor-

1993 4832 2118 4896 tuis,
2151 4833 2250 4887 sub
2278 4850 2344 4889 eo
2372 4845 2498 4889 sunt
2524 4836 2615 4906 qui
2646 4848 2964 4908 potestatem
2991 4840 3151 4897 habet
3177 4846 3402 4900 mortis?

2061 4922 2287 4979 CAPUT
2324 4924 2393 4979 Χ.
2420 4957 2485 4966 -
2509 4927 2599 4983 28.
2640 4929 2936 4987 Ennmeras
2964 4949 3083 5004 qua:
3114 4934 3246 4991 fides
3275 4953 3401 4994 vere
3426 4941 3442 4971 ¹
3473 4956 3579 4997 non

1988 5012 2196 5069 dubitet
2223 5013 2544 5084 christiana;
2587 5019 2639 5073 in
2680 5020 2873 5091 quibus
2901 5038 2962 5080 ea
2993 5039 3419 5095 commemoras,
3459 5049 3580 5103 qua:

1990 5119 2126 5174 pene
2149 5107 2327 5161 omnia
2368 5109 2720 5178 przedieamus
2762 5122 2817 5167 et
2844 5129 2976 5182 nos,
3007 5127 3061 5172 et
3098 5117 3165 5174 de
3205 5120 3397 5190 quibus
3430 5125 3591 5179 nullo

1991 5196 2151 5251 modo
2188 5197 2536 5259 dubitandum
2575 5217 2696 5258 esse
2741 5220 3059 5274 censemus;
3109 5225 3277 5281 usque
3327 5213 3463 5270 adeo
3521 5226 3580 5270 ut

1991 5287 2153 5342 etiam
2200 5288 2328 5343 illud
2359 5289 2499 5361 quod
2543 5291 2697 5361 dicis,
2748 5312 2768 5347 ι
2802 5294 2931 5351 Sine
2976 5314 3140 5367 apere
3182 5300 3334 5356 liberi
3370 5303 3583 5359 arbitrii

1993 5379 2197 5434 nullum
2225 5380 2455 5437 hominis
2484 5396 2604 5439 esse
2632 5399 2790 5454 posse
2832 5398 3106 5456 peccatum
3127 5431 3143 5456 ,
3191 5409 3211 5443 ι
3244 5407 3427 5447 verum
3457 5409 3585 5450 esse

1992 5469 2274 5526 fateamur.
2301 5471 2415 5527 Non
2442 5474 2584 5529 enim
2606 5483 2660 5530 et
2686 5475 2788 5532 hoc
2813 5488 2955 5535 esset
2979 5490 3272 5550 peccatum,
3301 5484 3444 5555 quod
3472 5500 3577 5540 ort-

1992 5562 2166 5634 ginale
2194 5563 2494 5621 traheretur
2514 5609 2529 5631 ,
2561 5567 2678 5624 sine
2704 5583 2869 5639 opere
2897 5571 3051 5628 liberi
3084 5568 3310 5640 arbitrii,
3334 5591 3440 5645 quo
3467 5576 3581 5644 prio

1992 5669 2113 5709 mus
2142 5655 2301 5712 homo
2337 5658 2609 5727 peccavit,
2640 5675 2735 5729 per
2762 5677 2919 5731 quem
2965 5673 3239 5734 peccatum
3279 5663 3495 5718 intravit
3523 5663 3585 5717 in

1991 5745 2282 5815 mundum,
2333 5748 2463 5805 etin
2502 5765 2691 5807 omnes
2743 5751 2988 5810 homines
3033 5754 3337 5825 pertransiit
3378 5753 3581 5825 (Ren-

2062 5883 2077 5915 ¹
2113 5882 2338 5940 Plerique
2361 5893 2466 5937 Mss.
2484 5920 2498 5942 .
2519 5900 2639 5939 rere.
