4122 6546
561 387 669 443 839

552 515 617 564 v,
653 498 761 571 12).
790 497 939 568 Quod
969 508 1145 553 autem
1174 497 1328 565 dicis,
1365 517 1382 550 ι
1416 500 1619 555 Alienis
1648 501 1877 569 peccatis
1907 502 2129 556 alterum

552 590 838 646 obnoxium
865 605 971 645 non
995 590 1195 656 teneri;
1229 609 1248 643 ι
1281 592 1504 647 interest
1524 602 1784 661 quatenus
1805 603 1947 647 recte
1970 596 2137 662 possit

551 678 794 750 intelligi.
813 678 993 749 Neque
1017 695 1157 734 nunc
1176 695 1296 750 ago,
1323 681 1462 751 quod
1488 684 1722 750 peccavit
1750 683 1931 746 David,
1958 692 2012 737 et
2038 699 2135 751 pro

553 777 773 838 peccato
787 768 901 839 ejus
920 781 993 825 tot
1013 771 1282 825 hominum
1300 772 1460 826 millia
1477 773 1858 841 cecideruntul
1878 775 2002 845 Reg.
2015 776 2130 843 24);

470 879 476 884 ·
551 872 604 915 et
631 862 770 931 quod
797 862 864 917 de
892 862 1229 917 anathemate
1256 873 1438 918 contra
1467 865 1811 927 interdictum
1829 868 1949 935 quia
1977 883 2134 921 usur-

548 954 695 1027 pavit
724 969 857 1007 unus
880 995 896 1020 ,
926 954 975 1006 in
1000 969 1094 1008 eos
1119 955 1208 1022 qui
1249 955 1349 1010 hoc
1374 970 1481 1010 non
1524 956 1781 1022 fecerant,
1811 974 1911 1012 nec
1935 958 2132 1014 factum

549 1043 717 1100 fuisse
749 1055 1043 1113 noverant,
1081 1047 1311 1102 vindicta
1349 1051 1606 1118 processit
1646 1048 1823 1120 (Iosue
1853 1052 1990 1121 vn):
2031 1053 2132 1107 alia

548 1134 836 1204 disputatio
863 1145 979 1203 est,
1010 1153 1182 1207 neque
1209 1154 1347 1192 nunc
1378 1148 1559 1195 tenere
1584 1155 1682 1195 nos
1706 1140 1901 1207 debet,
1940 1141 2008 1197 de
2033 1143 2134 1198 hoc

548 1238 744 1293 genere
776 1237 1110 1293 peccatorum
1149 1228 1261 1283 sive
1298 1244 1597 1297 poenarum.
1626 1230 1912 1289 Parentum
1952 1243 2130 1289 autem

550 1324 766 1382 peccata
789 1316 946 1369 modo
969 1318 1192 1385 quodam
1215 1319 1459 1374 dicuntur
1478 1320 1674 1386 aliena,
1695 1331 1747 1376 et
1768 1337 1951 1376 rursus
1973 1322 2132 1378 modo

548 1406 775 1475 quodam
820 1408 1156 1476 reperiuntur
1197 1418 1250 1463 et
1286 1420 1505 1464 nostra:
1555 1412 1726 1467 aliena
1766 1415 1961 1485 quippe
2004 1431 2130 1484 pro-

549 1496 773 1566 prietate
811 1508 933 1549 sunt
961 1498 1216 1564 actionis,
1247 1508 1422 1554 ucstra
1449 1511 1572 1557 sunt
1612 1511 1788 1557 autem
1818 1505 2131 1574 contagione

546 1586 869 1657 propaginis.
917 1587 1064 1655 Quod
1101 1589 1145 1642 si
1176 1589 1361 1645 falsum
1400 1599 1571 1658 esset,
1600 1592 1835 1661 profecto
1859 1609 2018 1663 grave
2040 1595 2131 1663 ju-

547 1691 672 1745 gum
701 1694 857 1746 super
884 1679 1018 1733 filios
1040 1680 1208 1735 Adam
1227 1724 1243 1747 ,
1273 1696 1301 1734 a
1330 1681 1414 1736 die
1438 1683 1610 1738 exitus
1633 1684 1700 1739 de
1725 1697 1909 1740 ventre
1948 1689 2130 1742 matris

544 1782 728 1819 eormn
757 1766 938 1837 (Et-cli.
969 1786 1071 1835 XL,
1104 1772 1179 1842 t),
1208 1774 1352 1826 nullo
1379 1774 1541 1829 modo
1569 1775 1770 1844 justum
1799 1788 1961 1833 esset.

615 1858 705 1913 23.
746 1860 894 1927 Quod
925 1870 1101 1917 autem
1129 1865 1441 1933 Apostolinn
1469 1866 1669 1922 dixisse
1695 1884 2082 1926 commemoras
2108 1912 2124 1937 ,

547 1945 731 2003 Omnes
756 1966 846 2003 nos
874 1953 1192 2021 ntanifestari
1220 1964 1418 2023 oportet
1439 1965 1557 2011 ante
1581 1957 1800 2013 tribunal
1825 1960 2010 2014 Christi
2026 2003 2041 2025 ,
2073 1973 2151 2015 ut'

540 2048 759 2106 reportet
799 2044 1139 2113 unusquisque
1171 2047 1376 2115 propria
1395 2049 1619 2117 corporis
1650 2051 1729 2103 sui
1761 2061 1909 2120 prout
1932 2054 2082 2122 gessit
2106 2094 2123 2120 ,

540 2129 643 2182 sive
664 2128 847 2183 bonum
867 2173 882 2196 ,
914 2134 1014 2185 sive
1048 2134 1237 2187 malum
1266 2136 1332 2205 (ll
1363 2135 1483 2193 Cor.
1528 2154 1561 2194 v
1582 2179 1598 2205 ,
1629 2139 1753 2211 10);
1779 2143 2047 2211 quomodo
2073 2144 2124 2199 in

504 2197 511 2204 ’
541 2220 779 2288 parvulis
811 2224 1056 2293 accipis?
1084 2235 1258 2280 utrum
1299 2238 1354 2283 et
1383 2229 1482 2298 ipsi
1508 2238 1633 2286 ante
1674 2232 1899 2287 tribunal
1929 2232 2125 2289 Christi

542 2311 1018 2368 manifestabuntur
1040 2357 1054 2380 ,
1085 2331 1152 2370 an
1194 2319 1343 2373 non?
1373 2319 1429 2374 Si
1467 2336 1571 2375 non
1613 2323 2123 2394 manifestabuntur,

541 2402 669 2470 quid
691 2411 741 2456 te
765 2403 974 2472 adjuvat
999 2406 1099 2459 ista
1123 2411 1408 2477 sententia,
1432 2411 1642 2480 quando
1667 2412 1735 2467 ad
1758 2428 1853 2469 eos
1879 2430 1984 2469 non
2007 2430 2128 2486 per-

540 2491 709 2556 tinet,
748 2508 971 2561 quorum
1013 2511 1153 2550 nunc
1189 2499 1363 2567 agitur
1399 2502 1598 2556 causa?
1632 2502 1689 2558 Si
1733 2514 1911 2561 autem
1956 2508 2124 2562 mani-

541 2578 906 2649 festabuntur,
935 2585 1203 2653 quomodo
1246 2598 1481 2660 reportat
1518 2607 1699 2648 eorum
1736 2596 1958 2667 quisque
1983 2597 2124 2669 quod

540 2673 732 2737 gessit,
776 2673 864 2742 qui
902 2674 1032 2729 nihil
1074 2680 1269 2747 gessit;
1313 2681 1412 2736 nisi
1449 2683 1570 2752 quia
1608 2686 1836 2754 pertinet
1879 2687 2122 2765 adeas,

541 2762 682 2832 quod
713 2778 805 2833 per
830 2764 990 2820 corda
1020 2776 1074 2822 et
1097 2784 1187 2823 ora
1212 2773 1529 2840 gestantium
1548 2815 1565 2842 ,
1590 2776 1702 2830 sive
1725 2762 1981 2847 credunt,
2007 2780 2124 2838 sive

540 2869 646 2906 non
685 2854 950 2911 credunt?
992 2856 1212 2928 Propria
1239 2864 1467 2933 corporis
1487 2865 1569 2919 sui
1605 2867 1745 2923 enim
1783 2868 1947 2936 dixit,
1975 2872 2120 2943 quod

537 2944 604 2998 ad
636 2962 1064 3020 unumquemque
1094 2952 1147 3007 in
1177 2967 1235 3009 se
1275 2954 1390 3024 ipso
1422 2956 1532 3026 jam
1563 2959 1825 3016 viventem
1869 2965 2119 3033 pertinet.

537 3032 671 3089 Nam
705 3037 972 3106 quomodo
1001 3051 1236 3118 reportat
1260 3044 1491 3111 bonum,
1538 3056 1592 3102 ut
1619 3049 1778 3107 intret
1805 3032 2119 3125 iuregnum

537 3125 668 3193 Dei,
701 3128 745 3182 si
775 3128 878 3185 hoc
916 3142 1150 3201 reportat
1188 3134 1412 3207 quisque
1438 3138 1576 3208 quod
1620 3142 1821 3210 gessit;
1849 3145 1950 3198 nisi
1994 3149 2119 3217 quia

539 3218 766 3284 pertinet
792 3221 857 3274 ad
888 3224 1163 3291 parvulum
1191 3226 1351 3281 etiam
1382 3229 1523 3299 quod
1551 3245 1645 3299 per
1670 3232 1895 3289 alterum
1926 3237 2113 3305 gessit,

534 3305 588 3360 id
614 3317 722 3372 est,
755 3310 1021 3367 credidit?
1050 3315 1195 3370 Sicut
1221 3316 1397 3387 itaque
1424 3319 1564 3389 quod
1593 3321 1856 3388 credidit,
1888 3326 2116 3393 pertinet

532 3395 598 3450 ad
622 3413 775 3466 eum,
812 3409 868 3455 ut
910 3413 1145 3474 reportet
1172 3405 1404 3475 bonum,
1440 3410 1541 3464 hoc
1575 3420 1687 3478 est,
1726 3415 1979 3485 percipiat
2021 3417 2112 3474 Dei

534 3502 754 3558 regnum
786 3509 800 3547 :
846 3493 922 3547 sic
948 3495 1011 3549 ad
1040 3511 1158 3551 eum
1190 3500 1416 3567 pertinet
1444 3501 1623 3568 etiam,
1652 3504 1694 3557 si
1722 3520 1828 3560 non
1853 3508 2110 3583 credidit,

536 3587 595 3632 ut
624 3593 856 3650 reportet
893 3586 1353 3644 condemnationis
1388 3589 1677 3661 judicium;
1716 3596 1838 3663 quia
1878 3614 2110 3667 evange-

530 3670 627 3725 lica
655 3684 735 3727 est
772 3683 825 3728 ct
854 3674 966 3744 ipsa
1009 3681 1272 3734 sententia
1302 3683 1351 3744 ³,
1383 3682 1483 3747 Qui
1510 3700 1611 3738 non
1658 3688 1955 3755 crediderit,
1982 3709 2123 3746 con-a

527 3765 842 3821 dt’ttutubilur
889 3767 1079 3840 (Marc.
1108 3787 1200 3825 xvt
1224 3813 1240 3837 ,
1284 3772 1396 3844 t6).
1424 3774 1488 3830 Et
1525 3777 1811 3846 Apostolus
1839 3780 2066 3837 dicendo
2088 3825 2105 3849 ,

530 3851 714 3908 Omnes
743 3873 833 3910 nos
867 3859 1179 3930 manifestari
1207 3873 1432 3932 oportet,
1459 3874 1513 3917 ut
1540 3867 1745 3937 recipiat
1772 3873 2109 3942 unusquisque

528 3954 677 4011 prout
704 3947 886 4012 gessit,
916 3949 1017 4001 sive
1043 3950 1255 4016 bonum,
1286 3952 1389 4006 sive
1418 3954 1603 4007 malum
1614 3973 1636 4022 ;
1663 3958 1793 4013 nihil
1820 3960 1983 4014 voluit
2020 3962 2101 4018 in-

529 4034 692 4104 telligi
720 4037 972 4092 medium.
1010 4040 1139 4096 Vide
1164 4058 1291 4114 ergo
1316 4059 1474 4114 quam
1498 4046 1797 4117 importune
1823 4053 1960 4109 nolis
1982 4070 2106 4125 par-

527 4125 708 4179 vulum
750 4126 814 4182 de
852 4125 1026 4184 alieno
1055 4143 1272 4202 peccato
1309 4146 1580 4206 reportare
1618 4142 1836 4211 malum,
1876 4155 1931 4201 et
1972 4148 2104 4204 velis

526 4229 647 4268 cum
673 4215 740 4270 de
763 4217 936 4273 alieno
966 4232 1107 4276 recte
1131 4222 1269 4279 facto
1293 4239 1565 4297 reportare
1590 4232 1808 4300 bonum,
1840 4252 1947 4291 non
1967 4254 2102 4307 qua-

523 4302 821 4376 lecumque,
853 4307 950 4363 sed
979 4310 1067 4366 Dei
1090 4329 1331 4384 regnum.
1362 4318 1608 4375 Alienum
1635 4324 1829 4393 quippe
1857 4302 1999 4396 opus
2017 4338 2102 4384 est

522 4407 642 4449 cum
669 4397 837 4451 credit
862 4414 954 4468 per
981 4400 1203 4458 alterum
1223 4447 1239 4472 ,
1267 4407 1403 4462 sicut
1424 4408 1653 4465 alienum
1681 4428 1815 4482 opus
1838 4413 1941 4470 fuit
1973 4432 2099 4473 cum

523 4487 759 4553 peccavit
779 4488 830 4542 in
850 4489 1036 4545 altero.
1060 4492 1168 4548 Nec
1192 4510 1289 4551 nos
1309 4497 1612 4555 dubitamus
1629 4502 1750 4571 quia
1775 4504 2097 4575 Baptismate

519 4576 769 4633 delictum
812 4596 967 4636 omne
1005 4586 1316 4656 mundetnr,
1357 4589 1453 4645 sed
1499 4595 1831 4675 renascendo
1871 4599 2096 4669 quisque

519 4670 821 4726 mundatur.
855 4673 1005 4740 Quod
1049 4692 1175 4747 ergo
1216 4695 1321 4734 non
1357 4681 1542 4737 adimit
1580 4685 1682 4741 nisi
1724 4670 2087 4758 regeneratio,

515 4774 622 4813 non
648 4773 818 4816 cessat
846 4764 1051 4821 trahere
1077 4772 1366 4836 generatio.

584 4852 673 4907 50.
713 4853 852 4908 Sane
897 4857 1120 4912 dicendo
1164 4878 1182 4910 ι
1217 4863 1697 4930 concupiscentiam
1742 4883 1846 4924 non
1894 4887 2089 4940 usque-

511 4957 717 5011 quaque
759 4947 937 4998 animo
982 4948 1233 5003 rebellem
1261 4992 1275 5013 ,
1325 4970 1344 5004 ι
1378 4955 1557 5021 prccul
1605 4956 1766 5010 dubio
1818 4961 2089 5016 contiteris

510 5034 761 5087 rebellem
790 5052 804 5088 :
832 5044 883 5089 et
908 5039 1218 5106 supplicium
1246 5057 1347 5096 non
1387 5043 1585 5108 fateris,
1621 5062 1729 5115 quo
1762 5048 2015 5104 adversus
2038 5062 2087 5106 te

509 5123 681 5191 ipsum
712 5125 902 5180 bellum
933 5128 1114 5194 geris?
1149 5148 1167 5180 ι
1200 5131 1430 5199 Dicatur,
1457 5152 1476 5186 ι
1499 5135 1692 5203 inquis,
1719 5140 2085 5205 aparvulorum

508 5223 716 5265 creator
743 5214 878 5266 Deus
906 5217 1105 5282 talium,
1133 5220 1317 5287 quales
1345 5221 1433 5275 Dei
1459 5224 1701 5278 manibus
1716 5225 1854 5293 digni
1883 5239 2029 5296 sunt;
2058 5250 2079 5284 ι

507 5311 562 5354 et
585 5301 755 5366 addis,
791 5320 809 5352 ‹
838 5303 887 5356 id
917 5314 1025 5371 est,
1054 5308 1433 5364 innocentium.
1464 5330 1483 5364 ι
1518 5313 1703 5370 Nonne
1732 5327 1780 5371 te
1806 5320 1995 5387 pietate
2029 5336 2084 5380 et

509 5394 602 5450 Dei
632 5395 931 5452 laudatione
957 5399 1166 5454 vincere
1192 5402 1414 5469 videtur,
1444 5405 1531 5474 qui
1562 5407 1756 5462 dixerit
1782 5413 1939 5467 etiam
1966 5418 2081 5485 pul-

503 5487 630 5540 chra
680 5496 733 5541 et
771 5501 897 5541 sana
942 5505 1102 5558 opera
1145 5490 1336 5546 decere
1385 5510 1570 5551 manus
1616 5499 1744 5554 Dei?
1790 5502 1857 5557 Et
1902 5514 2076 5563 tamen

501 5577 653 5632 multi
692 5575 991 5645 deformes,
1024 5581 1169 5656 multi
1199 5583 1462 5651 morbidi,
1508 5588 1658 5642 multi
1690 5589 1885 5648 horridi
1920 5612 2074 5654 mon-

501 5728 583 5838 “!
619 5729 735 5853 Etipili
753 5768 765 5789 ,
788 5737 834 5782 et
855 5746 960 5797 ipsa
990 5735 1219 5786 sententia
1246 5735 1463 5790 dicendo.
1493 5741 1649 5807 Abest,
1679 5744 1900 5808 dicendo.
1925 5764 1952 5801 a
1971 5768 2071 5806 ma-

567 5804 654 5839 SL‘l't

567 5804 693 5839 ωηο

1379 387 1644 442 CONTRA
1688 387 2021 443 JL‘LMNUM
2064 388 2525 459 PELACIANUM,
2567 392 2623 448 S.
2666 394 3032 451 AUGUSTI.“

3730 408 3836 464 ειεο

2241 502 2504 573 strosique
2532 517 2859 573 nascuntur;
2900 525 3000 564 nec
3036 509 3156 565 ideo
3197 511 3340 567 illam
3371 523 3534 571 totam
3574 520 3835 577 substan-

2241 592 2366 646 tiam
2387 634 2403 658 ,
2444 610 2735 667 omnesque
2762 610 2938 668 partes
2965 601 3083 670 ejus
3101 643 3116 667 ,
3144 612 3199 657 et
3228 603 3485 675 quidquid
3514 607 3568 663 in
3593 625 3656 663 ea
3695 613 3833 668 sub-

2238 683 2555 738 stantialiter
2580 687 2759 742 existit
2779 696 2834 744 et
2859 689 3005 757 vivit,
3038 693 3207 761 potuit
3243 707 3431 751 creare
3456 698 3558 753 nisi
3581 699 3753 757 bonus
3776 712 3835 758 et

2238 787 2397 828 verus
2421 776 2560 830 Deus
2582 777 2621 831 ⁸.

2230 886 2249 895 -
2307 864 2397 918 51.
2435 865 2600 922 .Iuhes
2624 876 2682 923 ut
2707 885 2964 936 asseram,
2998 892 3018 925 ι
3045 875 3492 944 quemadmodum
3516 880 3567 935 in
3588 882 3826 948 Christo.

2238 951 2398 1007 idest
2441 955 2492 1008 in
2537 956 2735 1014 virtute
2772 961 2909 1029 ejus,
2951 972 3162 1019 creatos
3209 969 3456 1036 parvulos
3492 971 3596 1027 sibi
3634 976 3832 1030 audeat

2236 1043 2480 1100 diabolus
2515 1048 2804 1105 vindicare.
2838 1070 2860 1104 ι
2894 1053 2971 1109 Tu
2999 1069 3216 1122 assere,
3261 1058 3306 1111 si
3337 1069 3523 1128 potes,
3555 1067 3828 1133 quomodo

2236 1133 2359 1213 sibi,
2388 1150 2491 1190 non
2519 1138 2763 1205 obscure,
2787 1141 2880 1196 sed
2902 1142 3087 1212 aperte
3113 1147 3342 1202 vindicet
3358 1152 3377 1181 ³
3397 1155 3665 1222 parvulos,
3689 1172 3829 1226 quos

2236 1210 2491 1280 immundi
2527 1231 2745 1296 spiritus
2780 1210 2992 1286 vexant.
3025 1233 3080 1288 Si
3119 1236 3169 1290 ei
3211 1239 3431 1297 traditos
3459 1242 3635 1298 dicis:
3677 1247 3828 1305 vide-

2236 1328 2354 1367 mus
2377 1317 2534 1371 ambo
2561 1320 2903 1389 supplicium,
2931 1333 2984 1377 tu
3008 1325 3096 1380 dic
3123 1329 3370 1385 meritum
3396 1348 3411 1396 ;
3443 1335 3603 1390 ambo
3639 1341 3821 1395 cerui,

2235 1422 2352 1461 mus
2392 1424 2621 1476 pcenam,
2664 1423 2717 1466 tu
2744 1415 2830 1483 qui
2870 1416 3013 1470 nulla
3042 1418 3176 1473 mala
3217 1424 3407 1478 merita
3445 1427 3581 1482 dicis
3620 1446 3684 1485 ex
3725 1446 3790 1500 pa

2235 1496 2473 1551 rentibus
2518 1498 2693 1565 trahi,
2737 1517 2855 1556 cum
2907 1505 3070 1560 Deum
3106 1507 3307 1577 justum
3349 1514 3508 1569 ambo
3536 1496 3819 1586 lateam-ur,

2233 1584 2537 1643 demmslra
2567 1590 2663 1643 ista
2706 1606 2859 1659 poma
2895 1593 3107 1665 dignam
3147 1599 3190 1652 si
3239 1610 3392 1670 potes
3432 1605 3485 1658 in
3527 1584 3823 1666 infantibus

2235 1675 2462 1743 culpam.
2514 1678 2597 1733 An
2638 1694 2762 1734 vero
2802 1697 2904 1736 non
2953 1688 3197 1755 agnoscis
3234 1691 3392 1746 etiam
3434 1693 3536 1750 hoc
3573 1697 3642 1752 ad
3690 1699 3820 1754 illud

2231 1781 2390 1835 grave
2413 1766 2598 1838 jngum
2631 1772 2915 1839 pertinere,
2945 1778 3083 1846 quod
3112 1789 3195 1835 cst
3216 1796 3379 1852 super
3408 1786 3546 1842 filios
3571 1789 3765 1857 Adam,
3790 1808 3820 1845 a

2230 1857 2315 1912 die
2361 1859 2533 1914 exitus
2561 1859 2629 1916 de
2666 1873 2853 1920 ventre
2894 1869 3079 1923 matris
3119 1886 3339 1941 eorum,
3385 1892 3552 1947 usque
3600 1881 3651 1934 in
3679 1882 3819 1938 diem

2230 1949 2515 2016 sepultura:
2542 1950 2595 2004 in
2622 1962 2846 2008 matrem
2877 1958 3110 2013 omnium
3134 1961 3157 2014 ?
3183 1962 3292 2017 Sub
3316 1981 3421 2034 quo
3438 1969 3571 2038 jugo
3590 1971 3821 2029 diversis

2228 2040 2467 2097 cladibus
2497 2044 2564 2096 ita
2592 2048 2885 2101 conteritur
2917 2064 3086 2118 genus
3125 2054 3413 2111 humanum
3433 2101 3448 2126 ,
3480 2072 3536 2115 ut
3562 2077 3819 2133 appareat

2230 2129 2331 2185 hoc
2351 2132 2490 2201 quod
2519 2148 2586 2188 ex
2616 2135 2740 2190 filiis
2768 2137 2862 2191 ira:
2889 2138 3019 2194 fiunt
3050 2132 3292 2199 homines
3320 2156 3566 2218 tanquam
3599 2129 3820 2223 pignore

2227 2232 2443 2290 accepto
2471 2221 2560 2276 filii
2592 2227 2968 2283 misericordia:
2991 2270 3006 2296 ,
3042 2232 3091 2285 in
3124 2232 3358 2290 futurum
3388 2241 3642 2295 szecnlum
3676 2260 3818 2312 pra:-

2228 2315 2399 2383 parari
2422 2334 2435 2369 :
2467 2316 2517 2371 in
2542 2316 2642 2373 hoc
2661 2330 2836 2376 autem
2863 2323 3061 2378 smculo
3081 2341 3108 2377 a
3131 2326 3217 2381 die
3238 2339 3386 2384 ortus
3408 2347 3579 2403 usque
3600 2336 3650 2389 in
3674 2337 3815 2393 diem

2227 2405 2427 2473 obitus,
2476 2402 2639 2464 etiam
2670 2411 2812 2481 ipsos
2846 2414 2948 2468 sub
2991 2415 3178 2470 codem
3219 2422 3365 2488 gravi
3403 2402 3533 2495 jugo
3582 2430 3812 2483 conteri.

2227 2493 2665 2567 Quandoquidem
2686 2502 2844 2557 etiam
2871 2504 3118 2574 baptizati
3147 2513 3349 2577 parvuli
3378 2493 3516 2569 inter
3538 2517 3642 2571 alia
3669 2520 3806 2574 mala

2227 2583 2349 2638 vitm
2377 2586 2530 2659 hujus
2556 2604 2933 2663 nonnunquam
2963 2604 3018 2650 et
3047 2597 3177 2654 istos
3206 2600 3505 2659 daemonum
3537 2608 3812 2676 patiuntur

2225 2674 2500 2744 incursus;
2530 2682 2770 2750 quamvis
2790 2685 2927 2739 eruti
2955 2686 3023 2741 de
3047 2698 3309 2759 potestate
3335 2674 3676 2753 tenebrarum
3696 2741 3711 2765 ,
3741 2718 3811 2757 ne

2224 2767 2292 2822 ab
2319 2770 2398 2823 eis
2426 2770 2703 2828 trahantur
2731 2774 2782 2829 in
2812 2778 3131 2847 supplicium
3161 2786 3568 2853 sempiternum.

2294 2858 2383 2934 52.
2424 2858 2620 2916 lterum
2657 2863 2790 2920 dicis
2809 2909 2824 2932 ,
2849 2868 2993 2938 quod
3027 2870 3137 2940 jam
3164 2875 3377 2944 quidem
3404 2878 3619 2947 dixisti,
3649 2893 3808 2955 atque

2223 2947 2473 3019 respondi
2501 2951 2719 3025 (Supra,
2742 2956 2828 3010 lib.
2851 2958 2906 3026 5,
2932 2976 3020 3014 nn.
3050 2962 3103 3029 8,
3127 2963 3205 3034 9),
3236 2967 3330 3022 sed
3357 2971 3515 3024 etiam
3537 2989 3678 3028 nunc
3703 2947 3803 3030 non

2222 3036 2394 3095 debeo
2416 3045 2693 3111 praiterire
2716 3087 2731 3111 ,
2767 3066 2787 3099 ‹
2820 3048 2971 3115 Quod
2997 3069 3118 3123 eum
3148 3054 3288 3111 Deus
3315 3060 3547 3129 parvulis
3579 3065 3707 3119 nihil
3738 3066 3806 3122 de

2221 3131 2437 3200 proprio
2468 3140 2573 3187 tam
2600 3134 2724 3190 boni
2763 3153 2922 3207 quam
2957 3143 3081 3197 mali
3111 3148 3440 3204 merentibus
3462 3151 3688 3222 gloriam
3719 3172 3804 3212 re~

2218 3224 2576 3292 generationis
2599 3227 2620 3259 ³
2644 3231 2908 3298 attribuit,
2936 3234 3038 3291 hac
3065 3238 3178 3306 ipso
3205 3255 3299 3295 eos
3328 3243 3394 3296 ad
3420 3258 3569 3300 suam
3592 3264 3797 3313 curam,

2218 3314 2285 3368 ad
2327 3329 2482 3371 suum
2522 3318 2632 3389 jus,
2676 3320 2742 3374 ad
2772 3336 2925 3378 suum
2964 3325 3260 3385 dominium
3302 3335 3568 3401 pertinuere
3605 3339 3798 3408 docet,

2217 3405 2356 3475 quod
2403 3422 2588 3463 eorum
2640 3411 2965 3469 voluntatem
3016 3416 3294 3476 ineffabilis
3336 3429 3597 3493 prmvenit
3638 3405 3799 3486 bene;

2217 3494 2318 3549 ficii
2366 3495 2628 3568 largitate.
2660 3519 2678 3553 ι
2713 3502 2848 3569 Quid
2891 3505 3050 3575 igitur
3088 3524 3208 3564 eum
3253 3513 3615 3585 offenderunt,
3666 3539 3800 3591 quos

2215 3588 2413 3654 pariter
2439 3589 2779 3659 innocentes,
2816 3599 3062 3665 mundos,
3093 3616 3123 3654 a
3153 3618 3211 3657 se
3239 3604 3305 3658 ad
3336 3606 3619 3679 imaginem
3647 3629 3795 3667 suam

2213 3689 2448 3744 creatos,
2482 3682 2898 3742 innumerabiles
2935 3692 3003 3746 ab
3032 3693 3131 3747 isto
3171 3710 3390 3753 munere
3428 3702 3627 3757 alienat
3649 3745 3665 3771 ,
3700 3722 3801 3761 nec

2212 3785 2394 3825 cormn
2423 3774 2746 3840 voluntatem
2772 3779 2925 3850 hujus
2953 3782 3236 3841 iuetl‘abilis
3265 3793 3520 3859 prmvcnit
3551 3794 3793 3855 beneficii

2212 3858 2476 3931 largitate,
2506 3878 2759 3934 separatis
2791 3878 2866 3924 tot
2890 3871 3149 3944 imagines
3176 3858 3299 3934 suas
3327 3897 3357 3936 a
3389 3898 3553 3954 regno
3579 3889 3716 3941 suo?
3739 3888 3792 3946 Si

2211 3949 2312 4005 hoc
2349 3953 2427 4006 eis
2454 3970 2560 4008 non
2594 3958 2698 4012 erit
2721 3959 2948 4029 malum,
2979 3980 3084 4021 non
3112 3982 3240 4039 ergo
3278 3974 3531 4031 amabunt
3570 3994 3789 4049 regnum

2210 4040 2301 4095 Dei
2331 4051 2407 4096 tot
2435 4045 2745 4105 innocentes
2775 4051 3031 4124 imagines
3060 4058 3172 4113 Dei.
3207 4058 3262 4116 Si
3290 4073 3465 4120 autem
3493 4040 3750 4127 amabunt
3770 4113 3785 4139 ,

2206 4141 2259 4185 et
2281 4139 2481 4189 tantum
2502 4137 2771 4207 amabunt,
2792 4154 3044 4212 quantum
3066 4149 3376 4209 innocentes
3396 4170 3580 4215 amare
3597 4137 3793 4219 debent

2205 4235 2427 4292 regnum
2466 4227 2601 4297 ejus,
2645 4245 2676 4284 a
2716 4247 2822 4304 quo
2867 4236 2933 4291 ad
2977 4238 3142 4308 ipsius
3188 4243 3470 4316 imaginem
3518 4261 3785 4320 creantur,

2205 4312 2409 4373 nihilne
2465 4322 2590 4376 mali
2640 4322 2709 4380 de
2768 4324 2867 4383 hac
2920 4329 3031 4399 ipsa
3090 4312 3427 4403 separatione
3480 4312 3787 4411 patientur'i

2203 4403 2513 4474 Postremo,
2546 4411 2898 4473 nbilibet.sint
2919 4458 2935 4483 ,
2975 4424 3375 4490 quomodolibet
3400 4403 3509 4485 sint
3543 4433 3648 4488 sub
3678 4434 3787 4490 Deo

2196 4491 2397 4563 judice,
2425 4499 2513 4567 qui
2543 4515 2643 4555 nec
2666 4499 2774 4559 fato
2799 4508 3092 4577 premitur,
3124 4529 3598 4584 uecpersonarum
3625 4538 3782 4581 acce-

2202 4584 2382 4652 ptione
2400 4593 2781 4662 corrumpitur;
2807 4597 2858 4651 in
2882 4599 3023 4655 illius
3043 4605 3189 4672 regni
3208 4605 3454 4666 felicitate
3474 4628 3579 4668 non
3603 4626 3782 4686 erunt,

2198 4673 2288 4727 ubi
2331 4688 2487 4731 erunt
2522 4682 2609 4751 qui
2641 4686 2838 4753 pariter
2867 4690 2997 4743 nihil
3048 4693 3167 4749 boni
3214 4699 3403 4755 malive
3447 4673 3781 4766 meruerunt:

2196 4760 2299 4819 Sed
2327 4765 2372 4819 si
2402 4768 2527 4823 nihil
2555 4777 2871 4831 meruissent
2901 4781 3041 4845 mali,
3069 4800 3333 4855 nunquam
3365 4792 3702 4860 privarentur
3730 4801 3780 4853 in

2195 4859 2462 4913 communi
2492 4877 2648 4917 causa
2678 4872 3049 4928 communione
3081 4878 3207 4930 t;mti
3241 4878 3382 4936 boni.
3413 4882 3468 4937 lu
3499 4884 3579 4940 eis
3609 4904 3775 4958 ergo,

2195 4955 2250 5000 ut
2291 4962 2432 5033 saepe
2465 4951 2727 5023 diximus,
2771 4960 2864 5014 ira:
2908 4966 3048 5018 vasis
3090 4981 3242 5024 notas
3281 4970 3433 5039 facit,
3481 4983 3776 5039 secundum

2192 5038 2536 5113 Apostolum,
2569 5047 2709 5103 Deus
2735 5051 2942 5107 divitias
2980 5058 3162 5125 glori-.e
3190 5076 3298 5114 sur.
3329 5065 3381 5117 in
3406 5081 3529 5120 vasa
3562 5071 3775 5127 ηιίεθνὶο

2191 5130 2384 5184 εονάὶειι
2411 5133 2582 5203 (Itoni.
2613 5154 2666 5193 Ix
2685 5181 2701 5204 ,
2728 5139 2799 5193 2'2.
2819 5182 2833 5206 ,
2861 5142 2952 5213 25)
2976 5187 2990 5209 ,
3021 5164 3085 5200 ne
3114 5151 3404 5217 glorientur
3433 5156 3682 5227 tanquam
3709 5163 3778 5220 de

2189 5220 2391 5274 meritis
2421 5225 2538 5277 vita:
2565 5242 2695 5294 sua),
2725 5246 2844 5285 cum
2868 5248 3196 5304 cognoscunt
3222 5241 3322 5297 hoc
3349 5246 3449 5300 sibi
3469 5249 3774 5318 justissime

2188 5308 2333 5362 reddi
2365 5316 2616 5383 potuisse,
2649 5322 2788 5390 quod
2817 5324 2989 5385 vident
3019 5330 3164 5383 reddi
3191 5334 3407 5401 paribus
3431 5308 3771 5400 consortibus

2185 5403 2373 5456 mortis
2401 5420 2508 5459 sua:
2537 5408 2579 5462 ⁸.
3385 5427 3393 5434 ’

2182 5511 2565 5641 Πιξωξὲἓῦ
2603 5537 2725 5576 unus
2749 5524 2895 5579 bonus
2928 5536 2975 5581 et
3007 5546 3143 5586 verus
3187 5545 3333 5590 Deus.
3359 5542 3535 5604 Abest,
3573 5558 3713 5609 tatus,
3735 5561 3766 5598 ει

2182 5634 2474 5749 ιτέαξὶδὲέε·
2495 5678 2510 5703 ν
2535 5644 2771 5700 vindicent
2791 5662 2811 5699 :
2844 5661 3008 5715 recte,
3051 5657 3093 5706 si
3115 5667 3281 5721 postea
3300 5662 3558 5725 legeretur
3581 5681 3595 5716 :
3617 5669 3669 5721 si
3689 5670 3760 5721 eis

2243 5756 2264 5845 ἲ
2298 5764 2739 5845 miseratioque
2755 5778 2891 5845 Mssa.
2907 5776 3113 5834 οναιίαηι
3137 5782 3520 5845 regem-mione.

2242 5817 2263 5846 ‘
2298 5828 2421 5883 Post,
2444 5817 2609 5881 mortis
2625 5817 2743 5891 site.
