4122 6506
309 370 406 433 ιιι

376 488 464 543 55.
497 487 552 544 Si
581 504 706 561 ergo
729 500 871 548 recte
898 490 978 548 vis
1005 507 1213 563 sapere,
1236 493 1394 550 etiam
1415 495 1481 551 de
1508 497 1741 566 parvulis
1762 512 1890 568 sape

271 578 442 649 .quod
471 577 546 635 ait
595 582 880 651 Apostolus
914 585 983 641 de
1013 584 1124 638 Deo
1167 584 1358 652 Patre,
1400 585 1500 654 Qui
1536 588 1666 640 erait
1708 604 1799 641 nos
1829 588 1892 642 de

303 677 548 739 potestate
573 673 922 740 tenebrarum,
952 684 998 727 et
1025 676 1279 729 transtulit
1303 675 1357 729 in
1383 692 1591 746 regnum
1618 674 1744 731 Filii
1767 678 1890 731 clla-

302 760 463 813 ritatis
492 777 598 814 sua:
625 761 845 831 (Colon.
877 779 927 830 I,
958 763 1047 835 15)
1076 782 1090 817 :
1129 775 1182 820 et
1209 765 1337 819 illud
1368 767 1595 822 alterum
1622 808 1635 831 ,
1674 766 1889 823 Fuimus

298 849 429 903 enim
474 861 519 903 et
562 867 653 906 nos
690 852 964 923 aliquando
994 862 1176 907 natura
1209 855 1306 923 ﬁlii
1332 856 1441 925 ine,
1473 857 1602 910 sicut
1631 866 1678 910 et
1720 858 1887 912 elateri

299 939 513 1011 (ΕρΙιρε.
542 958 599 1006 ιι,
623 944 701 1014 5).
729 944 929 1001 Omnes
947 947 1089 1001 enim
1128 956 1387 1003 eruuntur
1408 947 1477 1003 de
1498 959 1761 1018 potestate
1806 959 1884 1004 te-

296 1031 583 1086 nebrarum
613 1043 665 1088 et
691 1033 783 1088 filii
811 1035 903 1089 ira:
947 1045 1119 1101 erant,
1150 1036 1240 1106 qui
1292 1046 1510 1107 peccato
1561 1039 1880 1093 moriuntur.

294 1120 493 1177 Omnes
518 1130 696 1178 autem
727 1133 784 1179 ut
814 1127 920 1180 Deo
950 1127 1164 1192 vivant,
1194 1138 1411 1197 peccato
1440 1128 1758 1196 moriuntur,
1790 1120 1880 1199 riui

293 1212 343 1266 in
375 1222 545 1267 morte
581 1203 778 1270 Christi
808 1216 1162 1285 baptizantur.
1207 1217 1402 1275 Omnes
1430 1234 1588 1289 porro
1626 1220 1680 1274 in
1710 1228 1880 1275 morte

290 1296 407 1371 ejus
435 1303 802 1373 baptizantur,
836 1309 1154 1379 quicumque
1181 1311 1515 1380 baptizantur
1557 1312 1610 1366 in
1639 1311 1874 1367 Christo.

293 1384 433 1462 Ergo
462 1396 584 1465 quia
610 1407 663 1451 et
706 1398 908 1467 parvuli
933 1399 1267 1469 baptizantur
1293 1402 1344 1456 in
1370 1401 1583 1456 Christo
1603 1443 1617 1467 ,
1658 1413 1877 1472 peccato

287 1484 610 1551 moriuntur,
634 1498 688 1541 et
716 1503 747 1543 a
770 1494 1035 1559 potesmte
1062 1491 1419 1556 tenebrarum,
1453 1492 1541 1546 ubi
1568 1501 1755 1547 natura
1780 1494 1873 1550 filii

284 1575 377 1649 ira:
415 1571 659 1646 fuerant,
704 1592 982 1635 eruuntur.
1022 1581 1174 1649 Quod
1201 1594 1396 1638 .autem
1425 1583 1577 1649 dicis,
1611 1602 1629 1637 ι
1662 1584 1760 1640 Ubi
1798 1585 1874 1640 ait

282 1645 592 1736 Apustolus,
618 1679 801 1724 natura
825 1664 923 1740 ﬁlii
948 1672 1056 1740 iris,
1082 1687 1237 1741 posse
1262 1673 1500 1744 intelligi,
1529 1673 1755 1729 Prorsus
1776 1673 1872 1729 filii

282 1755 373 1810 ira:
398 1774 412 1809 :
447 1776 465 1809 ι
502 1775 675 1814 nonne
704 1756 825 1815 hinc
853 1759 1125 1817 admoneri
1155 1752 1404 1828 debuisti,
1435 1764 1713 1832 antiquam
1736 1779 1868 1819 con-

280 1858 358 1903 tra
388 1865 484 1903 vos
509 1850 719 1905 defendi
745 1844 1058 1909 catholicam
1087 1856 1280 1920 fidem;
1308 1857 1430 1926 quia
1456 1864 1560 1911 nun
1587 1856 1701 1913 fere
1721 1858 1870 1914 inve-

278 1939 422 1993 nitur
468 1939 660 1995 Iatmus
707 1941 913 2008 codex,
964 1943 1009 1998 si
1050 1959 1153 1998 non
1197 1959 1228 1998 a
1272 1945 1422 2000 Vobis
1464 1962 1604 2001 nunc
1649 1939 1867 2016 incipiat

275 2030 574 2098 emendari,
599 2033 680 2088 vel
707 2034 878 2102 politis
907 2034 962 2088 iu
992 2035 1243 2091 mendum
1270 2037 1485 2105 mutari,
1518 2038 1603 2092 ubi
1631 2054 1738 2093 non
1765 2056 1862 2093 na-

275 2130 391 2174 tura
419 2122 490 2177 sit
517 2124 771 2193 Scriptum
804 2126 876 2196 (η)
900 2126 923 2180 ?
946 2126 1099 2195 Quod
1129 2128 1308 2197 utique
1335 2144 1523 2185 cavere
1564 2130 1747 2185 debuit
1775 2131 1860 2186 in-

274 2220 568 2281 terpretum
593 2216 875 2286 antiquitas
895 2257 911 2282 ,
946 2217 1043 2271 nisi
1070 2218 1228 2273 etiam
1259 2218 1379 2274 fidei
1408 2220 1525 2275 haec
1550 2232 1691 2277 esset
1717 2222 1858 2277 anti-

271 2302 469 2370 quitas,
499 2301 584 2358 cui
612 2316 785 2359 vestra
814 2307 975 2376 erepit
995 2310 1248 2364 resistere
1275 2309 1506 2364 novitas.

337 2390 570 2450 CAPUT
598 2392 775 2450 Xl.-—
802 2395 888 2451 34.
921 2396 1027 2452 Sed
1059 2394 1219 2453 homo
1268 2400 1536 2471 egregius,
1589 2400 1640 2455 in
1696 2417 1860 2473 grege

269 2498 374 2539 non
400 2485 487 2538 vis
514 2502 633 2541 esse
664 2488 885 2557 vulgari.
913 2489 1119 2545 Rursus
1162 2490 1305 2544 enim
1353 2493 1668 2546 sententiam
1719 2493 1860 2565 vulgi

264 2576 500 2645 respuis,
533 2572 649 2645 post
673 2588 834 2646 tanta,
858 2581 1049 2649 quibus
1079 2594 1201 2635 eum
1251 2576 1459 2637 reddita
1505 2582 1717 2639 ratione
1765 2585 1860 2639 ad-

265 2679 458 2719 versus
510 2683 595 2721 me
635 2670 996 2724 cuncitaveras
1029 2666 1264 2741 gravius,
1309 2685 1470 2742 quam
1510 2674 1562 2728 in
1594 2683 1644 2729 te
1688 2675 1860 2732 fuerat

263 2756 588 2810 concitatus.
618 2757 725 2812 Sed
754 2760 1006 2814 nimirum
1062 2770 1148 2815 tua
1192 2762 1457 2832 disputata
1488 2760 1853 2835 considerans,

259 2844 392 2901 nihil
425 2856 482 2901 te
510 2843 701 2903 talibus
721 2848 1049 2920 argumentis
1075 2852 1214 2921 apud
1235 2853 1487 2923 populum
1507 2854 1558 2909 in
1580 2856 1856 2913 catholica:

261 2929 383 2990 fidei
414 2940 647 2994 veritate
676 2950 729 2995 et
759 2943 1073 3012 antiquitate
1103 2944 1381 2999 fundatum
1429 2961 1588 3017 agere
1619 2948 1855 3017 potuisse

256 3026 336 3082 vel
366 3043 536 3098 posse
566 3030 802 3085 sensisti.
838 3032 986 3087 Unde
1007 3032 1071 3089 ad
1100 3050 1221 3090 eum
1261 3037 1623 3107 spernendum
1666 3049 1855 3096 contu-

253 3121 422 3174 macia
466 3136 651 3176 rursus
689 3138 783 3177 ora
813 3127 1101 3193 convertis,
1156 3127 1379 3199 ejusque
1427 3139 1605 3200 partes
1657 3133 1853 3203 quibus

253 3222 490 3280 constat,
526 3232 630 3270 non
656 3217 924 3274 immerito
950 3220 1099 3276 vobis
1146 3220 1567 3279 Christianorum
1601 3225 1852 3282 infensis.

255 3304 388 3358 sima
412 3305 726 3374 ηιιιιιιιιιάο,
750 3308 1056 3378 singillatim
1090 3310 1447 3368 describenda
1473 3322 1526 3369 et
1554 3313 1849 3372 deridenda

256 3399 554 3466 percurris,
598 3399 649 3453 in
682 3402 874 3471 quibus
917 3412 972 3457 et
1004 3422 1022 3455 ι
1056 3403 1398 3461 auditoriales
1438 3404 1786 3464 scholasticos
1821 3428 1845 3463 s

255 3490 442 3561 tangis,
480 3498 539 3546 et
559 3490 694 3546 dicis
722 3502 910 3548 contra
951 3508 1039 3549 me
1070 3495 1418 3563 clamaturos,
1452 3515 1470 3549 ι
1503 3495 1548 3553 Ο
1575 3503 1844 3568 tempora,

251 3593 285 3633 0
306 3594 489 3636 mores
513 3598 533 3631 ι
565 3579 780 3651 (Cicero,
813 3579 1100 3639 Orationel
1132 3578 1184 3639 in
1201 3586 1354 3640 Catil.
1382 3598 1429 3641 et
1449 3597 1548 3642 act.
1576 3589 1609 3643 6
1633 3589 1686 3643 in
1722 3584 1847 3644 Ver-

251 3669 440 3744 rem)!
493 3682 550 3727 et
607 3680 781 3728 tamen
831 3674 986 3744 vulgi
1035 3675 1291 3745 judicium
1361 3678 1695 3745 reformidas,
1752 3680 1841 3737 ubi

250 3772 353 3817 tam
383 3765 657 3820 clamosus
690 3757 779 3819 tibi
807 3765 1183 3836 suifragatores
1210 3769 1450 3826 invenire
1486 3771 1726 3839 potuisti,
1751 3771 1842 3842 qui

249 3850 515 3912 Tullianis
538 3871 624 3914 me
650 3858 865 3914 vocibus
894 3859 1171 3925 territent;
1202 3860 1342 3932 quod
1380 3879 1400 3913 ι
1431 3862 1648 3918 aliunde
1679 3879 1839 3935 quam

246 3948 387 4004 unde
415 3958 590 4003 totum
618 3959 720 4012 est,
749 3964 868 4004 esse
903 3961 1081 4019 putem
1118 3953 1400 4019 genitalem
1443 3955 1685 4022 corporis
1721 3971 1841 4025 par-

247 4046 369 4092 tem.
410 4059 431 4093 ι
461 4040 669 4107 Quibus
699 4055 797 4109 ego
825 4055 945 4094 cum
975 4042 1225 4106 retulero,
1255 4042 1370 4096 Non
1397 4041 1500 4098 hoc
1527 4044 1667 4113 dico,
1688 4062 1838 4101 inen—

244 4118 369 4184 titur
397 4149 407 4183 :
441 4131 721 4185 libidinem
750 4131 927 4200 eulpo,
958 4146 1062 4184 non
1092 4132 1365 4198 membra;
1390 4134 1574 4188 vitium
1606 4135 1827 4202 deuoto,

243 4235 344 4274 non
373 4232 621 4274 naturam
657 4238 670 4274 :
702 4219 801 4274 iste
837 4232 1014 4275 autem
1043 4222 1131 4290 qui
1182 4221 1309 4277 mihi
1336 4223 1475 4294 apud
1509 4239 1602 4279 vos
1634 4226 1837 4280 calum—

240 4311 436 4377 niatur,
471 4309 637 4365 audet
677 4311 729 4364 in
757 4310 993 4365 Ecclesia
1040 4310 1238 4365 Christi
1288 4324 1412 4366 ante
1439 4312 1747 4384 magistrum
1779 4315 1853 4389 in‘

239 4402 375 4456 curlo
402 4404 685 4458 sedentrm
709 4404 934 4457 recitare
961 4402 1195 4457 libidinis
1224 4404 1468 4470 laudem;
1501 4407 1643 4476 quod
1665 4408 1710 4462 ei
1743 4424 1831 4463 rc-

237 4492 540 4555 ciiandum,
571 4493 614 4548 si
651 4493 928 4548 vobiscum
963 4494 1223 4557 studeret,
1258 4497 1634 4565 magistrorum
1672 4514 1831 4554 nemo

238 4592 589 4654 proponeret,
624 4598 692 4639 ne
709 4581 1002 4639 offenderet
1020 4584 1256 4638 omnium
1281 4594 1514 4640 vestrum
1537 4587 1824 4657 pudorem:

236 4690 414 4730 nonne
457 4674 563 4730 alia
612 4670 750 4729 inte
783 4672 1023 4730 Tulliana
1076 4686 1205 4731 Vere
1250 4677 1620 4732 convenientia
1665 4680 1826 4735 verba

235 4777 581 4835 convertent,
640 4768 879 4823 dicentes
916 4766 1030 4833 tibi,
1116 4768 1241 4823 «Ex
1291 4768 1391 4823 hac
1453 4780 1601 4840 parte
1655 4772 1827 4840 pudor

231 4868 458 4930 pugnat,
494 4860 592 4914 abs
659 4869 711 4914 te
759 4858 1083 4931 petulantia;
1115 4859 1237 4914 hinc
1291 4860 1635 4930 continentia,
1678 4862 1824 4919 illinc

230 4949 399 5007 libith
444 4968 466 5004 ι
504 4944 694 5022 (Idem,
730 4950 972 5006 Oratione
995 4950 1030 5006 2
1058 4953 1109 5006 in
1134 4949 1451 5024 Catilinam).

298 5042 391 5098 55.
422 5041 621 5098 Nescio
657 5058 791 5112 quos
830 5043 989 5097 etiam
1015 5043 1164 5113 quasi
1209 5042 1511 5099 desertores
1559 5042 1821 5113 dogmatis

230 5132 393 5187 vestri
431 5132 504 5188 ad
542 5133 697 5187 fidem
729 5132 1045 5188 catholicam
1084 5144 1374 5189 cunvcrsos
1405 5129 1583 5205 arguis
1623 5136 1702 5189 vel
1732 5152 1819 5190 re-

228 5238 438 5281 versos.
493 5225 639 5293 Quos
686 5234 862 5281 tamen
912 5225 1217 5295 significasti
1251 5224 1320 5280 ita
1355 5235 1407 5281 te
1455 5237 1712 5291 metuere,
1762 5237 1819 5282 nt

225 5327 415 5367 eorum
443 5314 664 5369 nomina
709 5316 1009 5386 exprimere
1037 5331 1139 5369 non
1170 5316 1427 5384 auderes;
1459 5333 1525 5371 ne
1566 5319 1699 5372 furte
1725 5332 1820 5372 au-

225 5403 443 5461 dientes
469 5404 570 5459 abs
599 5414 651 5461 te
691 5421 785 5461 sua
834 5405 964 5461 falsa
1011 5408 1254 5469 crimina,
1303 5418 1425 5462 mox
1474 5406 1587 5473 tibi,
1633 5409 1676 5463 sl
1709 5422 1813 5463 non

225 5522 334 5578 ptes
357 5518 410 5583 in
433 5523 726 5583 contextum
744 5521 931 5583 transiit
954 5520 1247 5583 marginalis,
1267 5521 1369 5570 haec
1390 5521 1630 5572 adnotatio
1654 5537 1666 5571 :
1694 5523 1813 5575 Miro

223 5578 496 5647 rpmplea‘is
514 5581 773 5647 _.4posloltts
794 5578 1075 5647 testimoniis
1097 5580 1266 5647 asserit
1283 5584 1505 5643 paruulos
1526 5592 1572 5633 et
1595 5585 1659 5634 de
1679 5592 1811 5647 pote-

222 5639 341 5708 state
390 5639 708 5708 tenebrarum
746 5640 854 5708 erui
872 5655 1006 5708 ⁵ιειιηι
1029 5641 1265 5708 ueteris,
1283 5639 1328 5693 et
1352 5650 1527 5693 natura
1563 5639 1813 5708 esse'ﬁlios

222 5697 342 5776 ρῳ,
370 5702 496 5776 sic“
522 5705 570 5776 et
592 5700 777 5776 elateri,
801 5703 913 5776 quia
935 5697 1429 5776 paranatnoﬁuntur,
1456 5718 1563 5755 cum
1588 5704 1638 5756 in
1661 5697 1811 5759 morte

222 5760 338 5813 Clm
363 5763 404 5814 ti
425 5764 738 5824 baptismum
761 5760 1036 5814 'tn't‘hristo.
1417 5760 1426 5766 ’
1470 5782 1483 5789 λ

282 5833 355 5887 (rt,-
395 5825 512 5874 vide
535 5829 872 5889 ilieronyniuu‘.
896 5830 941 5876 in
970 5830 1121 5890 ipsum
1145 5825 1317 5876 limum.

503 5902 779 5963 Ρλτιιοι..
821 5905 945 5965 XLl
966 5906 1031 5967 ι’.

1675 379 1876 439 LIBER
1909 376 2207 438 SEXTUS.

3480 412 3581 465 διε

2006 514 2150 566 vera,
2183 510 2330 560 certe
2373 507 2705 566 credibilium
2757 529 3095 587 reponerent.
3162 525 3311 591 Quod
3361 532 3576 599 quidem

1998 592 2316 666 quicumque
2344 610 2468 654 sunt
2490 601 2596 667 isti,
2616 604 2661 657 si
2682 608 2914 676 graviter
2929 612 3159 681 sapiunt,
3185 632 3287 671 non
3315 592 3572 689 facerent,

1996 695 2046 740 et
2076 700 2355 756 parcerent
2380 695 2471 749 tibi
2493 698 2783 754 secundum
2810 704 3129 772 apostolum,
3162 725 3262 764 non
3304 714 3568 768 reddentia

1993 780 2313 836 maledictum
2353 802 2445 855 pro
2492 790 2759 845 maledicto
2809 792 2849 865 (1
2876 792 3018 850 Petr.
3049 813 3125 865 ιιι,
3154 799 3233 870 9).
3264 801 3340 857 Tu
3392 816 3570 860 autem

1991 870 2179 926 saltem
2206 873 2355 929 illum
2385 890 2688 937 monentem
2720 899 2787 939 ne
2812 885 3116 957 dedigneris
3141 892 3344 962 audire,
3375 896 3443 952 de
3468 917 3563 952 cn-

1984 958 2072 1029 jns
2101 962 2291 1019 litteris
2319 968 2618 1026 exclamare
2647 982 2698 1028 te
2743 975 2915 1042 libuit,
2951 996 2970 1030 ι
3007 978 3052 1034 Ο
3089 991 3349 1052 tempora,
3378 1003 3411 1041 ο
3452 1006 3567 1042 nio-

1988 1056 2108 1109 res!
2149 1075 2167 1109 ι
2196 1056 2418 1125 Saltem,
2453 1062 2689 1133 inquam,
2734 1068 2905 1138 ipsum
2934 1072 3078 1139 audi,
3117 1093 3137 1127 ι
3170 1087 3225 1130 ιιι
3253 1090 3505 1148 quantum
3533 1100 3565 1139 a

1985 1159 2164 1231 rerum
2195 1152 2518 1219 turpitudine
2550 1157 2680 1213 abes
2706 1178 2726 1212 ι
2750 1161 2793 1215 si
2822 1172 2998 1218 tamen
3029 1167 3425 1235 abes,ttantum
3459 1185 3560 1228 tea

1984 1238 2268 1296 verborum
2298 1243 2541 1302 libertate
2569 1249 2852 1321 sejungas;
2896 1265 2950 1310 et
2979 1271 3040 1312 ea
3071 1258 3125 1313 in
3163 1261 3358 1317 alteros
3386 1280 3453 1319 ne
3476 1266 3563 1319 di-

1981 1343 2093 1397 cas,
2123 1348 2241 1400 qua:
2266 1350 2387 1390 cum
2416 1338 2507 1394 tibi
2530 1339 2664 1396 falso
2691 1344 2899 1413 objecta
2913 1347 3040 1414 sint,
3070 1351 3376 1410 erubescas.
3417 1376 3435 1410 ι
3461 1359 3565 1413 'l‘a-

1983 1419 2050 1474 lia
2078 1429 2129 1476 te
2148 1438 2277 1481 sane
2302 1427 2351 1481 in
2378 1428 2509 1484 istos
2559 1434 2742 1490 nescio
2782 1451 2917 1506 quos
2964 1438 3165 1497 dixisse
3209 1448 3301 1515 qui
3350 1445 3558 1517 legunt,

1977 1513 2150 1569 sciant
2178 1515 2218 1582 ί,
2259 1519 2433 1587 qualia
2475 1520 2528 1576 in
2572 1523 2839 1595 aliquibus
2886 1533 3106 1590 omnino
3131 1513 3239 1591 non
3290 1513 3559 1604 novimus,

1977 1616 2112 1672 quos
2139 1604 2190 1659 in
2221 1610 2493 1678 proposito
2540 1616 2878 1675 continentia:
2918 1626 3210 1684 recessisse
3250 1643 3281 1683 a
3319 1629 3557 1702 Pelagia-

1976 1696 2059 1749 nis
2106 1694 2372 1758 hmreticis
2414 1705 2680 1763 novimus.
2710 1709 2806 1766 Τιιὶ
2840 1727 2970 1770 vero
2987 1716 3070 1772 vel
3096 1726 3200 1774 ture
3225 1723 3415 1790 quales
3445 1694 3555 1780 sint

1974 1786 2105 1841 nihil
2133 1804 2250 1845 mea
2280 1792 2523 1863 interest,
2550 1813 2684 1868 quos
2726 1810 2782 1855 tu
2809 1804 2891 1858 vel
2920 1820 3055 1876 quas
3095 1817 3148 1862 tu
3179 1786 3259 1866 sic
3286 1811 3443 1878 fallis,
3493 1827 3554 1871 ut

1970 1874 2119 1932 dicas
2147 1894 2231 1934 me
2252 1881 2494 1952 definire,
2534 1905 2554 1940 ι
2591 1904 2689 1946 nec
2717 1892 2770 1947 in
2801 1874 3008 1951 carioso
3059 1900 3272 1970 quidem
3324 1919 3552 1976 corpore

1970 1965 2246 2025 libidinem
2273 1987 2431 2042 posse
2455 1974 2672 2034 frenari.
2701 2000 2721 2034 ι
2757 1982 2868 2038 lmo
2894 1987 3016 2056 quia
3055 1965 3252 2048 frenari
3295 1965 3458 2064 posse
3495 2009 3551 2053 et

1967 2053 2166 2155 fre-nari
2188 2072 2438 2131 oportere
2461 2065 2712 2138 decerno,
2738 2071 2858 2129 ideo
2878 2053 3078 2133 malum
3106 2053 3363 2155 intelligo.
3391 2088 3548 2155 Quod

1963 2147 2056 2242 qui
2084 2161 2242 2221 negat
2286 2155 2502 2225 malum,
2546 2159 2738 2216 viderit
2784 2167 3051 2234 quomodo
3088 2147 3303 2229 hahth
3325 2147 3541 2242 bonum,

1964 2240 2051 2294 cui
2074 2254 2477 2315 repugnantem,
2507 2250 2635 2305 velit
2663 2254 2813 2318 nolit,
2854 2255 3048 2313 fatetur
3074 2260 3388 2321 frenandam
3421 2240 3545 2324 esse

1965 2326 2258 2387 libidinem.
2288 2333 2402 2404 Ego
2429 2337 2605 2408 itaque
2634 2356 2739 2396 non
2765 2345 2938 2400 solum
2966 2350 2997 2409 tl
3025 2352 3262 2421 senibus,
3282 2366 3465 2412 verum
3488 2372 3545 2415 et

1963 2433 1993 2471 a
2017 2418 2305 2489 juvenibus
2329 2425 2449 2481 dico
2475 2428 2744 2486 libidinem
2768 2449 2923 2503 posse
2941 2436 3135 2495 frenari
3158 2460 3171 2495 :
3195 2418 3287 2499 sed
3318 2450 3543 2505 multum

1964 2508 2130 2564 miror
2155 2527 2185 2566 ιι
2211 2516 2608 2574 continentibus
2635 2521 2909 2579 libidinem
2936 2542 3095 2596 posse
3124 2530 3349 2589 laudari.

2035 2598 2126 2655 36.
2151 2601 2283 2669 Quis
2311 2617 2488 2661 autem
2507 2618 2747 2667 nostrum
2788 2614 2939 2682 dicit,
2972 2636 2993 2672 ι
3025 2619 3219 2677 Malum
3260 2623 3362 2681 hoc
3398 2630 3543 2698 quod

1962 2694 2174 2763 parvuli
2201 2697 2531 2768 originaliter
2570 2704 2807 2783 trahunt,
2847 2709 2965 2765 sine
3003 2712 3297 2769 substantia
3348 2694 3536 2790 iniqua

1959 2794 2061 2857 est,
2089 2796 2181 2842 aut
2203 2802 2321 2846 esse
2347 2806 2523 2861 posse,
2565 2806 2914 2870 autunqnam
2943 2790 3143 2860 fuisse?
3172 2826 3191 2860 ι
3225 2809 3377 2877 Quod
3410 2822 3498 2869 tan
3516 2846 3537 2856 -

1959 2889 2117 2945 quam
2144 2877 2404 2950 dicamus,
2438 2885 2508 2938 ita
2538 2890 2732 2956 (uixeris
2760 2890 3068 2951 dialecticos
3101 2897 3331 2968 judiccs.
3385 2914 3438 2960 et
3467 2906 3543 2960 ir.

1958 2965 2101 3023 rides
2129 2970 2360 3041 vulgum,
2392 2976 2541 3044 quasi
2572 2978 2638 3032 ad
2666 2979 2837 3050 ipsum
2878 2993 2929 3038 te
2962 2965 3195 3055 judicem
3247 2993 3526 3062 adducam,

1957 3071 1989 3111 ιι
2018 3073 2123 3128 quo
2140 3059 2367 3130 jndicari
2394 3064 2493 3120 ista
2524 3081 2629 3121 non
2661 3081 2882 3139 possunt
2911 3090 2924 3126 :
2954 3091 3072 3145 qum
3104 3088 3156 3132 tu
3187 3081 3231 3134 si
3259 3098 3366 3136 non
3393 3059 3534 3139 didi;-

1955 3151 2143 3215 cisses,
2177 3151 2442 3224 Pelagiani
2466 3155 2729 3228 dogmatis
2779 3163 3024 3219 machina
3079 3169 3195 3224 sine
3238 3175 3532 3232 architecto

1955 3244 2261 3298 necessario
2292 3248 2661 3305 remansisset.
2689 3251 2743 3306 Si
2772 3254 2848 3307 vis
2865 3255 3063 3323 vivere,
3087 3257 3194 3314 nuli
3226 3277 3407 3319 amare
3442 3282 3532 3321 sa-

1954 3331 2208 3401 pientiam
2240 3335 2408 3401 verbi,
2453 3355 2556 3408 qua
2584 3354 2872 3398 evacuatur
2910 3360 3040 3401 crux
3084 3346 3283 3406 Christi
3330 3354 3375 3424 (Ι
3402 3353 3524 3411 Cor.

1952 3437 1991 3489 I,
2026 3422 2136 3496 I7).
2154 3425 2433 3491 Quomodo
2456 3428 2524 3485 de
2550 3424 2669 3487 aliis
2695 3434 3004 3492 substantiis
3030 3439 3083 3494 in
3114 3441 3247 3497 alias
3276 3422 3530 3501 substan-

1952 3513 2053 3569 tias
2074 3515 2156 3569 vel
2186 3514 2341 3571 bona:
2369 3519 2452 3573 vel
2482 3521 2635 3576 mala:
2659 3531 2933 3581 transeant
2959 3530 3265 3599 qualitates,
3298 3551 3404 3590 non
3429 3538 3528 3591 mi-

1948 3604 2170 3674 grando,
2196 3607 2289 3662 sed
2309 3608 2614 3680 alliciendo,
2653 3611 2762 3683 jam
2795 3615 2929 3671 libro
2949 3622 3226 3689 superiore
3265 3630 3521 3683 tractavi-

1949 3713 2069 3754 mus
2106 3699 2326 3771 (Supra,
2371 3702 2462 3760 ιιι.
2508 3704 2564 3771 5,
2595 3722 2648 3760 n.
2680 3707 2794 3777 5t).
2844 3707 2901 3765 Si
2948 3712 3089 3784 vulgi
3135 3717 3345 3789 spernis
3378 3718 3525 3789 judio

1951 3792 2117 3861 cium,
2147 3793 2266 3850 illos
2300 3795 2509 3866 judiccs
2557 3798 2785 3868 intuere,
2815 3814 2949 3871 quos
2986 3804 3078 3860 tibi
3106 3788 3316 3863 duobus
3338 3788 3528 3879 priori-

1945 3888 2045 3943 bus
2097 3891 2231 3945 meis
2274 3891 2425 3947 libris
2464 3892 2888 3952 luculentissima
2947 3898 3001 3953 in
3043 3899 3281 3959 Ecclesia
3328 3906 3527 3962 Christi

1944 3984 2199 4053 praeditos
2224 3987 2537 4041 auctoritate
2563 3992 2834 4058 proposui.
3386 4023 3410 4050 -.

1951 4099 1963 4111 -
2012 4073 2239 4132 CAPUT
2262 4076 2376 4132 XII.
2408 4107 2477 4118 —
2506 4080 2595 4134 57.
2627 4081 2794 4146 Quale
2815 4091 2898 4138 est
2919 4092 3120 4153 autem,
3169 4088 3312 4159 quod
3352 4089 3524 4148 beat-Ii

1941 4168 2215 4220 memoriae
2275 4167 2543 4224 Zosimnm
2612 4172 2937 4241 Apostolica:
2989 4176 3146 4232 Sedis
3185 4180 3520 4252 episcOpnni,

1940 4263 1996 4307 ut
2019 4254 2070 4308 in
2094 4264 2179 4309 tua
2204 4258 2460 4325 pravitate
2491 4260 2765 4328 persistas,
2787 4266 3239 4331 praevaricationis
3262 4272 3521 4325 accusas?

1936 4343 2039 4410 Qui
2069 4362 2176 4400 non
2208 4347 2424 4402 recessit
2446 4365 2473 4401 a
2506 4364 2604 4404 suo
2618 4357 2980 4421 prmeessore'
3006 4355 3332 4429 Innocentio,
3360 4378 3520 4432 quem

1937 4446 1992 4491 tu
2022 4439 2297 4495 nominare
2348 4442 2595 4507 timuisti;
2645 4444 2740 4499 sed
2782 4447 3012 4501 maluisti
3059 4449 3353 4519 Zosimum,
3394 4456 3517 4525 quia

1934 4531 2043 4601 egit
2073 4532 2317 4600 primitus
2366 4534 2536 4590 leuius
2562 4553 2683 4590 cum
2733 4538 2992 4593 leestio
3020 4559 3033 4594 :
3065 4544 3313 4612 quoniam
3349 4561 3410 4602 se
3459 4549 3513 4605 in

1935 4620 2019 4676 liis
2040 4623 2287 4677 sensibus
2314 4626 2503 4679 vestris
2532 4626 2575 4679 si
2607 4626 2732 4697 quid
2753 4628 3082 4697 displiceret,
3123 4645 3361 4700 paratum
3391 4652 3513 4693 esse

1932 4710 2148 4766 dixerat
2188 4714 2404 4784 corrigi,
2447 4724 2502 4769 et
2553 4715 2845 4772 Innocentii
2886 4720 3080 4776 litteris
3119 4738 3511 4785 consensurum

1930 4817 2050 4857 esse
2066 4804 2401 4872 promiserat.

1999 4892 2088 4950 58.
2112 4894 2376 4950 Memento
2398 4911 2528 4953 sane
2554 4898 2996 4969 quemadmodum
3025 4901 3092 4957 de
3135 4906 3510 4966 constituendo

1927 4987 2178 5057 episcopo
2212 4987 2601 5044 dissensionem
2633 4992 2810 5061 populi
2845 4992 3068 5049 Romani
3090 4995 3505 5059 iusnltabnndus

1925 5078 2161 5147 objectas
2190 5078 2289 5152 (a).
2322 5076 2472 5148 Quod
2493 5082 2591 5137 abs
2619 5094 2669 5138 te
2695 5100 2895 5153 quzero,
2928 5096 3104 5142 utrum
3134 5089 3380 5148 homines
3409 5111 3505 5155 sua

1926 5165 2149 5224 fecerint
2175 5169 2464 5226 voluntate.
2493 5172 2645 5240 Quod
2675 5175 2718 5228 si
2743 5190 2925 5245 negas,
2973 5181 3242 5248 quomodo
3281 5185 3505 5244 liberum
3539 5245 3542 5249 ,

1988 5337 2004 5369 ί
2042 5345 2140 5417 lim.
2166 5336 2239 5386 Er.
2267 5345 2319 5408 et
2347 5336 2535 5417 aliquot
2558 5347 2683 5417 Mss,
2707 5338 2878 5415 stituit.
2919 5344 3141 5417 statiores
3185 5356 3443 5417 manuscrlj
3464 5359 3499 5407 ti

1922 5411 2032 5467 eum
2057 5406 2187 5467 ιρι-η
2210 5401 2378 5467 sciant.
2406 5408 2501 5450 Non
2527 5401 2629 5467 vult
2662 5407 2954 5466 Augustinus
2971 5443 2985 5464 ,
3006 5415 3066 5457 ut
3089 5422 3147 5458 ea
3171 5413 3370 5462 crimina
3388 5401 3501 5467 diu};

1921 5460 2041 5509 falso
2063 5460 2197 5535 forte
2222 5462 2525 5535 umectantur
2544 5497 2559 5523 ,
2583 5464 2660 5513 hic
2682 5460 2771 5526 per
2809 5460 3212 5528 ipsum'noverint
3230 5477 3313 5535 qui
3331 5460 3501 5528 Sola;

1920 5534 2036 5571 num
2069 5536 2160 5569 non
2186 5521 2372 5583 legunt.

1983 5584 2003 5615 ³
2038 5590 2111 5632 Er.
2149 5594 2201 5632 et
2223 5592 2363 5643 nova,
2386 5597 2418 5634 a
2439 5598 2526 5636 suo
2561 5586 2916 5649 praedecessore
2964 5591 3251 5644 Innocentio.
3298 5603 3399 5645 Am.
3441 5607 3495 5649 et

1919 5651 2046 5705 Mss,
2071 5657 2375 5707 prmeessore.
2402 5706 2407 5707 γ
3038 5680 3051 5693 ς

1982 5707 2053 5774 fa)
2072 5706 2292 5755 Sclusma
2324 5706 2511 5774 scilicet
2531 5710 2688 5774 quod,
2721 5713 2907 5764 Zosimo
2945 5714 3004 5764 ad
3029 5714 3172 5764 linem
3194 5716 3303 5765 anni
3325 5717 3496 5772 Christi

1919 5767 2011 5844 {lii
2035 5777 2248 5844 mortuo,
2283 5771 2531 5844 subortuni
2552 5767 2628 5823 'est
2644 5806 2658 5829 ,
2677 5767 2787 5844 cum
2809 5775 3043 5844 adversus
3067 5778 3348 5827 Bonifatium
3372 5767 3497 5844 legi:

1919 5832 2034 5880 time
2061 5828 2268 5878 electum
2291 5828 2741 5885 ciuitt'nderentaiii
2760 5848 2845 5898 pro
2871 5836 3067 5886 Eulalio.

2714 5919 2747 5998 (
2760 5920 3169 5997 I'ingt-seth
