4098 6500
634 397 746 453 843

649 511 890 568 defendis
911 506 1229 566 arbitrium?
1254 504 1310 561 Si
1340 513 1516 560 autem
1561 503 1763 567 [αις-τῖς,
1797 497 2064 570 quomodo
2105 511 2220 551 eam

647 619 809 661 vocas
834 621 852 656 ι
881 603 1137 659 ultionem
1165 600 1279 666 Dei,
1307 617 1326 652 ι
1354 606 1512 668 atque
1539 613 1568 650 a
1598 605 1776 648 vestro
1796 592 2044 663 dogmate
2070 605 2226 644 exor-

652 699 808 756 hitas.
835 692 960 750 dum
1003 691 1176 763 putari
1217 687 1467 745 divinitus
1496 685 1790 740 vindicatus
1815 683 1830 716 ¹
1860 681 2114 737 allectus?
2141 680 2221 732 An

651 787 864 843 tandem
909 782 1200 854 aliquando
1262 778 1548 842 concedis,
1621 773 1762 846 quod
1807 771 2222 828 obstinatissima

651 876 993 932 contentione
1041 885 1351 945 negaveras,
1380 869 1592 923 occulto
1623 867 1713 922 Dei
1739 864 1940 936 judicio
1987 862 2122 926 lieri,
2167 869 2226 914 ut

652 971 707 1022 in
745 969 872 1038 ipsis
913 965 1192 1020 hominum
1244 960 1607 1017 voluntatibus
1655 951 1957 1011 inveniatur
2003 951 2219 1022 aliquid,

653 1058 794 1128 quod
821 1065 874 1113 et
899 1065 1172 1127 peccatum
1197 1052 1339 1108 sitet
1368 1065 1524 1120 poena
1553 1046 1793 1118 peccati?
1818 1045 1930 1100 [loc
1955 1044 2095 1099 enim
2125 1042 2225 1098 nisi

653 1153 704 1206 iu
728 1151 824 1204 ista
853 1159 936 1204 tua
965 1145 1227 1204 sententia
1253 1143 1542 1214 sapuisses,
1564 1141 1708 1195 nullo
1725 1136 1886 1193 modo
1911 1137 2103 1191 factum
2134 1135 2229 1187 ho-

655 1243 856 1295 minum
879 1239 1134 1292 ultionem
1163 1235 1258 1290 Dei
1277 1226 1404 1289 esse
1434 1233 1682 1287 dixisses.
1715 1229 1822 1286 Sed
1853 1226 2064 1299 quando
2105 1234 2228 1279 ante

655 1347 822 1386 annos
853 1331 1110 1400 plurimos
1131 1328 1234 1384 tale
1262 1327 1333 1382 ibi
1364 1325 1614 1396 quiddam
1637 1321 1703 1377 de
1728 1321 1884 1376 beato
1911 1321 2138 1374 Damaso
2175 1325 2230 1372 ct

657 1422 904 1479 Ursicino
945 1423 964 1454 ³
1000 1419 1243 1490 centlgit,
1268 1417 1497 1472 nondum
1523 1414 1828 1484 Pelagianos
1865 1410 2100 1467 Ecclesia
2125 1408 2230 1463 lio-
2257 1473 2281 1487 η

652 1531 808 1568 manu
840 1513 1204 1568 damnaverat.

723 1604 808 1660 59.
869 1603 1030 1667 Dicis,
1083 1617 1210 1658 «me
1249 1615 1459 1672 quoque
1505 1601 1678 1670 ipsum
1719 1597 2002 1652 innovasse
2037 1605 2226 1648 sensus

647 1713 813 1762 meos,
837 1705 890 1752 et
923 1696 1076 1752 initio
1103 1695 1470 1751 conversionis
1510 1707 1644 1748 meae
1673 1691 1776 1747 hoc
1821 1689 2055 1745 sensisse
2085 1685 2227 1758 quod.

647 1803 766 1844 tu.»
797 1787 902 1845 Sed
957 1789 1113 1856 fallis,
1145 1796 1236 1842 aut
1285 1786 1513 1852 falleris,
1559 1785 1672 1840 sive
1721 1780 2094 1839 calumniando
2147 1779 2228 1832 his

644 1897 763 1950 qua:
791 1895 932 1936 nunc
950 1880 1092 1947 dico,
1123 1879 1232 1934 sive
1261 1895 1366 1933 non
1395 1875 1764 1948 intelligendo,
1793 1873 1879 1930 vel
1908 1872 2084 1941 potius
2116 1884 2224 1925 non

645 1973 871 2042 legendo
897 1989 959 2027 ea
985 1987 1104 2043 qua:
1137 1981 1262 2026 tunc
1282 1971 1418 2026 dixi.
1445 1969 1578 2024 Nam
1600 1983 1701 2039 ego
1729 1981 1824 2038 per
1852 1981 2014 2021 unum
2055 1963 2228 2019 homi-

644 2080 768 2118 nem
795 2065 849 2118 in
877 2061 1134 2118 mundum
1163 2062 1392 2116 intrasse
1422 2067 1720 2130 peccatum,
1753 2064 1805 2113 et
1824 2071 1920 2128 per
1947 2062 2226 2128 peceatum

643 2163 891 2221 mortem,
939 2163 993 2209 et
1048 2153 1118 2207 ita
1147 2153 1200 2208 in
1243 2166 1432 2207 omnes
1477 2150 1724 2206 homines
1767 2145 2141 2220 pertransisse,
2173 2145 2226 2200 in

642 2263 748 2317 quo
772 2254 1130 2318 peccaverunt
1151 2258 1339 2300 omnes
1360 2241 1541 2316 (Rom.
1565 2254 1618 2309 γ,
1645 2239 1755 2313 12);
1802 2235 1870 2294 ab
1902 2237 2055 2294 initio
2095 2251 2226 2292 eon-

643 2338 909 2394 versionis
933 2351 1068 2391 mete
1093 2337 1172 2390 sic
1219 2335 1365 2390 tenui
1407 2345 1640 2403 semper,
1688 2340 1746 2388 ut
1777 2339 1951 2386 teneo.
2010 2329 2226 2384 Exstant

646 2429 766 2483 libri
797 2441 932 2499 quos
956 2426 1131 2482 adhuc
1148 2426 1316 2482 laicus
1345 2423 1717 2480 recentissima
1739 2437 1858 2478 mea
1879 2419 2230 2477 conversione

645 2521 960 2592 conscripsi,
984 2520 1084 2576 etsi
1110 2518 1346 2574 nondum
1387 2517 1526 2572 sicut
1571 2523 1754 2588 postea
1804 2514 1971 2570 sacris
2014 2513 2228 2568 Litteris

651 2612 911 2676 eruditus,
945 2620 1122 2666 tamen
1156 2610 1288 2665 nihil
1317 2609 1384 2666 de
1407 2609 1506 2664 hac
1553 2623 1612 2664 re
1653 2607 1762 2678 jam
1793 2615 1921 2662 tunc
1967 2603 2226 2669 sentiens,

645 2713 701 2759 et
726 2703 816 2759 ubi
841 2701 1146 2774 disputandi
1169 2702 1306 2757 ratio
1339 2708 1658 2771 peposcerat
1686 2697 1894 2762 dicens,
1938 2695 2038 2751 nisi
2087 2689 2230 2767 quod

646 2793 938 2867 antiquitus
983 2793 1150 2850 discit
1189 2793 1212 2826 ⁸
1237 2801 1292 2848 et
1337 2792 1495 2848 docet
1530 2791 1704 2846 omnis
1750 2789 1986 2845 Ecclesia
2011 2789 2100 2844 :in
2135 2787 2232 2843 has

647 2889 898 2944 videlicet
941 2900 1162 2960 magnas
1205 2886 1620 2956 manifestasque
1663 2881 1930 2947 miserias,
1961 2881 2012 2937 in
2042 2877 2233 2953 quibus

647 2982 808 3039 homo
854 2981 1073 3038 vanitati
1116 2981 1303 3036 similis
1339 2979 1508 3034 factus
1561 2984 1664 3044 est,
1698 2985 1758 3032 ut
1794 2974 1912 3031 dies
1949 2973 2067 3045 ejus
2096 2973 2233 3029 sicut

648 3077 835 3131 umbra
863 3082 1184 3148 prretereant
1212 3067 1384 3145 (Psat.
1415 3082 1596 3136 exuit,
1633 3067 1716 3141 4),
1766 3076 1821 3124 et
1871 3065 1940 3122 sit
1982 3065 2233 3121 universa

649 3169 856 3224 vanitas
898 3167 1074 3223 omnis
1098 3165 1260 3222 homo
1284 3161 1659 3234 vivens(Psal.
1695 3174 1918 3226 xxxvm,
1953 3158 2032 3230 6),
2073 3157 2238 3214 meri-

649 3272 706 3318 to
759 3259 961 3332 peccati
1001 3258 1272 3330 originalis
1319 3269 1488 3328 genus
1523 3254 1811 3310 humanum
1863 3251 2028 3307 fuisse
2068 3249 2237 3306 colla-

649 3371 825 3426 psum;
840 3351 979 3410 unde
991 3363 1095 3408 non
1112 3351 1298 3407 liberat
1315 3349 1412 3406 uisi
1431 3348 1520 3420 qui
1535 3345 1685 3412 dixit,
1703 3344 1897 3400 Veritas
1911 3340 2140 3398 liberabit
2153 3355 2238 3399 vos

655 3443 834 3516 (Joan.
863 3457 958 3500 vni
979 3485 994 3510 ,
1025 3441 1140 3512 52);
1168 3450 1242 3509 et,
1273 3437 1384 3512 Ego
1409 3455 1521 3493 sum
1551 3436 1732 3492 veritas
1763 3433 1871 3508 (Id.
1894 3447 2004 3503 xxv,
2033 3431 2116 3506 6);
2160 3441 2236 3500 et,

651 3537 714 3594 Si
739 3551 824 3592 vos
861 3530 1031 3590 Filius
1077 3532 1381 3598 liberaverit,
1441 3540 1559 3584 tunc
1600 3541 1712 3583 acre
1755 3525 1899 3582 liberi
1945 3524 2078 3579 eritis
2125 3519 2236 3596 (td.

651 3642 766 3696 vin,
785 3628 898 3696 56).
917 3626 1034 3682 Non
1075 3625 1214 3681 enim
1247 3639 1277 3679 a
1298 3623 1530 3678 vanitate
1559 3617 1657 3676 nisi
1683 3617 1882 3674 veritas
1895 3615 2118 3681 liberat;
2145 3609 2239 3670 sed

653 3718 944 3777 secundum
971 3717 1221 3789 gratiam,
1245 3727 1351 3770 non
1374 3711 1665 3769 secundum
1693 3709 1954 3774 debitum;
1998 3721 2092 3778 per
2137 3705 2241 3760 mi-

654 3808 1019 3872 sericordiam,
1078 3822 1185 3862 non
1225 3817 1321 3875 per
1369 3803 1640 3859 meritum.
1680 3799 1828 3856 Sicut
1871 3797 2016 3854 enim
2058 3795 2242 3867 judicii

656 3901 756 3958 fuit
782 3909 836 3956 ut
857 3898 1074 3954 vanitati
1104 3895 1521 3967 subjiceremur;
1551 3893 1622 3947 ita
1652 3887 2036 3946 misericordiae
2073 3896 2155 3942 est
2185 3895 2244 3941 ut

658 3993 883 4048 veritate
908 3990 1219 4054 liberemur,
1246 3994 1299 4042 et
1330 3987 1442 4056 ipsa
1464 3985 1604 4040 bona
1655 3981 1847 4037 merita
1878 3989 2059 4034 nostra
2102 3993 2242 4033 non-

661 4084 766 4140 nisi
796 4081 890 4138 Dei
909 4079 1049 4136 dona
1075 4093 1197 4134 esse
1229 4061 1528 4132 fateamur.-

731 4170 960 4230 CAPUT
983 4169 1099 4226 Xlll
1130 4167 1300 4241 (a).--
1320 4167 1408 4223 40.
1432 4166 1545 4222 lam
1570 4179 1710 4221 nunc
1736 4164 1879 4218 illam
1908 4173 2049 4218 tuam
2071 4161 2246 4218 diseuo

662 4269 858 4323 tiamus
873 4263 1212 4326 calumniam,
1240 4275 1342 4332 qua
1365 4276 1450 4316 me
1479 4259 1676 4314 dixisse
1690 4257 2008 4320 criminaris,
2033 4273 2052 4307 ε
2078 4255 2249 4326 bapti-

613 4427 617 4432 '
663 4368 814 4413 satos
855 4369 934 4424 ex,
951 4361 1105 4428 parte
1132 4352 1399 4408 mnudari.
1435 4350 1584 4420 Quod
1623 4349 1810 4404 melius
1842 4368 1860 4402 ι
1891 4347 2024 4404 dicis
2059 4365 2078 4400 ι
2107 4348 2241 4402 meis

665 4445 1003 4502 sermonibus
1026 4457 1282 4515 apparere
1310 4460 1324 4498 :
1356 4461 1375 4496 ι
1403 4457 1603 4513 eosque
1625 4455 1900 4496 sermones
1933 4455 2103 4505 mens,
2127 4438 2245 4510 qui.

667 4541 768 4595 bus
800 4538 902 4592 hoc
927 4549 1186 4607 apparere
1217 4545 1372 4604 pOSSt:
1399 4546 1696 4596 asseveras,
1737 4529 2150 4586 considerandos
2193 4531 2250 4586 in

671 4639 757 4686 tua
781 4627 1140 4698 disputatione
1182 4623 1456 4696 proponis.
1491 4623 1605 4692 Ago
1649 4622 1872 4693 gratias,
1918 4636 2114 4693 nempe
2165 4621 2250 4676 isti

669 4731 794 4779 sunt
822 4741 836 4776 :
873 4742 892 4774 ι
925 4721 1136 4786 Carnis,
1173 4737 1192 4771 ι
1224 4717 1460 4788 inquam,
1519 4734 1537 4767 ι
1567 4715 1995 4785 concupiscentia
2035 4731 2141 4770 non
2168 4719 2253 4771 est

673 4815 871 4886 nuptiis
900 4811 1230 4886 imputanda,
1275 4809 1366 4865 sed
1399 4807 1692 4864 toleranda.
1720 4807 1834 4862 Non
1876 4807 2016 4863 enim
2062 4811 2144 4862 est
2180 4819 2249 4863 ex

675 4906 900 4964 naturali
925 4903 1191 4962 connubio
1213 4902 1431 4958 veniens
1449 4901 1663 4966 bonum,
1682 4899 1773 4954 sed
1795 4916 1860 4955 ex
1885 4899 2102 4970 antiquo
2121 4915 2252 4970 pec-

675 5008 796 5056 cato
813 4997 1058 5054 accidens
1083 4981 1299 5050 malum.
1329 4993 1556 5062 Propter
1583 4991 1718 5046 hanc
1745 5005 1873 5062 ergo
1902 4989 1980 5059 lit,
2009 5002 2066 5046 ut
2095 4991 2254 5046 etiam

677 5091 744 5144 de
767 5088 923 5159 justis
949 5095 1003 5142 et
1033 5084 1279 5156 legitimis
1327 5082 1529 5152 nuptiis
1573 5083 1802 5136 liliorum
1847 5081 1960 5147 Dei,
2002 5095 2108 5136 non
2159 5080 2256 5135 ﬁlii

683 5180 796 5242 llei,
825 5177 918 5234 sed
945 5177 1035 5232 lilii
1063 5175 1240 5232 surculi
1269 5183 1629 5245 generentur:
1673 5173 1794 5244 quia
1813 5182 1866 5228 et
1897 5173 1948 5226 hi
1982 5172 2070 5243 qui
2095 5187 2256 5243 gone-

681 5281 822 5339 rant,
867 5272 912 5325 si
954 5269 1064 5342 jam
1119 5266 1416 5338 regenerati
1459 5274 1600 5333 sunt,
1637 5281 1741 5320 non
1775 5281 1837 5321 ex
1869 5264 1970 5320 hoc
1998 5273 2262 5338 generant

754 5383 772 5414 ι
807 5386 884 5431 Er.
923 5386 976 5431 et
1009 5385 1122 5429 inv.
1161 5412 1178 5439 ,
1227 5373 1538 5439 vindicatum.
1571 5383 1638 5439 At
1682 5383 1780 5425 Αω.
1829 5382 1882 5428 et
1917 5389 2090 5427 omnes
2129 5383 2258 5438 Mss,

685 5441 972 5495 rindicatus.
1060 5438 1192 5490 Itane
1243 5438 1506 5488 lectionem
1564 5438 1837 5497 improbant
1902 5439 2256 5500 hovanieuses,

688 5520 784 5556 non
807 5506 873 5554 oh
895 5501 1042 5563 aliud,
1067 5502 1158 5551 nisi
1178 5499 1312 5564 quod
1341 5500 1438 5550 illic
1459 5500 1536 5564 agi
1561 5507 1735 5564 putent
1765 5501 1830 5549 de
1843 5501 2110 5564 schismate
2133 5499 2262 5551 inter

690 5576 944 5628 Damasum
966 5561 1326 5623 et'Ursieinum,
1359 5562 1488 5625 quod
1511 5561 1698 5628 asciuit,
1724 5561 1964 5628 inquiunt,
1987 5569 2102 5611 ante
2125 5564 2260 5612 audi-

690 5625 793 5680 tum
815 5627 986 5678 Juliani
1011 5638 1210 5676 nomen.
1537 5625 1542 5630 '
1923 5627 1930 5633 ·

750 5693 771 5723 ι
795 5690 936 5762 ,ιιι-ιω]
960 5697 1060 5738 sin.
1079 5692 1153 5736 Er.
1181 5693 1234 5737 et
1252 5681 1517 5736 Gallicanos
1536 5691 1645 5736 uss.
1683 5697 1955 5750 omnesque
1995 5685 2262 5749 \‘aticattos,

695 5761 750 5803 Ui
763 5761 885 5802 stne.

754 5823 772 5846 ο
807 5821 984 5862 omnes
1007 5820 1156 5872 prope
1178 5815 1308 5867 Mss,
1324 5802 1470 5872 dicit.

752 5875 824 5937 (tt)
858 5872 985 5936 Apud
1008 5871 1108 5922 stu.
1129 5881 1179 5922 et
1202 5879 1296 5936 1-1.,
1317 5871 1366 5921 ὃ.

1461 385 1731 444 comm
1770 381 2104 442 JULlANUM
2149 379 2606 452 renxcuxun,
2646 381 2706 439 s.
2747 381 3114 442 AUGUSTINI
3375 346 3382 356 ’
3757 401 3838 459 δη

2331 508 2436 563 quo
2466 493 2558 549 lilii
2589 493 2681 550 Dei
2707 505 2848 562 sunt,
2881 496 2973 554 sed
3003 514 3067 555 ex
3093 511 3198 570 quo
3219 497 3390 555 adhuc
3427 497 3516 555 lilii
3556 506 3732 562 szeculi.
3757 509 3836 564 llo-

2333 585 2524 641 minita
2555 587 2747 659 quippe
2775 591 3036 646 sententia
3064 599 3148 646 est
3177 607 3192 648 :
3220 589 3346 645 Filii
3371 591 3520 664 hujus
3553 597 3702 651 taxilli
3725 614 3843 672 gene-

2333 687 2446 732 rant
2475 687 2517 732 e!
2535 690 2832 748 generantur
2859 677 3050 752 1(Luc.
3074 695 3170 748 xx,
3193 681 3304 755 3i).
3343 681 3450 738 tEx
3481 698 3580 754 quo
3601 686 3752 758 itaque
3769 703 3841 745 ειι-
3929 697 3940 708 ⁵

2333 784 2450 824 mus
2472 769 2644 825 adhuc
2674 769 2763 826 ﬁlii
2793 769 2946 842 hujus
2983 773 3184 839 saeculi,
3231 776 3474 830 exterior
3511 775 3658 832 humo
3696 793 3840 838 noster

2333 861 2708 931 corrumpitur,
2724 877 2786 916 ex
2810 861 2910 918 hoc
2931 871 2983 918 et
3005 862 3161 934 hujus
3186 867 3363 920 saeculi
3387 865 3476 920 lilii
3497 880 3779 936 generantur
3803 874 3846 926 ιτ

2335 967 2397 1006 ex
2426 967 2530 1022 quo
2557 967 2739 1008 sumus
2767 952 2859 1008 ﬁlii
2889 953 3004 1022 Dei,
3037 952 3259 1011 interior
3284 967 3564 1012 renovatur
3611 957 3672 1015 de
3714 961 3786 1017 die
3809 963 3848 1018 in

2335 1042 2473 1097 diem
2504 1062 2522 1096 ι
2549 1043 2617 1115 (ll
2641 1044 2758 1100 Cor.
2781 1059 2852 1114 tv,
2881 1045 2990 1118 16).
3023 1063 3044 1099 ι
3075 1047 3324 1114 Quamvis
3341 1055 3394 1104 ct
3419 1048 3531 1120 ipse
3551 1053 3758 1108 exterior
3777 1066 3848 1124 per

2335 1133 2601 1190 lavacrum
2619 1137 2978 1192 sanetilicatus
3023 1138 3110 1206 sit,
3149 1147 3202 1194 et
3245 1149 3392 1210 spem
3443 1140 3620 1194 iutura:
3653 1141 3850 1197 incorru-

2335 1226 2531 1294 ptionis
2558 1227 2842 1296 acceperit,
2873 1238 3087 1299 propter
3099 1227 3240 1300 quod
3256 1239 3308 1284 et
3325 1225 3572 1300 templum
3593 1219 3674 1287 Dei
3697 1235 3850 1288 merito

2335 1315 2528 1371 dicitur
2555 1335 2574 1369 ›
2601 1317 2644 1388 (l
2663 1317 2778 1372 Cor.
2811 1333 2890 1385 ιιι,
2917 1319 3000 1393 i6)
3027 1337 3047 1374 ι
3083 1335 3096 1374 :
3123 1320 3216 1375 sed
3245 1322 3344 1376 hoc
3367 1335 3472 1376 non
3498 1322 3656 1376 solum
3678 1335 3852 1394 propter

2333 1417 2652 1477 praesentem
2669 1410 3162 1477 sanctilicationem,
3190 1413 3285 1468 sed
3302 1423 3518 1485 prepter
3541 1417 3564 1449 ³
3591 1413 3717 1471 illam
3735 1433 3852 1486 spem

2336 1497 2536 1554 dictum
2559 1510 2662 1566 est,
2688 1500 2756 1558 de
2803 1517 2904 1574 qua
2934 1503 3147 1571 dicitur,
3197 1504 3260 1559 Et
3289 1519 3381 1560 nos
3423 1507 3522 1578 ipsi
3546 1507 3764 1576 primitias
3785 1511 3854 1563 ha-

2336 1591 2501 1646 bentes
2539 1592 2744 1661 spiritus
2791 1594 3181 1666 ingemiscimns,
3235 1596 3554 1668 adeptionem
3575 1597 3854 1667 ’περαιωθ-

2336 1691 2417 1746 tes,
2449 1683 2840 1755 redemptionem
2858 1687 3082 1757 corporis
3106 1689 3267 1742 nostri
3294 1707 3312 1740 ι
3333 1689 3509 1760 (Rom.
3531 1705 3634 1756 vui,
3659 1688 3788 1763 23).ι
3811 1689 3855 1745 Si

2335 1788 2462 1844 ergo
2488 1775 2788 1847 redemptio
2817 1779 3058 1848 corporis
3081 1780 3246 1834 nostri
3277 1780 3565 1836 secundum
3592 1783 3853 1851 Apostolum

2333 1875 2691 1936 exspectatur,
2720 1867 2959 1938 profecto
2984 1869 3124 1940 quod
3149 1879 3491 1940 exspectatur
3514 1871 3680 1929 adhuc
3705 1886 3853 1942 Spera-

2334 1961 2440 2023 tur,
2467 1958 2702 2014 nondum
2749 1967 2988 2015 tenetur)
3022 1959 3123 2033 (De
3151 1960 3360 2032 Nuptiis
3396 1971 3444 2016 et
3472 1961 3854 2032 Concupiscentia,

2334 2049 2422 2104 lib.
2448 2051 2498 2114 ι,
2537 2068 2624 2106 nn.
2659 2051 2748 2119 l9,
2783 2050 2900 2126 20).
2961 2053 3105 2109 Nihil
3150 2053 3350 2110 habent
3409 2055 3522 2111 hate
3563 2055 3709 2111 verba
3760 2068 3853 2109 mea

2333 2141 2474 2213 quod
2493 2157 2596 2198 non
2627 2145 2679 2198 in
2703 2157 2763 2200 se
2789 2143 3088 2216 baptizatus
3107 2154 3380 2217 agnoscat,
3399 2148 3490 2217 qui
3513 2161 3628 2202 eum
3647 2144 3858 2215 Apostolo

2333 2235 2464 2292 dicit
2491 2255 2505 2291 :
2537 2233 2608 2290 Et
2633 2237 2730 2306 ipsi
2768 2239 2820 2292 in
2847 2239 3214 2311 nobismetipsis
3238 2240 3626 2310 ingemiscimus.
3669 2236 3798 2295 Unde
3817 2237 3860 2291 et

2335 2329 2459 2384 alibi
2481 2330 2554 2385 ait
2587 2347 2602 2386 :
2633 2327 2836 2384 Etenim
2863 2331 2948 2402 qui
2967 2347 3139 2385 sumus
3177 2331 3228 2386 in
3257 2331 3352 2386 hac
3396 2330 3708 2395 habitatione,
3747 2327 3858 2399 inge-

2334 2421 2592 2476 misrimus
2619 2421 2814 2492 grauari
2835 2419 2902 2491 (ll
2923 2419 3039 2474 Cor.
3059 2437 3111 2488 v,
3135 2421 3212 2493 4).
3241 2420 3356 2488 Quo
3381 2419 3772 2492 perlinetetiam
3805 2416 3854 2470 il-

2334 2509 2447 2576 lud,
2488 2509 2628 2581 quod
2659 2511 2710 2564 in
2741 2510 2878 2566 libro
2925 2509 3210 2582 Sapientia:
3254 2511 3482 2582 legimus
3510 2508 3726 2581 :Corpus
3755 2507 3858 2560 enim

2335 2598 2660 2671 corruptibiie
2679 2603 2920 2672 aggravet
2948 2601 3190 2667 animum,
3213 2609 3262 2654 et
3287 2600 3522 2671 deprimit
3545 2609 3726 2652 terrena
3745 2595 3860 2648 inlato

2337 2691 2510 2746 bitatio
2535 2707 2736 2746 sensum
2758 2691 2918 2746 multa
2946 2691 3244 2762 cogitantem
3273 2691 3426 2763 (Sep.
3457 2705 3534 2754 Ix,
3569 2690 3672 2760 15).
3697 2683 3786 2744 Sed
3817 2693 3860 2739 tu

2337 2791 2587 2854 tanquam
2629 2784 2681 2838 in
2706 2781 2966 2853 erelojam
3005 2783 3141 2838 inter
3163 2782 3394 2853 Angelos
3423 2779 3773 2836 immortaliter
3788 2775 3862 2830 ha-

2337 2873 2533 2942 bitans,
2563 2873 2720 2930 verba
2749 2873 3067 2928 infirmitatis
3093 2881 3148 2929 et
3177 2873 3517 2929 mortalitatis
3535 2871 3736 2935 irrides;
3757 2877 3863 2923 etes

2339 2975 2613 3035 exponens
2634 2979 2739 3020 non
2781 2963 3074 3019 secundum
3113 2979 3292 3019 meum
3334 2978 3576 3032 sensum,
3603 2961 3688 3018 sed
3711 2972 3864 3015 secun-

2340 3053 2463 3110 dum
2486 3055 2668 3110 dolum
2693 3065 2858 3122 tuum,
2892 3053 3090 3110 dixisse
3119 3069 3206 3110 me
3251 3053 3511 3118 afﬁrmas,
3547 3072 3566 3106 ι
3589 3051 3715 3124 quod
3737 3045 3864 3121 gratia

2341 3159 2448 3200 non
2471 3145 2702 3216 perfecte
2731 3146 2998 3201 hominem
3017 3161 3209 3202 novum
3232 3144 3408 3200 faciat.
3439 3163 3460 3198 ι
3489 3144 3600 3200 Νοιι
3628 3138 3720 3196 hoc
3735 3138 3862 3193 dico:

2349 3236 2566 3292 attende
2582 3235 2724 3307 quod
2753 3237 2892 3292 dico.
2925 3237 3102 3294 Gratia
3143 3235 3379 3306 perfecte
3422 3233 3687 3291 hominem
3714 3233 3866 3286 norunt

2322 3319 2488 3393 'l‘aeit;
2537 3321 2963 3398 quandoquidem
2993 3335 3046 3383 et
3091 3327 3160 3383 ad
3207 3327 3445 3398 corporis
3477 3323 3866 3381 immortalitatem

2343 3418 2662 3490 plenamque
2686 3416 2987 3474 felicitatem
3014 3419 3125 3492 ipsa
3148 3419 3410 3491 perducit.
3430 3418 3586 3474 Nunc
3613 3416 3757 3472 etiam
3776 3418 3868 3481 pef-

2345 3512 2484 3567 fecte
2511 3512 2730 3567 innovat
2757 3511 3048 3578 hominem,
3101 3521 3356 3583 quantum
3387 3507 3680 3575 attinetad
3717 3503 3871 3560 liberae

2347 3605 2548 3660 tionem
2575 3604 2643 3659 ab
2670 3605 2917 3662 omnibus
2959 3603 3176 3676 onmjuo
3221 3605 3480 3674 peccatis,
3522 3617 3624 3657 non
3665 3601 3871 3670 quantum

2347 3693 2413 3753 ad
2437 3698 2802 3754 liberationem
2835 3697 3022 3752 attinet
3045 3697 3112 3751 ah
3129 3695 3375 3750 omnibus
3406 3695 3586 3762 mulis,
3609 3700 3659 3748 et
3678 3690 3738 3744 ab
3761 3679 3872 3741 omni

2349 3789 2694 3860 Corruptione
2737 3788 3093 3854 mortalitatis,
3124 3802 3225 3858 qua
3274 3801 3416 3840 nunc
3450 3797 3643 3855 corpus
3669 3777 3866 3851 aggratal

2349 3881 2600 3934 animam.
2630 3877 2782 3936 Unde
2802 3888 2882 3934 est
2901 3878 3150 3948 gemitus,
3179 3893 3336 3948 quem
3379 3891 3539 3932 suum
3569 3883 3761 3944 quoque
3778 3878 3875 3921 σου·

2353 3969 2531 4025 litetur
2559 3970 2844 4040 Apostolus
2864 3969 3066 4035 dicens,
3096 3967 3162 4022 Et
3181 3967 3282 4040 ipsi
3306 3968 3356 4021 in
3383 3962 3738 4033 nobismetipsis
3764 3958 3875 4028 inge-

2352 4060 2629 4115 misrimns.
2666 4061 2771 4117 Sed
2811 4062 2874 4114 ad
2923 4061 3065 4114 illam
3130 4075 3340 4131 quoque
3390 4057 3752 4128 perfectionem
3789 4059 3877 4118 till-'9

2353 4162 2615 4224 speratur,
2639 4150 2828 4208 eodem
2860 4151 3206 4223 Baptismate,
3237 4150 3376 4220 quod
3400 4151 3488 4205 hic
3509 4145 3766 4218 accipitur,
3783 4151 3876 4210 pct-

2355 4244 2586 4298 venitur.
2614 4243 2728 4298 Non
2755 4251 2936 4298 autem
2967 4257 3152 4296 omnes
3175 4241 3264 4295 lilii
3295 4241 3478 4296 saaculi
3527 4239 3619 4294 lilii
3648 4243 3757 4291 sunt
3791 4229 3879 4283 dia-

2355 4335 2486 4402 boli,
2512 4337 2754 4406 quamvis
2779 4351 2966 4389 omnes
2989 4335 3078 4388 lilii
3103 4333 3298 4389 diaboli
3331 4333 3420 4390 lilii
3440 4334 3549 4388 sint
3574 4327 3758 4386 stcculi.
3778 4321 3881 4379 Sttnl

2357 4429 2497 4482 enim
2519 4428 2678 4482 etiam
2709 4427 2800 4482 lilii
2833 4427 2950 4494 Dei,
3000 4427 3088 4497 qui
3133 4436 3306 4481 tamen
3349 4423 3526 4480 adhuc
3554 4423 3640 4478 lilii
3664 4425 3773 4475 sunt
3803 4426 3882 4468 sat-

2359 4521 2497 4583 orzli;
2541 4529 2756 4589 pri-pter
2779 4517 2920 4590 quod
2946 4527 2998 4573 et
3023 4517 3268 4590 conjugio
3291 4518 3609 4587 copulantur
3632 4533 3644 4568 :
3666 4508 3750 4567 sed
3781 4503 3884 4560 ﬁlio!

2361 4611 2450 4666 Dei
2483 4628 2642 4667 carne
2671 4629 2774 4668 non
2799 4613 3042 4683 gignunt,
3088 4613 3210 4682 quia
3251 4620 3306 4666 et
3355 4610 3455 4680 ipsi
3507 4619 3566 4664 ut
3613 4610 3784 4662 essent
3809 4595 3878 4652 ﬁlii

2363 4704 2476 4766 ltei,
2505 4720 2607 4757 non
2639 4718 2702 4757 ex
2726 4718 2908 4769 carne,
2935 4717 3040 4758 non
3066 4718 3130 4758 es
3159 4702 3436 4772 sanguine,
3467 4715 3576 4756 non
3628 4713 3690 4752 ex
3735 4689 3882 4746 voloni

2363 4799 2468 4850 tale
2499 4795 2615 4860 viri,
2647 4809 2818 4865 neque
2844 4811 2910 4849 ex
2941 4795 3214 4848 voluntate
3238 4793 3434 4860 carnis,
3486 4791 3581 4846 sed
3607 4805 3670 4844 ex
3696 4773 3888 4841 Deonat't

2363 4893 2482 4939 sunt
2515 4885 2689 4957 (Joan.
2715 4903 2754 4954 ι,
2785 4886 2895 4957 l5).
2923 4885 3284 4942 Sanctiﬁcatio
3314 4900 3441 4955 ergo
3487 4899 3584 4954 per
3612 4878 3888 4948 Baptism!!!"

2363 4979 2519 5030 etiam
2569 4993 2709 5031 nunc
2738 4976 3012 5030 emtfcrtur
3036 4982 3092 5031 et
3137 4975 3369 5045 corpori,
3419 4991 3530 5030 non
3581 4981 3746 5028 vimen
3785 4973 3892 5019 nunc

2363 5072 2640 5140 corruptio
2667 5071 2780 5140 ejus
2801 5069 3059 5137 aufertur,
3087 5083 3204 5139 qua:
3240 5066 3406 5139 ipsam
3447 5081 3658 5137 quoque
3691 5059 3892 5130 aggﬂ‘i"

2365 5167 2616 5219 animam.
2643 5161 2712 5218 Et
2740 5163 2860 5218 ideo
2909 5162 3149 5232 quamvis
3188 5170 3333 5216 casta
3382 5161 3490 5213 sint
3525 5167 3763 5226 mrpora,
3803 5156 3893 5232 et)?

2366 5240 2644 5312 desideriis
2673 5255 2873 5326 peccati
2903 5254 3140 5310 membra
3163 5269 3266 5308 non
3283 5252 3544 5316 serviunt,
3565 5255 3773 5319 propter
3788 5229 3892 5326 tim!

2366 5347 2432 5402 ad
2462 5317 2713 5418 templum
2739 5345 2832 5401 Dei
2859 5345 3124 5418 pertinere
3153 5350 3428 5414 ceperunt
3459 5359 3472 5396 :
3504 5317 3587 5396 est
3611 5317 3896 5396 tamenquod

2434 5559 2451 5592 ι
2487 5558 2570 5607 llic
2591 5571 2618 5606 a
2639 5553 2826 5606 .tnliano
2850 5554 3224 5617 printer-missum
3241 5584 3262 5617 ,_
3300 5563 3386 5601 nec
3405 5545 3502 5617 ﬁlii
3529 5539 3902 5617 Dei

2370 5604 2676 5695 remnr‘linnt
2687 5604 2987 5695 tastedft-‘ide
3005 5615 3180 5664 librum
3195 5604 3396 5676 primum
3405 5604 3486 5660 'de
3503 5617 3590 5670 Nu;
3607 5606 3684 5655 tiis
3703 5610 3746 5652 et
3763 5604 3904 5644 (20W

2372 5679 2620 5747 pisci-uitia,
2647 5695 2697 5730 η.
2722 5679 2800 5728 20.
3879 5707 3887 5715 .

2439 5747 2459 5776 ²
2495 5750 2540 5790 ιιι
2571 5743 2690 5791 libro
2713 5743 2866 5804 primo
2887 5739 2952 5789 dc
2975 5737 3157 5800 Nuptiis
3179 5743 3228 5786 et
3249 5730 3658 5795 Concupiscentia,
3683 5721 3760 5774 sed
3781 5723 3904 5768 mm-

2529 5818 2601 5842 ὀη

2373 5818 2448 5856 tne
2482 5814 2691 5862 propter.

2442 5869 2464 5900 ³
2496 5875 2596 5914 Am.
2645 5872 2716 5916 Er.
2761 5871 2812 5916 et
2856 5871 2959 5914 Mss.
3003 5861 3258 5922 omittunt,
3307 5853 3650 5940 αιιυιιξὶοιιριιι.⁸
