4098 6526
198 396 302 458 BiL‘i

196 513 363 586 gratia
394 509 449 566 in
478 512 583 566 tota
611 509 710 564 ista
731 504 1085 563 aedificatione
1107 502 1369 576 perllciat,
1390 499 1642 572 quamdiu
1663 512 1791 555 caro

198 599 538 670 concupiscit
583 598 845 654 adversus
888 595 1136 666 spiritum
1187 602 1244 648 ut
1283 598 1460 647 motus
1503 590 1675 644 malos
1701 589 1793 659 qui

197 693 506 751 refrenandi
533 698 659 748 sunt
692 690 905 756 incitet,
933 698 988 744 et
1033 686 1254 759 spiritus
1279 684 1539 741 adversus
1578 699 1793 739 carnem

199 785 400 857 (Galat.
428 798 480 848 ν,
512 784 604 853 l7)
628 791 686 837 ut
707 781 967 836 sanctitas
998 787 1324 849 perseveret.

268 874 498 933 CAPUT
519 873 657 931 XIV.
679 902 753 914 —
772 872 860 928 ιι.
885 871 1015 940 Quis
1039 880 1217 925 autem
1247 867 1418 924 nescit
1444 868 1460 900 ί
1482 864 1626 939 quod
1646 863 1799 920 nobis

201 969 447 1040 egregius
472 967 656 1022 doctor
676 964 934 1030 iuculcas,
972 982 992 1017 t
1025 962 1147 1018 ideo
1168 960 1271 1017 dici
1302 976 1519 1018 carnem
1548 956 1803 1028 concupi-

206 1075 375 1125 scere,
399 1059 519 1130 quia
542 1056 829 1114 carnaliter
852 1055 1026 1111 anima
1050 1054 1377 1125 concupiscit
1401 1053 1426 1108 'i
1464 1073 1483 1107 ι
1508 1050 1624 1107 Non
1653 1050 1798 1107 enim

205 1151 320 1208 sine
336 1153 512 1206 anima
532 1151 638 1205 ulla
663 1158 840 1221 potest
861 1164 979 1205 esse
995 1147 1172 1204 carnis
1187 1143 1641 1217 concupiscentia.
1664 1141 1797 1197 Nam

205 1244 387 1314 utique
408 1242 788 1312 concupiscere
809 1240 1035 1295 viventis
1055 1238 1440 1308 sentientisque
1460 1243 1662 1291 natura:
1680 1242 1762 1291 est
1784 1251 1799 1287 :

208 1332 277 1383 ita
308 1337 366 1384 ut
391 1343 495 1382 non
520 1327 657 1382 desit
680 1323 1136 1395 concupiscentia,
1164 1334 1324 1394 quam
1348 1322 1644 1392 spadonum
1671 1333 1802 1390 quo-

206 1438 312 1492 que
347 1421 565 1476 castitas
604 1419 819 1484 frenet;
859 1418 1039 1473 minus
1072 1414 1288 1487 quidem
1335 1413 1599 1469 laboriosa
1623 1454 1637 1479 ,
1680 1411 1803 1483 quia

209 1512 299 1566 ubi
343 1511 618 1566 materiam
670 1508 738 1566 de
779 1522 883 1579 qua
917 1516 1168 1577 operetur
1206 1502 1315 1560 non
1350 1504 1588 1569 invenit,
1630 1503 1806 1558 minus

205 1603 463 1658 adversus
504 1617 622 1658 eam
658 1600 823 1656 libido
847 1599 1129 1670 consurgit
1164 1615 1176 1652 :
1220 1606 1303 1654 est
1332 1607 1511 1653 tamen
1533 1639 1548 1665 ,
1583 1596 1805 1668 pudice-

206 1710 314 1763 que
360 1693 760 1763 comprimitur,
803 1706 872 1746 ne
910 1689 1298 1746 concumbendi
1344 1690 1589 1760 quamvis
1626 1689 1806 1745 irritus

208 1787 326 1857 ipse
354 1794 576 1841 conatus
605 1827 620 1851 ,
666 1785 718 1838 in
749 1799 868 1839 eam
911 1781 1298 1852 turpitudinem
1340 1780 1518 1836 veniat
1540 1820 1557 1847 ,
1591 1789 1807 1850 propter

207 1892 369 1947 quam
418 1877 756 1947 Calligontrm
811 1875 1170 1931 Valentiniani
1214 1873 1445 1946 junioris
1501 1872 1805 1929 eunuchum

207 1971 385 2041 gladio
432 1966 678 2025 novimus
713 1961 890 2025 ultore
920 1969 1196 2038 punitum,
1242 1966 1540 2022 meretricis
1581 1963 1807 2021 confes-

208 2065 362 2119 sione
388 2062 716 2119 convictum.
747 2061 934 2133 Neque
964 2061 1107 2117 enim
1134 2068 1190 2117 et
1215 2061 1268 2117 in
1299 2059 1437 2116 libro
1464 2059 1805 2115 Ecclesiasti-

209 2168 277 2210 co
302 2154 643 2210 adhiberetur
671 2153 794 2208 inde
818 2150 1115 2208 similitudo
1132 2192 1147 2217 ,
1176 2158 1336 2222 atque
1360 2150 1634 2206 diceretur
1653 2191 1668 2217 ,
1712 2147 1806 2203 Vi-

211 2246 336 2300 dent
355 2245 513 2300 oculis
533 2254 583 2299 et
600 2244 952 2316 ingemiscens,
984 2243 1131 2313 quasi
1156 2242 1319 2313 spado
1340 2242 1676 2313 complectens
1699 2230 1827 2295 uir?

211 2340 378 2409 ginem
397 2347 443 2392 et
466 2339 732 2407 suspirans
760 2337 778 2409 (
803 2334 966 2390 Eceti.
995 2350 1131 2403 xxx,
1160 2333 1223 2390 2|
1250 2335 1272 2408 )
1302 2353 1317 2401 ;
1351 2334 1452 2389 nisi
1479 2343 1533 2391 et
1560 2334 1660 2404 ipsi
1690 2349 1808 2390 mo-

209 2438 466 2489 verentur
489 2428 942 2499 concupiscentia:
970 2427 1199 2482 carnalis
1227 2426 1527 2493 affectibus,
1560 2426 1684 2482 licet
1715 2424 1809 2482 de-

209 2519 387 2576 stituti
432 2514 955 2588 carnisleliectibus.
999 2516 1227 2572 Motibus
1269 2515 1429 2588 igitur
1475 2516 1587 2572 suis
1632 2514 1810 2572 anima

211 2623 348 2679 quos
379 2609 542 2667 habet
567 2606 862 2665 secundum
884 2607 1129 2681 spiritum
1153 2648 1169 2675 ,
1202 2605 1523 2663 adversatur
1547 2606 1666 2663 aliis
1695 2622 1812 2663 mo-

215 2700 359 2755 tibus
398 2701 511 2755 suis
543 2716 680 2774 quos
709 2699 867 2756 habet
906 2699 1201 2756 secundum
1231 2710 1487 2765 carnem;
1520 2707 1575 2755 et
1602 2714 1808 2767 rursus,

218 2793 453 2849 motibus
478 2792 589 2848 suis
617 2806 752 2863 quos
777 2790 937 2848 habet
972 2790 1268 2848 secundum
1289 2802 1531 2858 carnem,
1556 2789 1810 2847 adversa-

212 2892 304 2938 tur
323 2882 441 2940 aliis
465 2884 698 2939 motibus
720 2883 830 2940 suis
860 2894 994 2954 quos
1016 2881 1175 2939 habet
1197 2882 1488 2938 secundum
1516 2881 1764 2954 spiritum
1793 2901 1809 2940 :

211 2988 270 3035 et
297 2979 417 3035 ideo
441 2978 634 3034 dicitur
654 3019 668 3043 ,
698 2992 825 3034 caro
850 2976 1234 3048 concupiscere
1257 2975 1513 3031 adversus
1537 2976 1809 3046 Spiritum,

215 3083 271 3127 ct
302 3072 516 3141 spiritus
541 3072 813 3127 adversus.
842 3084 1081 3126 cantem.
1129 3066 1235 3124 Sed
1274 3076 1491 3139 propter
1528 3069 1631 3125 hoc
1658 3077 1714 3124 et
1745 3067 1815 3125 de

215 3163 328 3234 ipsa
349 3164 522 3218 anima
549 3162 748 3218 dictum
764 3168 867 3226 est,
891 3159 1182 3217 Renovutur
1202 3160 1265 3214 de
1284 3159 1365 3214 die
1382 3155 1436 3213 in
1457 3158 1590 3214 diem
1608 3158 1674 3231 (ll
1691 3158 1811 3214 Cor.

217 3270 298 3323 tv,
328 3255 450 3327 16).
482 3253 664 3326 Neque
691 3254 834 3310 enim
866 3254 977 3323 ipsa
1004 3253 1061 3309 in
1100 3252 1382 3309 sanctitate
1427 3266 1531 3307 non
1570 3251 1811 3323 proiicit,

215 3363 340 3403 cum
359 3346 530 3418 magis
558 3338 837 3418 magisque
859 3345 1049 3401 minuit
1070 3353 1164 3402 eas
1186 3385 1203 3412 ,
1231 3344 1424 3417 quibus
1450 3358 1555 3398 non
1584 3358 1817 3399 consen-

216 3440 322 3503 tit,
349 3438 592 3494 carnales
623 3437 961 3508 cupiditates.
995 3435 1113 3492 Jam
1148 3434 1427 3505 baptizatis
1452 3435 1649 3506 quippe
1674 3433 1818 3491 dice-

215 3529 311 3585 bat
350 3528 638 3598 Apostolus
662 3569 677 3592 ,
723 3525 1032 3595 Mortiﬁcate
1081 3524 1307 3579 membra
1344 3533 1510 3580 uestra
1545 3540 1659 3595 qua:
1702 3530 1820 3579 sunt

217 3634 375 3687 super
398 3627 603 3671 terram.
636 3617 711 3671 ibi
739 3625 795 3672 et
824 3616 1103 3671 fornicatio
1122 3658 1137 3681 ,
1177 3626 1231 3670 et
1258 3615 1397 3669 mala
1431 3615 1819 3685 concupiscen-

219 3712 294 3766 tia
315 3751 329 3775 ,
356 3722 409 3764 et
431 3709 650 3764 avaritia
697 3708 1004 3763 nominatur
1035 3706 1266 3776 (Coloss.
1308 3720 1395 3773 tn,
1422 3703 1511 3778 Β).
1540 3702 1822 3774 Quomodo

217 3815 353 3871 ergo
381 3801 669 3855 mortiﬁeat
707 3800 817 3870 jam
851 3798 1145 3869 baptizatus
1181 3792 1617 3866 fornicationem,
1659 3813 1820 3869 quant

221 3904 332 3947 non
368 3890 477 3961 jam
512 3900 813 3960 perpetrat,
846 3898 904 3945 et
934 3888 1227 3945 secundum
1258 3897 1310 3944 te
1345 3905 1365 3940 ι
1408 3900 1510 3944 nec
1538 3887 1700 3944 habet
1724 3889 1821 3944 ali«

221 3982 350 4053 quid
395 3980 539 4052 quod
566 3980 850 4036 tnortiﬁcet
878 3979 902 4034 ἲ
939 3996 959 4033 ι
994 3978 1293 4047 Quomodo,
1328 3979 1542 4049 inquam
1566 4021 1581 4045 ,
1612 3980 1822 4035 obtem-

224 4080 379 4143 perat
405 4071 664 4140 Apostolo
689 4070 910 4135 dicenti,
943 4066 1248 4139 Mortiﬁcate
1266 4068 1651 4139 fornicationem
1677 4085 1698 4135 ;
1720 4069 1822 4124 nisi

222 4179 352 4219 cum
390 4162 655 4219 desideria
700 4163 817 4233 ejus
843 4162 1034 4233 quibus
1079 4176 1184 4216 non
1223 4161 1493 4217 consentit
1516 4170 1781 4231 expugnat
1804 4202 1820 4228 ,

225 4273 347 4326 qua:
393 4258 444 4311 in
494 4258 632 4312 bene
662 4254 1061 4324 proﬁcientibus
1089 4256 1109 4285 '
1132 4261 1249 4321 ,σοι
1277 4253 1496 4308 omnino
1526 4268 1630 4308 non
1662 4253 1824 4308 forni-

224 4347 502 4407 cantibus,
552 4361 648 4400 nec
682 4345 1067 4409 consensione,
1107 4356 1209 4399 nec
1236 4356 1431 4413 opere,
1466 4343 1567 4398 etsi
1599 4358 1701 4399 non
1731 4343 1827 4399 de-

227 4446 376 4497 sunt,
421 4448 597 4491 tamen
624 4436 860 4506 quotidie
886 4436 1201 4489 minuuntur
1223 4432 1248 4487 ἳ
1273 4433 1386 4489 Hoc
1408 4434 1653 4506 agiturin
1684 4444 1825 4491 tent-

230 4531 324 4601 ι)ῐο
362 4530 455 4585 Dei
482 4572 496 4595 ,
540 4528 752 4598 quando
778 4528 1065 4599 adjuvante
1094 4529 1201 4583 Deo
1230 4527 1405 4599 agitur
1431 4528 1573 4599 quod
1626 4545 1826 4599 prince-

230 4623 311 4693 pit
356 4622 513 4676 Dens.
569 4618 740 4691 Opera
793 4619 1013 4689 spiritus
1070 4619 1383 4690 eriguntur,
1438 4630 1599 4687 opera
1648 4620 1826 4675 Carnis

230 4712 637 4769 mortiﬁcamur.
673 4710 733 4766 Si
771 4709 903 4764 enim
926 4709 1199 4792 secundum
1224 4719 1428 4763 carnem
1454 4706 1714 4769 tttrerit’s.
1747 4710 1829 4765 itt-

232 4805 348 4874 qlit
370 4843 387 4869 ,
414 4802 694 4857 moriemini
717 4815 736 4853 :
765 4802 805 4854 si
834 4810 998 4854 autem
1016 4801 1216 4869 .spiritu
1254 4800 1391 4870 facta
1420 4802 1588 4855 carnis
1617 4803 1830 4872 mortiﬁ-

231 4897 465 4949 caret-itis
487 4935 502 4960 ,
541 4894 729 4947 υἱινίνιὶε.
763 4892 826 4946 Et
864 4900 923 4946 ut
946 4891 1146 4946 scirent
1171 4904 1229 4944 se
1266 4891 1367 4946 hoc
1394 4902 1496 4945 non
1526 4886 1698 4947 facere
1727 4893 1828 4947 nisi

231 4988 405 5058 gratia
439 4986 532 5042 Dei
558 5029 572 5049 ,
601 4987 855 5041 continuo
886 4983 1122 5038 subdidit
1151 5002 1162 5035 :
1198 4982 1451 5055 Quotquot
1489 4985 1619 5038 enim
1648 4987 1829 5055 spiritu

236 5078 335 5132 Dei
358 5087 577 5148 aguntur
601 5118 616 5143 ,
647 5078 700 5130 hi
728 5077 824 5144 lilii
843 5085 957 5129 sunt
982 5074 1117 5148 Dei(
1147 5074 1297 5129 flant.
1324 5090 1434 5137 \‘ltl,
1470 5076 1558 5139 13,
1594 5076 1658 5131 Η
1678 5075 1720 5149 ).
1752 5080 1829 5131 Ac

234 5188 334 5244 per
366 5171 468 5227 huc
512 5172 831 5242 quicumque
871 5178 1101 5240 aguntur
1144 5166 1235 5223 Dei
1282 5169 1507 5239 spiritu,
1557 5170 1653 5239 ipsi
1693 5168 1829 5225 facta

303 5308 319 5340 ι
362 5313 498 5365 Ante,
530 5305 634 5368 quis
658 5310 814 5354 mrtem
839 5303 1201 5368 nestit,ltarcin
1228 5302 1387 5368 editis
1405 5310 1503 5368 _Arn.
1533 5308 1608 5352 Fr.
1646 5310 1697 5355 et
1718 5310 1826 5354 Lor.

236 5371 392 5419 verba
415 5365 629 5416 delt-uda
664 5374 807 5416 sunt:
838 5367 949 5419 Meo
974 5366 1115 5422 ilicis,
1140 5365 1421 5428 (vel,_diri)
1442 5377 1639 5428 carnem
1661 5379 1833 5428 concu-

232 5431 443 5495 piscere.
471 5427 585 5491 quia
608 5428 870 5495 carnaliter
893 5428 1058 5477 annuo
1081 5425 1411 5495 romanam.
1438 5425 1488 5476 Si
1509 5426 1702 5495 quidem
1729 5426 1832 5479 sine

234 5489 403 5543 animo
427 5489 543 5540 mro
564 5504 651 5540 nec
674 5491 860 5540 sentiat.
908 5489 1255 5551 (‘onrupisrere
1300 5497 1461 5539 autem
1500 5489 1707 5551 virenti»;
1730 5504 1832 5539 sen-

233 5540 490 5617 tientisth
513 5558 700 5620 natura:
738 5560 807 5602 est
829 5586 844 5611 ,
886 5540 1102 5620 Silio-(13:2)
1132 5564 1271 5601 sensu
1301 5551 1517 5620 membra
1540 5540 1715 5602 moveri
1738 5565 1831 5620 non

236 5612 467 5680 mxumi,
508 5613 560 5664 id
599 5621 697 5672 ert,
726 5612 1087 5680 persrmrtipsa
1125 5612 1461 5680 commiscere
1483 5621 1724 5680 nequeunt
1755 5619 1835 5663 ’ρι’

252 5691 284 5740 3.
307 5692 348 5729 ις
371 5673 536 5729 sonans
559 5673 851 5740 concupiuit
878 5673 1151 5740 amarante
1175 5673 1429 5729 meritoria,
1455 5684 1503 5740 ut
1526 5673 1576 5740 in
1601 5676 1831 5740 aperiant-

252 5694 260 5698 ’
276 5710 284 5726 Α
307 5694 348 5729 τί
371 5694 536 5729 δωιδπιδ
559 5694 850 5740 ωηειψιπιι
878 5694 1020 5723 (flii!!!
1051 5694 1151 5723 .‘l'lC
1175 5694 1429 5729 "u'THUI'I‘i,
1456 5694 1501 5724 τιι
1530 5694 1576 5723 ῑΗ
1601 5694 1831 5737 πνιιαοπῑ-

236 5694 347 5790 ἵης.
385 5747 444 5787 ra
466 5740 650 5803 quippe
672 5740 847 5786 absunt
879 5750 906 5785 a
931 5735 1213 5785 melioribus
1230 5737 1562 5799 ntannsrtriptis
1585 5736 1833 5789 Gallicanis

239 5812 293 5851 et
312 5803 563 5850 Vaticanis.

306 5866 326 5895 ²
360 5868 433 5912 sic
448 5869 553 5911 ηδε.
579 5868 631 5910 At
651 5861 783 5913 editi.
810 5858 858 5910 in
883 5862 996 5909 lere
1020 5860 1315 5911 fucrcuubus.

1574 378 1775 441 LIBER
1814 379 2103 440 SEXTUS.

3390 376 3493 435 ΜΒ

1911 495 2086 551 carnis
2116 490 2430 548 mortilieant
2453 492 2660 564 spiritu.

1975 585 2065 641 42.
2099 582 2328 641 llahent-
2359 600 2489 657 ergo
2527 583 2637 656 jam
2677 582 2923 655 baptismi
2970 583 3097 656 quid
3127 592 3285 656 agant
3327 582 3387 641 ln
3435 600 3500 643 se

1903 679 2063 749 ipsis,
2111 678 2213 734 hoc
2241 687 2355 746 est,
2402 679 2454 734 in
2492 677 2584 734 Dei
2623 666 2849 749 templo,
2876 676 3018 748 quod
3057 672 3355 733 aediﬁcatur
3389 675 3514 734 hoe-

1905 780 2147 840 temporc
2168 811 2183 837 ,
2207 779 2265 825 ut
2283 769 2559 825 dedicetur
2587 769 2640 823 in
2675 769 2801 824 line.
2830 764 3150 825 Ediﬂeatur
3173 772 3354 824 autem
3381 782 3502 839 post

1901 859 2262 930 captivitatem
2280 860 2319 927 ‘,
2342 858 2477 915 sicut
2496 856 2655 930 hujus
2679 859 2757 915 rei
2784 865 2867 915 est
2893 857 3049 913 index
3079 857 3259 913 titulus
3287 858 3501 930 psalmi,

1905 954 2077 1025 ejecto
2105 950 2305 1010 scilicet
2350 952 2492 1008 foras
2515 954 2605 1026 qui
2648 951 3009 1023 captivaverat
3046 951 3283 1009 inimico.
3322 952 3380 1008 lu
3410 967 3505 1009 ore

1905 1044 2032 1102 diue
2060 1045 2257 1118 quippe
2281 1045 2614 1122 Psatmorum
2640 1086 2657 1114 ,
2688 1040 2831 1117 quod
2856 1046 3051 1101 mirum
3086 1044 3255 1102 videri
3283 1054 3461 1116 potest
3482 1087 3501 1112 ,

1909 1136 2055 1207 prior
2103 1144 2187 1192 est
2232 1135 2472 1206 psalmus
2507 1136 2856 1193 dedicationis
2897 1136 3088 1193 domus
3110 1178 3130 1206 ,
3157 1146 3214 1194 et
3242 1136 3508 1209 posterior

1907 1226 2292 1285 aedificatiunis.
2324 1228 2430 1293 Sed
2460 1228 2811 1286 dedicationis
2841 1229 2961 1287 ideo
2985 1231 3131 1302 prior
3153 1239 3255 1299 est,
3280 1229 3404 1304 quia
3432 1230 3504 1287 il-

1909 1320 2012 1375 lam
2037 1320 2253 1375 domutn
2279 1326 2491 1390 cantat,
2521 1321 2590 1377 de
2613 1336 2716 1394 qua
2748 1321 2863 1393 ejus
2892 1320 3213 1379 architectus
3237 1321 3346 1391 ait,
3377 1320 3506 1378 Sol-

1908 1412 2005 1466 tn'te
2038 1411 2278 1483 templum
2319 1412 2447 1478 hoc,
2479 1422 2526 1467 et
2562 1413 2616 1468 in
2643 1411 2800 1468 tribus
2827 1410 3002 1468 diebus
3039 1413 3350 1469 exsuscitabo
3375 1410 3508 1468 illud

1909 1500 2105 1572 (Joan.
2131 1517 2199 1571 tt,
2230 1500 2354 1576 19).
2385 1502 2489 1561 Iste
2514 1510 2691 1560 autem
2736 1505 3004 1575 posterior
3031 1546 3047 1572 ,
3074 1502 3287 1577 quando
3311 1504 3507 1562 domus

1910 1590 2273 1651 tedincabatur
2298 1603 2421 1667 post
2448 1594 2808 1666 captivitatem
2832 1637 2848 1663 ,
2881 1596 3173 1653 Ecclesiam
3213 1592 3507 1668 propinata-

1910 1686 2004 1741 ῆι.
2031 1684 2269 1759 Denique
2295 1697 2349 1743 et
2386 1689 2464 1743 sic
2498 1688 2683 1759 incipit
2710 1710 2724 1743 :
2753 1687 2966 1747 Cautate
2996 1686 3217 1745 Domino
3253 1689 3509 1746 canticum

1911 1792 2095 1833 novum
2117 1794 2138 1847 ;
2169 1787 2370 1835 cantate
2386 1778 2628 1849 Domino,
2651 1781 2815 1838 omnis
2834 1791 2966 1838 terra
2987 1779 3161 1855 (Psal.
3189 1798 3312 1852 xcv,
3342 1782 3396 1850 1,
3422 1776 3505 1856 2).

1910 1870 2094 1927 Nemo
2127 1871 2286 1944 igitur
2311 1871 2381 1927 ita
2416 1871 2678 1943 desipiat,
2711 1883 2767 1930 ut
2797 1890 3229 1947 unumquemque
3266 1874 3508 1947 baptiza-

1912 1974 2025 2020 tum
2054 1963 2174 2022 ideo
2203 1964 2474 2023 existimet
2497 1966 2609 2039 jam
2638 1982 2759 2024 esse
2786 1967 3081 2041 perfectum
3100 2010 3113 2031 ,
3143 1967 3267 2040 quia
3301 1966 3507 2024 dictum

1910 2064 1991 2110 est
2013 2098 2030 2125 ,
2057 2056 2324 2130 Templum
2351 2050 2448 2115 Dei
2485 2068 2716 2115 sanctum
2753 2068 2861 2128 est,
2891 2059 3027 2132 quod
3050 2058 3171 2115 estis
3194 2076 3278 2115 vos
3303 2058 3357 2131 (Ι
3381 2058 3504 2116 Cor.

1909 2161 1988 2215 nt,
2015 2148 2120 2218 i7)
2152 2158 2263 2216 :et,
2296 2148 2515 2205 Nescitis
2560 2148 2679 2221 quia
2716 2166 2932 2221 corpora
2959 2158 3120 2205 ucstra
3164 2146 3409 2221 ternplum
3450 2148 3509 2204 in

1909 2243 2049 2297 vobis
2087 2252 2159 2297 est
2186 2242 2415 2315 Spiritus
2441 2242 2603 2298 sancti
2626 2283 2640 2307 ,
2681 2259 2830 2314 quem
2860 2241 3051 2297 habetis
3074 2259 3107 2297 a
3133 2239 3242 2296 Deo
3268 2234 3291 2317 <
3314 2237 3400 2297 Id.
3428 2257 3525 2317 vt,_

1915 2331 1984 2389 19
2008 2335 2025 2404 )
2048 2333 2073 2388 ?
2096 2343 2151 2390 et
2177 2334 2229 2389 in
2255 2334 2362 2391 alio
2396 2335 2514 2390 loco
2543 2376 2558 2401 ,
2592 2330 2706 2390 Nos
2738 2335 2872 2389 enim
2898 2334 3144 2405 templum
3170 2328 3265 2389 Dei
3288 2332 3385 2390 vivi
3419 2351 3509 2389 stt-

1912 2438 2027 2479 mus
2065 2423 2154 2495 (11
2181 2424 2299 2480 Cor.
2337 2436 2386 2480 vt
2410 2466 2426 2493 ,
2469 2422 2575 2496 16)
2617 2443 2631 2481 :
2670 2427 2730 2482 et
2767 2434 2962 2482 crete-ra
3013 2423 3343 2496 huiusmodi.
3386 2406 3525 2482 lant]

1914 2517 2057 2573 enim
2086 2519 2189 2574 hoc
2214 2526 2435 2574 vocatur
2465 2534 2480 2585 ;
2506 2526 2704 2574 etcum
2729 2515 3047 2584 aediﬁcatur,
3075 2515 3467 2574 mortificamur
3486 2514 3510 2551 ⁸

1915 2608 2002 2665 hic
2040 2608 2280 2665 membra
2309 2616 2492 2666 nostra
2516 2650 2532 2677 ,
2555 2623 2674 2681 qua:
2707 2616 2833 2664 sunt
2857 2622 3021 2680 super
3057 2616 3275 2664 terram.
3314 2596 3512 2677 Quatu-
3602 2630 3607 2635 ’

1916 2700 1997 2757 vis
2029 2700 2173 2758 enim
2205 2700 2316 2772 jam
2350 2711 2572 2773 peccato
2606 2700 2837 2769 mortui,
2867 2699 2978 2758 Deo
3008 2701 3292 2773 vivamus:
3326 2712 3409 2759 est
3433 2712 3514 2759 ta-

1914 2808 2040 2852 men
2070 2795 2213 2868 quod
2236 2796 2288 2851 in
2317 2795 2471 2853 nobis
2495 2790 2885 2853 mortiﬁcemus
2907 2837 2924 2863 ,
2946 2802 3008 2851 ut
3034 2810 3142 2851 non
3173 2802 3359 2867 regnet
3386 2809 3514 2868 pec-

1916 2897 2093 2944 catum
2140 2889 2193 2944 in
2242 2897 2428 2945 nostro
2475 2887 2689 2944 mortali
2726 2887 3103 2960 corpore,'ad
3153 2881 3513 2945 obedicndum

1914 2979 2361 3051 concupiscentiis
2386 2980 2503 3051 ejus
2533 2977 2721 3054 (Rom.
2754 2990 2841 3047 vt,
2888 2976 2949 3036 ii
2979 2987 3024 3034 et
3056 2976 3161 3051 12)
3192 2994 3210 3046 ;
3249 2993 3281 3034 a
3308 2979 3507 3052 quibus

1919 3080 2020 3126 nos
2043 3069 2237 3137 solvit,
2269 3086 2337 3127 ne
2362 3070 2450 3127 his
2473 3080 2717 3127 essemus
2742 3067 2994 3134 obnoxii,
3030 3068 3188 3140 plena
3214 3077 3375 3141 atque
3402 3085 3519 3140 pcr-

1918 3162 2054 3219 fecta
2091 3161 2340 3220 remissio
2367 3172 2741 3234 peccatorum,
2771 3169 2829 3218 et
2865 3169 3241 3217 remanserunt
3268 3160 3320 3218 in
3356 3159 3513 3218 nobis

1919 3262 2042 3308 cum
2078 3253 2273 3326 quibus
2314 3260 2566 3323 gerantur
2603 3252 2742 3309 beila
2781 3259 3069 3308 castorum.
3099 3250 3179 3307 Ex
3213 3248 3296 3307 bis
3332 3263 3418 3309 est
3459 3261 3517 3309 ct

1920 3340 2010 3399 illa
2061 3359 2165 3416 qua
2215 3343 2437 3415 pudicus
2479 3343 2617 3400 bene
2644 3342 2813 3399 utitur
2838 3338 3154 3414 cenjugatus
3196 3359 3212 3399 :
3255 3339 3350 3400 sed
3392 3358 3516 3401 cutn

1920 3434 2062 3493 hctte
2087 3436 2163 3505 tit,
2199 3436 2267 3492 de
2292 3436 2433 3492 malo
2455 3437 2690 3492 nascitur
2718 3436 2917 3492 bonum
2949 3449 3055 3491 non
3086 3433 3204 3492 sine
3241 3430 3385 3491 malo
3417 3453 3433 3505 ;
3459 3445 3516 3494 c‘.

1922 3525 2045 3584 ideo
2073 3528 2391 3596 renascitur,
2419 3537 2477 3583 ut
2502 3527 2759 3584 liberetur
2778 3542 2808 3582 a
2835 3526 2997 3583 malo.
3028 3526 3183 3596 Quod
3201 3528 3346 3585 enim
3379 3528 3519 3587 Deus

1924 3628 2073 3675 creat
2101 3623 2157 3675 et
2192 3618 2355 3675 homo
2376 3628 2595 3692 generat
2620 3662 2636 3689 ,
2670 3617 2910 3691 profecto
2935 3619 3133 3677 bonum
3162 3632 3247 3677 est
3276 3614 3328 3677 in
3353 3638 3520 3695 quau-

1927 3719 2037 3766 tum
2063 3710 2225 3766 homo
2251 3719 2333 3767 est
2362 3730 2376 3767 :
2402 3710 2496 3767 sed
2530 3711 2649 3767 ideo
2674 3726 2784 3767 non
2812 3710 2927 3767 sine
2956 3711 3121 3780 malo,
3146 3711 3268 3785 quia
3295 3710 3407 3770 sola
3428 3729 3517 3771 rc-

1926 3805 2199 3874 gencratio
2248 3804 2409 3859 solvit
2462 3820 2495 3859 a
2550 3804 2728 3873 malo,
2760 3802 2902 3876 quod
2946 3803 3106 3860 trahit
3146 3807 3422 3877 generatio
3450 3806 3521 3864 de

1928 3893 2100 3965 primo
2126 3908 2425 3965 magnoque
2455 3904 2695 3965 peccato.

1999 3980 2088 4040 43.
2132 3983 2221 4041 Sic
2271 3994 2448 4041 autem
2498 3984 2811 4043 incredibile
2858 3985 2939 4042 vis
2985 3982 3194 4055 videri,
3229 4006 3249 4041 t
3282 3980 3427 4060 quod
3466 3988 3519 4046 in

1930 4092 2084 4138 utero
2112 4082 2390 4153 baptizata:
2411 4124 2426 4149 ,
2453 4080 2605 4153 cujus
2633 4096 2829 4152 corpus
2856 4091 2940 4139 est
2961 4083 3215 4153 templum
3247 4083 3341 4141 Dei
3361 4126 3379 4152 ,
3408 4083 3523 4142 for-

1930 4185 2105 4230 utatur
2125 4175 2287 4230 homo
2310 4171 2521 4229 futurus
2542 4174 2645 4230 sub
2669 4173 2904 4242 diabolo,
2934 4174 3035 4230 nisi
3068 4174 3180 4231 Deo
3210 4188 3526 4234 renascatur

1931 4281 1997 4323 ex
2030 4266 2139 4322 Deo
2174 4284 2188 4324 :
2229 4284 2250 4319 ι
2284 4266 2435 4337 quasi
2464 4280 2568 4321 non
2600 4265 2820 4335 majoris
2852 4262 3223 4323 admirationis
3249 4267 3341 4335 sit,
3378 4269 3524 4340 quod

1933 4360 2073 4415 Deus
2100 4364 2156 4415 et
2184 4357 2271 4415 ubi
2318 4375 2423 4414 non
2465 4354 2665 4415 habitat
2693 4367 2962 4430 operatur.
3001 4358 3118 4417 Non
3149 4360 3291 4417 cnim
3320 4361 3528 4419 habitat

1932 4454 1987 4508 in
2008 4469 2236 4524 corpore
2280 4451 2496 4509 subdito
2537 4450 2767 4525 peccatis
2790 4452 2812 4525 (
2839 4450 2970 4527 Sap.
3003 4470 3041 4521 t,
3072 4453 3149 4529 ι)
3184 4473 3199 4511 :
3244 4470 3300 4512 ct
3347 4465 3524 4515 tamen

1930 4556 2185 4618 operatur
2210 4545 2483 4603 hominem
2514 4545 2568 4602 in
2606 4554 2763 4602 utero
2792 4547 3109 4603 meretricis.
3139 4548 3360 4620 Attingit
3383 4550 3527 4606 enim

1933 4638 2128 4710 ubique
2163 4647 2381 4709 propter
2409 4654 2560 4694 suam
2588 4639 2924 4708 munditiam,
2958 4650 3012 4696 et
3036 4639 3164 4697 nihil
3193 4642 3525 4713 inquinatum

1934 4731 1986 4785 in
2017 4747 2139 4785 cutn
2164 4730 2382 4786 incurrit
2408 4729 2521 4801 (Id.
2545 4747 2639 4795 vn,
2665 4729 2930 4803 ἳιειῖὅ).
2960 4731 3026 4787 Et
3049 4733 3192 4803 quod
3238 4734 3407 4790 tnuito
3442 4744 3530 4791 est

1934 4820 2247 4883 mirabilius,
2277 4820 2563 4892 aliquando
2589 4821 2808 4893 adoptat
2839 4823 2890 4877 in
2933 4822 3116 4889 tilium,
3147 4839 3310 4895 quem
3336 4824 3531 4883 format

1868 4966 1873 4973 ,
1935 4915 1988 4969 in
2030 4928 2182 4970 utero
2216 4910 2653 4990 immundissima:
2697 4913 2952 4981 feminae;
2993 4925 3049 4971 et
3088 4916 3380 4990 aliquando
3417 4935 3527 4977 non

1938 5007 2049 5062 vult
2074 5022 2193 5063 esse
2220 5022 2374 5061 suum
2403 5005 2569 5061 filium
2591 4986 2624 5072 ,’
2646 5022 2805 5078 quem
2838 5005 3032 5061 format
3061 5009 3111 5063 in
3141 5018 3293 5065 utero
3320 5025 3431 5067 suae
3462 5012 3527 5066 [i-

1938 5103 2041 5157 lian.
2072 5101 2165 5158 ille
2190 5101 2386 5173 quippe
2413 5099 2479 5155 ad
2511 5100 2833 5172 baptismum
2863 5101 3046 5158 nescio
3082 5116 3189 5173 qua
3225 5104 3532 5173 provisione

2001 5241 2016 5272 '
2033 5246 2195 5313 ιιυριη
2203 5236 2907 5313 (ιυηκιαιεπῑφξηξεεςενειεξι
2923 5237 2974 5287 ¹ιι
2987 5239 3342 5313 Neutrum
3357 5241 3535 5313 ςειιῖιξο·

1940 5302 2084 5370 niluts
2104 5298 2369 5370 immisstnn
2394 5307 2503 5351 erat
2518 5298 2910 5370 istud‘glo‘ssema
2934 5307 3050 5370 :_De
3076 5298 3265 5370 animo
3285 5301 3372 5367 qui
3392 5304 3531 5370 prius

1939 5363 2292 5428 dedicationem
2329 5363 2501 5428 domus
2522 5358 2765 5424 pra’dt'bat
2775 5366 2828 5428 et
2868 5365 2972 5428 post
3005 5358 3405 5428 aediﬁcationem:
3438 5366 3531 5417 Sed

1937 5424 2180 5489 dedicatio
2200 5426 2287 5489 att
2308 5430 2451 5489 caput
2469 5422 2641 5474 domus
2661 5422 2897 5489 pertinet,
2920 5422 3010 5489 Ito;
3029 5422 3121 5489 est;
3141 5426 3212 5489 att
3246 5425 3531 5489 Christum,-

1937 5486 2200 5551 edi/trario
2222 5487 2289 5551 (ut
2312 5483 2486 5551 corpus
2519 5483 2671 5536 totum
2691 5483 2890 5551 donum,
2904 5546 2916 5551 _
2933 5483 2989 5538 id
3007 5483 3116 5548 est;
3141 5488 3209 5540 ad
3246 5483 3528 5551 Ecclesium:

1943 5544 2055 5600 Ideo
2077 5549 2211 5612 prior
2234 5544 2494 5607 dedicatio,
2519 5558 2665 5612 quam
2682 5544 2944 5612 mdiﬁcotio
2972 5552 3059 5612 est.
3084 5544 3412 5601 iovanienses
3435 5565 3530 5601 nott

1938 5612 2030 5662 hoc
2063 5610 2220 5675 Solum
2261 5610 2656 5675 expunxerunt,_
2676 5610 2957 5675 stxl'etiarn
2986 5611 3374 5675 allisequentezt
3414 5624 3529 5660 vcr-

1938 5687 2077 5736 sum,
2117 5672 2242 5723 sicut
2277 5669 2421 5735 hujus
2442 5672 2516 5724 rei
2536 5678 2606 5724 est
2626 5669 2791 5723 index
2810 5669 2978 5723 titulus
2997 5669 3181 5736 manui
3200 5706 3214 5730 ,
3254 5674 3337 5736 qui
3363 5677 3528 5721 tamen

1939 5733 2346 5808 adtontextum'
2383 5736 2631 5798 pertinet,
2686 5738 2951 5797 exstatque
2994 5733 3043 5783 in
3087 5733 3311 5785 omnibus
3354 5743 3527 5781 mauu-

1937 5804 2046 5859 seri;
2066 5804 2142 5846 tis.
2180 5858 2183 5859 γ
2352 5858 2361 5859 7
2495 5857 2506 5859 _
2528 5857 2538 5859 ᾼ
3468 5818 3477 5831 ι

2006 5857 2188 5916 ’Ἀυυά
2212 5865 2322 5908 tov.
2350 5858 2427 5907 hic
2451 5857 2659 5916 additur,
2686 5868 2813 5908 cum.
