  <div class='ocr_page' id='page_1' title='image "/cluster/home/n/w/nwhite01/storage/ocr_20150623/44-45/uc1.31175026792435/431.png"; bbox 0 0 4122 6538; ppageno 0'>
   <div class='ocr_carea' id='block_1_1' title="bbox 604 332 721 394">
    <p class='ocr_par' dir='ltr' id='par_1_1' title="bbox 604 332 721 394">
     <span class='ocr_line' id='line_1_1' title="bbox 604 332 721 394; baseline -0.026 0"><span class='ocrx_word' id='word_1_1' title='bbox 604 332 721 394; x_wconf 58' lang='grc' dir='ltr'><strong>η’]</strong></span> 
     </span>
    </p>
   </div>
   <div class='ocr_carea' id='block_1_2' title="bbox 609 446 2211 520">
    <p class='ocr_par' dir='ltr' id='par_1_2' title="bbox 609 446 2211 520">
     <span class='ocr_line' id='line_1_2' title="bbox 609 446 2211 520; baseline -0.001 -16"><span class='ocrx_word' id='word_1_2' title='bbox 609 448 863 520; x_wconf 64' lang='lat' dir='ltr'><strong>pervenit</strong></span> <span class='ocrx_word' id='word_1_3' title='bbox 894 464 909 513; x_wconf 85' lang='lat'><strong>;</strong></span> <span class='ocrx_word' id='word_1_4' title='bbox 940 446 1040 504; x_wconf 81' lang='lat' dir='ltr'><strong>iste</strong></span> <span class='ocrx_word' id='word_1_5' title='bbox 1071 446 1349 517; x_wconf 83' lang='lat' dir='ltr'><strong>repentina</strong></span> <span class='ocrx_word' id='word_1_6' title='bbox 1379 458 1553 504; x_wconf 88' lang='lat' dir='ltr'><strong>morte</strong></span> <span class='ocrx_word' id='word_1_7' title='bbox 1592 462 1699 503; x_wconf 93' lang='lat' dir='ltr'><strong>non</strong></span> <span class='ocrx_word' id='word_1_8' title='bbox 1741 448 1999 518; x_wconf 62' lang='lat' dir='ltr'><strong>pervenit.</strong></span> <span class='ocrx_word' id='word_1_9' title='bbox 2038 448 2211 517; x_wconf 82' lang='lat' dir='ltr'><strong>Atque</strong></span> 
     </span>
    </p>
   </div>
   <div class='ocr_carea' id='block_1_3' title="bbox 608 538 2218 607">
    <p class='ocr_par' dir='ltr' id='par_1_3' title="bbox 608 538 2218 607">
     <span class='ocr_line' id='line_1_3' title="bbox 608 538 2218 607; baseline -0.001 -12"><span class='ocrx_word' id='word_1_10' title='bbox 608 538 696 595; x_wconf 59' lang='lat' dir='ltr'><strong>«Ita</strong></span> <span class='ocrx_word' id='word_1_11' title='bbox 738 538 880 595; x_wconf 76' lang='lat' dir='ltr'><strong>Deus</strong></span> <span class='ocrx_word' id='word_1_12' title='bbox 903 578 918 603; x_wconf 95' lang='lat'><strong>,</strong></span> <span class='ocrx_word' id='word_1_13' title='bbox 968 538 1021 592; x_wconf 91' lang='lat' dir='ltr'><strong>in</strong></span> <span class='ocrx_word' id='word_1_14' title='bbox 1063 538 1216 607; x_wconf 83' lang='lat' dir='ltr'><strong>cujus</strong></span> <span class='ocrx_word' id='word_1_15' title='bbox 1245 546 1508 607; x_wconf 87' lang='lat' dir='ltr'><strong>potestate</strong></span> <span class='ocrx_word' id='word_1_16' title='bbox 1535 545 1659 593; x_wconf 86' lang='lat' dir='ltr'><strong>sunt</strong></span> <span class='ocrx_word' id='word_1_17' title='bbox 1698 538 1876 593; x_wconf 81' lang='lat' dir='ltr'><strong>omnia</strong></span> <span class='ocrx_word' id='word_1_18' title='bbox 1903 579 1916 602; x_wconf 93' lang='lat'><strong>,</strong></span> <span class='ocrx_word' id='word_1_19' title='bbox 1945 538 2068 593; x_wconf 91' lang='lat' dir='ltr'><strong>facit</strong></span> <span class='ocrx_word' id='word_1_20' title='bbox 2096 552 2218 593; x_wconf 88' lang='lat' dir='ltr'><strong>esse</strong></span> 
     </span>
    </p>
   </div>
   <div class='ocr_carea' id='block_1_4' title="bbox 1412 326 3885 411">
    <p class='ocr_par' dir='ltr' id='par_1_4' title="bbox 1412 326 3885 411">
     <span class='ocr_line' id='line_1_4' title="bbox 1412 326 3885 411; baseline 0.002 -23"><span class='ocrx_word' id='word_1_21' title='bbox 1412 327 1689 390; x_wconf 63' lang='lat' dir='ltr'><strong>CONTRA</strong></span> <span class='ocrx_word' id='word_1_22' title='bbox 1728 330 2066 390; x_wconf 64' lang='lat' dir='ltr'><strong>JL’L‘IANUM</strong></span> <span class='ocrx_word' id='word_1_23' title='bbox 2098 326 2573 398; x_wconf 67' lang='lat' dir='ltr'><strong>PELAGIANUM,</strong></span> <span class='ocrx_word' id='word_1_24' title='bbox 2612 328 2667 388; x_wconf 83' lang='lat' dir='ltr'><strong>S.</strong></span> <span class='ocrx_word' id='word_1_25' title='bbox 2713 331 3080 392; x_wconf 81' lang='lat' dir='ltr'><strong>AUGUSTlNl</strong></span> <span class='ocrx_word' id='word_1_26' title='bbox 3795 351 3885 411; x_wconf 64' lang='grc' dir='ltr'>ω</span> 
     </span>
    </p>
   </div>
   <div class='ocr_carea' id='block_1_5' title="bbox 2326 442 3884 535">
    <p class='ocr_par' dir='ltr' id='par_1_5' title="bbox 2326 442 3884 535">
     <span class='ocr_line' id='line_1_5' title="bbox 2326 442 3884 535; baseline 0.015 -36"><span class='ocrx_word' id='word_1_27' title='bbox 2326 443 2462 500; x_wconf 89' lang='lat' dir='ltr'><strong>facio</strong></span> <span class='ocrx_word' id='word_1_28' title='bbox 2492 442 2585 500; x_wconf 93' lang='lat' dir='ltr'><strong>Dei</strong></span> <span class='ocrx_word' id='word_1_29' title='bbox 2613 447 2836 518; x_wconf 78' lang='lat' dir='ltr'><strong>gratiam</strong></span> <span class='ocrx_word' id='word_1_30' title='bbox 2870 464 2883 502; x_wconf 90' lang='lat'><strong>:</strong></span> <span class='ocrx_word' id='word_1_31' title='bbox 2912 448 3007 504; x_wconf 90' lang='lat' dir='ltr'><strong>sed</strong></span> <span class='ocrx_word' id='word_1_32' title='bbox 3036 457 3090 505; x_wconf 93' lang='lat' dir='ltr'><strong>tu</strong></span> <span class='ocrx_word' id='word_1_33' title='bbox 3116 448 3231 521; x_wconf 84' lang='lat' dir='ltr'><strong>ejus</strong></span> <span class='ocrx_word' id='word_1_34' title='bbox 3259 448 3507 510; x_wconf 83' lang='lat' dir='ltr'><strong>inimicus</strong></span> <span class='ocrx_word' id='word_1_35' title='bbox 3533 455 3741 517; x_wconf 84' lang='lat' dir='ltr'><strong>inanem</strong></span> <span class='ocrx_word' id='word_1_36' title='bbox 3762 478 3884 535; x_wconf 78' lang='lat' dir='ltr'><strong>qua:-</strong></span> 
     </span>
    </p>
   </div>
   <div class='ocr_carea' id='block_1_6' title="bbox 2320 534 3882 618">
    <p class='ocr_par' dir='ltr' id='par_1_6' title="bbox 2320 534 3882 618">
     <span class='ocr_line' id='line_1_6' title="bbox 2320 534 3882 618; baseline 0.013 -28"><span class='ocrx_word' id='word_1_37' title='bbox 2320 535 2455 591; x_wconf 87' lang='lat' dir='ltr'><strong>sisse</strong></span> <span class='ocrx_word' id='word_1_38' title='bbox 2500 534 2698 591; x_wconf 83' lang='lat' dir='ltr'><strong>videris</strong></span> <span class='ocrx_word' id='word_1_39' title='bbox 2734 541 3082 607; x_wconf 78' lang='lat' dir='ltr'><strong>jactantiam,</strong></span> <span class='ocrx_word' id='word_1_40' title='bbox 3129 549 3185 596; x_wconf 93' lang='lat' dir='ltr'><strong>ut</strong></span> <span class='ocrx_word' id='word_1_41' title='bbox 3215 541 3267 596; x_wconf 90' lang='lat' dir='ltr'><strong>in</strong></span> <span class='ocrx_word' id='word_1_42' title='bbox 3311 552 3454 598; x_wconf 87' lang='lat' dir='ltr'><strong>tuam</strong></span> <span class='ocrx_word' id='word_1_43' title='bbox 3494 534 3882 618; x_wconf 77' lang='lat' dir='ltr'><strong>disputationem</strong></span> 
     </span>
    </p>
   </div>
   <div class='ocr_carea' id='block_1_7' title="bbox 627 628 2215 700">
    <p class='ocr_par' dir='ltr' id='par_1_7' title="bbox 627 628 2215 700">
     <span class='ocr_line' id='line_1_7' title="bbox 627 628 2215 700; baseline -0.002 -13"><span class='ocrx_word' id='word_1_44' title='bbox 627 628 684 687; x_wconf 78' lang='lat' dir='ltr'><strong>in</strong></span> <span class='ocrx_word' id='word_1_45' title='bbox 712 629 907 689; x_wconf 82' lang='lat' dir='ltr'><strong>Christi</strong></span> <span class='ocrx_word' id='word_1_46' title='bbox 933 629 1203 685; x_wconf 88' lang='lat' dir='ltr'><strong>consortio</strong></span> <span class='ocrx_word' id='word_1_47' title='bbox 1229 670 1243 697; x_wconf 95' lang='lat'><strong>,</strong></span> <span class='ocrx_word' id='word_1_48' title='bbox 1273 644 1430 700; x_wconf 85' lang='lat' dir='ltr'><strong>quem</strong></span> <span class='ocrx_word' id='word_1_49' title='bbox 1462 628 1710 684; x_wconf 78' lang='lat' dir='ltr'><strong>formavit</strong></span> <span class='ocrx_word' id='word_1_50' title='bbox 1737 629 1789 684; x_wconf 90' lang='lat' dir='ltr'><strong>in</strong></span> <span class='ocrx_word' id='word_1_51' title='bbox 1816 629 2013 685; x_wconf 89' lang='lat' dir='ltr'><strong>diaboli</strong></span> <span class='ocrx_word' id='word_1_52' title='bbox 2043 629 2215 684; x_wconf 89' lang='lat' dir='ltr'><strong>domi-</strong></span> 
     </span>
    </p>
   </div>
   <div class='ocr_carea' id='block_1_8' title="bbox 614 722 2216 794">
    <p class='ocr_par' dir='ltr' id='par_1_8' title="bbox 614 722 2216 794">
     <span class='ocr_line' id='line_1_8' title="bbox 614 722 2216 794; baseline -0.002 -13"><span class='ocrx_word' id='word_1_53' title='bbox 614 724 750 781; x_wconf 76' lang='lat' dir='ltr'><strong>cilio</strong></span> <span class='ocrx_word' id='word_1_54' title='bbox 780 740 797 793; x_wconf 89' lang='lat'><strong>;</strong></span> <span class='ocrx_word' id='word_1_55' title='bbox 828 734 883 781; x_wconf 86' lang='lat' dir='ltr'><strong>et</strong></span> <span class='ocrx_word' id='word_1_56' title='bbox 923 740 1029 780; x_wconf 89' lang='lat' dir='ltr'><strong>non</strong></span> <span class='ocrx_word' id='word_1_57' title='bbox 1069 723 1179 779; x_wconf 86' lang='lat' dir='ltr'><strong>vult</strong></span> <span class='ocrx_word' id='word_1_58' title='bbox 1206 738 1328 780; x_wconf 87' lang='lat' dir='ltr'><strong>esse</strong></span> <span class='ocrx_word' id='word_1_59' title='bbox 1368 724 1418 777; x_wconf 86' lang='lat' dir='ltr'><strong>in</strong></span> <span class='ocrx_word' id='word_1_60' title='bbox 1451 738 1616 794; x_wconf 80' lang='lat' dir='ltr'><strong>regno</strong></span> <span class='ocrx_word' id='word_1_61' title='bbox 1654 738 1754 779; x_wconf 91' lang='lat' dir='ltr'><strong>suo</strong></span> <span class='ocrx_word' id='word_1_62' title='bbox 1777 765 1793 791; x_wconf 95' lang='lat'><strong>,</strong></span> <span class='ocrx_word' id='word_1_63' title='bbox 1832 738 1989 794; x_wconf 86' lang='lat' dir='ltr'><strong>quem</strong></span> <span class='ocrx_word' id='word_1_64' title='bbox 2027 722 2216 777; x_wconf 88' lang='lat' dir='ltr'><strong>forma-</strong></span> 
     </span>
    </p>
   </div>
   <div class='ocr_carea' id='block_1_9' title="bbox 625 813 2217 886">
    <p class='ocr_par' dir='ltr' id='par_1_9' title="bbox 625 813 2217 886">
     <span class='ocr_line' id='line_1_9' title="bbox 625 813 2217 886; baseline 0 -15"><span class='ocrx_word' id='word_1_65' title='bbox 625 816 704 871; x_wconf 70' lang='lat' dir='ltr'><strong>vit</strong></span> <span class='ocrx_word' id='word_1_66' title='bbox 743 815 795 871; x_wconf 91' lang='lat' dir='ltr'><strong>in</strong></span> <span class='ocrx_word' id='word_1_67' title='bbox 842 815 1040 886; x_wconf 90' lang='lat' dir='ltr'><strong>templo</strong></span> <span class='ocrx_word' id='word_1_68' title='bbox 1080 831 1199 872; x_wconf 92' lang='lat' dir='ltr'><strong>suo.</strong></span> <span class='ocrx_word' id='word_1_69' title='bbox 1246 815 1353 870; x_wconf 85' lang='lat' dir='ltr'><strong>Aut</strong></span> <span class='ocrx_word' id='word_1_70' title='bbox 1380 814 1424 870; x_wconf 88' lang='lat' dir='ltr'><strong>si</strong></span> <span class='ocrx_word' id='word_1_71' title='bbox 1455 816 1607 881; x_wconf 91' lang='lat' dir='ltr'><strong>vult,</strong></span> <span class='ocrx_word' id='word_1_72' title='bbox 1634 830 1731 870; x_wconf 92' lang='lat' dir='ltr'><strong>cur</strong></span> <span class='ocrx_word' id='word_1_73' title='bbox 1758 830 1863 869; x_wconf 92' lang='lat' dir='ltr'><strong>non</strong></span> <span class='ocrx_word' id='word_1_74' title='bbox 1911 814 2037 870; x_wconf 82' lang='lat' dir='ltr'><strong>facit</strong></span> <span class='ocrx_word' id='word_1_75' title='bbox 2073 813 2217 886; x_wconf 90' lang='lat' dir='ltr'><strong>quod</strong></span> 
     </span>
    </p>
   </div>
   <div class='ocr_carea' id='block_1_10' title="bbox 622 904 2216 977">
    <p class='ocr_par' dir='ltr' id='par_1_10' title="bbox 622 904 2216 977">
     <span class='ocr_line' id='line_1_10' title="bbox 622 904 2216 977; baseline 0 -17"><span class='ocrx_word' id='word_1_76' title='bbox 622 905 737 961; x_wconf 80' lang='lat' dir='ltr'><strong>vnit</strong></span> <span class='ocrx_word' id='word_1_77' title='bbox 764 906 787 960; x_wconf 85' lang='lat'><strong>?</strong></span> <span class='ocrx_word' id='word_1_78' title='bbox 814 905 929 961; x_wconf 81' lang='lat' dir='ltr'><strong>Non</strong></span> <span class='ocrx_word' id='word_1_79' title='bbox 973 907 1115 962; x_wconf 91' lang='lat' dir='ltr'><strong>enim</strong></span> <span class='ocrx_word' id='word_1_80' title='bbox 1166 906 1304 977; x_wconf 91' lang='lat' dir='ltr'><strong>quod</strong></span> <span class='ocrx_word' id='word_1_81' title='bbox 1350 905 1537 961; x_wconf 84' lang='lat' dir='ltr'><strong>soletis</strong></span> <span class='ocrx_word' id='word_1_82' title='bbox 1563 905 1632 961; x_wconf 92' lang='lat' dir='ltr'><strong>de</strong></span> <span class='ocrx_word' id='word_1_83' title='bbox 1661 904 1953 976; x_wconf 82' lang='lat' dir='ltr'><strong>majoribus</strong></span> <span class='ocrx_word' id='word_1_84' title='bbox 1991 904 2171 960; x_wconf 86' lang='lat' dir='ltr'><strong>dicere</strong></span> <span class='ocrx_word' id='word_1_85' title='bbox 2199 946 2216 973; x_wconf 95' lang='lat'><strong>,</strong></span> 
     </span>
    </p>
   </div>
   <div class='ocr_carea' id='block_1_11' title="bbox 629 996 2215 1070">
    <p class='ocr_par' dir='ltr' id='par_1_11' title="bbox 629 996 2215 1070">
     <span class='ocr_line' id='line_1_11' title="bbox 629 996 2215 1070; baseline 0.001 -17"><span class='ocrx_word' id='word_1_86' title='bbox 629 997 770 1055; x_wconf 85' lang='lat' dir='ltr'><strong>Deus</strong></span> <span class='ocrx_word' id='word_1_87' title='bbox 798 996 941 1065; x_wconf 88' lang='lat' dir='ltr'><strong>vult,</strong></span> <span class='ocrx_word' id='word_1_88' title='bbox 984 1008 1038 1054; x_wconf 92' lang='lat' dir='ltr'><strong>et</strong></span> <span class='ocrx_word' id='word_1_89' title='bbox 1073 1000 1320 1070; x_wconf 88' lang='lat' dir='ltr'><strong>parvulus</strong></span> <span class='ocrx_word' id='word_1_90' title='bbox 1360 1015 1468 1054; x_wconf 90' lang='lat' dir='ltr'><strong>non</strong></span> <span class='ocrx_word' id='word_1_91' title='bbox 1514 999 1647 1054; x_wconf 84' lang='lat' dir='ltr'><strong>vult.</strong></span> <span class='ocrx_word' id='word_1_92' title='bbox 1676 997 1834 1055; x_wconf 88' lang='lat' dir='ltr'><strong>Certe</strong></span> <span class='ocrx_word' id='word_1_93' title='bbox 1871 998 1958 1055; x_wconf 91' lang='lat' dir='ltr'><strong>hic</strong></span> <span class='ocrx_word' id='word_1_94' title='bbox 1993 999 2081 1055; x_wconf 90' lang='lat' dir='ltr'><strong>ubi</strong></span> <span class='ocrx_word' id='word_1_95' title='bbox 2121 998 2215 1054; x_wconf 85' lang='lat' dir='ltr'><strong>fati</strong></span> 
     </span>
    </p>
   </div>
   <div class='ocr_carea' id='block_1_12' title="bbox 622 1072 2216 1157">
    <p class='ocr_par' dir='ltr' id='par_1_12' title="bbox 622 1072 2216 1157">
     <span class='ocr_line' id='line_1_12' title="bbox 622 1072 2216 1157; baseline 0.001 -13"><span class='ocrx_word' id='word_1_96' title='bbox 622 1072 773 1144; x_wconf 80' lang='lat' dir='ltr'><strong>nulla</strong></span> <span class='ocrx_word' id='word_1_97' title='bbox 795 1099 874 1145; x_wconf 90' lang='lat' dir='ltr'><strong>est</strong></span> <span class='ocrx_word' id='word_1_98' title='bbox 899 1087 1272 1157; x_wconf 88' lang='lat' dir='ltr'><strong>immobilitas,</strong></span> <span class='ocrx_word' id='word_1_99' title='bbox 1300 1091 1458 1146; x_wconf 87' lang='lat' dir='ltr'><strong>nulla&#39;</strong></span> <span class='ocrx_word' id='word_1_100' title='bbox 1483 1089 1705 1147; x_wconf 75' lang='lat' dir='ltr'><strong>fortuna:</strong></span> <span class='ocrx_word' id='word_1_101' title='bbox 1728 1091 2002 1146; x_wconf 88' lang='lat' dir='ltr'><strong>temeritas</strong></span> <span class='ocrx_word' id='word_1_102' title='bbox 2023 1132 2038 1157; x_wconf 94' lang='lat'><strong>,</strong></span> <span class='ocrx_word' id='word_1_103' title='bbox 2073 1091 2216 1146; x_wconf 89' lang='lat' dir='ltr'><strong>nulla</strong></span> 
     </span>
    </p>
   </div>
   <div class='ocr_carea' id='block_1_13' title="bbox 627 1180 2215 1256">
    <p class='ocr_par' dir='ltr' id='par_1_13' title="bbox 627 1180 2215 1256">
     <span class='ocr_line' id='line_1_13' title="bbox 627 1180 2215 1256; baseline 0 -18"><span class='ocrx_word' id='word_1_104' title='bbox 627 1197 871 1254; x_wconf 68' lang='lat' dir='ltr'><strong>persona:</strong></span> <span class='ocrx_word' id='word_1_105' title='bbox 895 1180 1124 1253; x_wconf 80' lang='lat' dir='ltr'><strong>dignitas</strong></span> <span class='ocrx_word' id='word_1_106' title='bbox 1143 1225 1157 1249; x_wconf 91' lang='lat'><strong>,</strong></span> <span class='ocrx_word' id='word_1_107' title='bbox 1189 1183 1314 1256; x_wconf 90' lang='lat' dir='ltr'><strong>quid</strong></span> <span class='ocrx_word' id='word_1_108' title='bbox 1343 1192 1509 1239; x_wconf 85' lang='lat' dir='ltr'><strong>restat</strong></span> <span class='ocrx_word' id='word_1_109' title='bbox 1531 1184 1632 1240; x_wconf 90' lang='lat' dir='ltr'><strong>nisi</strong></span> <span class='ocrx_word' id='word_1_110' title='bbox 1658 1183 2045 1239; x_wconf 64' lang='lat' dir='ltr'><strong>misericordiae</strong></span> <span class='ocrx_word' id='word_1_111' title='bbox 2071 1183 2215 1238; x_wconf 88' lang='lat' dir='ltr'><strong>veri-</strong></span> 
     </span>
    </p>
   </div>
   <div class='ocr_carea' id='block_1_14' title="bbox 626 1273 2213 1344">
    <p class='ocr_par' dir='ltr' id='par_1_14' title="bbox 626 1273 2213 1344">
     <span class='ocr_line' id='line_1_14' title="bbox 626 1273 2213 1344; baseline 0.003 -17"><span class='ocrx_word' id='word_1_112' title='bbox 626 1273 855 1344; x_wconf 88' lang='lat' dir='ltr'><strong>tatisque</strong></span> <span class='ocrx_word' id='word_1_113' title='bbox 884 1273 1217 1344; x_wconf 74' lang='lat' dir='ltr'><strong>pnifunditas</strong></span> <span class='ocrx_word' id='word_1_114' title='bbox 1248 1274 1274 1330; x_wconf 88' lang='lat'><strong>?</strong></span> <span class='ocrx_word' id='word_1_115' title='bbox 1311 1273 1381 1331; x_wconf 87' lang='lat' dir='ltr'><strong>Ut</strong></span> <span class='ocrx_word' id='word_1_116' title='bbox 1421 1275 1656 1330; x_wconf 90' lang='lat' dir='ltr'><strong>sciamus</strong></span> <span class='ocrx_word' id='word_1_117' title='bbox 1685 1282 1740 1330; x_wconf 91' lang='lat' dir='ltr'><strong>et</strong></span> <span class='ocrx_word' id='word_1_118' title='bbox 1777 1289 1842 1330; x_wconf 76' lang='lat' dir='ltr'><strong>ex</strong></span> <span class='ocrx_word' id='word_1_119' title='bbox 1876 1275 1977 1330; x_wconf 88' lang='lat' dir='ltr'><strong>hoc</strong></span> <span class='ocrx_word' id='word_1_120' title='bbox 2008 1276 2213 1330; x_wconf 84' lang='lat' dir='ltr'><strong>incont-</strong></span> 
     </span>
    </p>
   </div>
   <div class='ocr_carea' id='block_1_15' title="bbox 627 1364 2210 1439">
    <p class='ocr_par' dir='ltr' id='par_1_15' title="bbox 627 1364 2210 1439">
     <span class='ocr_line' id='line_1_15' title="bbox 627 1364 2210 1439; baseline 0.001 -19"><span class='ocrx_word' id='word_1_121' title='bbox 627 1364 970 1437; x_wconf 85' lang='lat' dir='ltr'><strong>prehensibili</strong></span> <span class='ocrx_word' id='word_1_122' title='bbox 997 1366 1516 1438; x_wconf 82' lang='lat' dir='ltr'><strong>comprehendamus</strong></span> <span class='ocrx_word' id='word_1_123' title='bbox 1539 1410 1554 1436; x_wconf 94' lang='lat'><strong>,</strong></span> <span class='ocrx_word' id='word_1_124' title='bbox 1582 1367 1733 1439; x_wconf 78' lang='lat' dir='ltr'><strong>juxta</strong></span> <span class='ocrx_word' id='word_1_125' title='bbox 1759 1367 1895 1423; x_wconf 90' lang='lat' dir='ltr'><strong>duos</strong></span> <span class='ocrx_word' id='word_1_126' title='bbox 1925 1367 2172 1423; x_wconf 83' lang='lat' dir='ltr'><strong>homines</strong></span> <span class='ocrx_word' id='word_1_127' title='bbox 2193 1409 2210 1435; x_wconf 86' lang='lat'><strong>,</strong></span> 
     </span>
    </p>
   </div>
   <div class='ocr_carea' id='block_1_16' title="bbox 622 1450 2215 1530">
    <p class='ocr_par' dir='ltr' id='par_1_16' title="bbox 622 1450 2215 1530">
     <span class='ocr_line' id='line_1_16' title="bbox 622 1450 2215 1530; baseline 0.003 -19"><span class='ocrx_word' id='word_1_128' title='bbox 622 1450 787 1512; x_wconf 78' lang='lat' dir='ltr'><strong>unum</strong></span> <span class='ocrx_word' id='word_1_129' title='bbox 817 1474 911 1528; x_wconf 90' lang='lat' dir='ltr'><strong>per</strong></span> <span class='ocrx_word' id='word_1_130' title='bbox 936 1474 1093 1530; x_wconf 87' lang='lat' dir='ltr'><strong>quem</strong></span> <span class='ocrx_word' id='word_1_131' title='bbox 1134 1468 1408 1529; x_wconf 88' lang='lat' dir='ltr'><strong>peccatum</strong></span> <span class='ocrx_word' id='word_1_132' title='bbox 1440 1460 1654 1514; x_wconf 77' lang='lat' dir='ltr'><strong>intravit</strong></span> <span class='ocrx_word' id='word_1_133' title='bbox 1680 1460 1732 1514; x_wconf 92' lang='lat' dir='ltr'><strong>in</strong></span> <span class='ocrx_word' id='word_1_134' title='bbox 1756 1459 2013 1514; x_wconf 91' lang='lat' dir='ltr'><strong>mundum</strong></span> <span class='ocrx_word' id='word_1_135' title='bbox 2036 1501 2051 1526; x_wconf 96' lang='lat'><strong>,</strong></span> <span class='ocrx_word' id='word_1_136' title='bbox 2083 1459 2215 1515; x_wconf 87' lang='lat' dir='ltr'><strong>alte-</strong></span> 
     </span>
    </p>
   </div>
   <div class='ocr_carea' id='block_1_17' title="bbox 621 1548 2213 1622">
    <p class='ocr_par' dir='ltr' id='par_1_17' title="bbox 621 1548 2213 1622">
     <span class='ocr_line' id='line_1_17' title="bbox 621 1548 2213 1622; baseline 0 -17"><span class='ocrx_word' id='word_1_137' title='bbox 621 1565 742 1605; x_wconf 89' lang='lat' dir='ltr'><strong>rum</strong></span> <span class='ocrx_word' id='word_1_138' title='bbox 773 1552 861 1622; x_wconf 88' lang='lat' dir='ltr'><strong>qui</strong></span> <span class='ocrx_word' id='word_1_139' title='bbox 889 1550 1026 1620; x_wconf 89' lang='lat' dir='ltr'><strong>tollit</strong></span> <span class='ocrx_word' id='word_1_140' title='bbox 1063 1561 1337 1621; x_wconf 81' lang='lat' dir='ltr'><strong>peceatum</strong></span> <span class='ocrx_word' id='word_1_141' title='bbox 1367 1549 1585 1616; x_wconf 88' lang='lat' dir='ltr'><strong>mundi,</strong></span> <span class='ocrx_word' id='word_1_142' title='bbox 1624 1564 1812 1606; x_wconf 86' lang='lat' dir='ltr'><strong>omnes</strong></span> <span class='ocrx_word' id='word_1_143' title='bbox 1841 1548 1980 1606; x_wconf 88' lang='lat' dir='ltr'><strong>ﬁlios</strong></span> <span class='ocrx_word' id='word_1_144' title='bbox 2008 1565 2213 1605; x_wconf 91' lang='lat' dir='ltr'><strong>concu-</strong></span> 
     </span>
    </p>
   </div>
   <div class='ocr_carea' id='block_1_18' title="bbox 620 1640 2211 1713">
    <p class='ocr_par' dir='ltr' id='par_1_18' title="bbox 620 1640 2211 1713">
     <span class='ocr_line' id='line_1_18' title="bbox 620 1640 2211 1713; baseline 0.001 -18"><span class='ocrx_word' id='word_1_145' title='bbox 620 1640 893 1712; x_wconf 65' lang='lat' dir='ltr'><strong>piscentiaa</strong></span> <span class='ocrx_word' id='word_1_146' title='bbox 930 1642 1159 1697; x_wconf 87' lang='lat' dir='ltr'><strong>carnalis</strong></span> <span class='ocrx_word' id='word_1_147' title='bbox 1192 1642 1560 1713; x_wconf 85' lang='lat' dir='ltr'><strong>undecumque</strong></span> <span class='ocrx_word' id='word_1_148' title='bbox 1583 1651 1903 1708; x_wconf 88' lang='lat' dir='ltr'><strong>nascantur,</strong></span> <span class='ocrx_word' id='word_1_149' title='bbox 1930 1641 1996 1697; x_wconf 91' lang='lat' dir='ltr'><strong>ad</strong></span> <span class='ocrx_word' id='word_1_150' title='bbox 2024 1642 2211 1713; x_wconf 88' lang='lat' dir='ltr'><strong>jugum</strong></span> 
     </span>
    </p>
   </div>
   <div class='ocr_carea' id='block_1_19' title="bbox 2320 625 3885 717">
    <p class='ocr_par' dir='ltr' id='par_1_19' title="bbox 2320 625 3885 717">
     <span class='ocr_line' id='line_1_19' title="bbox 2320 625 3885 717; baseline 0.012 -36"><span class='ocrx_word' id='word_1_151' title='bbox 2320 625 2690 683; x_wconf 89' lang='lat' dir='ltr'><strong>introduceres</strong></span> <span class='ocrx_word' id='word_1_152' title='bbox 2729 627 3017 698; x_wconf 84' lang='lat' dir='ltr'><strong>Epicurum</strong></span> <span class='ocrx_word' id='word_1_153' title='bbox 3040 673 3054 698; x_wconf 88' lang='lat'><strong>,</strong></span> <span class='ocrx_word' id='word_1_154' title='bbox 3107 650 3127 685; x_wconf 81' lang='grc' dir='ltr'><strong>ι</strong></span> <span class='ocrx_word' id='word_1_155' title='bbox 3174 633 3263 705; x_wconf 90' lang='lat' dir='ltr'><strong>qui</strong></span> <span class='ocrx_word' id='word_1_156' title='bbox 3311 638 3519 707; x_wconf 84' lang='lat' dir='ltr'><strong>negavit</strong></span> <span class='ocrx_word' id='word_1_157' title='bbox 3558 655 3679 696; x_wconf 86' lang='lat' dir='ltr'><strong>esse</strong></span> <span class='ocrx_word' id='word_1_158' title='bbox 3717 660 3885 717; x_wconf 83' lang='lat' dir='ltr'><strong>corpus</strong></span> 
     </span>
    </p>
   </div>
   <div class='ocr_carea' id='block_1_20' title="bbox 2320 716 3880 804">
    <p class='ocr_par' dir='ltr' id='par_1_20' title="bbox 2320 716 3880 804">
     <span class='ocr_line' id='line_1_20' title="bbox 2320 716 3880 804; baseline 0.013 -33"><span class='ocrx_word' id='word_1_159' title='bbox 2320 716 2541 772; x_wconf 92' lang='lat' dir='ltr'><strong>deorum</strong></span> <span class='ocrx_word' id='word_1_160' title='bbox 2563 759 2578 785; x_wconf 95' lang='lat'><strong>,</strong></span> <span class='ocrx_word' id='word_1_161' title='bbox 2608 718 2701 773; x_wconf 90' lang='lat' dir='ltr'><strong>sed</strong></span> <span class='ocrx_word' id='word_1_162' title='bbox 2735 728 2983 791; x_wconf 87' lang='lat' dir='ltr'><strong>tanquam</strong></span> <span class='ocrx_word' id='word_1_163' title='bbox 3014 737 3211 794; x_wconf 84' lang='lat' dir='ltr'><strong>corpus</strong></span> <span class='ocrx_word' id='word_1_164' title='bbox 3238 742 3252 793; x_wconf 88' lang='lat'><strong>;</strong></span> <span class='ocrx_word' id='word_1_165' title='bbox 3282 716 3383 782; x_wconf 84' lang='lat' dir='ltr'><strong>nec</strong></span> <span class='ocrx_word' id='word_1_166' title='bbox 3420 732 3729 801; x_wconf 83' lang='lat' dir='ltr'><strong>sanguinem</strong></span> <span class='ocrx_word' id='word_1_167' title='bbox 3753 777 3768 804; x_wconf 89' lang='lat'><strong>,</strong></span> 
     </span>
    </p>
   </div>
   <div class='ocr_carea' id='block_1_21' title="bbox 2320 810 3885 884">
    <p class='ocr_par' dir='ltr' id='par_1_21' title="bbox 2320 810 3885 884">
     <span class='ocr_line' id='line_1_21' title="bbox 2320 810 3885 884; baseline 0.015 -23"><span class='ocrx_word' id='word_1_168' title='bbox 2320 814 2572 880; x_wconf 80' lang='lat' dir='ltr'><strong>tanquam</strong></span> <span class='ocrx_word' id='word_1_169' title='bbox 2599 810 2913 880; x_wconf 86' lang='lat' dir='ltr'><strong>sanguinem</strong></span> <span class='ocrx_word' id='word_1_170' title='bbox 2944 830 2963 865; x_wconf 77' lang='grc' dir='ltr'><strong>ι</strong></span> <span class='ocrx_word' id='word_1_171' title='bbox 2995 811 3208 883; x_wconf 81' lang='lat' dir='ltr'><strong>(Cicero</strong></span> <span class='ocrx_word' id='word_1_172' title='bbox 3232 857 3247 881; x_wconf 93' lang='lat'><strong>,</strong></span> <span class='ocrx_word' id='word_1_173' title='bbox 3272 817 3359 870; x_wconf 86' lang='lat' dir='ltr'><strong>lib.</strong></span> <span class='ocrx_word' id='word_1_174' title='bbox 3401 819 3435 874; x_wconf 80' lang='lat'><strong>5</strong></span> <span class='ocrx_word' id='word_1_175' title='bbox 3475 821 3536 875; x_wconf 83' lang='lat' dir='ltr'><strong>de</strong></span> <span class='ocrx_word' id='word_1_176' title='bbox 3564 820 3763 880; x_wconf 80' lang='lat' dir='ltr'><strong>Natura</strong></span> <span class='ocrx_word' id='word_1_177' title='bbox 3786 829 3885 884; x_wconf 56' lang='lat' dir='ltr'><strong>duo.</strong></span> 
     </span>
    </p>
   </div>
   <div class='ocr_carea' id='block_1_22' title="bbox 2319 898 3885 982">
    <p class='ocr_par' dir='ltr' id='par_1_22' title="bbox 2319 898 3885 982">
     <span class='ocr_line' id='line_1_22' title="bbox 2319 898 3885 982; baseline 0.017 -32"><span class='ocrx_word' id='word_1_178' title='bbox 2319 914 2431 951; x_wconf 85' lang='lat' dir='ltr'><strong>rum</strong></span> <span class='ocrx_word' id='word_1_179' title='bbox 2460 898 2517 970; x_wconf 86' lang='lat'><strong>);</strong></span> <span class='ocrx_word' id='word_1_180' title='bbox 2567 907 2621 954; x_wconf 90' lang='lat' dir='ltr'><strong>et</strong></span> <span class='ocrx_word' id='word_1_181' title='bbox 2664 899 2763 955; x_wconf 91' lang='lat' dir='ltr'><strong>hac</strong></span> <span class='ocrx_word' id='word_1_182' title='bbox 2800 902 3080 959; x_wconf 84' lang='lat' dir='ltr'><strong>occasione</strong></span> <span class='ocrx_word' id='word_1_183' title='bbox 3135 903 3204 961; x_wconf 91' lang='lat' dir='ltr'><strong>de</strong></span> <span class='ocrx_word' id='word_1_184' title='bbox 3242 906 3681 982; x_wconf 84' lang='lat' dir='ltr'><strong>phil050phorum</strong></span> <span class='ocrx_word' id='word_1_185' title='bbox 3724 915 3885 976; x_wconf 79' lang='lat' dir='ltr'><strong>litteris</strong></span> 
     </span>
    </p>
   </div>
   <div class='ocr_carea' id='block_1_23' title="bbox 2320 989 3884 1075">
    <p class='ocr_par' dir='ltr' id='par_1_23' title="bbox 2320 989 3884 1075">
     <span class='ocr_line' id='line_1_23' title="bbox 2320 989 3884 1075; baseline 0.014 -31"><span class='ocrx_word' id='word_1_186' title='bbox 2320 989 2388 1044; x_wconf 86' lang='lat' dir='ltr'><strong>ad</strong></span> <span class='ocrx_word' id='word_1_187' title='bbox 2420 1006 2533 1045; x_wconf 90' lang='lat' dir='ltr'><strong>rem</strong></span> <span class='ocrx_word' id='word_1_188' title='bbox 2566 1007 2684 1062; x_wconf 75' lang='lat' dir='ltr'><strong>qua:</strong></span> <span class='ocrx_word' id='word_1_189' title='bbox 2709 992 2846 1048; x_wconf 87' lang='lat' dir='ltr'><strong>inter</strong></span> <span class='ocrx_word' id='word_1_190' title='bbox 2869 1008 2966 1049; x_wconf 91' lang='lat' dir='ltr'><strong>nos</strong></span> <span class='ocrx_word' id='word_1_191' title='bbox 2989 997 3164 1065; x_wconf 90' lang='lat' dir='ltr'><strong>agitur</strong></span> <span class='ocrx_word' id='word_1_192' title='bbox 3184 1014 3288 1054; x_wconf 92' lang='lat' dir='ltr'><strong>non</strong></span> <span class='ocrx_word' id='word_1_193' title='bbox 3321 1004 3704 1069; x_wconf 85' lang='lat' dir='ltr'><strong>pertinentibus</strong></span> <span class='ocrx_word' id='word_1_194' title='bbox 3722 1050 3739 1075; x_wconf 88' lang='lat'><strong>,</strong></span> <span class='ocrx_word' id='word_1_195' title='bbox 3760 1017 3884 1066; x_wconf 86' lang='lat' dir='ltr'><strong>tanto</strong></span> 
     </span>
    </p>
   </div>
   <div class='ocr_carea' id='block_1_24' title="bbox 2320 1082 3883 1168">
    <p class='ocr_par' dir='ltr' id='par_1_24' title="bbox 2320 1082 3883 1168">
     <span class='ocr_line' id='line_1_24' title="bbox 2320 1082 3883 1168; baseline 0.015 -30"><span class='ocrx_word' id='word_1_196' title='bbox 2320 1082 2554 1154; x_wconf 89' lang='lat' dir='ltr'><strong>ineptius</strong></span> <span class='ocrx_word' id='word_1_197' title='bbox 2595 1096 2796 1157; x_wconf 89' lang='lat' dir='ltr'><strong>quanto</strong></span> <span class='ocrx_word' id='word_1_198' title='bbox 2840 1092 2986 1143; x_wconf 82' lang='lat' dir='ltr'><strong>velut</strong></span> <span class='ocrx_word' id='word_1_199' title='bbox 3015 1090 3222 1148; x_wconf 90' lang='lat' dir='ltr'><strong>doctius</strong></span> <span class='ocrx_word' id='word_1_200' title='bbox 3260 1093 3537 1153; x_wconf 87' lang='lat' dir='ltr'><strong>delirares.</strong></span> <span class='ocrx_word' id='word_1_201' title='bbox 3580 1099 3705 1168; x_wconf 85' lang='lat' dir='ltr'><strong>Quis</strong></span> <span class='ocrx_word' id='word_1_202' title='bbox 3733 1114 3883 1163; x_wconf 79' lang='lat' dir='ltr'><strong>autem</strong></span> 
     </span>
    </p>
   </div>
   <div class='ocr_carea' id='block_1_25' title="bbox 2319 1175 3884 1266">
    <p class='ocr_par' dir='ltr' id='par_1_25' title="bbox 2319 1175 3884 1266">
     <span class='ocr_line' id='line_1_25' title="bbox 2319 1175 3884 1266; baseline 0.013 -38"><span class='ocrx_word' id='word_1_203' title='bbox 2319 1184 2560 1230; x_wconf 89' lang='lat' dir='ltr'><strong>nostrum</strong></span> <span class='ocrx_word' id='word_1_204' title='bbox 2599 1175 2727 1231; x_wconf 70' lang='lat' dir='ltr'><strong>dicit</strong></span> <span class='ocrx_word' id='word_1_205' title='bbox 2751 1217 2767 1243; x_wconf 95' lang='lat'><strong>,</strong></span> <span class='ocrx_word' id='word_1_206' title='bbox 2814 1196 2832 1231; x_wconf 82' lang='grc' dir='ltr'><strong>ι</strong></span> <span class='ocrx_word' id='word_1_207' title='bbox 2871 1178 3135 1251; x_wconf 81' lang='lat' dir='ltr'><strong>Quidquid</strong></span> <span class='ocrx_word' id='word_1_208' title='bbox 3172 1183 3224 1238; x_wconf 91' lang='lat' dir='ltr'><strong>in</strong></span> <span class='ocrx_word' id='word_1_209' title='bbox 3269 1189 3517 1253; x_wconf 69' lang='lat' dir='ltr'><strong>prmsenti</strong></span> <span class='ocrx_word' id='word_1_210' title='bbox 3560 1192 3755 1247; x_wconf 67' lang='lat' dir='ltr'><strong>sarculo</strong></span> <span class='ocrx_word' id='word_1_211' title='bbox 3792 1197 3884 1266; x_wconf 83' lang='lat' dir='ltr'><strong>agi-</strong></span> 
     </span>
    </p>
   </div>
   <div class='ocr_carea' id='block_1_26' title="bbox 2319 1268 3884 1349">
    <p class='ocr_par' dir='ltr' id='par_1_26' title="bbox 2319 1268 3884 1349">
     <span class='ocr_line' id='line_1_26' title="bbox 2319 1268 3884 1349; baseline 0.013 -27"><span class='ocrx_word' id='word_1_212' title='bbox 2319 1275 2425 1331; x_wconf 75' lang='lat' dir='ltr'><strong>tur,</strong></span> <span class='ocrx_word' id='word_1_213' title='bbox 2452 1283 2572 1323; x_wconf 90' lang='lat' dir='ltr'><strong>esse</strong></span> <span class='ocrx_word' id='word_1_214' title='bbox 2601 1268 2922 1339; x_wconf 84' lang='lat' dir='ltr'><strong>culpandum</strong></span> <span class='ocrx_word' id='word_1_215' title='bbox 2953 1288 2967 1338; x_wconf 93' lang='lat'><strong>;</strong></span> <span class='ocrx_word' id='word_1_216' title='bbox 2999 1290 3018 1325; x_wconf 75' lang='grc' dir='ltr'><strong>ι</strong></span> <span class='ocrx_word' id='word_1_217' title='bbox 3063 1288 3185 1330; x_wconf 91' lang='lat' dir='ltr'><strong>cum</strong></span> <span class='ocrx_word' id='word_1_218' title='bbox 3220 1276 3305 1333; x_wconf 92' lang='lat' dir='ltr'><strong>hic</strong></span> <span class='ocrx_word' id='word_1_219' title='bbox 3332 1278 3445 1349; x_wconf 90' lang='lat' dir='ltr'><strong>ipse</strong></span> <span class='ocrx_word' id='word_1_220' title='bbox 3480 1280 3725 1340; x_wconf 85' lang='lat' dir='ltr'><strong>Christus</strong></span> <span class='ocrx_word' id='word_1_221' title='bbox 3761 1295 3884 1344; x_wconf 82' lang='lat' dir='ltr'><strong>tanta</strong></span> 
     </span>
    </p>
   </div>
   <div class='ocr_carea' id='block_1_27' title="bbox 2327 1358 3886 1443">
    <p class='ocr_par' dir='ltr' id='par_1_27' title="bbox 2327 1358 3886 1443">
     <span class='ocr_line' id='line_1_27' title="bbox 2327 1358 3886 1443; baseline 0.013 -30"><span class='ocrx_word' id='word_1_222' title='bbox 2327 1358 2494 1427; x_wconf 84' lang='lat' dir='ltr'><strong>egerit</strong></span> <span class='ocrx_word' id='word_1_223' title='bbox 2524 1358 2683 1427; x_wconf 86' lang='lat' dir='ltr'><strong>bona,</strong></span> <span class='ocrx_word' id='word_1_224' title='bbox 2715 1360 2810 1417; x_wconf 88' lang='lat' dir='ltr'><strong>sed</strong></span> <span class='ocrx_word' id='word_1_225' title='bbox 2843 1371 2899 1418; x_wconf 91' lang='lat' dir='ltr'><strong>ut</strong></span> <span class='ocrx_word' id='word_1_226' title='bbox 2925 1378 3024 1421; x_wconf 88' lang='lat' dir='ltr'><strong>nos</strong></span> <span class='ocrx_word' id='word_1_227' title='bbox 3062 1376 3274 1423; x_wconf 88' lang='lat' dir='ltr'><strong>erueret</strong></span> <span class='ocrx_word' id='word_1_228' title='bbox 3313 1368 3383 1425; x_wconf 90' lang='lat' dir='ltr'><strong>de</strong></span> <span class='ocrx_word' id='word_1_229' title='bbox 3425 1375 3678 1443; x_wconf 70' lang='lat' dir='ltr'><strong>prtesenti</strong></span> <span class='ocrx_word' id='word_1_230' title='bbox 3712 1380 3886 1434; x_wconf 68' lang='lat' dir='ltr'><strong>amento</strong></span> 
     </span>
    </p>
   </div>
   <div class='ocr_carea' id='block_1_28' title="bbox 2318 1448 2509 1502">
    <p class='ocr_par' dir='ltr' id='par_1_28' title="bbox 2318 1448 2509 1502">
     <span class='ocr_line' id='line_1_28' title="bbox 2318 1448 2509 1502; baseline 0 -1"><span class='ocrx_word' id='word_1_231' title='bbox 2318 1448 2459 1502; x_wconf 89' lang='lat' dir='ltr'><strong>malo</strong></span> <span class='ocrx_word' id='word_1_232' title='bbox 2484 1448 2509 1501; x_wconf 77' lang='lat' dir='ltr'><strong>i</strong></span> 
     </span>
    </p>
   </div>
   <div class='ocr_carea' id='block_1_29' title="bbox 2386 1538 3885 1625">
    <p class='ocr_par' dir='ltr' id='par_1_29' title="bbox 2386 1538 3885 1625">
     <span class='ocr_line' id='line_1_29' title="bbox 2386 1538 3885 1625; baseline 0.013 -31"><span class='ocrx_word' id='word_1_233' title='bbox 2386 1538 2614 1596; x_wconf 80' lang='lat' dir='ltr'><strong>CAPUT</strong></span> <span class='ocrx_word' id='word_1_234' title='bbox 2648 1542 2763 1597; x_wconf 80' lang='lat' dir='ltr'><strong>XV.</strong></span> <span class='ocrx_word' id='word_1_235' title='bbox 2795 1574 2864 1586; x_wconf 93' lang='lat'><strong>-</strong></span> <span class='ocrx_word' id='word_1_236' title='bbox 2890 1545 2981 1601; x_wconf 69' lang='lat'><strong>45.</strong></span> <span class='ocrx_word' id='word_1_237' title='bbox 3012 1547 3180 1615; x_wconf 84' lang='lat' dir='ltr'><strong>Quam</strong></span> <span class='ocrx_word' id='word_1_238' title='bbox 3212 1564 3371 1620; x_wconf 83' lang='lat' dir='ltr'><strong>porro</strong></span> <span class='ocrx_word' id='word_1_239' title='bbox 3394 1552 3679 1625; x_wconf 82' lang='lat' dir='ltr'><strong>diligenter</strong></span> <span class='ocrx_word' id='word_1_240' title='bbox 3702 1566 3754 1613; x_wconf 92' lang='lat' dir='ltr'><strong>et</strong></span> <span class='ocrx_word' id='word_1_241' title='bbox 3775 1573 3885 1617; x_wconf 73' lang='lat' dir='ltr'><strong>can-</strong></span> 
     </span>
    </p>
   </div>
   <div class='ocr_carea' id='block_1_30' title="bbox 2314 1638 3882 1718">
    <p class='ocr_par' dir='ltr' id='par_1_30' title="bbox 2314 1638 3882 1718">
     <span class='ocr_line' id='line_1_30' title="bbox 2314 1638 3882 1718; baseline 0.017 -37"><span class='ocrx_word' id='word_1_242' title='bbox 2314 1642 2567 1700; x_wconf 81' lang='lat' dir='ltr'><strong>gruenter</strong></span> <span class='ocrx_word' id='word_1_243' title='bbox 2600 1648 2835 1703; x_wconf 76' lang='lat' dir='ltr'><strong>exponas</strong></span> <span class='ocrx_word' id='word_1_244' title='bbox 2862 1638 3215 1707; x_wconf 82' lang='lat' dir='ltr'><strong>apostolicum</strong></span> <span class='ocrx_word' id='word_1_245' title='bbox 3245 1642 3606 1701; x_wconf 85' lang='lat' dir='ltr'><strong>testimonium</strong></span> <span class='ocrx_word' id='word_1_246' title='bbox 3630 1689 3645 1714; x_wconf 96' lang='lat'><strong>,</strong></span> <span class='ocrx_word' id='word_1_247' title='bbox 3677 1649 3762 1704; x_wconf 92' lang='lat' dir='ltr'><strong>ubi</strong></span> <span class='ocrx_word' id='word_1_248' title='bbox 3788 1652 3882 1718; x_wconf 93' lang='lat' dir='ltr'><strong>ait,</strong></span> 
     </span>
    </p>
   </div>
   <div class='ocr_carea' id='block_1_31' title="bbox 2315 1721 3885 1807">
    <p class='ocr_par' dir='ltr' id='par_1_31' title="bbox 2315 1721 3885 1807">
     <span class='ocr_line' id='line_1_31' title="bbox 2315 1721 3885 1807; baseline 0.012 -30"><span class='ocrx_word' id='word_1_249' title='bbox 2315 1721 2423 1793; x_wconf 83' lang='lat' dir='ltr'><strong>Spe</strong></span> <span class='ocrx_word' id='word_1_250' title='bbox 2468 1724 2597 1777; x_wconf 78' lang='lat' dir='ltr'><strong>salvi</strong></span> <span class='ocrx_word' id='word_1_251' title='bbox 2642 1727 2764 1796; x_wconf 82' lang='lat' dir='ltr'><strong>facti</strong></span> <span class='ocrx_word' id='word_1_252' title='bbox 2806 1744 3014 1795; x_wconf 77' lang='lat' dir='ltr'><strong>sumus,</strong></span> <span class='ocrx_word' id='word_1_253' title='bbox 3063 1740 3117 1785; x_wconf 90' lang='lat' dir='ltr'><strong>et</strong></span> <span class='ocrx_word' id='word_1_254' title='bbox 3156 1743 3347 1788; x_wconf 80' lang='lat' dir='ltr'><strong>czctera</strong></span> <span class='ocrx_word' id='word_1_255' title='bbox 3372 1776 3388 1802; x_wconf 93' lang='lat'><strong>,</strong></span> <span class='ocrx_word' id='word_1_256' title='bbox 3424 1751 3594 1807; x_wconf 89' lang='lat' dir='ltr'><strong>usque</strong></span> <span class='ocrx_word' id='word_1_257' title='bbox 3623 1738 3688 1793; x_wconf 86' lang='lat' dir='ltr'><strong>ad</strong></span> <span class='ocrx_word' id='word_1_258' title='bbox 3713 1741 3885 1795; x_wconf 72' lang='lat' dir='ltr'><strong>redem-</strong></span> 
     </span>
    </p>
   </div>
   <div class='ocr_carea' id='block_1_32' title="bbox 2313 1813 3883 1902">
    <p class='ocr_par' dir='ltr' id='par_1_32' title="bbox 2313 1813 3883 1902">
     <span class='ocr_line' id='line_1_32' title="bbox 2313 1813 3883 1902; baseline 0.014 -37"><span class='ocrx_word' id='word_1_259' title='bbox 2313 1813 2533 1885; x_wconf 66' lang='lat' dir='ltr'><strong>ptionem</strong></span> <span class='ocrx_word' id='word_1_260' title='bbox 2576 1817 2802 1885; x_wconf 78' lang='lat' dir='ltr'><strong>corporis</strong></span> <span class='ocrx_word' id='word_1_261' title='bbox 2848 1820 3007 1873; x_wconf 71' lang='lat' dir='ltr'><strong>nostri</strong></span> <span class='ocrx_word' id='word_1_262' title='bbox 3054 1820 3229 1891; x_wconf 81' lang='lat' dir='ltr'><strong>(Rom.</strong></span> <span class='ocrx_word' id='word_1_263' title='bbox 3272 1839 3400 1891; x_wconf 73' lang='lat' dir='ltr'><strong>vat,</strong></span> <span class='ocrx_word' id='word_1_264' title='bbox 3438 1825 3545 1894; x_wconf 63' lang='lat'><strong>25,</strong></span> <span class='ocrx_word' id='word_1_265' title='bbox 3576 1828 3883 1902; x_wconf 70' lang='lat' dir='ltr'><strong>25),0pera</strong></span> 
     </span>
    </p>
   </div>
   <div class='ocr_carea' id='block_1_33' title="bbox 2313 1904 3884 1989">
    <p class='ocr_par' dir='ltr' id='par_1_33' title="bbox 2313 1904 3884 1989">
     <span class='ocr_line' id='line_1_33' title="bbox 2313 1904 3884 1989; baseline 0.015 -31"><span class='ocrx_word' id='word_1_266' title='bbox 2313 1904 2540 1975; x_wconf 92' lang='lat' dir='ltr'><strong>pretium</strong></span> <span class='ocrx_word' id='word_1_267' title='bbox 2582 1916 2665 1962; x_wconf 91' lang='lat' dir='ltr'><strong>est</strong></span> <span class='ocrx_word' id='word_1_268' title='bbox 2708 1907 2924 1965; x_wconf 89' lang='lat' dir='ltr'><strong>intueri.</strong></span> <span class='ocrx_word' id='word_1_269' title='bbox 2969 1911 3112 1968; x_wconf 85' lang='lat' dir='ltr'><strong>Dicis</strong></span> <span class='ocrx_word' id='word_1_270' title='bbox 3152 1915 3295 1970; x_wconf 91' lang='lat' dir='ltr'><strong>enim</strong></span> <span class='ocrx_word' id='word_1_271' title='bbox 3320 1918 3461 1989; x_wconf 91' lang='lat' dir='ltr'><strong>quod</strong></span> <span class='ocrx_word' id='word_1_272' title='bbox 3499 1938 3518 1972; x_wconf 81' lang='grc' dir='ltr'><strong>ι</strong></span> <span class='ocrx_word' id='word_1_273' title='bbox 3554 1921 3641 1976; x_wconf 84' lang='lat' dir='ltr'><strong>illa</strong></span> <span class='ocrx_word' id='word_1_274' title='bbox 3668 1938 3884 1981; x_wconf 84' lang='lat' dir='ltr'><strong>resurre-</strong></span> 
     </span>
    </p>
   </div>
   <div class='ocr_carea' id='block_1_34' title="bbox 2311 1999 3878 2088">
    <p class='ocr_par' dir='ltr' id='par_1_34' title="bbox 2311 1999 3878 2088">
     <span class='ocr_line' id='line_1_34' title="bbox 2311 1999 3878 2088; baseline 0.013 -35"><span class='ocrx_word' id='word_1_275' title='bbox 2311 1999 2418 2055; x_wconf 91' lang='lat' dir='ltr'><strong>ctio</strong></span> <span class='ocrx_word' id='word_1_276' title='bbox 2459 2015 2565 2054; x_wconf 92' lang='lat' dir='ltr'><strong>non</strong></span> <span class='ocrx_word' id='word_1_277' title='bbox 2604 2012 2819 2071; x_wconf 89' lang='lat' dir='ltr'><strong>peccata</strong></span> <span class='ocrx_word' id='word_1_278' title='bbox 2849 2003 3082 2061; x_wconf 88' lang='lat' dir='ltr'><strong>dimittat</strong></span> <span class='ocrx_word' id='word_1_279' title='bbox 3107 2008 3408 2078; x_wconf 85' lang='lat' dir='ltr'><strong>aliquorum</strong></span> <span class='ocrx_word' id='word_1_280' title='bbox 3433 2054 3450 2082; x_wconf 93' lang='lat'><strong>,</strong></span> <span class='ocrx_word' id='word_1_281' title='bbox 3479 2014 3573 2070; x_wconf 90' lang='lat' dir='ltr'><strong>sed</strong></span> <span class='ocrx_word' id='word_1_282' title='bbox 3600 2027 3840 2088; x_wconf 75' lang='lat' dir='ltr'><strong>expurget</strong></span> <span class='ocrx_word' id='word_1_283' title='bbox 3864 2021 3878 2052; x_wconf 80' lang='grc'>⁸</span> 
     </span>
    </p>
   </div>
   <div class='ocr_carea' id='block_1_35' title="bbox 2310 2090 3878 2180">
    <p class='ocr_par' dir='ltr' id='par_1_35' title="bbox 2310 2090 3878 2180">
     <span class='ocr_line' id='line_1_35' title="bbox 2310 2090 3878 2180; baseline 0.014 -36"><span class='ocrx_word' id='word_1_284' title='bbox 2310 2090 2501 2146; x_wconf 87' lang='lat' dir='ltr'><strong>merita</strong></span> <span class='ocrx_word' id='word_1_285' title='bbox 2523 2092 2872 2163; x_wconf 87' lang='lat' dir='ltr'><strong>singulorum.</strong></span> <span class='ocrx_word' id='word_1_286' title='bbox 2900 2094 3096 2153; x_wconf 81' lang='lat' dir='ltr'><strong>Reddit</strong></span> <span class='ocrx_word' id='word_1_287' title='bbox 3121 2099 3263 2155; x_wconf 89' lang='lat' dir='ltr'><strong>enim</strong></span> <span class='ocrx_word' id='word_1_288' title='bbox 3291 2103 3575 2175; x_wconf 87' lang='lat' dir='ltr'><strong>unicuique</strong></span> <span class='ocrx_word' id='word_1_289' title='bbox 3594 2148 3610 2175; x_wconf 95' lang='lat'><strong>,</strong></span> <span class='ocrx_word' id='word_1_290' title='bbox 3646 2126 3664 2161; x_wconf 78' lang='grc' dir='ltr'><strong>ι</strong></span> <span class='ocrx_word' id='word_1_291' title='bbox 3692 2109 3878 2180; x_wconf 78' lang='lat' dir='ltr'><strong>inpiis,</strong></span> 
     </span>
    </p>
   </div>
   <div class='ocr_carea' id='block_1_36' title="bbox 2315 2184 3879 2265">
    <p class='ocr_par' dir='ltr' id='par_1_36' title="bbox 2315 2184 3879 2265">
     <span class='ocr_line' id='line_1_36' title="bbox 2315 2184 3879 2265; baseline 0.015 -30"><span class='ocrx_word' id='word_1_292' title='bbox 2315 2200 2336 2235; x_wconf 77' lang='grc' dir='ltr'><strong>ι</strong></span> <span class='ocrx_word' id='word_1_293' title='bbox 2367 2184 2659 2240; x_wconf 90' lang='lat' dir='ltr'><strong>secundum</strong></span> <span class='ocrx_word' id='word_1_294' title='bbox 2688 2201 2851 2257; x_wconf 85' lang='lat' dir='ltr'><strong>opera</strong></span> <span class='ocrx_word' id='word_1_295' title='bbox 2872 2204 2968 2245; x_wconf 91' lang='lat' dir='ltr'><strong>sua</strong></span> <span class='ocrx_word' id='word_1_296' title='bbox 2988 2232 3004 2256; x_wconf 93' lang='lat'><strong>,</strong></span> <span class='ocrx_word' id='word_1_297' title='bbox 3038 2207 3059 2242; x_wconf 73' lang='grc' dir='ltr'><strong>ι</strong></span> <span class='ocrx_word' id='word_1_298' title='bbox 3083 2206 3183 2247; x_wconf 91' lang='lat' dir='ltr'><strong>nec</strong></span> <span class='ocrx_word' id='word_1_299' title='bbox 3209 2202 3383 2249; x_wconf 89' lang='lat' dir='ltr'><strong>tamen</strong></span> <span class='ocrx_word' id='word_1_300' title='bbox 3411 2195 3582 2265; x_wconf 91' lang='lat' dir='ltr'><strong>dicis,</strong></span> <span class='ocrx_word' id='word_1_301' title='bbox 3613 2201 3879 2258; x_wconf 84' lang='lat' dir='ltr'><strong>secundum</strong></span> 
     </span>
    </p>
   </div>
   <div class='ocr_carea' id='block_1_37' title="bbox 2310 2281 3880 2364">
    <p class='ocr_par' dir='ltr' id='par_1_37' title="bbox 2310 2281 3880 2364">
     <span class='ocr_line' id='line_1_37' title="bbox 2310 2281 3880 2364; baseline 0.014 -38"><span class='ocrx_word' id='word_1_302' title='bbox 2310 2288 2430 2344; x_wconf 77' lang='lat' dir='ltr'><strong>qua:</strong></span> <span class='ocrx_word' id='word_1_303' title='bbox 2473 2290 2636 2346; x_wconf 89' lang='lat' dir='ltr'><strong>opera</strong></span> <span class='ocrx_word' id='word_1_304' title='bbox 2679 2292 2774 2332; x_wconf 90' lang='lat' dir='ltr'><strong>sua</strong></span> <span class='ocrx_word' id='word_1_305' title='bbox 2815 2294 3036 2350; x_wconf 81' lang='lat' dir='ltr'><strong>regnum</strong></span> <span class='ocrx_word' id='word_1_306' title='bbox 3065 2281 3159 2337; x_wconf 92' lang='lat' dir='ltr'><strong>Dei</strong></span> <span class='ocrx_word' id='word_1_307' title='bbox 3188 2286 3421 2355; x_wconf 82' lang='lat' dir='ltr'><strong>parvulis</strong></span> <span class='ocrx_word' id='word_1_308' title='bbox 3449 2288 3656 2345; x_wconf 89' lang='lat' dir='ltr'><strong>reddat.</strong></span> <span class='ocrx_word' id='word_1_309' title='bbox 3690 2291 3880 2364; x_wconf 83' lang='lat' dir='ltr'><strong>Etpec-</strong></span> 
     </span>
    </p>
   </div>
   <div class='ocr_carea' id='block_1_38' title="bbox 2310 2366 3881 2447">
    <p class='ocr_par' dir='ltr' id='par_1_38' title="bbox 2310 2366 3881 2447">
     <span class='ocr_line' id='line_1_38' title="bbox 2310 2366 3881 2447; baseline 0.015 -30"><span class='ocrx_word' id='word_1_310' title='bbox 2310 2372 2429 2419; x_wconf 89' lang='lat' dir='ltr'><strong>cata</strong></span> <span class='ocrx_word' id='word_1_311' title='bbox 2456 2366 2670 2437; x_wconf 87' lang='lat' dir='ltr'><strong>quidem</strong></span> <span class='ocrx_word' id='word_1_312' title='bbox 2702 2368 2843 2423; x_wconf 87' lang='lat' dir='ltr'><strong>nulla</strong></span> <span class='ocrx_word' id='word_1_313' title='bbox 2874 2371 3216 2428; x_wconf 88' lang='lat' dir='ltr'><strong>remittuntur</strong></span> <span class='ocrx_word' id='word_1_314' title='bbox 3244 2374 3296 2429; x_wconf 91' lang='lat' dir='ltr'><strong>in</strong></span> <span class='ocrx_word' id='word_1_315' title='bbox 3328 2391 3494 2447; x_wconf 83' lang='lat' dir='ltr'><strong>regno</strong></span> <span class='ocrx_word' id='word_1_316' title='bbox 3527 2396 3541 2433; x_wconf 89' lang='lat'><strong>:</strong></span> <span class='ocrx_word' id='word_1_317' title='bbox 3571 2381 3663 2437; x_wconf 88' lang='lat' dir='ltr'><strong>sed</strong></span> <span class='ocrx_word' id='word_1_318' title='bbox 3693 2382 3735 2437; x_wconf 83' lang='lat' dir='ltr'><strong>si</strong></span> <span class='ocrx_word' id='word_1_319' title='bbox 3759 2384 3881 2440; x_wconf 79' lang='lat' dir='ltr'><strong>nulla</strong></span> 
     </span>
    </p>
   </div>
   <div class='ocr_carea' id='block_1_39' title="bbox 2308 2454 3880 2544">
    <p class='ocr_par' dir='ltr' id='par_1_39' title="bbox 2308 2454 3880 2544">
     <span class='ocr_line' id='line_1_39' title="bbox 2308 2454 3880 2544; baseline 0.013 -35"><span class='ocrx_word' id='word_1_320' title='bbox 2308 2454 2709 2511; x_wconf 88' lang='lat' dir='ltr'><strong>remitterentur</strong></span> <span class='ocrx_word' id='word_1_321' title='bbox 2750 2457 2803 2513; x_wconf 92' lang='lat' dir='ltr'><strong>in</strong></span> <span class='ocrx_word' id='word_1_322' title='bbox 2845 2457 3048 2530; x_wconf 92' lang='lat' dir='ltr'><strong>judicio</strong></span> <span class='ocrx_word' id='word_1_323' title='bbox 3089 2462 3182 2518; x_wconf 87' lang='lat' dir='ltr'><strong>illo</strong></span> <span class='ocrx_word' id='word_1_324' title='bbox 3224 2467 3553 2536; x_wconf 85' lang='lat' dir='ltr'><strong>novissimo,</strong></span> <span class='ocrx_word' id='word_1_325' title='bbox 3599 2482 3723 2542; x_wconf 88' lang='lat' dir='ltr'><strong>puto</strong></span> <span class='ocrx_word' id='word_1_326' title='bbox 3757 2474 3880 2544; x_wconf 77' lang='lat' dir='ltr'><strong>quod</strong></span> 
     </span>
    </p>
   </div>
   <div class='ocr_carea' id='block_1_40' title="bbox 2308 2543 3878 2631">
    <p class='ocr_par' dir='ltr' id='par_1_40' title="bbox 2308 2543 3878 2631">
     <span class='ocr_line' id='line_1_40' title="bbox 2308 2543 3878 2631; baseline 0.015 -34"><span class='ocrx_word' id='word_1_327' title='bbox 2308 2543 2567 2600; x_wconf 90' lang='lat' dir='ltr'><strong>Dominus</strong></span> <span class='ocrx_word' id='word_1_328' title='bbox 2606 2563 2709 2602; x_wconf 93' lang='lat' dir='ltr'><strong>non</strong></span> <span class='ocrx_word' id='word_1_329' title='bbox 2751 2547 2972 2607; x_wconf 73' lang='lat' dir='ltr'><strong>dixisset</strong></span> <span class='ocrx_word' id='word_1_330' title='bbox 3012 2551 3079 2607; x_wconf 93' lang='lat' dir='ltr'><strong>de</strong></span> <span class='ocrx_word' id='word_1_331' title='bbox 3116 2554 3343 2623; x_wconf 86' lang='lat' dir='ltr'><strong>quodam</strong></span> <span class='ocrx_word' id='word_1_332' title='bbox 3383 2571 3640 2631; x_wconf 86' lang='lat' dir='ltr'><strong>peccato,</strong></span> <span class='ocrx_word' id='word_1_333' title='bbox 3674 2543 3786 2618; x_wconf 77' lang='lat' dir='ltr'><strong>Non</strong></span> <span class='ocrx_word' id='word_1_334' title='bbox 3808 2581 3878 2620; x_wconf 79' lang='lat' dir='ltr'><strong>n-</strong></span> 
     </span>
    </p>
   </div>
   <div class='ocr_carea' id='block_1_41' title="bbox 2306 2634 3878 2724">
    <p class='ocr_par' dir='ltr' id='par_1_41' title="bbox 2306 2634 3878 2724">
     <span class='ocr_line' id='line_1_41' title="bbox 2306 2634 3878 2724; baseline 0.013 -37"><span class='ocrx_word' id='word_1_335' title='bbox 2306 2634 2532 2689; x_wconf 83' lang='lat' dir='ltr'><strong>mittetur</strong></span> <span class='ocrx_word' id='word_1_336' title='bbox 2570 2653 2733 2708; x_wconf 86' lang='lat' dir='ltr'><strong>neque</strong></span> <span class='ocrx_word' id='word_1_337' title='bbox 2775 2640 2829 2694; x_wconf 83' lang='lat' dir='ltr'><strong>in</strong></span> <span class='ocrx_word' id='word_1_338' title='bbox 2858 2642 2954 2695; x_wconf 86' lang='lat' dir='ltr'><strong>hoc</strong></span> <span class='ocrx_word' id='word_1_339' title='bbox 2979 2644 3197 2711; x_wconf 75' lang='lat' dir='ltr'><strong>swculo,</strong></span> <span class='ocrx_word' id='word_1_340' title='bbox 3224 2663 3381 2715; x_wconf 77' lang='lat' dir='ltr'><strong>neque</strong></span> <span class='ocrx_word' id='word_1_341' title='bbox 3409 2649 3460 2703; x_wconf 83' lang='lat' dir='ltr'><strong>in</strong></span> <span class='ocrx_word' id='word_1_342' title='bbox 3489 2654 3664 2721; x_wconf 77' lang='lat' dir='ltr'><strong>futuro</strong></span> <span class='ocrx_word' id='word_1_343' title='bbox 3688 2654 3878 2724; x_wconf 73' lang='lat' dir='ltr'><strong>(Matth.</strong></span> 
     </span>
    </p>
   </div>
   <div class='ocr_carea' id='block_1_42' title="bbox 2307 2726 3878 2817">
    <p class='ocr_par' dir='ltr' id='par_1_42' title="bbox 2307 2726 3878 2817">
     <span class='ocr_line' id='line_1_42' title="bbox 2307 2726 3878 2817; baseline 0.014 -37"><span class='ocrx_word' id='word_1_344' title='bbox 2307 2741 2417 2817; x_wconf 76' lang='grc' dir='ltr'>ιιιι,</span> <span class='ocrx_word' id='word_1_345' title='bbox 2454 2726 2587 2801; x_wconf 70' lang='lat'><strong>52);</strong></span> <span class='ocrx_word' id='word_1_346' title='bbox 2627 2731 2841 2801; x_wconf 86' lang='lat' dir='ltr'><strong>quando</strong></span> <span class='ocrx_word' id='word_1_347' title='bbox 2878 2733 2977 2789; x_wconf 88' lang='lat' dir='ltr'><strong>sibi</strong></span> <span class='ocrx_word' id='word_1_348' title='bbox 3007 2736 3201 2791; x_wconf 90' lang='lat' dir='ltr'><strong>remitti</strong></span> <span class='ocrx_word' id='word_1_349' title='bbox 3227 2741 3475 2809; x_wconf 86' lang='lat' dir='ltr'><strong>sperabat</strong></span> <span class='ocrx_word' id='word_1_350' title='bbox 3502 2743 3638 2799; x_wconf 88' lang='lat' dir='ltr'><strong>latro</strong></span> <span class='ocrx_word' id='word_1_351' title='bbox 3666 2745 3777 2812; x_wconf 91' lang='lat' dir='ltr'><strong>ille,</strong></span> <span class='ocrx_word' id='word_1_352' title='bbox 3800 2747 3878 2817; x_wconf 90' lang='lat' dir='ltr'><strong>qui</strong></span> 
     </span>
    </p>
   </div>
   <div class='ocr_carea' id='block_1_43' title="bbox 2305 2816 3878 2908">
    <p class='ocr_par' dir='ltr' id='par_1_43' title="bbox 2305 2816 3878 2908">
     <span class='ocr_line' id='line_1_43' title="bbox 2305 2816 3878 2908; baseline 0.013 -36"><span class='ocrx_word' id='word_1_353' title='bbox 2305 2816 2553 2889; x_wconf 79' lang='lat' dir='ltr'><strong>dicebat,</strong></span> <span class='ocrx_word' id='word_1_354' title='bbox 2597 2819 2852 2877; x_wconf 77' lang='lat' dir='ltr'><strong>Memento</strong></span> <span class='ocrx_word' id='word_1_355' title='bbox 2893 2826 3027 2893; x_wconf 83' lang='lat' dir='ltr'><strong>mei,</strong></span> <span class='ocrx_word' id='word_1_356' title='bbox 3070 2845 3185 2881; x_wconf 78' lang='lat' dir='ltr'><strong>cum</strong></span> <span class='ocrx_word' id='word_1_357' title='bbox 3225 2834 3415 2887; x_wconf 69' lang='lat' dir='ltr'><strong>veneris</strong></span> <span class='ocrx_word' id='word_1_358' title='bbox 3449 2834 3502 2888; x_wconf 82' lang='lat' dir='ltr'><strong>in</strong></span> <span class='ocrx_word' id='word_1_359' title='bbox 3529 2853 3736 2908; x_wconf 80' lang='lat' dir='ltr'><strong>regnum</strong></span> <span class='ocrx_word' id='word_1_360' title='bbox 3757 2848 3878 2892; x_wconf 73' lang='lat' dir='ltr'><strong>tuum</strong></span> 
     </span>
    </p>
   </div>
   <div class='ocr_carea' id='block_1_44' title="bbox 2308 2908 3877 2996">
    <p class='ocr_par' dir='ltr' id='par_1_44' title="bbox 2308 2908 3877 2996">
     <span class='ocr_line' id='line_1_44' title="bbox 2308 2908 3877 2996; baseline 0.013 -33"><span class='ocrx_word' id='word_1_361' title='bbox 2308 2908 2459 2984; x_wconf 84' lang='lat' dir='ltr'><strong>(Luc.</strong></span> <span class='ocrx_word' id='word_1_362' title='bbox 2510 2928 2641 2968; x_wconf 77' lang='lat' dir='ltr'><strong>nm</strong></span> <span class='ocrx_word' id='word_1_363' title='bbox 2663 2954 2678 2981; x_wconf 94' lang='lat'><strong>,</strong></span> <span class='ocrx_word' id='word_1_364' title='bbox 2716 2913 2829 2985; x_wconf 68' lang='grc'><strong>42).</strong></span> <span class='ocrx_word' id='word_1_365' title='bbox 2859 2915 2936 2971; x_wconf 91' lang='lat' dir='ltr'><strong>De</strong></span> <span class='ocrx_word' id='word_1_366' title='bbox 2962 2932 3145 2988; x_wconf 86' lang='lat' dir='ltr'><strong>quare</strong></span> <span class='ocrx_word' id='word_1_367' title='bbox 3168 2962 3184 2987; x_wconf 91' lang='lat'><strong>,</strong></span> <span class='ocrx_word' id='word_1_368' title='bbox 3212 2923 3461 2992; x_wconf 88' lang='lat' dir='ltr'><strong>quoniam</strong></span> <span class='ocrx_word' id='word_1_369' title='bbox 3490 2927 3877 2996; x_wconf 78' lang='lat' dir='ltr'><strong>profuntlissima</strong></span> 
     </span>
    </p>
   </div>
   <div class='ocr_carea' id='block_1_45' title="bbox 2304 3003 3875 3087">
    <p class='ocr_par' dir='ltr' id='par_1_45' title="bbox 2304 3003 3875 3087">
     <span class='ocr_line' id='line_1_45' title="bbox 2304 3003 3875 3087; baseline 0.015 -32"><span class='ocrx_word' id='word_1_370' title='bbox 2304 3003 2532 3073; x_wconf 79' lang='lat' dir='ltr'><strong>quaestio</strong></span> <span class='ocrx_word' id='word_1_371' title='bbox 2578 3014 2699 3073; x_wconf 91' lang='lat' dir='ltr'><strong>est,</strong></span> <span class='ocrx_word' id='word_1_372' title='bbox 2742 3022 2846 3062; x_wconf 91' lang='lat' dir='ltr'><strong>non</strong></span> <span class='ocrx_word' id='word_1_373' title='bbox 2888 3018 2972 3063; x_wconf 87' lang='lat' dir='ltr'><strong>est</strong></span> <span class='ocrx_word' id='word_1_374' title='bbox 3011 3010 3170 3066; x_wconf 91' lang='lat' dir='ltr'><strong>modo</strong></span> <span class='ocrx_word' id='word_1_375' title='bbox 3207 3016 3586 3087; x_wconf 68' lang='lat' dir='ltr'><strong>praecipitanda</strong></span> <span class='ocrx_word' id='word_1_376' title='bbox 3614 3021 3875 3078; x_wconf 76' lang='lat' dir='ltr'><strong>sententia.</strong></span> 
     </span>
    </p>
   </div>
   <div class='ocr_carea' id='block_1_46' title="bbox 2304 3091 3875 3172">
    <p class='ocr_par' dir='ltr' id='par_1_46' title="bbox 2304 3091 3875 3172">
     <span class='ocr_line' id='line_1_46' title="bbox 2304 3091 3875 3172; baseline 0.015 -26"><span class='ocrx_word' id='word_1_377' title='bbox 2304 3091 2415 3148; x_wconf 88' lang='lat' dir='ltr'><strong>Cur</strong></span> <span class='ocrx_word' id='word_1_378' title='bbox 2446 3103 2626 3149; x_wconf 84' lang='lat' dir='ltr'><strong>autem</strong></span> <span class='ocrx_word' id='word_1_379' title='bbox 2666 3095 2718 3150; x_wconf 91' lang='lat' dir='ltr'><strong>in</strong></span> <span class='ocrx_word' id='word_1_380' title='bbox 2750 3112 2915 3169; x_wconf 87' lang='lat' dir='ltr'><strong>regno</strong></span> <span class='ocrx_word' id='word_1_381' title='bbox 2944 3100 3088 3155; x_wconf 91' lang='lat' dir='ltr'><strong>nulla</strong></span> <span class='ocrx_word' id='word_1_382' title='bbox 3120 3114 3330 3172; x_wconf 89' lang='lat' dir='ltr'><strong>peccata</strong></span> <span class='ocrx_word' id='word_1_383' title='bbox 3360 3109 3585 3165; x_wconf 90' lang='lat' dir='ltr'><strong>remittit</strong></span> <span class='ocrx_word' id='word_1_384' title='bbox 3616 3113 3748 3168; x_wconf 83' lang='lat' dir='ltr'><strong>Deus</strong></span> <span class='ocrx_word' id='word_1_385' title='bbox 3773 3114 3875 3170; x_wconf 80' lang='lat' dir='ltr'><strong>filiis</strong></span> 
     </span>
    </p>
   </div>
   <div class='ocr_carea' id='block_1_47' title="bbox 2304 3184 3874 3264">
    <p class='ocr_par' dir='ltr' id='par_1_47' title="bbox 2304 3184 3874 3264">
     <span class='ocr_line' id='line_1_47' title="bbox 2304 3184 3874 3264; baseline 0.012 -24"><span class='ocrx_word' id='word_1_386' title='bbox 2304 3184 2446 3253; x_wconf 85' lang='lat' dir='ltr'><strong>suis,</strong></span> <span class='ocrx_word' id='word_1_387' title='bbox 2490 3187 2590 3240; x_wconf 82' lang='lat' dir='ltr'><strong>nisi</strong></span> <span class='ocrx_word' id='word_1_388' title='bbox 2618 3188 2739 3257; x_wconf 88' lang='lat' dir='ltr'><strong>quia</strong></span> <span class='ocrx_word' id='word_1_389' title='bbox 2769 3204 2875 3245; x_wconf 92' lang='lat' dir='ltr'><strong>non</strong></span> <span class='ocrx_word' id='word_1_390' title='bbox 2906 3191 3109 3247; x_wconf 86' lang='lat' dir='ltr'><strong>invenit</strong></span> <span class='ocrx_word' id='word_1_391' title='bbox 3136 3195 3585 3264; x_wconf 61' lang='lat' dir='ltr'><strong>quodtremittat?</strong></span> <span class='ocrx_word' id='word_1_392' title='bbox 3612 3203 3721 3259; x_wconf 83' lang='lat' dir='ltr'><strong>Non</strong></span> <span class='ocrx_word' id='word_1_393' title='bbox 3752 3204 3874 3259; x_wconf 92' lang='lat' dir='ltr'><strong>enim</strong></span> 
     </span>
    </p>
   </div>
   <div class='ocr_carea' id='block_1_48' title="bbox 2303 3278 3873 3357">
    <p class='ocr_par' dir='ltr' id='par_1_48' title="bbox 2303 3278 3873 3357">
     <span class='ocr_line' id='line_1_48' title="bbox 2303 3278 3873 3357; baseline 0.012 -28"><span class='ocrx_word' id='word_1_394' title='bbox 2303 3285 2558 3348; x_wconf 84' lang='lat' dir='ltr'><strong>poterunt</strong></span> <span class='ocrx_word' id='word_1_395' title='bbox 2576 3278 2653 3333; x_wconf 88' lang='lat' dir='ltr'><strong>ibi</strong></span> <span class='ocrx_word' id='word_1_396' title='bbox 2685 3294 2805 3334; x_wconf 91' lang='lat' dir='ltr'><strong>esse</strong></span> <span class='ocrx_word' id='word_1_397' title='bbox 2832 3291 3046 3350; x_wconf 88' lang='lat' dir='ltr'><strong>peccata</strong></span> <span class='ocrx_word' id='word_1_398' title='bbox 3069 3325 3083 3349; x_wconf 95' lang='lat'><strong>,</strong></span> <span class='ocrx_word' id='word_1_399' title='bbox 3116 3286 3203 3340; x_wconf 93' lang='lat' dir='ltr'><strong>ubi</strong></span> <span class='ocrx_word' id='word_1_400' title='bbox 3231 3288 3477 3357; x_wconf 68' lang='lat' dir='ltr'><strong>spiritus,</strong></span> <span class='ocrx_word' id='word_1_401' title='bbox 3513 3307 3619 3347; x_wconf 92' lang='lat' dir='ltr'><strong>non</strong></span> <span class='ocrx_word' id='word_1_402' title='bbox 3646 3294 3758 3349; x_wconf 87' lang='lat' dir='ltr'><strong>dico</strong></span> <span class='ocrx_word' id='word_1_403' title='bbox 3785 3309 3873 3348; x_wconf 91' lang='lat' dir='ltr'><strong>non</strong></span> 
     </span>
    </p>
   </div>
   <div class='ocr_carea' id='block_1_49' title="bbox 2272 3363 3876 3454">
    <p class='ocr_par' dir='ltr' id='par_1_49' title="bbox 2272 3363 3876 3454">
     <span class='ocr_line' id='line_1_49' title="bbox 2272 3363 3876 3454; baseline 0.01 -30"><span class='ocrx_word' id='word_1_404' title='bbox 2272 3363 2279 3369; x_wconf 81' lang='grc'><em>’</em></span> <span class='ocrx_word' id='word_1_405' title='bbox 2303 3367 2571 3424; x_wconf 77' lang='lat' dir='ltr'><strong>consentit</strong></span> <span class='ocrx_word' id='word_1_406' title='bbox 2606 3372 3053 3441; x_wconf 78' lang='lat' dir='ltr'><strong>concupiscentia:</strong></span> <span class='ocrx_word' id='word_1_407' title='bbox 3080 3376 3253 3431; x_wconf 88' lang='lat' dir='ltr'><strong>carnis</strong></span> <span class='ocrx_word' id='word_1_408' title='bbox 3273 3418 3289 3443; x_wconf 93' lang='lat'><strong>,</strong></span> <span class='ocrx_word' id='word_1_409' title='bbox 3320 3377 3415 3433; x_wconf 90' lang='lat' dir='ltr'><strong>sed</strong></span> <span class='ocrx_word' id='word_1_410' title='bbox 3445 3396 3547 3438; x_wconf 81' lang='lat' dir='ltr'><strong>nec</strong></span> <span class='ocrx_word' id='word_1_411' title='bbox 3575 3384 3876 3454; x_wconf 83' lang='lat' dir='ltr'><strong>concupiscit</strong></span> 
     </span>
    </p>
   </div>
   <div class='ocr_carea' id='block_1_50' title="bbox 2304 3459 3874 3545">
    <p class='ocr_par' dir='ltr' id='par_1_50' title="bbox 2304 3459 3874 3545">
     <span class='ocr_line' id='line_1_50' title="bbox 2304 3459 3874 3545; baseline 0.013 -31"><span class='ocrx_word' id='word_1_412' title='bbox 2304 3459 2560 3519; x_wconf 84' lang='lat' dir='ltr'><strong>adversus</strong></span> <span class='ocrx_word' id='word_1_413' title='bbox 2603 3481 2821 3523; x_wconf 89' lang='lat' dir='ltr'><strong>carnem</strong></span> <span class='ocrx_word' id='word_1_414' title='bbox 2844 3508 2860 3535; x_wconf 95' lang='lat'><strong>,</strong></span> <span class='ocrx_word' id='word_1_415' title='bbox 2900 3471 3021 3540; x_wconf 91' lang='lat' dir='ltr'><strong>quia</strong></span> <span class='ocrx_word' id='word_1_416' title='bbox 3053 3488 3152 3529; x_wconf 90' lang='lat' dir='ltr'><strong>nec</strong></span> <span class='ocrx_word' id='word_1_417' title='bbox 3178 3489 3305 3530; x_wconf 91' lang='lat' dir='ltr'><strong>caro</strong></span> <span class='ocrx_word' id='word_1_418' title='bbox 3333 3476 3594 3534; x_wconf 82' lang='lat' dir='ltr'><strong>adversus</strong></span> <span class='ocrx_word' id='word_1_419' title='bbox 3620 3495 3735 3535; x_wconf 91' lang='lat' dir='ltr'><strong>eum</strong></span> <span class='ocrx_word' id='word_1_420' title='bbox 3760 3498 3773 3545; x_wconf 92' lang='lat'><strong>;</strong></span> <span class='ocrx_word' id='word_1_421' title='bbox 3801 3480 3874 3535; x_wconf 80' lang='lat' dir='ltr'><strong>illa</strong></span> 
     </span>
    </p>
   </div>
   <div class='ocr_carea' id='block_1_51' title="bbox 2305 3552 3876 3636">
    <p class='ocr_par' dir='ltr' id='par_1_51' title="bbox 2305 3552 3876 3636">
     <span class='ocr_line' id='line_1_51' title="bbox 2305 3552 3876 3636; baseline 0.013 -27"><span class='ocrx_word' id='word_1_422' title='bbox 2305 3552 2557 3611; x_wconf 86' lang='lat' dir='ltr'><strong>ineﬁ&#39;abili</strong></span> <span class='ocrx_word' id='word_1_423' title='bbox 2601 3559 2769 3616; x_wconf 90' lang='lat' dir='ltr'><strong>salute</strong></span> <span class='ocrx_word' id='word_1_424' title='bbox 2815 3562 3083 3634; x_wconf 85' lang='lat' dir='ltr'><strong>perfecta,</strong></span> <span class='ocrx_word' id='word_1_425' title='bbox 3130 3582 3249 3636; x_wconf 76' lang='lat' dir='ltr'><strong>qua:</strong></span> <span class='ocrx_word' id='word_1_426' title='bbox 3294 3585 3435 3625; x_wconf 89' lang='lat' dir='ltr'><strong>nunc</strong></span> <span class='ocrx_word' id='word_1_427' title='bbox 3471 3587 3581 3628; x_wconf 91' lang='lat' dir='ltr'><strong>non</strong></span> <span class='ocrx_word' id='word_1_428' title='bbox 3620 3573 3682 3627; x_wconf 85' lang='lat' dir='ltr'><strong>fit</strong></span> <span class='ocrx_word' id='word_1_429' title='bbox 3715 3573 3876 3628; x_wconf 70' lang='lat' dir='ltr'><strong>iulia—</strong></span> 
     </span>
    </p>
   </div>
   <div class='ocr_carea' id='block_1_52' title="bbox 2306 3644 3874 3732">
    <p class='ocr_par' dir='ltr' id='par_1_52' title="bbox 2306 3644 3874 3732">
     <span class='ocr_line' id='line_1_52' title="bbox 2306 3644 3874 3732; baseline 0.014 -35"><span class='ocrx_word' id='word_1_430' title='bbox 2306 3644 2502 3714; x_wconf 90' lang='lat' dir='ltr'><strong>ptismo</strong></span> <span class='ocrx_word' id='word_1_431' title='bbox 2527 3688 2541 3713; x_wconf 95' lang='lat'><strong>,</strong></span> <span class='ocrx_word' id='word_1_432' title='bbox 2577 3648 2665 3703; x_wconf 87' lang='lat' dir='ltr'><strong>ubi</strong></span> <span class='ocrx_word' id='word_1_433' title='bbox 2693 3652 3033 3708; x_wconf 86' lang='lat' dir='ltr'><strong>remittuntur</strong></span> <span class='ocrx_word' id='word_1_434' title='bbox 3056 3656 3270 3724; x_wconf 76' lang='lat' dir='ltr'><strong>quidem</strong></span> <span class='ocrx_word' id='word_1_435' title='bbox 3303 3671 3491 3715; x_wconf 89' lang='lat' dir='ltr'><strong>cuncta</strong></span> <span class='ocrx_word' id='word_1_436' title='bbox 3523 3674 3734 3732; x_wconf 85' lang='lat' dir='ltr'><strong>peccata</strong></span> <span class='ocrx_word' id='word_1_437' title='bbox 3754 3706 3768 3731; x_wconf 89' lang='lat'><strong>,</strong></span> <span class='ocrx_word' id='word_1_438' title='bbox 3794 3659 3874 3718; x_wconf 81' lang='lat' dir='ltr'><strong>sed</strong></span> 
     </span>
    </p>
   </div>
   <div class='ocr_carea' id='block_1_53' title="bbox 2305 3743 3874 3821">
    <p class='ocr_par' dir='ltr' id='par_1_53' title="bbox 2305 3743 3874 3821">
     <span class='ocr_line' id='line_1_53' title="bbox 2305 3743 3874 3821; baseline 0.011 -32"><span class='ocrx_word' id='word_1_439' title='bbox 2305 3747 2588 3793; x_wconf 83' lang='lat' dir='ltr'><strong>remanent</strong></span> <span class='ocrx_word' id='word_1_440' title='bbox 2611 3743 2918 3798; x_wconf 76' lang='lat' dir='ltr'><strong>carnalium</strong></span> <span class='ocrx_word' id='word_1_441' title='bbox 2962 3746 3515 3816; x_wconf 71' lang='lat' dir='ltr'><strong>concupiscentiarum</strong></span> <span class='ocrx_word' id='word_1_442' title='bbox 3556 3754 3731 3821; x_wconf 81' lang='lat' dir='ltr'><strong>mala,</strong></span> <span class='ocrx_word' id='word_1_443' title='bbox 3770 3767 3874 3808; x_wconf 87' lang='lat' dir='ltr'><strong>cum</strong></span> 
     </span>
    </p>
   </div>
   <div class='ocr_carea' id='block_1_54' title="bbox 2305 3827 3873 3910">
    <p class='ocr_par' dir='ltr' id='par_1_54' title="bbox 2305 3827 3873 3910">
     <span class='ocr_line' id='line_1_54' title="bbox 2305 3827 3873 3910; baseline 0.011 -30"><span class='ocrx_word' id='word_1_444' title='bbox 2305 3827 2499 3897; x_wconf 85' lang='lat' dir='ltr'><strong>quibus</strong></span> <span class='ocrx_word' id='word_1_445' title='bbox 2537 3839 2657 3900; x_wconf 71' lang='lat' dir='ltr'><strong>post</strong></span> <span class='ocrx_word' id='word_1_446' title='bbox 2695 3832 3022 3903; x_wconf 70' lang='lat' dir='ltr'><strong>Baptismum</strong></span> <span class='ocrx_word' id='word_1_447' title='bbox 3045 3876 3061 3903; x_wconf 93' lang='lat'><strong>,</strong></span> <span class='ocrx_word' id='word_1_448' title='bbox 3101 3838 3145 3892; x_wconf 83' lang='lat' dir='ltr'><strong>si</strong></span> <span class='ocrx_word' id='word_1_449' title='bbox 3192 3846 3368 3894; x_wconf 89' lang='lat' dir='ltr'><strong>tamen</strong></span> <span class='ocrx_word' id='word_1_450' title='bbox 3406 3842 3873 3910; x_wconf 64' lang='lat' dir='ltr'><strong>profuﬁunt,excr-</strong></span> 
     </span>
    </p>
   </div>
   <div class='ocr_carea' id='block_1_55' title="bbox 2305 3920 3876 4005">
    <p class='ocr_par' dir='ltr' id='par_1_55' title="bbox 2305 3920 3876 4005">
     <span class='ocr_line' id='line_1_55' title="bbox 2305 3920 3876 4005; baseline 0.009 -33"><span class='ocrx_word' id='word_1_451' title='bbox 2305 3928 2462 3973; x_wconf 87' lang='lat' dir='ltr'><strong>ceant</strong></span> <span class='ocrx_word' id='word_1_452' title='bbox 2484 3920 2597 3974; x_wconf 83' lang='lat' dir='ltr'><strong>sive</strong></span> <span class='ocrx_word' id='word_1_453' title='bbox 2622 3922 2888 3995; x_wconf 80' lang='lat' dir='ltr'><strong>eonjugati</strong></span> <span class='ocrx_word' id='word_1_454' title='bbox 2911 3925 3140 3994; x_wconf 89' lang='lat' dir='ltr'><strong>gloriosa</strong></span> <span class='ocrx_word' id='word_1_455' title='bbox 3162 3969 3177 3993; x_wconf 92' lang='lat'><strong>,</strong></span> <span class='ocrx_word' id='word_1_456' title='bbox 3210 3929 3322 3983; x_wconf 82' lang='lat' dir='ltr'><strong>sive</strong></span> <span class='ocrx_word' id='word_1_457' title='bbox 3348 3931 3685 3989; x_wconf 82' lang='lat' dir='ltr'><strong>continentes</strong></span> <span class='ocrx_word' id='word_1_458' title='bbox 3702 3932 3876 4005; x_wconf 83' lang='lat' dir='ltr'><strong>glorio-</strong></span> 
     </span>
    </p>
   </div>
   <div class='ocr_carea' id='block_1_56' title="bbox 2303 4007 3871 4095">
    <p class='ocr_par' dir='ltr' id='par_1_56' title="bbox 2303 4007 3871 4095">
     <span class='ocr_line' id='line_1_56' title="bbox 2303 4007 3871 4095; baseline 0.008 -33"><span class='ocrx_word' id='word_1_459' title='bbox 2303 4007 2444 4063; x_wconf 85' lang='lat' dir='ltr'><strong>siora</strong></span> <span class='ocrx_word' id='word_1_460' title='bbox 2484 4011 2772 4067; x_wconf 89' lang='lat' dir='ltr'><strong>certamina</strong></span> <span class='ocrx_word' id='word_1_461' title='bbox 2800 4031 2814 4067; x_wconf 91' lang='lat'><strong>:</strong></span> <span class='ocrx_word' id='word_1_462' title='bbox 2843 4014 2983 4084; x_wconf 90' lang='lat' dir='ltr'><strong>quod</strong></span> <span class='ocrx_word' id='word_1_463' title='bbox 3028 4025 3081 4071; x_wconf 92' lang='lat' dir='ltr'><strong>et</strong></span> <span class='ocrx_word' id='word_1_464' title='bbox 3106 4017 3218 4086; x_wconf 89' lang='lat' dir='ltr'><strong>ipse</strong></span> <span class='ocrx_word' id='word_1_465' title='bbox 3245 4020 3517 4077; x_wconf 88' lang='lat' dir='ltr'><strong>conﬁteris</strong></span> <span class='ocrx_word' id='word_1_466' title='bbox 3544 4022 3769 4095; x_wconf 83' lang='lat' dir='ltr'><strong>(Supra,</strong></span> <span class='ocrx_word' id='word_1_467' title='bbox 3797 4020 3871 4075; x_wconf 73' lang='grc' dir='ltr'>ιιι.</span> 
     </span>
    </p>
   </div>
   <div class='ocr_carea' id='block_1_57' title="bbox 2304 4099 3875 4187">
    <p class='ocr_par' dir='ltr' id='par_1_57' title="bbox 2304 4099 3875 4187">
     <span class='ocr_line' id='line_1_57' title="bbox 2304 4099 3875 4187; baseline 0.01 -33"><span class='ocrx_word' id='word_1_468' title='bbox 2304 4099 2432 4162; x_wconf 70' lang='lat'><strong>3,21.</strong></span> <span class='ocrx_word' id='word_1_469' title='bbox 2462 4101 2554 4173; x_wconf 68' lang='grc'><strong>42)</strong></span> <span class='ocrx_word' id='word_1_470' title='bbox 2575 4120 2588 4166; x_wconf 88' lang='grc'><strong>;</strong></span> <span class='ocrx_word' id='word_1_471' title='bbox 2612 4104 2704 4159; x_wconf 87' lang='lat' dir='ltr'><strong>sed</strong></span> <span class='ocrx_word' id='word_1_472' title='bbox 2729 4107 2907 4162; x_wconf 90' lang='lat' dir='ltr'><strong>nescio</strong></span> <span class='ocrx_word' id='word_1_473' title='bbox 2928 4124 3030 4177; x_wconf 87' lang='lat' dir='ltr'><strong>qua</strong></span> <span class='ocrx_word' id='word_1_474' title='bbox 3056 4110 3520 4183; x_wconf 89' lang='lat' dir='ltr'><strong>miseria,qnando</strong></span> <span class='ocrx_word' id='word_1_475' title='bbox 3547 4131 3645 4187; x_wconf 88' lang='lat' dir='ltr'><strong>pro</strong></span> <span class='ocrx_word' id='word_1_476' title='bbox 3678 4117 3875 4172; x_wconf 80' lang='lat' dir='ltr'><strong>veritate</strong></span> 
     </span>
    </p>
   </div>
   <div class='ocr_carea' id='block_1_58' title="bbox 2304 4191 3283 4267">
    <p class='ocr_par' dir='ltr' id='par_1_58' title="bbox 2304 4191 3283 4267">
     <span class='ocr_line' id='line_1_58' title="bbox 2304 4191 3283 4267; baseline 0.009 -21"><span class='ocrx_word' id='word_1_477' title='bbox 2304 4191 2537 4263; x_wconf 77' lang='lat' dir='ltr'><strong>loqueris</strong></span> <span class='ocrx_word' id='word_1_478' title='bbox 2561 4236 2574 4261; x_wconf 95' lang='lat'><strong>,</strong></span> <span class='ocrx_word' id='word_1_479' title='bbox 2606 4204 2729 4250; x_wconf 90' lang='lat' dir='ltr'><strong>tunc</strong></span> <span class='ocrx_word' id='word_1_480' title='bbox 2759 4205 2809 4251; x_wconf 94' lang='lat' dir='ltr'><strong>te</strong></span> <span class='ocrx_word' id='word_1_481' title='bbox 2841 4198 2956 4267; x_wconf 87' lang='lat' dir='ltr'><strong>ipse</strong></span> <span class='ocrx_word' id='word_1_482' title='bbox 2983 4215 3085 4253; x_wconf 92' lang='lat' dir='ltr'><strong>non</strong></span> <span class='ocrx_word' id='word_1_483' title='bbox 3113 4200 3283 4256; x_wconf 88' lang='lat' dir='ltr'><strong>audis.</strong></span> 
     </span>
    </p>
   </div>
   <div class='ocr_carea' id='block_1_59' title="bbox 2376 4286 3873 4362">
    <p class='ocr_par' dir='ltr' id='par_1_59' title="bbox 2376 4286 3873 4362">
     <span class='ocr_line' id='line_1_59' title="bbox 2376 4286 3873 4362; baseline 0.008 -22"><span class='ocrx_word' id='word_1_484' title='bbox 2376 4286 2467 4341; x_wconf 70' lang='grc'><strong>46.</strong></span> <span class='ocrx_word' id='word_1_485' title='bbox 2508 4286 2829 4344; x_wconf 80' lang='lat' dir='ltr'><strong>Describens</strong></span> <span class='ocrx_word' id='word_1_486' title='bbox 2857 4291 3053 4362; x_wconf 89' lang='lat' dir='ltr'><strong>quippe</strong></span> <span class='ocrx_word' id='word_1_487' title='bbox 3079 4294 3221 4348; x_wconf 88' lang='lat' dir='ltr'><strong>illam</strong></span> <span class='ocrx_word' id='word_1_488' title='bbox 3253 4311 3514 4352; x_wconf 84' lang='lat' dir='ltr'><strong>summam</strong></span> <span class='ocrx_word' id='word_1_489' title='bbox 3545 4299 3873 4355; x_wconf 60' lang='lat' dir='ltr'><strong>resurrectio.</strong></span> 
     </span>
    </p>
   </div>
   <div class='ocr_carea' id='block_1_60' title="bbox 2305 4378 3870 4462">
    <p class='ocr_par' dir='ltr' id='par_1_60' title="bbox 2305 4378 3870 4462">
     <span class='ocr_line' id='line_1_60' title="bbox 2305 4378 3870 4462; baseline 0.006 -28"><span class='ocrx_word' id='word_1_490' title='bbox 2305 4378 2389 4434; x_wconf 86' lang='lat' dir='ltr'><strong>nis</strong></span> <span class='ocrx_word' id='word_1_491' title='bbox 2429 4378 2766 4449; x_wconf 84' lang='lat' dir='ltr'><strong>felicitatem,</strong></span> <span class='ocrx_word' id='word_1_492' title='bbox 2812 4382 2976 4449; x_wconf 85' lang='lat' dir='ltr'><strong>dicis,</strong></span> <span class='ocrx_word' id='word_1_493' title='bbox 3025 4388 3061 4437; x_wconf 72' lang='grc' dir='ltr'>ι’</span> <span class='ocrx_word' id='word_1_494' title='bbox 3087 4388 3354 4442; x_wconf 88' lang='lat' dir='ltr'><strong>neminem</strong></span> <span class='ocrx_word' id='word_1_495' title='bbox 3395 4391 3505 4457; x_wconf 81' lang='lat' dir='ltr'><strong>jam</strong></span> <span class='ocrx_word' id='word_1_496' title='bbox 3536 4393 3607 4446; x_wconf 91' lang='lat' dir='ltr'><strong>ibi</strong></span> <span class='ocrx_word' id='word_1_497' title='bbox 3629 4393 3870 4462; x_wconf 77' lang='lat' dir='ltr'><strong>justnrum</strong></span> 
     </span>
    </p>
   </div>
   <div class='ocr_carea' id='block_1_61' title="bbox 2305 4470 3870 4552">
    <p class='ocr_par' dir='ltr' id='par_1_61' title="bbox 2305 4470 3870 4552">
     <span class='ocr_line' id='line_1_61' title="bbox 2305 4470 3870 4552; baseline 0.008 -27"><span class='ocrx_word' id='word_1_498' title='bbox 2305 4470 2521 4526; x_wconf 72' lang='lat' dir='ltr'><strong>lividum</strong></span> <span class='ocrx_word' id='word_1_499' title='bbox 2564 4471 2739 4528; x_wconf 86' lang='lat' dir='ltr'><strong>facere</strong></span> <span class='ocrx_word' id='word_1_500' title='bbox 2776 4488 2971 4543; x_wconf 86' lang='lat' dir='ltr'><strong>corpus</strong></span> <span class='ocrx_word' id='word_1_501' title='bbox 3010 4490 3199 4541; x_wconf 87' lang='lat' dir='ltr'><strong>suum,</strong></span> <span class='ocrx_word' id='word_1_502' title='bbox 3230 4489 3293 4533; x_wconf 82' lang='lat' dir='ltr'><strong>et</strong></span> <span class='ocrx_word' id='word_1_503' title='bbox 3326 4483 3566 4538; x_wconf 76' lang='lat' dir='ltr'><strong>servituti</strong></span> <span class='ocrx_word' id='word_1_504' title='bbox 3593 4485 3870 4552; x_wconf 79' lang='lat' dir='ltr'><strong>subjicere;</strong></span> 
     </span>
    </p>
   </div>
   <div class='ocr_carea' id='block_1_62' title="bbox 2308 4562 3874 4643">
    <p class='ocr_par' dir='ltr' id='par_1_62' title="bbox 2308 4562 3874 4643">
     <span class='ocr_line' id='line_1_62' title="bbox 2308 4562 3874 4643; baseline 0.008 -26"><span class='ocrx_word' id='word_1_505' title='bbox 2308 4564 2573 4619; x_wconf 88' lang='lat' dir='ltr'><strong>neminem</strong></span> <span class='ocrx_word' id='word_1_506' title='bbox 2594 4562 2877 4621; x_wconf 84' lang='lat' dir='ltr'><strong>humiliore</strong></span> <span class='ocrx_word' id='word_1_507' title='bbox 2894 4568 3133 4624; x_wconf 85' lang='lat' dir='ltr'><strong>animam</strong></span> <span class='ocrx_word' id='word_1_508' title='bbox 3162 4586 3310 4626; x_wconf 86' lang='lat' dir='ltr'><strong>suam</strong></span> <span class='ocrx_word' id='word_1_509' title='bbox 3338 4576 3518 4628; x_wconf 83' lang='lat' dir='ltr'><strong>stratis</strong></span> <span class='ocrx_word' id='word_1_510' title='bbox 3543 4575 3692 4631; x_wconf 88' lang='lat' dir='ltr'><strong>duris</strong></span> <span class='ocrx_word' id='word_1_511' title='bbox 3711 4586 3759 4630; x_wconf 91' lang='lat' dir='ltr'><strong>et</strong></span> <span class='ocrx_word' id='word_1_512' title='bbox 3783 4589 3874 4643; x_wconf 71' lang='lat' dir='ltr'><strong>pm-</strong></span> 
     </span>
    </p>
   </div>
   <div class='ocr_carea' id='block_1_63' title="bbox 2305 4655 3874 4736">
    <p class='ocr_par' dir='ltr' id='par_1_63' title="bbox 2305 4655 3874 4736">
     <span class='ocr_line' id='line_1_63' title="bbox 2305 4655 3874 4736; baseline 0.006 -26"><span class='ocrx_word' id='word_1_513' title='bbox 2305 4655 2439 4711; x_wconf 88' lang='lat' dir='ltr'><strong>derc</strong></span> <span class='ocrx_word' id='word_1_514' title='bbox 2483 4657 2865 4712; x_wconf 89' lang='lat' dir='ltr'><strong>membrorum.</strong></span> <span class='ocrx_word' id='word_1_515' title='bbox 2915 4678 2934 4713; x_wconf 79' lang='grc' dir='ltr'><strong>ι</strong></span> <span class='ocrx_word' id='word_1_516' title='bbox 2979 4660 3263 4731; x_wconf 78' lang='lat' dir='ltr'><strong>Responde</strong></span> <span class='ocrx_word' id='word_1_517' title='bbox 3303 4680 3433 4736; x_wconf 84' lang='lat' dir='ltr'><strong>ergo</strong></span> <span class='ocrx_word' id='word_1_518' title='bbox 3458 4682 3555 4722; x_wconf 85' lang='lat' dir='ltr'><strong>cur</strong></span> <span class='ocrx_word' id='word_1_519' title='bbox 3584 4668 3666 4724; x_wconf 91' lang='lat' dir='ltr'><strong>hic</strong></span> <span class='ocrx_word' id='word_1_520' title='bbox 3693 4670 3783 4723; x_wconf 89' lang='lat' dir='ltr'><strong>ista</strong></span> <span class='ocrx_word' id='word_1_521' title='bbox 3810 4665 3874 4720; x_wconf 83' lang='lat' dir='ltr'><strong>fa-</strong></span> 
     </span>
    </p>
   </div>
   <div class='ocr_carea' id='block_1_64' title="bbox 2307 4745 3874 4822">
    <p class='ocr_par' dir='ltr' id='par_1_64' title="bbox 2307 4745 3874 4822">
     <span class='ocr_line' id='line_1_64' title="bbox 2307 4745 3874 4822; baseline 0.006 -22"><span class='ocrx_word' id='word_1_522' title='bbox 2307 4745 2413 4800; x_wconf 88' lang='lat' dir='ltr'><strong>ciat</strong></span> <span class='ocrx_word' id='word_1_523' title='bbox 2437 4788 2450 4809; x_wconf 93' lang='lat'><strong>,</strong></span> <span class='ocrx_word' id='word_1_524' title='bbox 2477 4747 2566 4816; x_wconf 91' lang='lat' dir='ltr'><strong>qui</strong></span> <span class='ocrx_word' id='word_1_525' title='bbox 2594 4748 2738 4803; x_wconf 88' lang='lat' dir='ltr'><strong>omni</strong></span> <span class='ocrx_word' id='word_1_526' title='bbox 2766 4750 2907 4804; x_wconf 82' lang='lat' dir='ltr'><strong>male</strong></span> <span class='ocrx_word' id='word_1_527' title='bbox 2934 4751 2986 4804; x_wconf 89' lang='lat' dir='ltr'><strong>in</strong></span> <span class='ocrx_word' id='word_1_528' title='bbox 3014 4751 3341 4822; x_wconf 81' lang='lat' dir='ltr'><strong>Ba‘ptismate</strong></span> <span class='ocrx_word' id='word_1_529' title='bbox 3369 4760 3540 4811; x_wconf 85' lang='lat' dir='ltr'><strong>caruit</strong></span> <span class='ocrx_word' id='word_1_530' title='bbox 3568 4777 3581 4812; x_wconf 90' lang='lat'>:</span> <span class='ocrx_word' id='word_1_531' title='bbox 3613 4775 3708 4814; x_wconf 85' lang='lat' dir='ltr'><strong>cur</strong></span> <span class='ocrx_word' id='word_1_532' title='bbox 3732 4757 3874 4812; x_wconf 84' lang='lat' dir='ltr'><strong>audet</strong></span> 
     </span>
    </p>
   </div>
   <div class='ocr_carea' id='block_1_65' title="bbox 2307 4832 3874 4917">
    <p class='ocr_par' dir='ltr' id='par_1_65' title="bbox 2307 4832 3874 4917">
     <span class='ocr_line' id='line_1_65' title="bbox 2307 4832 3874 4917; baseline 0.007 -27"><span class='ocrx_word' id='word_1_533' title='bbox 2307 4834 2526 4890; x_wconf 81' lang='lat' dir='ltr'><strong>lividum</strong></span> <span class='ocrx_word' id='word_1_534' title='bbox 2568 4835 2743 4894; x_wconf 87' lang='lat' dir='ltr'><strong>facere</strong></span> <span class='ocrx_word' id='word_1_535' title='bbox 2782 4840 3035 4910; x_wconf 88' lang='lat' dir='ltr'><strong>templum</strong></span> <span class='ocrx_word' id='word_1_536' title='bbox 3082 4832 3221 4897; x_wconf 67' lang='lat' dir='ltr'><strong>Dci?</strong></span> <span class='ocrx_word' id='word_1_537' title='bbox 3262 4845 3451 4902; x_wconf 86' lang='lat' dir='ltr'><strong>Nonne</strong></span> <span class='ocrx_word' id='word_1_538' title='bbox 3493 4850 3728 4904; x_wconf 87' lang='lat' dir='ltr'><strong>membra</strong></span> <span class='ocrx_word' id='word_1_539' title='bbox 3772 4848 3874 4917; x_wconf 87' lang='lat' dir='ltr'><strong>ejus</strong></span> 
     </span>
    </p>
   </div>
   <div class='ocr_carea' id='block_1_66' title="bbox 616 1730 2211 1803">
    <p class='ocr_par' dir='ltr' id='par_1_66' title="bbox 616 1730 2211 1803">
     <span class='ocr_line' id='line_1_66' title="bbox 616 1730 2211 1803; baseline 0.001 -17"><span class='ocrx_word' id='word_1_540' title='bbox 616 1747 782 1803; x_wconf 76' lang='lat' dir='ltr'><strong>grave</strong></span> <span class='ocrx_word' id='word_1_541' title='bbox 809 1730 1037 1786; x_wconf 91' lang='lat' dir='ltr'><strong>ﬁliorum</strong></span> <span class='ocrx_word' id='word_1_542' title='bbox 1070 1732 1237 1788; x_wconf 77' lang='lat' dir='ltr'><strong>Adam</strong></span> <span class='ocrx_word' id='word_1_543' title='bbox 1265 1734 1455 1788; x_wconf 90' lang='lat' dir='ltr'><strong>merito</strong></span> <span class='ocrx_word' id='word_1_544' title='bbox 1483 1733 1750 1803; x_wconf 88' lang='lat' dir='ltr'><strong>pertinere</strong></span> <span class='ocrx_word' id='word_1_545' title='bbox 1774 1749 1789 1800; x_wconf 92' lang='lat'><strong>;</strong></span> <span class='ocrx_word' id='word_1_546' title='bbox 1815 1744 1869 1789; x_wconf 92' lang='lat' dir='ltr'><strong>et</strong></span> <span class='ocrx_word' id='word_1_547' title='bbox 1889 1749 1953 1790; x_wconf 79' lang='lat' dir='ltr'><strong>ex</strong></span> <span class='ocrx_word' id='word_1_548' title='bbox 1982 1733 2066 1789; x_wconf 91' lang='lat' dir='ltr'><strong>his</strong></span> <span class='ocrx_word' id='word_1_549' title='bbox 2093 1748 2211 1788; x_wconf 90' lang='lat' dir='ltr'><strong>om-</strong></span> 
     </span>
    </p>
   </div>
   <div class='ocr_carea' id='block_1_67' title="bbox 619 1821 2208 1902">
    <p class='ocr_par' dir='ltr' id='par_1_67' title="bbox 619 1821 2208 1902">
     <span class='ocr_line' id='line_1_67' title="bbox 619 1821 2208 1902; baseline 0.001 -25"><span class='ocrx_word' id='word_1_550' title='bbox 619 1836 719 1877; x_wconf 87' lang='lat' dir='ltr'><strong>nes</strong></span> <span class='ocrx_word' id='word_1_551' title='bbox 753 1821 890 1877; x_wconf 90' lang='lat' dir='ltr'><strong>ﬁlios</strong></span> <span class='ocrx_word' id='word_1_552' title='bbox 934 1823 1119 1893; x_wconf 72' lang='lat' dir='ltr'><strong>gratia:</strong></span> <span class='ocrx_word' id='word_1_553' title='bbox 1150 1824 1442 1895; x_wconf 75' lang='lat' dir='ltr'><strong>Spiritualis</strong></span> <span class='ocrx_word' id='word_1_554' title='bbox 1476 1824 1850 1896; x_wconf 74' lang='lat' dir='ltr'><strong>undecumque</strong></span> <span class='ocrx_word' id='word_1_555' title='bbox 1886 1835 2208 1902; x_wconf 63' lang='lat' dir='ltr'><strong>nascagtnr,</strong></span> 
     </span>
    </p>
   </div>
   <div class='ocr_carea' id='block_1_68' title="bbox 615 1911 2208 1987">
    <p class='ocr_par' dir='ltr' id='par_1_68' title="bbox 615 1911 2208 1987">
     <span class='ocr_line' id='line_1_68' title="bbox 615 1911 2208 1987; baseline 0.003 -21"><span class='ocrx_word' id='word_1_556' title='bbox 615 1911 683 1968; x_wconf 80' lang='lat' dir='ltr'><strong>ad</strong></span> <span class='ocrx_word' id='word_1_557' title='bbox 711 1912 896 1984; x_wconf 80' lang='lat' dir='ltr'><strong>jugum</strong></span> <span class='ocrx_word' id='word_1_558' title='bbox 927 1929 1089 1971; x_wconf 84' lang='lat' dir='ltr'><strong>suave</strong></span> <span class='ocrx_word' id='word_1_559' title='bbox 1128 1916 1359 1972; x_wconf 84' lang='lat' dir='ltr'><strong>ﬁliorum</strong></span> <span class='ocrx_word' id='word_1_560' title='bbox 1388 1915 1483 1971; x_wconf 89' lang='lat' dir='ltr'><strong>Dei</strong></span> <span class='ocrx_word' id='word_1_561' title='bbox 1515 1917 1633 1972; x_wconf 90' lang='lat' dir='ltr'><strong>sine</strong></span> <span class='ocrx_word' id='word_1_562' title='bbox 1674 1916 1867 1972; x_wconf 91' lang='lat' dir='ltr'><strong>merito</strong></span> <span class='ocrx_word' id='word_1_563' title='bbox 1905 1916 2208 1987; x_wconf 82' lang='lat' dir='ltr'><strong>pervenire.</strong></span> 
     </span>
    </p>
   </div>
   <div class='ocr_carea' id='block_1_69' title="bbox 616 2004 2211 2081">
    <p class='ocr_par' dir='ltr' id='par_1_69' title="bbox 616 2004 2211 2081">
     <span class='ocr_line' id='line_1_69' title="bbox 616 2004 2211 2081; baseline -0.001 -15"><span class='ocrx_word' id='word_1_564' title='bbox 616 2004 850 2066; x_wconf 71' lang='lat' dir='ltr'><strong>Proinde</strong></span> <span class='ocrx_word' id='word_1_565' title='bbox 890 2005 1250 2064; x_wconf 82' lang='lat' dir='ltr'><strong>conditionem</strong></span> <span class='ocrx_word' id='word_1_566' title='bbox 1310 2023 1461 2064; x_wconf 87' lang='lat' dir='ltr'><strong>suam</strong></span> <span class='ocrx_word' id='word_1_567' title='bbox 1521 2010 1699 2081; x_wconf 85' lang='lat' dir='ltr'><strong>gerit,</strong></span> <span class='ocrx_word' id='word_1_568' title='bbox 1756 2010 1844 2081; x_wconf 89' lang='lat' dir='ltr'><strong>qui</strong></span> <span class='ocrx_word' id='word_1_569' title='bbox 1892 2011 1946 2064; x_wconf 86' lang='lat' dir='ltr'><strong>in</strong></span> <span class='ocrx_word' id='word_1_570' title='bbox 1990 2008 2211 2064; x_wconf 88' lang='lat' dir='ltr'><strong>alterius</strong></span> 
     </span>
    </p>
   </div>
   <div class='ocr_carea' id='block_1_70' title="bbox 617 2099 2212 2173">
    <p class='ocr_par' dir='ltr' id='par_1_70' title="bbox 617 2099 2212 2173">
     <span class='ocr_line' id='line_1_70' title="bbox 617 2099 2212 2173; baseline 0.001 -18"><span class='ocrx_word' id='word_1_571' title='bbox 617 2114 847 2170; x_wconf 72' lang='lat' dir='ltr'><strong>corpore</strong></span> <span class='ocrx_word' id='word_1_572' title='bbox 867 2142 883 2167; x_wconf 92' lang='lat'><strong>,</strong></span> <span class='ocrx_word' id='word_1_573' title='bbox 912 2099 1053 2171; x_wconf 87' lang='lat' dir='ltr'><strong>quod</strong></span> <span class='ocrx_word' id='word_1_574' title='bbox 1084 2109 1169 2157; x_wconf 90' lang='lat' dir='ltr'><strong>est</strong></span> <span class='ocrx_word' id='word_1_575' title='bbox 1208 2102 1465 2173; x_wconf 88' lang='lat' dir='ltr'><strong>templum</strong></span> <span class='ocrx_word' id='word_1_576' title='bbox 1496 2101 1625 2165; x_wconf 90' lang='lat' dir='ltr'><strong>Dei,</strong></span> <span class='ocrx_word' id='word_1_577' title='bbox 1657 2102 1728 2157; x_wconf 90' lang='lat' dir='ltr'><strong>ita</strong></span> <span class='ocrx_word' id='word_1_578' title='bbox 1759 2100 2109 2167; x_wconf 89' lang='lat' dir='ltr'><strong>construitur,</strong></span> <span class='ocrx_word' id='word_1_579' title='bbox 2153 2110 2212 2157; x_wconf 92' lang='lat' dir='ltr'><strong>ut</strong></span> 
     </span>
    </p>
   </div>
   <div class='ocr_carea' id='block_1_71' title="bbox 616 2190 2208 2266">
    <p class='ocr_par' dir='ltr' id='par_1_71' title="bbox 616 2190 2208 2266">
     <span class='ocr_line' id='line_1_71' title="bbox 616 2190 2208 2266; baseline 0.003 -22"><span class='ocrx_word' id='word_1_580' title='bbox 616 2206 725 2245; x_wconf 84' lang='lat' dir='ltr'><strong>non</strong></span> <span class='ocrx_word' id='word_1_581' title='bbox 764 2190 884 2246; x_wconf 90' lang='lat' dir='ltr'><strong>ideo</strong></span> <span class='ocrx_word' id='word_1_582' title='bbox 921 2191 989 2246; x_wconf 91' lang='lat' dir='ltr'><strong>sit</strong></span> <span class='ocrx_word' id='word_1_583' title='bbox 1010 2202 1070 2248; x_wconf 85' lang='lat' dir='ltr'><strong>et</strong></span> <span class='ocrx_word' id='word_1_584' title='bbox 1099 2193 1211 2263; x_wconf 89' lang='lat' dir='ltr'><strong>ipse</strong></span> <span class='ocrx_word' id='word_1_585' title='bbox 1238 2194 1491 2264; x_wconf 85' lang='lat' dir='ltr'><strong>templum</strong></span> <span class='ocrx_word' id='word_1_586' title='bbox 1518 2193 1646 2261; x_wconf 91' lang='lat' dir='ltr'><strong>Dei,</strong></span> <span class='ocrx_word' id='word_1_587' title='bbox 1671 2194 1796 2266; x_wconf 91' lang='lat' dir='ltr'><strong>quia</strong></span> <span class='ocrx_word' id='word_1_588' title='bbox 1820 2192 2116 2249; x_wconf 85' lang='lat' dir='ltr'><strong>aediﬁcatur</strong></span> <span class='ocrx_word' id='word_1_589' title='bbox 2152 2193 2208 2249; x_wconf 90' lang='lat' dir='ltr'><strong>in</strong></span> 
     </span>
    </p>
   </div>
   <div class='ocr_carea' id='block_1_72' title="bbox 615 2280 2205 2355">
    <p class='ocr_par' dir='ltr' id='par_1_72' title="bbox 615 2280 2205 2355">
     <span class='ocr_line' id='line_1_72' title="bbox 615 2280 2205 2355; baseline 0.002 -21"><span class='ocrx_word' id='word_1_590' title='bbox 615 2282 816 2351; x_wconf 88' lang='lat' dir='ltr'><strong>templo</strong></span> <span class='ocrx_word' id='word_1_591' title='bbox 852 2280 966 2337; x_wconf 90' lang='lat' dir='ltr'><strong>Dei.</strong></span> <span class='ocrx_word' id='word_1_592' title='bbox 1014 2281 1194 2337; x_wconf 83' lang='lat' dir='ltr'><strong>Matris</strong></span> <span class='ocrx_word' id='word_1_593' title='bbox 1224 2284 1421 2355; x_wconf 86' lang='lat' dir='ltr'><strong>quippe</strong></span> <span class='ocrx_word' id='word_1_594' title='bbox 1458 2298 1654 2354; x_wconf 89' lang='lat' dir='ltr'><strong>corpus</strong></span> <span class='ocrx_word' id='word_1_595' title='bbox 1682 2292 1739 2339; x_wconf 91' lang='lat' dir='ltr'><strong>ut</strong></span> <span class='ocrx_word' id='word_1_596' title='bbox 1772 2291 1919 2340; x_wconf 82' lang='lat' dir='ltr'><strong>esset</strong></span> <span class='ocrx_word' id='word_1_597' title='bbox 1952 2284 2205 2353; x_wconf 87' lang='lat' dir='ltr'><strong>templum</strong></span> 
     </span>
    </p>
   </div>
   <div class='ocr_carea' id='block_1_73' title="bbox 614 2368 2206 2445">
    <p class='ocr_par' dir='ltr' id='par_1_73' title="bbox 614 2368 2206 2445">
     <span class='ocr_line' id='line_1_73' title="bbox 614 2368 2206 2445; baseline 0.003 -19"><span class='ocrx_word' id='word_1_598' title='bbox 614 2368 750 2439; x_wconf 83' lang='lat' dir='ltr'><strong>Dei,</strong></span> <span class='ocrx_word' id='word_1_599' title='bbox 779 2370 963 2441; x_wconf 78' lang='lat' dir='ltr'><strong>gratia:</strong></span> <span class='ocrx_word' id='word_1_600' title='bbox 992 2370 1309 2428; x_wconf 83' lang='lat' dir='ltr'><strong>beneﬁcium</strong></span> <span class='ocrx_word' id='word_1_601' title='bbox 1337 2382 1440 2441; x_wconf 89' lang='lat' dir='ltr'><strong>est,</strong></span> <span class='ocrx_word' id='word_1_602' title='bbox 1470 2389 1575 2428; x_wconf 85' lang='lat' dir='ltr'><strong>non</strong></span> <span class='ocrx_word' id='word_1_603' title='bbox 1604 2381 1808 2430; x_wconf 75' lang='lat' dir='ltr'><strong>natura:</strong></span> <span class='ocrx_word' id='word_1_604' title='bbox 1835 2391 1849 2428; x_wconf 93' lang='lat'><strong>:</strong></span> <span class='ocrx_word' id='word_1_605' title='bbox 1878 2389 1999 2445; x_wconf 62' lang='lat' dir='ltr'><strong>quae</strong></span> <span class='ocrx_word' id='word_1_606' title='bbox 2040 2375 2206 2445; x_wconf 85' lang='lat' dir='ltr'><strong>gratia</strong></span> 
     </span>
    </p>
   </div>
   <div class='ocr_carea' id='block_1_74' title="bbox 621 2464 2206 2536">
    <p class='ocr_par' dir='ltr' id='par_1_74' title="bbox 621 2464 2206 2536">
     <span class='ocr_line' id='line_1_74' title="bbox 621 2464 2206 2536; baseline 0.001 -14"><span class='ocrx_word' id='word_1_607' title='bbox 621 2476 734 2522; x_wconf 76' lang='lat' dir='ltr'><strong>non</strong></span> <span class='ocrx_word' id='word_1_608' title='bbox 762 2465 1112 2533; x_wconf 77' lang='lat' dir='ltr'><strong>conceptione</strong></span> <span class='ocrx_word' id='word_1_609' title='bbox 1134 2505 1150 2531; x_wconf 91' lang='lat'><strong>,</strong></span> <span class='ocrx_word' id='word_1_610' title='bbox 1181 2464 1275 2521; x_wconf 90' lang='lat' dir='ltr'><strong>sed</strong></span> <span class='ocrx_word' id='word_1_611' title='bbox 1317 2466 1721 2536; x_wconf 85' lang='lat' dir='ltr'><strong>regeneratione</strong></span> <span class='ocrx_word' id='word_1_612' title='bbox 1746 2464 2044 2525; x_wconf 83' lang='lat' dir='ltr'><strong>confertur.</strong></span> <span class='ocrx_word' id='word_1_613' title='bbox 2074 2468 2206 2524; x_wconf 88' lang='lat' dir='ltr'><strong>Nam</strong></span> 
     </span>
    </p>
   </div>
   <div class='ocr_carea' id='block_1_75' title="bbox 544 2553 2209 2637">
    <p class='ocr_par' dir='ltr' id='par_1_75' title="bbox 544 2553 2209 2637">
     <span class='ocr_line' id='line_1_75' title="bbox 544 2553 2209 2637; baseline 0.005 -29"><span class='ocrx_word' id='word_1_614' title='bbox 544 2627 553 2637; x_wconf 37' lang='lat'><strong><em>.</em></strong></span> <span class='ocrx_word' id='word_1_615' title='bbox 613 2553 660 2609; x_wconf 89' lang='lat' dir='ltr'><strong>si</strong></span> <span class='ocrx_word' id='word_1_616' title='bbox 682 2554 750 2609; x_wconf 89' lang='lat' dir='ltr'><strong>ad</strong></span> <span class='ocrx_word' id='word_1_617' title='bbox 776 2553 963 2611; x_wconf 80' lang='lat' dir='ltr'><strong>matris</strong></span> <span class='ocrx_word' id='word_1_618' title='bbox 992 2569 1187 2627; x_wconf 86' lang='lat' dir='ltr'><strong>corpus</strong></span> <span class='ocrx_word' id='word_1_619' title='bbox 1214 2555 1265 2612; x_wconf 88' lang='lat' dir='ltr'><strong>id</strong></span> <span class='ocrx_word' id='word_1_620' title='bbox 1303 2558 1444 2629; x_wconf 88' lang='lat' dir='ltr'><strong>quod</strong></span> <span class='ocrx_word' id='word_1_621' title='bbox 1479 2557 1531 2614; x_wconf 95' lang='lat' dir='ltr'><strong>in</strong></span> <span class='ocrx_word' id='word_1_622' title='bbox 1561 2574 1624 2614; x_wconf 89' lang='lat' dir='ltr'><strong>ea</strong></span> <span class='ocrx_word' id='word_1_623' title='bbox 1651 2560 1949 2632; x_wconf 89' lang='lat' dir='ltr'><strong>concipitur</strong></span> <span class='ocrx_word' id='word_1_624' title='bbox 1975 2562 2209 2631; x_wconf 78' lang='lat' dir='ltr'><strong>pertine-</strong></span> 
     </span>
    </p>
   </div>
   <div class='ocr_carea' id='block_1_76' title="bbox 612 2647 2208 2725">
    <p class='ocr_par' dir='ltr' id='par_1_76' title="bbox 612 2647 2208 2725">
     <span class='ocr_line' id='line_1_76' title="bbox 612 2647 2208 2725; baseline 0.006 -24"><span class='ocrx_word' id='word_1_625' title='bbox 612 2653 733 2713; x_wconf 85' lang='lat' dir='ltr'><strong>ret,</strong></span> <span class='ocrx_word' id='word_1_626' title='bbox 766 2647 838 2703; x_wconf 87' lang='lat' dir='ltr'><strong>ita</strong></span> <span class='ocrx_word' id='word_1_627' title='bbox 874 2655 932 2703; x_wconf 89' lang='lat' dir='ltr'><strong>u&#39;t</strong></span> <span class='ocrx_word' id='word_1_628' title='bbox 973 2647 1091 2719; x_wconf 85' lang='lat' dir='ltr'><strong>ejus</strong></span> <span class='ocrx_word' id='word_1_629' title='bbox 1130 2664 1252 2720; x_wconf 90' lang='lat' dir='ltr'><strong>pars</strong></span> <span class='ocrx_word' id='word_1_630' title='bbox 1278 2650 1626 2721; x_wconf 88' lang='lat' dir='ltr'><strong>deputaretur</strong></span> <span class='ocrx_word' id='word_1_631' title='bbox 1666 2670 1681 2718; x_wconf 89' lang='lat'><strong>;</strong></span> <span class='ocrx_word' id='word_1_632' title='bbox 1712 2669 1817 2708; x_wconf 91' lang='lat' dir='ltr'><strong>non</strong></span> <span class='ocrx_word' id='word_1_633' title='bbox 1848 2653 2208 2725; x_wconf 86' lang='lat' dir='ltr'><strong>baptizaretur</strong></span> 
     </span>
    </p>
   </div>
   <div class='ocr_carea' id='block_1_77' title="bbox 613 2734 2204 2814">
    <p class='ocr_par' dir='ltr' id='par_1_77' title="bbox 613 2734 2204 2814">
     <span class='ocr_line' id='line_1_77' title="bbox 613 2734 2204 2814; baseline 0.003 -19"><span class='ocrx_word' id='word_1_634' title='bbox 613 2734 794 2795; x_wconf 80' lang='lat' dir='ltr'><strong>infans</strong></span> <span class='ocrx_word' id='word_1_635' title='bbox 818 2780 834 2807; x_wconf 95' lang='lat'><strong>,</strong></span> <span class='ocrx_word' id='word_1_636' title='bbox 880 2741 1035 2809; x_wconf 72' lang='lat' dir='ltr'><strong>cujus</strong></span> <span class='ocrx_word' id='word_1_637' title='bbox 1068 2750 1240 2796; x_wconf 87' lang='lat' dir='ltr'><strong>mater</strong></span> <span class='ocrx_word' id='word_1_638' title='bbox 1268 2741 1529 2812; x_wconf 88' lang='lat' dir='ltr'><strong>baptizata</strong></span> <span class='ocrx_word' id='word_1_639' title='bbox 1570 2753 1651 2798; x_wconf 91' lang='lat' dir='ltr'><strong>est</strong></span> <span class='ocrx_word' id='word_1_640' title='bbox 1676 2743 1856 2814; x_wconf 89' lang='lat' dir='ltr'><strong>aliquo</strong></span> <span class='ocrx_word' id='word_1_641' title='bbox 1895 2745 2081 2801; x_wconf 89' lang='lat' dir='ltr'><strong>mortis</strong></span> <span class='ocrx_word' id='word_1_642' title='bbox 2111 2761 2204 2800; x_wconf 88' lang='lat' dir='ltr'><strong>ur-</strong></span> 
     </span>
    </p>
   </div>
   <div class='ocr_carea' id='block_1_78' title="bbox 609 2830 2205 2904">
    <p class='ocr_par' dir='ltr' id='par_1_78' title="bbox 609 2830 2205 2904">
     <span class='ocr_line' id='line_1_78' title="bbox 609 2830 2205 2904; baseline 0.006 -20"><span class='ocrx_word' id='word_1_643' title='bbox 609 2836 769 2900; x_wconf 81' lang='lat' dir='ltr'><strong>gente</strong></span> <span class='ocrx_word' id='word_1_644' title='bbox 811 2830 1048 2901; x_wconf 90' lang='lat' dir='ltr'><strong>periculo</strong></span> <span class='ocrx_word' id='word_1_645' title='bbox 1072 2872 1087 2900; x_wconf 93' lang='lat'><strong>,</strong></span> <span class='ocrx_word' id='word_1_646' title='bbox 1125 2846 1247 2887; x_wconf 89' lang='lat' dir='ltr'><strong>cum</strong></span> <span class='ocrx_word' id='word_1_647' title='bbox 1287 2846 1412 2888; x_wconf 86' lang='lat' dir='ltr'><strong>eum</strong></span> <span class='ocrx_word' id='word_1_648' title='bbox 1459 2842 1693 2904; x_wconf 80' lang='lat' dir='ltr'><strong>gestaret</strong></span> <span class='ocrx_word' id='word_1_649' title='bbox 1732 2834 1787 2890; x_wconf 86' lang='lat' dir='ltr'><strong>in</strong></span> <span class='ocrx_word' id='word_1_650' title='bbox 1837 2844 2010 2893; x_wconf 91' lang='lat' dir='ltr'><strong>utero.</strong></span> <span class='ocrx_word' id='word_1_651' title='bbox 2050 2835 2205 2893; x_wconf 85' lang='lat' dir='ltr'><strong>Nunc</strong></span> 
     </span>
    </p>
   </div>
   <div class='ocr_carea' id='block_1_79' title="bbox 611 2922 2203 2997">
    <p class='ocr_par' dir='ltr' id='par_1_79' title="bbox 611 2922 2203 2997">
     <span class='ocr_line' id='line_1_79' title="bbox 611 2922 2203 2997; baseline 0.004 -20"><span class='ocrx_word' id='word_1_652' title='bbox 611 2936 741 2977; x_wconf 84' lang='lat' dir='ltr'><strong>vero</strong></span> <span class='ocrx_word' id='word_1_653' title='bbox 770 2936 891 2978; x_wconf 91' lang='lat' dir='ltr'><strong>cum</strong></span> <span class='ocrx_word' id='word_1_654' title='bbox 934 2922 1094 2978; x_wconf 78' lang='lat' dir='ltr'><strong>etiam</strong></span> <span class='ocrx_word' id='word_1_655' title='bbox 1140 2923 1254 2996; x_wconf 90' lang='lat' dir='ltr'><strong>ipse</strong></span> <span class='ocrx_word' id='word_1_656' title='bbox 1284 2922 1582 2996; x_wconf 82' lang='lat' dir='ltr'><strong>baptizatur</strong></span> <span class='ocrx_word' id='word_1_657' title='bbox 1602 2967 1615 2990; x_wconf 86' lang='lat'><strong>,</strong></span> <span class='ocrx_word' id='word_1_658' title='bbox 1650 2941 1755 2981; x_wconf 90' lang='lat' dir='ltr'><strong>non</strong></span> <span class='ocrx_word' id='word_1_659' title='bbox 1797 2925 1978 2997; x_wconf 90' lang='lat' dir='ltr'><strong>utique</strong></span> <span class='ocrx_word' id='word_1_660' title='bbox 2001 2926 2083 2982; x_wconf 86' lang='lat' dir='ltr'><strong>bis</strong></span> <span class='ocrx_word' id='word_1_661' title='bbox 2105 2927 2203 2983; x_wconf 87' lang='lat' dir='ltr'><strong>ba-</strong></span> 
     </span>
    </p>
   </div>
   <div class='ocr_carea' id='block_1_80' title="bbox 609 3011 2199 3090">
    <p class='ocr_par' dir='ltr' id='par_1_80' title="bbox 609 3011 2199 3090">
     <span class='ocr_line' id='line_1_80' title="bbox 609 3011 2199 3090; baseline 0.005 -22"><span class='ocrx_word' id='word_1_662' title='bbox 609 3012 835 3084; x_wconf 84' lang='lat' dir='ltr'><strong>ptizatus</strong></span> <span class='ocrx_word' id='word_1_663' title='bbox 860 3013 1159 3071; x_wconf 85' lang='lat' dir='ltr'><strong>habebitur.</strong></span> <span class='ocrx_word' id='word_1_664' title='bbox 1200 3011 1315 3072; x_wconf 84' lang='lat' dir='ltr'><strong>Non</strong></span> <span class='ocrx_word' id='word_1_665' title='bbox 1349 3017 1523 3087; x_wconf 88' lang='lat' dir='ltr'><strong>itaque</strong></span> <span class='ocrx_word' id='word_1_666' title='bbox 1546 3018 1613 3073; x_wconf 83' lang='lat' dir='ltr'><strong>ad</strong></span> <span class='ocrx_word' id='word_1_667' title='bbox 1640 3027 1940 3074; x_wconf 87' lang='lat' dir='ltr'><strong>maternum</strong></span> <span class='ocrx_word' id='word_1_668' title='bbox 1963 3035 2160 3090; x_wconf 89' lang='lat' dir='ltr'><strong>corpus</strong></span> <span class='ocrx_word' id='word_1_669' title='bbox 2176 3058 2199 3089; x_wconf 86' lang='lat'><strong>,</strong></span> 
     </span>
    </p>
   </div>
   <div class='ocr_carea' id='block_1_81' title="bbox 606 3103 2204 3176">
    <p class='ocr_par' dir='ltr' id='par_1_81' title="bbox 606 3103 2204 3176">
     <span class='ocr_line' id='line_1_81' title="bbox 606 3103 2204 3176; baseline 0.004 -19"><span class='ocrx_word' id='word_1_670' title='bbox 606 3116 730 3157; x_wconf 92' lang='lat' dir='ltr'><strong>cum</strong></span> <span class='ocrx_word' id='word_1_671' title='bbox 757 3112 899 3159; x_wconf 87' lang='lat' dir='ltr'><strong>esset</strong></span> <span class='ocrx_word' id='word_1_672' title='bbox 923 3103 974 3159; x_wconf 93' lang='lat' dir='ltr'><strong>in</strong></span> <span class='ocrx_word' id='word_1_673' title='bbox 1012 3113 1195 3173; x_wconf 89' lang='lat' dir='ltr'><strong>utero,</strong></span> <span class='ocrx_word' id='word_1_674' title='bbox 1225 3105 1519 3176; x_wconf 76' lang='lat' dir='ltr'><strong>pertinebat</strong></span> <span class='ocrx_word' id='word_1_675' title='bbox 1552 3125 1565 3161; x_wconf 92' lang='lat'>:</span> <span class='ocrx_word' id='word_1_676' title='bbox 1599 3116 1655 3162; x_wconf 91' lang='lat' dir='ltr'><strong>ct</strong></span> <span class='ocrx_word' id='word_1_677' title='bbox 1699 3116 1877 3163; x_wconf 91' lang='lat' dir='ltr'><strong>tamen</strong></span> <span class='ocrx_word' id='word_1_678' title='bbox 1920 3110 2204 3164; x_wconf 89' lang='lat' dir='ltr'><strong>creabatur</strong></span> 
     </span>
    </p>
   </div>
   <div class='ocr_carea' id='block_1_82' title="bbox 610 3195 2201 3268">
    <p class='ocr_par' dir='ltr' id='par_1_82' title="bbox 610 3195 2201 3268">
     <span class='ocr_line' id='line_1_82' title="bbox 610 3195 2201 3268; baseline 0.006 -19"><span class='ocrx_word' id='word_1_679' title='bbox 610 3196 662 3249; x_wconf 64' lang='lat' dir='ltr'><strong>in</strong></span> <span class='ocrx_word' id='word_1_680' title='bbox 695 3196 891 3267; x_wconf 88' lang='lat' dir='ltr'><strong>templo</strong></span> <span class='ocrx_word' id='word_1_681' title='bbox 921 3195 1012 3251; x_wconf 89' lang='lat' dir='ltr'><strong>Dei</strong></span> <span class='ocrx_word' id='word_1_682' title='bbox 1055 3214 1159 3252; x_wconf 90' lang='lat' dir='ltr'><strong>non</strong></span> <span class='ocrx_word' id='word_1_683' title='bbox 1198 3200 1452 3268; x_wconf 82' lang='lat' dir='ltr'><strong>templum</strong></span> <span class='ocrx_word' id='word_1_684' title='bbox 1481 3199 1593 3255; x_wconf 89' lang='lat' dir='ltr'><strong>Dei.</strong></span> <span class='ocrx_word' id='word_1_685' title='bbox 1628 3199 1700 3255; x_wconf 84' lang='lat' dir='ltr'><strong>Ita</strong></span> <span class='ocrx_word' id='word_1_686' title='bbox 1736 3202 1791 3255; x_wconf 89' lang='lat' dir='ltr'><strong>in</strong></span> <span class='ocrx_word' id='word_1_687' title='bbox 1827 3200 2023 3255; x_wconf 87' lang='lat' dir='ltr'><strong>femina</strong></span> <span class='ocrx_word' id='word_1_688' title='bbox 2060 3201 2201 3258; x_wconf 89' lang='lat' dir='ltr'><strong>ﬁdeli</strong></span> 
     </span>
    </p>
   </div>
   <div class='ocr_carea' id='block_1_83' title="bbox 618 3288 2201 3360">
    <p class='ocr_par' dir='ltr' id='par_1_83' title="bbox 618 3288 2201 3360">
     <span class='ocr_line' id='line_1_83' title="bbox 618 3288 2201 3360; baseline 0.004 -19"><span class='ocrx_word' id='word_1_689' title='bbox 618 3297 819 3343; x_wconf 72' lang='lat' dir='ltr'><strong>:reatus</strong></span> <span class='ocrx_word' id='word_1_690' title='bbox 846 3296 927 3343; x_wconf 86' lang='lat' dir='ltr'><strong>est</strong></span> <span class='ocrx_word' id='word_1_691' title='bbox 950 3288 1211 3355; x_wconf 83' lang='lat' dir='ltr'><strong>infidelis,</strong></span> <span class='ocrx_word' id='word_1_692' title='bbox 1239 3299 1290 3344; x_wconf 90' lang='lat' dir='ltr'><strong>et</strong></span> <span class='ocrx_word' id='word_1_693' title='bbox 1320 3290 1371 3344; x_wconf 89' lang='lat' dir='ltr'><strong>in</strong></span> <span class='ocrx_word' id='word_1_694' title='bbox 1396 3307 1516 3345; x_wconf 82' lang='lat' dir='ltr'><strong>eum</strong></span> <span class='ocrx_word' id='word_1_695' title='bbox 1546 3301 1792 3360; x_wconf 75' lang='lat' dir='ltr'><strong>parentes</strong></span> <span class='ocrx_word' id='word_1_696' title='bbox 1832 3292 2201 3348; x_wconf 83' lang='lat' dir='ltr'><strong>infidelitatem</strong></span> 
     </span>
    </p>
   </div>
   <div class='ocr_carea' id='block_1_84' title="bbox 622 3379 2204 3455">
    <p class='ocr_par' dir='ltr' id='par_1_84' title="bbox 622 3379 2204 3455">
     <span class='ocr_line' id='line_1_84' title="bbox 622 3379 2204 3455; baseline 0.008 -27"><span class='ocrx_word' id='word_1_697' title='bbox 622 3379 975 3455; x_wconf 65' lang='lat' dir='ltr'><strong>rajeccrunt,</strong></span> <span class='ocrx_word' id='word_1_698' title='bbox 1018 3396 1177 3451; x_wconf 88' lang='lat' dir='ltr'><strong>quam</strong></span> <span class='ocrx_word' id='word_1_699' title='bbox 1226 3396 1331 3437; x_wconf 92' lang='lat' dir='ltr'><strong>non</strong></span> <span class='ocrx_word' id='word_1_700' title='bbox 1378 3380 1649 3438; x_wconf 64' lang='lat' dir='ltr'><strong>habebant</strong></span> <span class='ocrx_word' id='word_1_701' title='bbox 1700 3383 1913 3454; x_wconf 88' lang='lat' dir='ltr'><strong>quando</strong></span> <span class='ocrx_word' id='word_1_702' title='bbox 1955 3399 2020 3440; x_wconf 81' lang='lat' dir='ltr'><strong>ex</strong></span> <span class='ocrx_word' id='word_1_703' title='bbox 2070 3383 2204 3454; x_wconf 84' lang='lat' dir='ltr'><strong>ipsis</strong></span> 
     </span>
    </p>
   </div>
   <div class='ocr_carea' id='block_1_85' title="bbox 607 3471 2203 3546">
    <p class='ocr_par' dir='ltr' id='par_1_85' title="bbox 607 3471 2203 3546">
     <span class='ocr_line' id='line_1_85' title="bbox 607 3471 2203 3546; baseline 0.006 -20"><span class='ocrx_word' id='word_1_704' title='bbox 607 3477 765 3527; x_wconf 69' lang='lat' dir='ltr'><strong>natus</strong></span> <span class='ocrx_word' id='word_1_705' title='bbox 794 3481 905 3537; x_wconf 83' lang='lat' dir='ltr'><strong>eSt,</strong></span> <span class='ocrx_word' id='word_1_706' title='bbox 937 3471 1031 3527; x_wconf 88' lang='lat' dir='ltr'><strong>sed</strong></span> <span class='ocrx_word' id='word_1_707' title='bbox 1074 3481 1197 3527; x_wconf 93' lang='lat' dir='ltr'><strong>tunc</strong></span> <span class='ocrx_word' id='word_1_708' title='bbox 1223 3471 1492 3528; x_wconf 79' lang='lat' dir='ltr'><strong>habebant</strong></span> <span class='ocrx_word' id='word_1_709' title='bbox 1518 3474 1729 3545; x_wconf 82' lang='lat' dir='ltr'><strong>quando</strong></span> <span class='ocrx_word' id='word_1_710' title='bbox 1750 3484 1804 3531; x_wconf 90' lang='lat' dir='ltr'><strong>et</strong></span> <span class='ocrx_word' id='word_1_711' title='bbox 1829 3475 1928 3546; x_wconf 88' lang='lat' dir='ltr'><strong>ipsi</strong></span> <span class='ocrx_word' id='word_1_712' title='bbox 1952 3476 2203 3535; x_wconf 83' lang='lat' dir='ltr'><strong>similiter</strong></span> 
     </span>
    </p>
   </div>
   <div class='ocr_carea' id='block_1_86' title="bbox 606 3561 2202 3638">
    <p class='ocr_par' dir='ltr' id='par_1_86' title="bbox 606 3561 2202 3638">
     <span class='ocr_line' id='line_1_86' title="bbox 606 3561 2202 3638; baseline 0.006 -23"><span class='ocrx_word' id='word_1_713' title='bbox 606 3561 718 3621; x_wconf 83' lang='lat' dir='ltr'><strong>nati</strong></span> <span class='ocrx_word' id='word_1_714' title='bbox 759 3570 903 3618; x_wconf 86' lang='lat' dir='ltr'><strong>sunt.</strong></span> <span class='ocrx_word' id='word_1_715' title='bbox 955 3562 1307 3633; x_wconf 82' lang='lat' dir='ltr'><strong>Trajecerunt</strong></span> <span class='ocrx_word' id='word_1_716' title='bbox 1346 3580 1507 3635; x_wconf 82' lang='lat' dir='ltr'><strong>ergo,</strong></span> <span class='ocrx_word' id='word_1_717' title='bbox 1537 3566 1675 3636; x_wconf 91' lang='lat' dir='ltr'><strong>quod</strong></span> <span class='ocrx_word' id='word_1_718' title='bbox 1692 3564 1809 3638; x_wconf 64' lang='lat' dir='ltr'><strong>&#39;jzun</strong></span> <span class='ocrx_word' id='word_1_719' title='bbox 1859 3582 1964 3622; x_wconf 91' lang='lat' dir='ltr'><strong>non</strong></span> <span class='ocrx_word' id='word_1_720' title='bbox 2000 3578 2117 3624; x_wconf 83' lang='lat' dir='ltr'><strong>erat</strong></span> <span class='ocrx_word' id='word_1_721' title='bbox 2147 3568 2202 3625; x_wconf 86' lang='lat' dir='ltr'><strong>in</strong></span> 
     </span>
    </p>
   </div>
   <div class='ocr_carea' id='block_1_87' title="bbox 606 3654 2200 3729">
    <p class='ocr_par' dir='ltr' id='par_1_87' title="bbox 606 3654 2200 3729">
     <span class='ocr_line' id='line_1_87' title="bbox 606 3654 2200 3729; baseline 0.004 -20"><span class='ocrx_word' id='word_1_722' title='bbox 606 3654 727 3723; x_wconf 82' lang='lat' dir='ltr'><strong>eis,</strong></span> <span class='ocrx_word' id='word_1_723' title='bbox 766 3662 983 3728; x_wconf 87' lang='lat' dir='ltr'><strong>propter</strong></span> <span class='ocrx_word' id='word_1_724' title='bbox 1020 3670 1203 3711; x_wconf 89' lang='lat' dir='ltr'><strong>semen</strong></span> <span class='ocrx_word' id='word_1_725' title='bbox 1241 3656 1515 3727; x_wconf 86' lang='lat' dir='ltr'><strong>spirituale</strong></span> <span class='ocrx_word' id='word_1_726' title='bbox 1551 3673 1655 3728; x_wconf 90' lang='lat' dir='ltr'><strong>quo</strong></span> <span class='ocrx_word' id='word_1_727' title='bbox 1686 3659 1982 3729; x_wconf 88' lang='lat' dir='ltr'><strong>regenerati</strong></span> <span class='ocrx_word' id='word_1_728' title='bbox 2026 3670 2153 3716; x_wconf 89' lang='lat' dir='ltr'><strong>sunt</strong></span> <span class='ocrx_word' id='word_1_729' title='bbox 2185 3677 2200 3728; x_wconf 89' lang='lat'><strong>;</strong></span> 
     </span>
    </p>
   </div>
   <div class='ocr_carea' id='block_1_88' title="bbox 607 3745 2202 3823">
    <p class='ocr_par' dir='ltr' id='par_1_88' title="bbox 607 3745 2202 3823">
     <span class='ocr_line' id='line_1_88' title="bbox 607 3745 2202 3823; baseline 0.003 -21"><span class='ocrx_word' id='word_1_730' title='bbox 607 3745 704 3803; x_wconf 88' lang='lat' dir='ltr'><strong>sed</strong></span> <span class='ocrx_word' id='word_1_731' title='bbox 747 3756 861 3803; x_wconf 92' lang='lat' dir='ltr'><strong>erat</strong></span> <span class='ocrx_word' id='word_1_732' title='bbox 894 3748 945 3803; x_wconf 91' lang='lat' dir='ltr'><strong>in</strong></span> <span class='ocrx_word' id='word_1_733' title='bbox 977 3761 1164 3804; x_wconf 88' lang='lat' dir='ltr'><strong>eorum</strong></span> <span class='ocrx_word' id='word_1_734' title='bbox 1206 3748 1405 3804; x_wconf 87' lang='lat' dir='ltr'><strong>carnali</strong></span> <span class='ocrx_word' id='word_1_735' title='bbox 1430 3752 1634 3805; x_wconf 88' lang='lat' dir='ltr'><strong>semine</strong></span> <span class='ocrx_word' id='word_1_736' title='bbox 1654 3792 1669 3817; x_wconf 93' lang='lat'><strong>,</strong></span> <span class='ocrx_word' id='word_1_737' title='bbox 1694 3765 1801 3821; x_wconf 84' lang='lat' dir='ltr'><strong>quo</strong></span> <span class='ocrx_word' id='word_1_738' title='bbox 1826 3765 1947 3807; x_wconf 87' lang='lat' dir='ltr'><strong>cum</strong></span> <span class='ocrx_word' id='word_1_739' title='bbox 1979 3766 2202 3823; x_wconf 87' lang='lat' dir='ltr'><strong>genera-</strong></span> 
     </span>
    </p>
   </div>
   <div class='ocr_carea' id='block_1_89' title="bbox 610 3848 823 3895">
    <p class='ocr_par' dir='ltr' id='par_1_89' title="bbox 610 3848 823 3895">
     <span class='ocr_line' id='line_1_89' title="bbox 610 3848 823 3895; baseline 0 -2"><span class='ocrx_word' id='word_1_740' title='bbox 610 3848 823 3895; x_wconf 79' lang='lat' dir='ltr'><strong>verunt.</strong></span> 
     </span>
    </p>
   </div>
   <div class='ocr_carea' id='block_1_90' title="bbox 679 3930 2198 4002">
    <p class='ocr_par' dir='ltr' id='par_1_90' title="bbox 679 3930 2198 4002">
     <span class='ocr_line' id='line_1_90' title="bbox 679 3930 2198 4002; baseline 0.003 -16"><span class='ocrx_word' id='word_1_741' title='bbox 679 3930 769 3986; x_wconf 67' lang='grc' dir='ltr'><strong>Η.</strong></span> <span class='ocrx_word' id='word_1_742' title='bbox 809 3930 1062 3997; x_wconf 81' lang='lat' dir='ltr'><strong>Quamvis</strong></span> <span class='ocrx_word' id='word_1_743' title='bbox 1090 3931 1267 4001; x_wconf 89' lang='lat' dir='ltr'><strong>itaque</strong></span> <span class='ocrx_word' id='word_1_744' title='bbox 1302 3946 1456 3987; x_wconf 89' lang='lat' dir='ltr'><strong>sacro</strong></span> <span class='ocrx_word' id='word_1_745' title='bbox 1483 3931 1810 4002; x_wconf 86' lang='lat' dir='ltr'><strong>Baptismate</strong></span> <span class='ocrx_word' id='word_1_746' title='bbox 1834 3934 2198 3991; x_wconf 82' lang='lat' dir='ltr'><strong>sanctiﬁcetur</strong></span> 
     </span>
    </p>
   </div>
   <div class='ocr_carea' id='block_1_91' title="bbox 608 4020 2192 4095">
    <p class='ocr_par' dir='ltr' id='par_1_91' title="bbox 608 4020 2192 4095">
     <span class='ocr_line' id='line_1_91' title="bbox 608 4020 2192 4095; baseline 0.001 -16"><span class='ocrx_word' id='word_1_747' title='bbox 608 4030 664 4079; x_wconf 86' lang='lat' dir='ltr'><strong>et</strong></span> <span class='ocrx_word' id='word_1_748' title='bbox 691 4034 885 4092; x_wconf 90' lang='lat' dir='ltr'><strong>corpus</strong></span> <span class='ocrx_word' id='word_1_749' title='bbox 915 4037 931 4086; x_wconf 91' lang='lat'><strong>;</strong></span> <span class='ocrx_word' id='word_1_750' title='bbox 956 4020 1020 4075; x_wconf 89' lang='lat' dir='ltr'><strong>ad</strong></span> <span class='ocrx_word' id='word_1_751' title='bbox 1048 4022 1150 4078; x_wconf 90' lang='lat' dir='ltr'><strong>hoc</strong></span> <span class='ocrx_word' id='word_1_752' title='bbox 1167 4032 1344 4077; x_wconf 89' lang='lat' dir='ltr'><strong>tamen</strong></span> <span class='ocrx_word' id='word_1_753' title='bbox 1366 4024 1729 4078; x_wconf 86' lang='lat' dir='ltr'><strong>sanctiﬁcatur</strong></span> <span class='ocrx_word' id='word_1_754' title='bbox 1752 4064 1766 4088; x_wconf 94' lang='lat'><strong>,</strong></span> <span class='ocrx_word' id='word_1_755' title='bbox 1797 4034 1854 4079; x_wconf 93' lang='lat' dir='ltr'><strong>ut</strong></span> <span class='ocrx_word' id='word_1_756' title='bbox 1880 4040 1975 4095; x_wconf 89' lang='lat' dir='ltr'><strong>per</strong></span> <span class='ocrx_word' id='word_1_757' title='bbox 2000 4027 2192 4081; x_wconf 87' lang='lat' dir='ltr'><strong>remis-</strong></span> 
     </span>
    </p>
   </div>
   <div class='ocr_carea' id='block_1_92' title="bbox 607 4114 2203 4188">
    <p class='ocr_par' dir='ltr' id='par_1_92' title="bbox 607 4114 2203 4188">
     <span class='ocr_line' id='line_1_92' title="bbox 607 4114 2203 4188; baseline 0.001 -17"><span class='ocrx_word' id='word_1_758' title='bbox 607 4114 815 4171; x_wconf 72' lang='lat' dir='ltr'><strong>sionem</strong></span> <span class='ocrx_word' id='word_1_759' title='bbox 859 4120 1197 4185; x_wconf 89' lang='lat' dir='ltr'><strong>peccatorum</strong></span> <span class='ocrx_word' id='word_1_760' title='bbox 1260 4130 1363 4169; x_wconf 89' lang='lat' dir='ltr'><strong>non</strong></span> <span class='ocrx_word' id='word_1_761' title='bbox 1407 4114 1580 4170; x_wconf 87' lang='lat' dir='ltr'><strong>solum</strong></span> <span class='ocrx_word' id='word_1_762' title='bbox 1630 4116 1913 4186; x_wconf 83' lang='lat' dir='ltr'><strong>praeteritis</strong></span> <span class='ocrx_word' id='word_1_763' title='bbox 1967 4118 2203 4188; x_wconf 82' lang='lat' dir='ltr'><strong>peccatis</strong></span> 
     </span>
    </p>
   </div>
   <div class='ocr_carea' id='block_1_93' title="bbox 609 4204 2199 4278">
    <p class='ocr_par' dir='ltr' id='par_1_93' title="bbox 609 4204 2199 4278">
     <span class='ocr_line' id='line_1_93' title="bbox 609 4204 2199 4278; baseline 0.003 -17"><span class='ocrx_word' id='word_1_764' title='bbox 609 4204 859 4261; x_wconf 84' lang='lat' dir='ltr'><strong>omnibus</strong></span> <span class='ocrx_word' id='word_1_765' title='bbox 881 4246 896 4269; x_wconf 91' lang='lat'><strong>,</strong></span> <span class='ocrx_word' id='word_1_766' title='bbox 927 4221 1114 4261; x_wconf 86' lang='lat' dir='ltr'><strong>verum</strong></span> <span class='ocrx_word' id='word_1_767' title='bbox 1153 4206 1311 4261; x_wconf 88' lang='lat' dir='ltr'><strong>etiam</strong></span> <span class='ocrx_word' id='word_1_768' title='bbox 1355 4207 1452 4278; x_wconf 91' lang='lat' dir='ltr'><strong>ipsi</strong></span> <span class='ocrx_word' id='word_1_769' title='bbox 1488 4223 1605 4275; x_wconf 73' lang='lat' dir='ltr'><strong>qnce</strong></span> <span class='ocrx_word' id='word_1_770' title='bbox 1637 4209 1774 4264; x_wconf 78' lang='lat' dir='ltr'><strong>inest</strong></span> <span class='ocrx_word' id='word_1_771' title='bbox 1799 4209 1975 4264; x_wconf 86' lang='lat' dir='ltr'><strong>carnis</strong></span> <span class='ocrx_word' id='word_1_772' title='bbox 2002 4225 2199 4266; x_wconf 86' lang='lat' dir='ltr'><strong>concu-</strong></span> 
     </span>
    </p>
   </div>
   <div class='ocr_carea' id='block_1_94' title="bbox 610 4297 2203 4369">
    <p class='ocr_par' dir='ltr' id='par_1_94' title="bbox 610 4297 2203 4369">
     <span class='ocr_line' id='line_1_94' title="bbox 610 4297 2203 4369; baseline 0.004 -18"><span class='ocrx_word' id='word_1_773' title='bbox 610 4298 883 4369; x_wconf 72' lang='lat' dir='ltr'><strong>piscentim</strong></span> <span class='ocrx_word' id='word_1_774' title='bbox 908 4312 1011 4353; x_wconf 88' lang='lat' dir='ltr'><strong>non</strong></span> <span class='ocrx_word' id='word_1_775' title='bbox 1039 4298 1109 4354; x_wconf 91' lang='lat' dir='ltr'><strong>sit</strong></span> <span class='ocrx_word' id='word_1_776' title='bbox 1132 4297 1455 4366; x_wconf 83' lang='lat' dir='ltr'><strong>obnoxium;</strong></span> <span class='ocrx_word' id='word_1_777' title='bbox 1479 4299 1561 4354; x_wconf 90' lang='lat' dir='ltr'><strong>cui</strong></span> <span class='ocrx_word' id='word_1_778' title='bbox 1586 4316 1807 4357; x_wconf 83' lang='lat' dir='ltr'><strong>necesse</strong></span> <span class='ocrx_word' id='word_1_779' title='bbox 1831 4311 1914 4357; x_wconf 85' lang='lat' dir='ltr'><strong>est</strong></span> <span class='ocrx_word' id='word_1_780' title='bbox 1940 4302 2203 4358; x_wconf 73' lang='lat' dir='ltr'><strong>obnoxius</strong></span> 
     </span>
    </p>
   </div>
   <div class='ocr_carea' id='block_1_95' title="bbox 614 4386 2200 4460">
    <p class='ocr_par' dir='ltr' id='par_1_95' title="bbox 614 4386 2200 4460">
     <span class='ocr_line' id='line_1_95' title="bbox 614 4386 2200 4460; baseline 0.003 -16"><span class='ocrx_word' id='word_1_781' title='bbox 614 4389 792 4445; x_wconf 88' lang='lat' dir='ltr'><strong>omnis</strong></span> <span class='ocrx_word' id='word_1_782' title='bbox 830 4386 994 4443; x_wconf 92' lang='lat' dir='ltr'><strong>homo</strong></span> <span class='ocrx_word' id='word_1_783' title='bbox 1034 4396 1323 4457; x_wconf 83' lang='lat' dir='ltr'><strong>nascatur,</strong></span> <span class='ocrx_word' id='word_1_784' title='bbox 1369 4391 1528 4445; x_wconf 89' lang='lat' dir='ltr'><strong>etiam</strong></span> <span class='ocrx_word' id='word_1_785' title='bbox 1575 4392 1863 4447; x_wconf 89' lang='lat' dir='ltr'><strong>moriturus</strong></span> <span class='ocrx_word' id='word_1_786' title='bbox 1904 4393 2200 4460; x_wconf 83' lang='lat' dir='ltr'><strong>obnoxius,</strong></span> 
     </span>
    </p>
   </div>
   <div class='ocr_carea' id='block_1_96' title="bbox 611 4478 2205 4554">
    <p class='ocr_par' dir='ltr' id='par_1_96' title="bbox 611 4478 2205 4554">
     <span class='ocr_line' id='line_1_96' title="bbox 611 4478 2205 4554; baseline 0.001 -19"><span class='ocrx_word' id='word_1_787' title='bbox 611 4479 657 4536; x_wconf 85' lang='lat' dir='ltr'><strong>sl</strong></span> <span class='ocrx_word' id='word_1_788' title='bbox 680 4492 785 4535; x_wconf 91' lang='lat' dir='ltr'><strong>non</strong></span> <span class='ocrx_word' id='word_1_789' title='bbox 811 4488 1141 4535; x_wconf 87' lang='lat' dir='ltr'><strong>renascatur.</strong></span> <span class='ocrx_word' id='word_1_790' title='bbox 1164 4478 1270 4535; x_wconf 84' lang='lat' dir='ltr'><strong>Ubi</strong></span> <span class='ocrx_word' id='word_1_791' title='bbox 1294 4496 1420 4551; x_wconf 81' lang='lat' dir='ltr'><strong>ergo</strong></span> <span class='ocrx_word' id='word_1_792' title='bbox 1447 4496 1532 4535; x_wconf 90' lang='lat' dir='ltr'><strong>me</strong></span> <span class='ocrx_word' id='word_1_793' title='bbox 1559 4482 1751 4537; x_wconf 90' lang='lat' dir='ltr'><strong>audisti</strong></span> <span class='ocrx_word' id='word_1_794' title='bbox 1786 4483 1898 4538; x_wconf 86' lang='lat' dir='ltr'><strong>sive</strong></span> <span class='ocrx_word' id='word_1_795' title='bbox 1925 4483 2098 4554; x_wconf 78' lang='lat' dir='ltr'><strong>legisti</strong></span> <span class='ocrx_word' id='word_1_796' title='bbox 2124 4483 2205 4538; x_wconf 88' lang='lat' dir='ltr'><strong>di-</strong></span> 
     </span>
    </p>
   </div>
   <div class='ocr_carea' id='block_1_97' title="bbox 612 4572 2196 4646">
    <p class='ocr_par' dir='ltr' id='par_1_97' title="bbox 612 4572 2196 4646">
     <span class='ocr_line' id='line_1_97' title="bbox 612 4572 2196 4646; baseline 0.001 -16"><span class='ocrx_word' id='word_1_797' title='bbox 612 4581 861 4640; x_wconf 86' lang='lat' dir='ltr'><strong>centem,</strong></span> <span class='ocrx_word' id='word_1_798' title='bbox 896 4590 916 4625; x_wconf 80' lang='grc' dir='ltr'><strong>ι</strong></span> <span class='ocrx_word' id='word_1_799' title='bbox 964 4587 1071 4627; x_wconf 82' lang='lat' dir='ltr'><strong>non</strong></span> <span class='ocrx_word' id='word_1_800' title='bbox 1118 4572 1360 4628; x_wconf 83' lang='lat' dir='ltr'><strong>innovari</strong></span> <span class='ocrx_word' id='word_1_801' title='bbox 1408 4572 1654 4629; x_wconf 89' lang='lat' dir='ltr'><strong>homines</strong></span> <span class='ocrx_word' id='word_1_802' title='bbox 1700 4591 1795 4645; x_wconf 77' lang='lat' dir='ltr'><strong>per</strong></span> <span class='ocrx_word' id='word_1_803' title='bbox 1836 4575 2196 4646; x_wconf 84' lang='lat' dir='ltr'><strong>Baptismnm,</strong></span> 
     </span>
    </p>
   </div>
   <div class='ocr_carea' id='block_1_98' title="bbox 614 4662 2198 4738">
    <p class='ocr_par' dir='ltr' id='par_1_98' title="bbox 614 4662 2198 4738">
     <span class='ocr_line' id='line_1_98' title="bbox 614 4662 2198 4738; baseline 0.001 -17"><span class='ocrx_word' id='word_1_804' title='bbox 614 4662 710 4721; x_wconf 86' lang='lat' dir='ltr'><strong>sed</strong></span> <span class='ocrx_word' id='word_1_805' title='bbox 732 4663 885 4735; x_wconf 89' lang='lat' dir='ltr'><strong>quasi</strong></span> <span class='ocrx_word' id='word_1_806' title='bbox 930 4663 1171 4718; x_wconf 89' lang='lat' dir='ltr'><strong>innovari</strong></span> <span class='ocrx_word' id='word_1_807' title='bbox 1201 4681 1215 4728; x_wconf 91' lang='lat'><strong>;</strong></span> <span class='ocrx_word' id='word_1_808' title='bbox 1249 4680 1355 4719; x_wconf 91' lang='lat' dir='ltr'><strong>non</strong></span> <span class='ocrx_word' id='word_1_809' title='bbox 1387 4665 1622 4730; x_wconf 91' lang='lat' dir='ltr'><strong>liberari,</strong></span> <span class='ocrx_word' id='word_1_810' title='bbox 1651 4666 1742 4721; x_wconf 88' lang='lat' dir='ltr'><strong>sed</strong></span> <span class='ocrx_word' id='word_1_811' title='bbox 1766 4668 1915 4738; x_wconf 90' lang='lat' dir='ltr'><strong>quasi</strong></span> <span class='ocrx_word' id='word_1_812' title='bbox 1946 4668 2158 4723; x_wconf 88' lang='lat' dir='ltr'><strong>liberari</strong></span> <span class='ocrx_word' id='word_1_813' title='bbox 2183 4685 2198 4733; x_wconf 89' lang='lat'><strong>;</strong></span> 
     </span>
    </p>
   </div>
   <div class='ocr_carea' id='block_1_99' title="bbox 613 4755 2204 4830">
    <p class='ocr_par' dir='ltr' id='par_1_99' title="bbox 613 4755 2204 4830">
     <span class='ocr_line' id='line_1_99' title="bbox 613 4755 2204 4830; baseline -0.002 -15"><span class='ocrx_word' id='word_1_814' title='bbox 613 4771 719 4815; x_wconf 87' lang='lat' dir='ltr'><strong>non</strong></span> <span class='ocrx_word' id='word_1_815' title='bbox 749 4756 974 4822; x_wconf 83' lang='lat' dir='ltr'><strong>salvari,</strong></span> <span class='ocrx_word' id='word_1_816' title='bbox 1019 4756 1112 4812; x_wconf 86' lang='lat' dir='ltr'><strong>sed</strong></span> <span class='ocrx_word' id='word_1_817' title='bbox 1152 4756 1302 4825; x_wconf 77' lang='lat' dir='ltr'><strong>quasi</strong></span> <span class='ocrx_word' id='word_1_818' title='bbox 1343 4755 1589 4811; x_wconf 81' lang='lat' dir='ltr'><strong>salvari?</strong></span> <span class='ocrx_word' id='word_1_819' title='bbox 1624 4777 1642 4810; x_wconf 79' lang='grc' dir='ltr'><strong>ι</strong></span> <span class='ocrx_word' id='word_1_820' title='bbox 1681 4758 1835 4814; x_wconf 83' lang='lat' dir='ltr'><strong>Absit</strong></span> <span class='ocrx_word' id='word_1_821' title='bbox 1870 4770 1925 4813; x_wconf 93' lang='lat' dir='ltr'><strong>ut</strong></span> <span class='ocrx_word' id='word_1_822' title='bbox 1952 4774 2049 4830; x_wconf 85' lang='lat' dir='ltr'><strong>ego</strong></span> <span class='ocrx_word' id='word_1_823' title='bbox 2090 4760 2204 4814; x_wconf 81' lang='lat' dir='ltr'><strong>ina-</strong></span> 
     </span>
    </p>
   </div>
   <div class='ocr_carea' id='block_1_100' title="bbox 613 4847 2202 4921">
    <p class='ocr_par' dir='ltr' id='par_1_100' title="bbox 613 4847 2202 4921">
     <span class='ocr_line' id='line_1_100' title="bbox 613 4847 2202 4921; baseline 0 -16"><span class='ocrx_word' id='word_1_824' title='bbox 613 4862 737 4905; x_wconf 85' lang='lat' dir='ltr'><strong>nem</strong></span> <span class='ocrx_word' id='word_1_825' title='bbox 776 4847 1009 4904; x_wconf 79' lang='lat' dir='ltr'><strong>dicerem</strong></span> <span class='ocrx_word' id='word_1_826' title='bbox 1049 4848 1271 4917; x_wconf 79' lang='lat' dir='ltr'><strong>gratiam</strong></span> <span class='ocrx_word' id='word_1_827' title='bbox 1314 4847 1513 4902; x_wconf 85' lang='lat' dir='ltr'><strong>lavacri</strong></span> <span class='ocrx_word' id='word_1_828' title='bbox 1556 4849 1727 4916; x_wconf 90' lang='lat' dir='ltr'><strong>i&#39;llius,</strong></span> <span class='ocrx_word' id='word_1_829' title='bbox 1772 4849 1824 4904; x_wconf 87' lang='lat' dir='ltr'><strong>in</strong></span> <span class='ocrx_word' id='word_1_830' title='bbox 1853 4865 1958 4921; x_wconf 87' lang='lat' dir='ltr'><strong>quo</strong></span> <span class='ocrx_word' id='word_1_831' title='bbox 1984 4859 2202 4905; x_wconf 87' lang='lat' dir='ltr'><strong>renatus</strong></span> 
     </span>
    </p>
   </div>
   <div class='ocr_carea' id='block_1_101' title="bbox 616 4940 2202 5013">
    <p class='ocr_par' dir='ltr' id='par_1_101' title="bbox 616 4940 2202 5013">
     <span class='ocr_line' id='line_1_101' title="bbox 616 4940 2202 5013; baseline 0.001 -16"><span class='ocrx_word' id='word_1_832' title='bbox 616 4956 735 4997; x_wconf 87' lang='lat' dir='ltr'><strong>sum</strong></span> <span class='ocrx_word' id='word_1_833' title='bbox 764 4956 829 4997; x_wconf 80' lang='lat' dir='ltr'><strong>ex</strong></span> <span class='ocrx_word' id='word_1_834' title='bbox 854 4956 989 5011; x_wconf 85' lang='lat' dir='ltr'><strong>aqua</strong></span> <span class='ocrx_word' id='word_1_835' title='bbox 1032 4940 1330 5013; x_wconf 77' lang='lat' dir='ltr'><strong>etspiritn,</strong></span> <span class='ocrx_word' id='word_1_836' title='bbox 1372 4956 1473 5011; x_wconf 90' lang='lat' dir='ltr'><strong>qua</strong></span> <span class='ocrx_word' id='word_1_837' title='bbox 1521 4941 1774 4998; x_wconf 86' lang='lat' dir='ltr'><strong>liberatus</strong></span> <span class='ocrx_word' id='word_1_838' title='bbox 1816 4957 1935 4997; x_wconf 90' lang='lat' dir='ltr'><strong>sum</strong></span> <span class='ocrx_word' id='word_1_839' title='bbox 1976 4959 2004 4996; x_wconf 91' lang='lat' dir='ltr'><strong>a</strong></span> <span class='ocrx_word' id='word_1_840' title='bbox 2050 4953 2202 4999; x_wconf 91' lang='lat' dir='ltr'><strong>reatu</strong></span> 
     </span>
    </p>
   </div>
   <div class='ocr_carea' id='block_1_102' title="bbox 615 5034 2201 5105">
    <p class='ocr_par' dir='ltr' id='par_1_102' title="bbox 615 5034 2201 5105">
     <span class='ocr_line' id='line_1_102' title="bbox 615 5034 2201 5105; baseline 0 -16"><span class='ocrx_word' id='word_1_841' title='bbox 615 5034 854 5089; x_wconf 89' lang='lat' dir='ltr'><strong>omnium</strong></span> <span class='ocrx_word' id='word_1_842' title='bbox 894 5049 1265 5104; x_wconf 77' lang='lat' dir='ltr'><strong>peccatorum,</strong></span> <span class='ocrx_word' id='word_1_843' title='bbox 1308 5035 1388 5088; x_wconf 75' lang='lat' dir='ltr'><strong>vel</strong></span> <span class='ocrx_word' id='word_1_844' title='bbox 1435 5048 1554 5105; x_wconf 74' lang='lat' dir='ltr'><strong>qua:</strong></span> <span class='ocrx_word' id='word_1_845' title='bbox 1599 5034 1868 5090; x_wconf 86' lang='lat' dir='ltr'><strong>nascendo</strong></span> <span class='ocrx_word' id='word_1_846' title='bbox 1906 5044 2201 5101; x_wconf 78' lang='lat' dir='ltr'><strong>traxeram,</strong></span> 
     </span>
    </p>
   </div>
   <div class='ocr_carea' id='block_1_103' title="bbox 616 5126 2203 5199">
    <p class='ocr_par' dir='ltr' id='par_1_103' title="bbox 616 5126 2203 5199">
     <span class='ocr_line' id='line_1_103' title="bbox 616 5126 2203 5199; baseline 0.002 -18"><span class='ocrx_word' id='word_1_847' title='bbox 616 5128 705 5182; x_wconf 87' lang='lat' dir='ltr'><strong>vel</strong></span> <span class='ocrx_word' id='word_1_848' title='bbox 740 5141 859 5198; x_wconf 63' lang='lat' dir='ltr'><strong>quae</strong></span> <span class='ocrx_word' id='word_1_849' title='bbox 887 5127 1025 5181; x_wconf 84' lang='lat' dir='ltr'><strong>male</strong></span> <span class='ocrx_word' id='word_1_850' title='bbox 1052 5126 1280 5182; x_wconf 89' lang='lat' dir='ltr'><strong>vivendo</strong></span> <span class='ocrx_word' id='word_1_851' title='bbox 1314 5137 1687 5182; x_wconf 71' lang='lat' dir='ltr'><strong>contraxeram</strong></span> <span class='ocrx_word' id='word_1_852' title='bbox 1732 5145 1746 5182; x_wconf 92' lang='lat'><strong>:</strong></span> <span class='ocrx_word' id='word_1_853' title='bbox 1782 5143 1884 5199; x_wconf 91' lang='lat' dir='ltr'><strong>qua</strong></span> <span class='ocrx_word' id='word_1_854' title='bbox 1919 5128 2117 5184; x_wconf 85' lang='lat' dir='ltr'><strong>liberer</strong></span> <span class='ocrx_word' id='word_1_855' title='bbox 2145 5139 2203 5184; x_wconf 93' lang='lat' dir='ltr'><strong>ut</strong></span> 
     </span>
    </p>
   </div>
   <div class='ocr_carea' id='block_1_104' title="bbox 617 5215 2199 5288">
    <p class='ocr_par' dir='ltr' id='par_1_104' title="bbox 617 5215 2199 5288">
     <span class='ocr_line' id='line_1_104' title="bbox 617 5215 2199 5288; baseline 0 -16"><span class='ocrx_word' id='word_1_856' title='bbox 617 5216 784 5273; x_wconf 82' lang='lat' dir='ltr'><strong>sciam</strong></span> <span class='ocrx_word' id='word_1_857' title='bbox 815 5218 830 5247; x_wconf 85' lang='grc'>¹</span> <span class='ocrx_word' id='word_1_858' title='bbox 862 5232 929 5271; x_wconf 90' lang='lat' dir='ltr'><strong>ne</strong></span> <span class='ocrx_word' id='word_1_859' title='bbox 972 5215 1162 5271; x_wconf 79' lang='lat' dir='ltr'><strong>intrem</strong></span> <span class='ocrx_word' id='word_1_860' title='bbox 1192 5217 1244 5270; x_wconf 89' lang='lat' dir='ltr'><strong>in</strong></span> <span class='ocrx_word' id='word_1_861' title='bbox 1289 5218 1667 5282; x_wconf 81' lang='lat' dir='ltr'><strong>tcntationcm,</strong></span> <span class='ocrx_word' id='word_1_862' title='bbox 1706 5234 1735 5270; x_wconf 84' lang='grc' dir='ltr'><strong>ιι</strong></span> <span class='ocrx_word' id='word_1_863' title='bbox 1770 5218 2199 5288; x_wconf 78' lang='lat' dir='ltr'><strong>concupiscentia</strong></span> 
     </span>
    </p>
   </div>
   <div class='ocr_carea' id='block_1_105' title="bbox 619 5305 2202 5379">
    <p class='ocr_par' dir='ltr' id='par_1_105' title="bbox 619 5305 2202 5379">
     <span class='ocr_line' id='line_1_105' title="bbox 619 5305 2202 5379; baseline 0.001 -16"><span class='ocrx_word' id='word_1_864' title='bbox 619 5323 739 5363; x_wconf 86' lang='lat' dir='ltr'><strong>mea</strong></span> <span class='ocrx_word' id='word_1_865' title='bbox 768 5308 1066 5362; x_wconf 88' lang='lat' dir='ltr'><strong>abstractus</strong></span> <span class='ocrx_word' id='word_1_866' title='bbox 1094 5318 1144 5362; x_wconf 61' lang='lat' dir='ltr'><strong>ei</strong></span> <span class='ocrx_word' id='word_1_867' title='bbox 1174 5305 1384 5365; x_wconf 88' lang='lat' dir='ltr'><strong>illectus</strong></span> <span class='ocrx_word' id='word_1_868' title='bbox 1403 5349 1418 5372; x_wconf 94' lang='lat'><strong>,</strong></span> <span class='ocrx_word' id='word_1_869' title='bbox 1457 5318 1619 5379; x_wconf 81' lang='lat' dir='ltr'><strong>atque</strong></span> <span class='ocrx_word' id='word_1_870' title='bbox 1649 5316 1706 5362; x_wconf 91' lang='lat' dir='ltr'><strong>ut</strong></span> <span class='ocrx_word' id='word_1_871' title='bbox 1739 5308 1996 5365; x_wconf 77' lang='lat' dir='ltr'><strong>cxaudiar</strong></span> <span class='ocrx_word' id='word_1_872' title='bbox 2022 5310 2202 5365; x_wconf 79' lang='lat' dir='ltr'><strong>dicens</strong></span> 
     </span>
    </p>
   </div>
   <div class='ocr_carea' id='block_1_106' title="bbox 620 5397 2204 5460">
    <p class='ocr_par' dir='ltr' id='par_1_106' title="bbox 620 5397 2204 5460">
     <span class='ocr_line' id='line_1_106' title="bbox 620 5397 2204 5460; baseline 0 -6"><span class='ocrx_word' id='word_1_873' title='bbox 620 5414 743 5454; x_wconf 90' lang='lat' dir='ltr'><strong>cum</strong></span> <span class='ocrx_word' id='word_1_874' title='bbox 790 5399 1127 5454; x_wconf 83' lang='lat' dir='ltr'><strong>consortibus</strong></span> <span class='ocrx_word' id='word_1_875' title='bbox 1163 5398 1299 5453; x_wconf 80' lang='lat' dir='ltr'><strong>meis</strong></span> <span class='ocrx_word' id='word_1_876' title='bbox 1323 5439 1338 5460; x_wconf 94' lang='lat'><strong>.</strong></span> <span class='ocrx_word' id='word_1_877' title='bbox 1390 5397 1599 5452; x_wconf 81' lang='lat' dir='ltr'><strong>Dimitte</strong></span> <span class='ocrx_word' id='word_1_878' title='bbox 1640 5398 1781 5453; x_wconf 75' lang='lat' dir='ltr'><strong>nobis</strong></span> <span class='ocrx_word' id='word_1_879' title='bbox 1822 5398 1988 5453; x_wconf 79' lang='lat' dir='ltr'><strong>debita</strong></span> <span class='ocrx_word' id='word_1_880' title='bbox 2031 5409 2204 5454; x_wconf 78' lang='lat' dir='ltr'><strong>nostra</strong></span> 
     </span>
    </p>
   </div>
   <div class='ocr_carea' id='block_1_107' title="bbox 616 5488 2202 5560">
    <p class='ocr_par' dir='ltr' id='par_1_107' title="bbox 616 5488 2202 5560">
     <span class='ocr_line' id='line_1_107' title="bbox 616 5488 2202 5560; baseline 0.001 -16"><span class='ocrx_word' id='word_1_881' title='bbox 616 5490 832 5559; x_wconf 76' lang='lat' dir='ltr'><strong>(Matth.</strong></span> <span class='ocrx_word' id='word_1_882' title='bbox 859 5506 930 5551; x_wconf 84' lang='lat' dir='ltr'><strong>vt,</strong></span> <span class='ocrx_word' id='word_1_883' title='bbox 963 5488 1054 5559; x_wconf 77' lang='grc'><strong>12)</strong></span> <span class='ocrx_word' id='word_1_884' title='bbox 1077 5506 1212 5560; x_wconf 87' lang='lat' dir='ltr'><strong>;qua</strong></span> <span class='ocrx_word' id='word_1_885' title='bbox 1242 5488 1526 5554; x_wconf 84' lang='lat' dir='ltr'><strong>liberabor,</strong></span> <span class='ocrx_word' id='word_1_886' title='bbox 1547 5497 1603 5544; x_wconf 91' lang='lat' dir='ltr'><strong>ut</strong></span> <span class='ocrx_word' id='word_1_887' title='bbox 1630 5504 1808 5559; x_wconf 77' lang='lat' dir='ltr'><strong>Spero,</strong></span> <span class='ocrx_word' id='word_1_888' title='bbox 1841 5491 1892 5546; x_wconf 90' lang='lat' dir='ltr'><strong>in</strong></span> <span class='ocrx_word' id='word_1_889' title='bbox 1922 5499 2202 5557; x_wconf 68' lang='lat' dir='ltr'><strong>aeternum,</strong></span> 
     </span>
    </p>
   </div>
   <div class='ocr_carea' id='block_1_108' title="bbox 619 5571 2196 5656">
    <p class='ocr_par' dir='ltr' id='par_1_108' title="bbox 619 5571 2196 5656">
     <span class='ocr_line' id='line_1_108' title="bbox 619 5571 2196 5656; baseline 0.002 -20"><span class='ocrx_word' id='word_1_890' title='bbox 619 5581 708 5636; x_wconf 87' lang='lat' dir='ltr'><strong>ubi</strong></span> <span class='ocrx_word' id='word_1_891' title='bbox 741 5571 853 5651; x_wconf 48' lang='grc' dir='ltr'>λιιι]</span> <span class='ocrx_word' id='word_1_892' title='bbox 905 5581 1049 5635; x_wconf 74' lang='lat' dir='ltr'><strong>nulla</strong></span> <span class='ocrx_word' id='word_1_893' title='bbox 1089 5580 1174 5633; x_wconf 77' lang='lat' dir='ltr'><strong>lex</strong></span> <span class='ocrx_word' id='word_1_894' title='bbox 1215 5578 1269 5633; x_wconf 70' lang='grc' dir='ltr'><strong>ι..</strong></span> <span class='ocrx_word' id='word_1_895' title='bbox 1310 5579 1565 5635; x_wconf 83' lang='lat' dir='ltr'><strong>membris</strong></span> <span class='ocrx_word' id='word_1_896' title='bbox 1618 5582 1749 5635; x_wconf 87' lang='lat' dir='ltr'><strong>meis</strong></span> <span class='ocrx_word' id='word_1_897' title='bbox 1796 5593 2053 5655; x_wconf 85' lang='lat' dir='ltr'><strong>repugnet</strong></span> <span class='ocrx_word' id='word_1_898' title='bbox 2096 5583 2196 5656; x_wconf 89' lang='lat' dir='ltr'><strong>legi</strong></span> 
     </span>
    </p>
   </div>
   <div class='ocr_carea' id='block_1_109' title="bbox 620 5668 2199 5745">
    <p class='ocr_par' dir='ltr' id='par_1_109' title="bbox 620 5668 2199 5745">
     <span class='ocr_line' id='line_1_109' title="bbox 620 5668 2199 5745; baseline 0.006 -21"><span class='ocrx_word' id='word_1_899' title='bbox 620 5672 815 5724; x_wconf 79' lang='lat' dir='ltr'><strong>mentis</strong></span> <span class='ocrx_word' id='word_1_900' title='bbox 839 5685 972 5723; x_wconf 64' lang='lat' dir='ltr'><strong>meae</strong></span> <span class='ocrx_word' id='word_1_901' title='bbox 1010 5670 1028 5740; x_wconf 87' lang='lat'>(</span> <span class='ocrx_word' id='word_1_902' title='bbox 1052 5668 1207 5727; x_wconf 81' lang='lat' dir='ltr'><strong>Rom.</strong></span> <span class='ocrx_word' id='word_1_903' title='bbox 1238 5683 1307 5722; x_wconf 90' lang='lat' dir='ltr'><strong>vu</strong></span> <span class='ocrx_word' id='word_1_904' title='bbox 1330 5708 1345 5733; x_wconf 92' lang='lat'><strong>,</strong></span> <span class='ocrx_word' id='word_1_905' title='bbox 1374 5668 1445 5724; x_wconf 70' lang='lat'><strong>93</strong></span> <span class='ocrx_word' id='word_1_906' title='bbox 1466 5670 1507 5739; x_wconf 89' lang='lat'><strong>).</strong></span> <span class='ocrx_word' id='word_1_907' title='bbox 1537 5670 1647 5725; x_wconf 72' lang='lat' dir='ltr'><strong>Non</strong></span> <span class='ocrx_word' id='word_1_908' title='bbox 1680 5671 1836 5743; x_wconf 79' lang='lat' dir='ltr'><strong>igitur</strong></span> <span class='ocrx_word' id='word_1_909' title='bbox 1862 5690 1960 5745; x_wconf 85' lang='lat' dir='ltr'><strong>ego</strong></span> <span class='ocrx_word' id='word_1_910' title='bbox 1989 5677 2199 5733; x_wconf 88' lang='lat' dir='ltr'><strong>inanem</strong></span> 
     </span>
    </p>
   </div>
   <div class='ocr_carea' id='block_1_110' title="bbox 693 5798 1424 5859">
    <p class='ocr_par' dir='ltr' id='par_1_110' title="bbox 693 5798 1424 5859">
     <span class='ocr_line' id='line_1_110' title="bbox 693 5798 1424 5859; baseline 0.003 -12"><span class='ocrx_word' id='word_1_911' title='bbox 693 5798 712 5832; x_wconf 81' lang='grc' dir='ltr'><strong>ι</strong></span> <span class='ocrx_word' id='word_1_912' title='bbox 739 5800 812 5848; x_wconf 69' lang='grc' dir='ltr'><strong>»ιο</strong></span> <span class='ocrx_word' id='word_1_913' title='bbox 838 5808 959 5858; x_wconf 49' lang='lat' dir='ltr'><strong>“sx,</strong></span> <span class='ocrx_word' id='word_1_914' title='bbox 989 5806 1039 5847; x_wconf 79' lang='grc' dir='ltr'><strong>ιιι</strong></span> <span class='ocrx_word' id='word_1_915' title='bbox 1063 5799 1177 5848; x_wconf 72' lang='lat' dir='ltr'><strong>editi</strong></span> <span class='ocrx_word' id='word_1_916' title='bbox 1196 5833 1210 5859; x_wconf 91' lang='lat'><strong>,</strong></span> <span class='ocrx_word' id='word_1_917' title='bbox 1237 5805 1285 5848; x_wconf 75' lang='lat' dir='ltr'><strong>ut</strong></span> <span class='ocrx_word' id='word_1_918' title='bbox 1309 5811 1424 5850; x_wconf 64' lang='grc' dir='ltr'><strong>κιο.</strong></span> 
     </span>
    </p>
   </div>
   <div class='ocr_carea' id='block_1_111' title="bbox 2294 4928 3872 5009">
    <p class='ocr_par' dir='ltr' id='par_1_111' title="bbox 2294 4928 3872 5009">
     <span class='ocr_line' id='line_1_111' title="bbox 2294 4928 3872 5009; baseline 0.005 -25"><span class='ocrx_word' id='word_1_919' title='bbox 2294 4928 2548 4984; x_wconf 80' lang='lat' dir='ltr'><strong>membra</strong></span> <span class='ocrx_word' id='word_1_920' title='bbox 2588 4946 2712 4985; x_wconf 89' lang='lat' dir='ltr'><strong>sunt</strong></span> <span class='ocrx_word' id='word_1_921' title='bbox 2736 4932 2918 5001; x_wconf 48' lang='lat' dir='ltr'><strong>utique</strong></span> <span class='ocrx_word' id='word_1_922' title='bbox 2948 4935 3131 5004; x_wconf 72' lang='lat' dir='ltr'><strong>templi</strong></span> <span class='ocrx_word' id='word_1_923' title='bbox 3162 4936 3291 4991; x_wconf 87' lang='lat' dir='ltr'><strong>Dei?</strong></span> <span class='ocrx_word' id='word_1_924' title='bbox 3316 4938 3425 4993; x_wconf 90' lang='lat' dir='ltr'><strong>Cur</strong></span> <span class='ocrx_word' id='word_1_925' title='bbox 3451 4955 3580 5009; x_wconf 81' lang='lat' dir='ltr'><strong>ergo</strong></span> <span class='ocrx_word' id='word_1_926' title='bbox 3611 4956 3714 4995; x_wconf 91' lang='lat' dir='ltr'><strong>non</strong></span> <span class='ocrx_word' id='word_1_927' title='bbox 3743 4939 3872 4992; x_wconf 80' lang='lat' dir='ltr'><strong>suavi</strong></span> 
     </span>
    </p>
   </div>
   <div class='ocr_carea' id='block_1_112' title="bbox 2307 5014 3874 5101">
    <p class='ocr_par' dir='ltr' id='par_1_112' title="bbox 2307 5014 3874 5101">
     <span class='ocr_line' id='line_1_112' title="bbox 2307 5014 3874 5101; baseline 0.006 -27"><span class='ocrx_word' id='word_1_928' title='bbox 2307 5014 2509 5086; x_wconf 84' lang='lat' dir='ltr'><strong>odore,</strong></span> <span class='ocrx_word' id='word_1_929' title='bbox 2557 5021 2669 5075; x_wconf 66' lang='lat' dir='ltr'><strong>sed’</strong></span> <span class='ocrx_word' id='word_1_930' title='bbox 2698 5022 2909 5090; x_wconf 70' lang='lat' dir='ltr'><strong>predore</strong></span> <span class='ocrx_word' id='word_1_931' title='bbox 2947 5024 3126 5095; x_wconf 82' lang='lat' dir='ltr'><strong>templi</strong></span> <span class='ocrx_word' id='word_1_932' title='bbox 3159 5026 3299 5097; x_wconf 65' lang='lat' dir='ltr'><strong>ejus,</strong></span> <span class='ocrx_word' id='word_1_933' title='bbox 3334 5039 3424 5083; x_wconf 90' lang='lat' dir='ltr'><strong>aut</strong></span> <span class='ocrx_word' id='word_1_934' title='bbox 3451 5030 3633 5084; x_wconf 86' lang='lat' dir='ltr'><strong>invitat</strong></span> <span class='ocrx_word' id='word_1_935' title='bbox 3662 5044 3874 5101; x_wconf 58' lang='lat' dir='ltr'><strong>praisrn-</strong></span> 
     </span>
    </p>
   </div>
   <div class='ocr_carea' id='block_1_113' title="bbox 2310 5114 3872 5192">
    <p class='ocr_par' dir='ltr' id='par_1_113' title="bbox 2310 5114 3872 5192">
     <span class='ocr_line' id='line_1_113' title="bbox 2310 5114 3872 5192; baseline 0.003 -25"><span class='ocrx_word' id='word_1_936' title='bbox 2310 5114 2473 5178; x_wconf 88' lang='lat' dir='ltr'><strong>tiam,</strong></span> <span class='ocrx_word' id='word_1_937' title='bbox 2516 5122 2608 5168; x_wconf 84' lang='lat' dir='ltr'><strong>ant</strong></span> <span class='ocrx_word' id='word_1_938' title='bbox 2647 5114 2894 5185; x_wconf 88' lang='lat' dir='ltr'><strong>impetrat</strong></span> <span class='ocrx_word' id='word_1_939' title='bbox 2935 5117 3389 5186; x_wconf 79' lang='lat' dir='ltr'><strong>misericordiam,</strong></span> <span class='ocrx_word' id='word_1_940' title='bbox 3426 5131 3519 5177; x_wconf 87' lang='lat' dir='ltr'><strong>aut</strong></span> <span class='ocrx_word' id='word_1_941' title='bbox 3555 5124 3725 5192; x_wconf 83' lang='lat' dir='ltr'><strong>placat</strong></span> <span class='ocrx_word' id='word_1_942' title='bbox 3758 5122 3872 5175; x_wconf 86' lang='lat' dir='ltr'><strong>iram</strong></span> 
     </span>
    </p>
   </div>
   <div class='ocr_carea' id='block_1_114' title="bbox 2307 5204 3872 5287">
    <p class='ocr_par' dir='ltr' id='par_1_114' title="bbox 2307 5204 3872 5287">
     <span class='ocr_line' id='line_1_114' title="bbox 2307 5204 3872 5287; baseline 0.004 -30"><span class='ocrx_word' id='word_1_943' title='bbox 2307 5204 2465 5274; x_wconf 88' lang='lat' dir='ltr'><strong>ejus?</strong></span> <span class='ocrx_word' id='word_1_944' title='bbox 2488 5205 2700 5263; x_wconf 87' lang='lat' dir='ltr'><strong>Nihilne</strong></span> <span class='ocrx_word' id='word_1_945' title='bbox 2730 5208 2853 5262; x_wconf 89' lang='lat' dir='ltr'><strong>mali</strong></span> <span class='ocrx_word' id='word_1_946' title='bbox 2881 5210 3134 5280; x_wconf 88' lang='lat' dir='ltr'><strong>castigat,</strong></span> <span class='ocrx_word' id='word_1_947' title='bbox 3167 5211 3386 5279; x_wconf 90' lang='lat' dir='ltr'><strong>domat,</strong></span> <span class='ocrx_word' id='word_1_948' title='bbox 3416 5215 3576 5269; x_wconf 88' lang='lat' dir='ltr'><strong>vincit</strong></span> <span class='ocrx_word' id='word_1_949' title='bbox 3599 5256 3611 5280; x_wconf 88' lang='lat'><strong>,</strong></span> <span class='ocrx_word' id='word_1_950' title='bbox 3642 5212 3872 5287; x_wconf 77' lang='lat' dir='ltr'><strong>opprimit</strong></span> 
     </span>
    </p>
   </div>
   <div class='ocr_carea' id='block_1_115' title="bbox 2308 5296 3869 5377">
    <p class='ocr_par' dir='ltr' id='par_1_115' title="bbox 2308 5296 3869 5377">
     <span class='ocr_line' id='line_1_115' title="bbox 2308 5296 3869 5377; baseline 0.006 -27"><span class='ocrx_word' id='word_1_951' title='bbox 2308 5296 2360 5350; x_wconf 90' lang='lat' dir='ltr'><strong>in</strong></span> <span class='ocrx_word' id='word_1_952' title='bbox 2407 5298 2604 5367; x_wconf 83' lang='lat' dir='ltr'><strong>templo</strong></span> <span class='ocrx_word' id='word_1_953' title='bbox 2645 5298 2773 5365; x_wconf 89' lang='lat' dir='ltr'><strong>Dei,</strong></span> <span class='ocrx_word' id='word_1_954' title='bbox 2819 5300 2978 5355; x_wconf 90' lang='lat' dir='ltr'><strong>etiam</strong></span> <span class='ocrx_word' id='word_1_955' title='bbox 3007 5300 3173 5357; x_wconf 81' lang='lat' dir='ltr'><strong>livore</strong></span> <span class='ocrx_word' id='word_1_956' title='bbox 3199 5312 3253 5358; x_wconf 87' lang='lat' dir='ltr'><strong>et</strong></span> <span class='ocrx_word' id='word_1_957' title='bbox 3285 5305 3495 5373; x_wconf 62' lang='lat' dir='ltr'><strong>pardore</strong></span> <span class='ocrx_word' id='word_1_958' title='bbox 3523 5308 3687 5377; x_wconf 80' lang='lat' dir='ltr'><strong>ipsius</strong></span> <span class='ocrx_word' id='word_1_959' title='bbox 3710 5302 3869 5374; x_wconf 85' lang='lat' dir='ltr'><strong>templi</strong></span> 
     </span>
    </p>
   </div>
   <div class='ocr_carea' id='block_1_116' title="bbox 2310 5387 3871 5469">
    <p class='ocr_par' dir='ltr' id='par_1_116' title="bbox 2310 5387 3871 5469">
     <span class='ocr_line' id='line_1_116' title="bbox 2310 5387 3871 5469; baseline 0.006 -29"><span class='ocrx_word' id='word_1_960' title='bbox 2310 5387 2402 5441; x_wconf 87' lang='lat' dir='ltr'><strong>Dei</strong></span> <span class='ocrx_word' id='word_1_961' title='bbox 2424 5389 2447 5427; x_wconf 70' lang='grc' dir='ltr'><strong><em>ν</em></strong></span> <span class='ocrx_word' id='word_1_962' title='bbox 2471 5387 2659 5445; x_wconf 87' lang='lat' dir='ltr'><strong>Nonne</strong></span> <span class='ocrx_word' id='word_1_963' title='bbox 2684 5391 2917 5447; x_wconf 82' lang='lat' dir='ltr'><strong>attendis</strong></span> <span class='ocrx_word' id='word_1_964' title='bbox 2939 5433 2956 5459; x_wconf 93' lang='lat'><strong>,</strong></span> <span class='ocrx_word' id='word_1_965' title='bbox 2987 5407 3164 5449; x_wconf 85' lang='lat' dir='ltr'><strong>nonne</strong></span> <span class='ocrx_word' id='word_1_966' title='bbox 3193 5397 3450 5466; x_wconf 72' lang='lat' dir='ltr'><strong>perspicis</strong></span> <span class='ocrx_word' id='word_1_967' title='bbox 3471 5440 3485 5459; x_wconf 85' lang='lat'><strong>.</strong></span> <span class='ocrx_word' id='word_1_968' title='bbox 3516 5400 3634 5469; x_wconf 90' lang='lat' dir='ltr'><strong>quia</strong></span> <span class='ocrx_word' id='word_1_969' title='bbox 3660 5409 3759 5453; x_wconf 90' lang='lat' dir='ltr'><strong>tam</strong></span> <span class='ocrx_word' id='word_1_970' title='bbox 3788 5411 3871 5449; x_wconf 85' lang='lat' dir='ltr'><strong>vc-</strong></span> 
     </span>
    </p>
   </div>
   <div class='ocr_carea' id='block_1_117' title="bbox 2306 5478 3865 5559">
    <p class='ocr_par' dir='ltr' id='par_1_117' title="bbox 2306 5478 3865 5559">
     <span class='ocr_line' id='line_1_117' title="bbox 2306 5478 3865 5559; baseline 0.006 -26"><span class='ocrx_word' id='word_1_971' title='bbox 2306 5478 2583 5537; x_wconf 90' lang='lat' dir='ltr'><strong>hementer</strong></span> <span class='ocrx_word' id='word_1_972' title='bbox 2624 5498 2818 5553; x_wconf 87' lang='lat' dir='ltr'><strong>corpus</strong></span> <span class='ocrx_word' id='word_1_973' title='bbox 2852 5499 3006 5539; x_wconf 88' lang='lat' dir='ltr'><strong>suum</strong></span> <span class='ocrx_word' id='word_1_974' title='bbox 3034 5501 3361 5558; x_wconf 85' lang='lat' dir='ltr'><strong>persequens</strong></span> <span class='ocrx_word' id='word_1_975' title='bbox 3385 5532 3398 5552; x_wconf 88' lang='lat'><strong>.</strong></span> <span class='ocrx_word' id='word_1_976' title='bbox 3430 5493 3472 5546; x_wconf 91' lang='lat' dir='ltr'><strong>si</strong></span> <span class='ocrx_word' id='word_1_977' title='bbox 3507 5492 3633 5545; x_wconf 91' lang='lat' dir='ltr'><strong>nihil</strong></span> <span class='ocrx_word' id='word_1_978' title='bbox 3667 5492 3732 5546; x_wconf 91' lang='lat' dir='ltr'><strong>ibi</strong></span> <span class='ocrx_word' id='word_1_979' title='bbox 3760 5504 3865 5559; x_wconf 52' lang='lat' dir='ltr'><strong>per.</strong></span> 
     </span>
    </p>
   </div>
   <div class='ocr_carea' id='block_1_118' title="bbox 2305 5577 3869 5655">
    <p class='ocr_par' dir='ltr' id='par_1_118' title="bbox 2305 5577 3869 5655">
     <span class='ocr_line' id='line_1_118' title="bbox 2305 5577 3869 5655; baseline 0.002 -26"><span class='ocrx_word' id='word_1_980' title='bbox 2305 5577 2543 5646; x_wconf 85' lang='lat' dir='ltr'><strong>sequitur</strong></span> <span class='ocrx_word' id='word_1_981' title='bbox 2567 5578 2709 5648; x_wconf 88' lang='lat' dir='ltr'><strong>quod</strong></span> <span class='ocrx_word' id='word_1_982' title='bbox 2734 5577 2979 5648; x_wconf 74' lang='lat' dir='ltr'><strong>dlSpllcel</strong></span> <span class='ocrx_word' id='word_1_983' title='bbox 3000 5580 3129 5646; x_wconf 80' lang='lat' dir='ltr'><strong>Deo,</strong></span> <span class='ocrx_word' id='word_1_984' title='bbox 3154 5581 3343 5637; x_wconf 89' lang='lat' dir='ltr'><strong>frustra</strong></span> <span class='ocrx_word' id='word_1_985' title='bbox 3372 5584 3732 5655; x_wconf 88' lang='lat' dir='ltr'><strong>persequendo</strong></span> <span class='ocrx_word' id='word_1_986' title='bbox 3754 5594 3869 5635; x_wconf 69' lang='lat' dir='ltr'><strong>lt&#39;ttt&#39;</strong></span> 
     </span>
    </p>
   </div>
   <div class='ocr_carea' id='block_1_119' title="bbox 2368 5692 3869 5759">
    <p class='ocr_par' dir='ltr' id='par_1_119' title="bbox 2368 5692 3869 5759">
     <span class='ocr_line' id='line_1_119' title="bbox 2368 5692 3869 5759; baseline 0.001 -20"><span class='ocrx_word' id='word_1_987' title='bbox 2368 5692 2542 5759; x_wconf 64' lang='lat' dir='ltr'><strong>f__&#39;rres</strong></span> <span class='ocrx_word' id='word_1_988' title='bbox 2562 5703 2592 5739; x_wconf 89' lang='lat' dir='ltr'><strong>e</strong></span> <span class='ocrx_word' id='word_1_989' title='bbox 2625 5699 2861 5743; x_wconf 75' lang='lat' dir='ltr'><strong>\‘attcams</strong></span> <span class='ocrx_word' id='word_1_990' title='bbox 2885 5701 3012 5752; x_wconf 48' lang='lat' dir='ltr'><strong>Mss&quot;</strong></span> <span class='ocrx_word' id='word_1_991' title='bbox 3033 5706 3293 5759; x_wconf 71' lang='lat' dir='ltr'><strong>erprmgat.</strong></span> <span class='ocrx_word' id='word_1_992' title='bbox 3317 5696 3399 5745; x_wconf 70' lang='lat' dir='ltr'><strong>alii</strong></span> <span class='ocrx_word' id='word_1_993' title='bbox 3423 5698 3517 5747; x_wconf 80' lang='lat' dir='ltr'><strong>duo</strong></span> <span class='ocrx_word' id='word_1_994' title='bbox 3540 5712 3647 5747; x_wconf 76' lang='lat' dir='ltr'><strong>Cllm</strong></span> <span class='ocrx_word' id='word_1_995' title='bbox 3674 5696 3869 5758; x_wconf 70' lang='lat' dir='ltr'><strong>tioribus</strong></span> 
     </span>
    </p>
   </div>
   <div class='ocr_carea' id='block_1_120' title="bbox 2303 5751 3864 5865">
    <p class='ocr_par' dir='ltr' id='par_1_120' title="bbox 2303 5751 3864 5865">
     <span class='ocr_line' id='line_1_120' title="bbox 2303 5751 3864 5864; baseline 0.004 -65"><span class='ocrx_word' id='word_1_996' title='bbox 2303 5751 2415 5799; x_wconf 73' lang='lat' dir='ltr'><strong>Galli</strong></span> <span class='ocrx_word' id='word_1_997' title='bbox 2436 5765 2568 5864; x_wconf 61' lang='grc' dir='ltr'>-ιιλιῗ,</span> <span class='ocrx_word' id='word_1_998' title='bbox 2603 5766 2859 5816; x_wconf 68' lang='grc' dir='ltr'>ρπίιιινριιι.</span> <span class='ocrx_word' id='word_1_999' title='bbox 2901 5751 3025 5816; x_wconf 63' lang='grc' dir='ltr'><strong>Αιιι.ν</strong></span> <span class='ocrx_word' id='word_1_1000' title='bbox 3051 5751 3309 5821; x_wconf 63' lang='grc' dir='ltr'>ρέριιᾷνιιιι.</span> <span class='ocrx_word' id='word_1_1001' title='bbox 3357 5751 3864 5812; x_wconf 60' lang='grc' dir='ltr'>ιἸιιισιειςι-ιιδιδάμιεῐ,</span> 
     </span>
     <span class='ocr_line' id='line_1_121' title="bbox 2306 5828 2717 5865; baseline -0.005 0"><span class='ocrx_word' id='word_1_1002' title='bbox 2306 5828 2525 5865; x_wconf 62' lang='lat' dir='ltr'><strong>exprime</strong></span> <span class='ocrx_word' id='word_1_1003' title='bbox 2552 5850 2564 5862; x_wconf 95' lang='lat'><strong>.</strong></span> <span class='ocrx_word' id='word_1_1004' title='bbox 2714 5838 2717 5841; x_wconf 91' lang='lat'><strong><em>-</em></strong></span> 
     </span>
    </p>
   </div>
   <div class='ocr_carea' id='block_1_121' title="bbox 2334 5828 2717 5879">
    <p class='ocr_par' dir='ltr' id='par_1_121' title="bbox 2334 5828 2717 5879">
     <span class='ocr_line' id='line_1_122' title="bbox 2334 5828 2717 5879; baseline 0.003 -17"><span class='ocrx_word' id='word_1_1005' title='bbox 2334 5828 2564 5879; x_wconf 57' lang='grc' dir='ltr'><strong>ἔρυμνα.</strong></span> <span class='ocrx_word' id='word_1_1006' title='bbox 2714 5838 2717 5841; x_wconf 93' lang='grc'><strong>-</strong></span> 
     </span>
    </p>
   </div>
  </div>
