4122 6534
253 411 361 471 849

256 528 407 594 ptum
440 521 554 593 ejus
576 521 699 576 facit
729 519 973 591 iniuriam
997 532 1240 590 magnam
1263 514 1411 573 Deo?
1435 513 1570 582 Quid
1596 513 1850 584 tergiver-

257 615 395 668 saris
416 656 429 673 .
477 612 601 682 quid
641 611 908 666 cunctaris
944 609 1178 680 apertius
1205 604 1490 664 conﬁteri?
1521 603 1653 659 Illud
1680 600 1856 672 profc-

254 717 381 767 cto,
424 701 551 756 illud
594 711 676 757 est
710 700 852 770 quod
889 699 989 754 iste
1012 741 1027 763 ,
1054 698 1206 769 cujus
1237 698 1455 751 livorem
1483 693 1857 764 pmdoremque

258 794 555 865 ιιι-ἀπάξεις,
603 793 656 847 in
701 807 794 845 sua
844 806 1004 846 carne
1053 790 1424 861 persequitur,
1475 786 1617 842 unde
1644 784 1855 841 dicebat

258 884 592 956 Aposmlus,
642 879 764 936 Scio
805 881 924 951 quia
966 896 1068 934 non
1112 879 1302 933 habitat
1345 878 1398 932 in
1439 893 1556 944 me,
1585 875 1679 929 hoc
1704 884 1775 928 est
1806 874 1859 928 in

257 990 417 1029 came
441 988 580 1037 mea,
610 971 796 1025 bonum
824 968 998 1042 (Rom.
1028 985 1120 1034 vu,
1150 968 1258 1040 18).
1282 968 1451 1037 Quam
1475 981 1660 1021 vocem
1688 964 1860 1035 bapti-

259 1050 383 1121 κειῑῖ
410 1079 531 1119 esse
567 1078 665 1118 cur
689 1075 852 1133 negas
870 1103 885 1129 ,
916 1078 1036 1117 cum
1065 1076 1226 1132 opera
1250 1062 1396 1116 vocis
1423 1059 1581 1130 hujus
1611 1059 1662 1113 in
1694 1058 1863 1114 livore

258 1156 508 1227 corporis
548 1165 602 1211 et
644 1156 1003 1209 membrorum
1047 1154 1263 1223 prodere
1305 1152 1639 1224 cognoscas?
1677 1152 1863 1222 Neque

261 1247 407 1301 enim
436 1245 549 1300 hmc
576 1245 773 1311 sancti,
804 1245 887 1300 vel
918 1245 1010 1299 Dei
1040 1242 1291 1315 ﬂagellis,
1322 1244 1406 1299 vel
1434 1244 1502 1298 ab
1529 1244 1756 1298 inimicis
1781 1253 1865 1297 to-

262 1340 441 1396 lerant
471 1338 753 1408 patiendo,
783 1337 876 1392 sed
910 1337 1007 1407 ipsi
1029 1337 1128 1392 sibi
1156 1338 1403 1407 ingerunt
1424 1335 1769 1391 continendo.
1796 1335 1868 1391 Et

265 1427 457 1500 utquid
498 1428 635 1493 hoc,
679 1428 781 1483 nisi
821 1437 1006 1484 contra
1046 1427 1223 1483 carnis
1246 1427 1730 1497 concupiscentiam
1760 1427 1869 1497 spi-

263 1522 372 1576 ritu
408 1518 877 1589 concupiscendo?
921 1519 1072 1585 Quod
1116 1520 1365 1573 nimirum
1401 1528 1456 1574 et
1487 1519 1601 1590 ipse
1629 1520 1865 1574 sensisti.

263 1615 404 1667 (tum
448 1613 590 1667 enim
636 1611 948 1667 describens
974 1611 1277 1667 felicitatem
1307 1612 1497 1667 futurre
1526 1612 1649 1666 vita:
1674 1655 1688 1677 ,
1720 1612 1841 1667 addi
1866 1610 1890 1675 Σ

264 1706 444 1759 dissos
488 1714 648 1773 atque
683 1704 909 1759 dixisses
935 1745 951 1770 ,
988 1723 1007 1756 ι
1049 1704 1217 1759 Nemo
1244 1704 1500 1761 conviciis
1529 1703 1735 1759 felicem
1770 1704 1870 1758 itu-

266 1794 616 1865 pndentiam,
662 1808 820 1848 nemo
864 1795 1108 1848 maxillas
1150 1794 1375 1865 palmis,
1423 1810 1583 1849 nemo
1624 1794 1869 1864 subjicict

270 1896 423 1957 terga
471 1885 821 1951 verberibus;
871 1901 971 1943 nec
1006 1885 1243 1942 conﬂare
1283 1886 1517 1942 studebit
1555 1886 1621 1942 de
1652 1886 1872 1941 infirmi-

271 1990 388 2035 tate
428 1979 718 2044 virtutem;
770 1995 868 2035 nec
913 1995 1033 2034 cum
1074 1980 1248 2051 inepia
1280 1966 1591 2052 frugalitas,
1623 1995 1721 2035 nec
1750 1995 1871 2036 cum

273 2070 603 2127 maeroribus
640 2070 1050 2141 magnanimitas
1092 2089 1105 2127 :

271 2161 388 2217 Nec
429 2176 552 2216 cum
597 2159 774 2216 carnis
815 2161 1242 2232 concupiscentia
1271 2162 1488 2217 castitas
1517 2163 1568 2229 ¹;
1599 2162 1694 2219 sed
1724 2163 1872 2217 chti-

276 2252 418 2305 nasti
443 2266 663 2307 sensum
688 2250 1007 2306 concludere
1030 2292 1046 2316 ,
1073 2260 1231 2321 atque
1252 2251 1460 2317 dixisti,
1497 2271 1517 2304 ι
1553 2267 1653 2308 nec
1673 2252 1876 2322 patien-

278 2346 353 2401 tia
380 2359 502 2399 cum
529 2343 715 2405 dolore
737 2343 1057 2409 luctabitur;
1093 2362 1112 2396 ›
1133 2343 1268 2421 nihil
1286 2344 1426 2399 aliud
1448 2352 1877 2403 commemorans

278 2438 389 2494 nisi
429 2436 573 2508 quod
619 2435 919 2495 forinsecus
964 2438 1175 2493 irruens
1220 2438 1533 2495 fortitudine
1583 2440 1874 2509 toleratur,

279 2546 392 2587 non
420 2529 563 2601 quod
589 2530 733 2585 intus
758 2544 817 2585 se
841 2545 1187 2588 commovens
1212 2530 1455 2588 castitate
1474 2533 1879 2602 comprimitur?

281 2623 368 2678 An
410 2621 546 2677 forte
590 2635 689 2676 nos
732 2622 911 2691 arguis
951 2622 1253 2688 tarditatis,
1297 2623 1385 2693 qui
1416 2640 1519 2678 non
1552 2624 1880 2680 intellexeri-

280 2726 407 2768 mus
431 2755 447 2780 ,
481 2711 585 2769 hoc
610 2719 661 2768 te
681 2712 790 2783 jam
817 2712 1148 2785 significasse
1173 2715 1419 2787 superius
1437 2758 1452 2784 ,
1476 2733 1599 2772 cum
1620 2716 1688 2772 de
1713 2718 1881 2775 livore

281 2807 528 2875 corporis
571 2805 775 2861 diceres
818 2811 873 2861 et
917 2806 1097 2862 labore
1136 2821 1201 2864 ac
1228 2807 1443 2880 paedore
1470 2810 1880 2869 membrorum?

281 2897 513 2965 Quando
552 2896 696 2952 enim
740 2911 846 2952 non
888 2897 957 2953 ab
999 2897 1192 2967 hoste,
1238 2900 1333 2956 scd
1376 2916 1409 2957 a
1452 2916 1512 2957 se
1546 2902 1661 2974 ipso
1685 2901 1878 2976 afﬂigi-

264 2996 381 3047 -tur
425 2986 602 3055 fortis,
632 2988 684 3043 in
713 2988 829 3059 ipso
871 2988 1014 3044 intus
1034 2999 1116 3045 est
1141 2990 1229 3061 qui
1257 2991 1548 3048 vincendos
1575 3003 1656 3049 est
1686 2993 1875 3051 hostis.

359 3080 452 3135 47.
480 3079 744 3135 Memento
769 3092 900 3135 sane
925 3094 1031 3135 non
1064 3088 1116 3136 te
1141 3083 1453 3151 exposuisse
1471 3098 1567 3139 cur
1594 3084 1881 3155 Apostolus

284 3171 525 3239 dixerit,
571 3171 893 3244 adoptionem
930 3182 1270 3243 exspectantes
1313 3173 1427 3246 (Id.
1465 3191 1584 3242 vui,
1622 3176 1750 3248 25),
1788 3178 1879 3250 qui

284 3264 397 3335 jam
443 3263 495 3318 in
536 3262 749 3320 lavacro
784 3265 1200 3335 regenerationis
1240 3265 1410 3324 fuerat
1443 3268 1743 3339 adeptatus.
1776 3269 1879 3326 Ite-

288 3370 413 3412 rum
442 3354 579 3413 dicis
601 3399 617 3425 ,
654 3374 675 3409 σ
711 3357 850 3428 quod
874 3372 1089 3414 carnem
1112 3375 1264 3415 suam
1292 3361 1471 3417 nullus
1492 3362 1684 3419 oderit.
1714 3382 1735 3417 ι
1752 3362 1882 3433 Quis

289 3446 438 3502 enim
469 3448 571 3503 hoc
598 3458 757 3520 negat
776 3448 800 3503 ?
820 3448 925 3506 Sed
956 3460 1130 3507 tamen
1162 3451 1457 3525 disciplinae
1482 3454 1657 3527 rigore
1687 3455 1883 3517 asseris

293 3540 699 3597 conterendam.
742 3542 937 3599 lterum
976 3560 1104 3616 ergo
1145 3561 1243 3616 pro
1276 3546 1497 3603 veritate
1533 3548 1797 3621 loqueris,
1826 3559 1885 3609 et

294 3633 489 3689 audire
528 3643 580 3688 te
609 3648 713 3690 non
746 3634 843 3690 vis.
873 3636 980 3691 Cur
1006 3637 1147 3692 enim
1176 3652 1304 3695 caro
1332 3639 1626 3696 conteritur
1649 3656 1677 3695 a
1710 3641 1885 3699 fideli-

291 3724 398 3778 bus
421 3765 439 3792 ,
460 3725 506 3780 si
532 3724 662 3780 nihil
689 3726 943 3783 remansit
965 3726 1017 3782 in
1040 3727 1311 3799 Baptismo
1330 3730 1471 3802 quod
1497 3731 1755 3788 adversus
1773 3735 1888 3806 spi-

290 3819 459 3872 ritum
505 3818 890 3888 concupiscat?
932 3833 1061 3887 cur,
1112 3819 1327 3889 inquam
1353 3862 1368 3887 ,
1416 3823 1711 3879 conteritur
1752 3841 1782 3879 a
1826 3840 1888 3882 se

291 3910 418 3977 ipso
443 3908 697 3979 templum
722 3908 852 3975 Dei,
882 3909 926 3964 si
951 3910 1083 3964 nihil
1107 3910 1176 3965 ibi
1203 3919 1285 3965 est
1310 3911 1450 3980 quod
1477 3914 1692 3971 resistat
1716 3913 1890 3988 Spiri-

293 4000 374 4054 toi
413 3998 548 4054 Dei?
579 4000 695 4054 Non
723 4008 898 4056 autem
930 4010 1131 4056 tantum
1158 4001 1390 4070 inesset,
1420 4020 1603 4059 verum
1631 4013 1685 4061 et
1709 4006 1889 4078 gravi-

293 4101 383 4147 ter
414 4092 632 4147 obesset
650 4133 665 4158 ,
703 4093 802 4147 nisi
846 4102 1026 4148 reatus
1067 4108 1172 4165 quo
1201 4094 1223 4124 '
1244 4110 1343 4150 nos
1368 4094 1729 4153 obstrinxerat
1751 4139 1768 4163 ,
1796 4115 1894 4170 per

291 4183 667 4240 remissionem
713 4191 1051 4253 peccatorum
1076 4184 1281 4239 solutus
1310 4195 1473 4241 esset.
1506 4184 1741 4243 Solvitur
1764 4204 1894 4259 ergo

292 4291 397 4346 per
434 4273 849 4345 indulgentiam,
892 4275 1015 4346 quia
1061 4274 1274 4331 tenebat
1302 4276 1355 4331 in
1387 4292 1522 4332 noxa
1556 4279 1898 4335 :conteritur

294 4380 397 4435 per
432 4364 813 4420 continentiam
839 4406 855 4429 ,
886 4380 953 4421 ne
980 4365 1159 4422 vincat
1193 4366 1243 4420 in
1278 4382 1470 4439 pugna.
1504 4368 1693 4440 Agitur
1718 4370 1897 4440 itaque

292 4471 371 4513 ne
401 4455 572 4523 obsit,
596 4456 768 4511 donec
797 4457 866 4511 ita
893 4464 1113 4512 sanetur
1132 4466 1189 4512 ut
1209 4474 1313 4512 non
1341 4459 1430 4513 sit.
1457 4458 1794 4531 Quapropter
1814 4461 1899 4516 di-

295 4547 586 4604 mittuntur
611 4548 663 4602 in
689 4548 1010 4618 Baptismate
1038 4557 1225 4605 cuncta
1259 4561 1474 4620 peccata
1496 4592 1511 4618 ,
1542 4562 1596 4607 et
1620 4553 1896 4622 originali-

294 4649 385 4694 ter
430 4646 635 4706 tracta,
680 4647 734 4694 et
773 4639 1082 4709 ignorantur
1129 4638 1213 4696 vel
1263 4641 1493 4697 scienter
1531 4641 1758 4713 adjecta.
1791 4644 1897 4701 Sed

295 4745 423 4786 cum
462 4731 595 4787 dicit
625 4732 913 4800 Apostolus
938 4730 1169 4789 Jacobns
1188 4772 1203 4799 ,
1240 4731 1592 4807 Unusquisque
1622 4745 1845 4791 tentatur
1867 4754 1901 4792 a

295 4822 706 4892 concupiscentia
741 4839 835 4878 sua
859 4821 1139 4878 abstractus
1162 4834 1207 4878 et
1232 4822 1430 4879 illectus
1459 4839 1480 4882 :
1505 4825 1687 4882 deinde
1710 4844 1899 4883 concuo

298 4912 548 4983 piscentia
571 4927 687 4966 cum
713 4914 1032 4983 conceperit,
1067 4914 1199 4984 parit
1230 4923 1488 4985 peccatum
1520 4916 1720 4989 (Jacobi
1739 4934 1777 4985 t,
1808 4919 1897 4987 14,

298 5003 437 5074 £5);
467 5002 707 5074 proiecto
737 5004 789 5059 in
832 5003 917 5061 bis
946 5005 1126 5061 verbis
1152 5014 1335 5077 partus
1360 5021 1388 5060 a
1423 5007 1664 5077 pariente
1692 5008 1898 5064 discero

296 5097 466 5154 nitur.
497 5096 717 5153 Pariens
743 5099 885 5154 enim
910 5108 992 5154 est
1015 5101 1446 5171 concupiscentia
1468 5143 1483 5169 ,
1512 5112 1694 5172 partus
1715 5117 1896 5173 pecca-

298 5199 437 5245 tutu.
481 5186 586 5243 Sed
622 5190 1054 5260 concupiscentia
1086 5208 1190 5245 non
1222 5193 1392 5262 parit,
1425 5193 1523 5248 nisi
1552 5194 1897 5264 conceperit;

292 5296 398 5337 nec
436 5280 704 5353 concipit,
737 5281 836 5337 nisi
871 5281 1102 5338 illexerit
1123 5324 1138 5349 ,
1173 5284 1273 5339 hoc
1299 5294 1381 5340 est
1404 5326 1420 5353 ,
1450 5285 1515 5341 ad
1549 5286 1748 5341 malum
1781 5302 1903 5356 per-

293 5371 622 5445 petrandum
670 5374 963 5430 obtinuerit
1004 5377 1229 5432 volentis
1264 5392 1565 5434 assensum.
1596 5380 1745 5447 Quod
1774 5395 1902 5452 ergo

291 5465 559 5523 adversus
588 5479 705 5520 eam
733 5465 1045 5535 dimicatur,
1070 5466 1172 5523 hoc
1196 5468 1373 5539 agitur
1390 5511 1405 5535 ,
1432 5486 1498 5524 ne
1519 5472 1780 5540 concipiat
1803 5488 1899 5542 pa-

296 5560 513 5624 Latque
534 5566 830 5625 peccatum.
863 5556 1106 5613 Dimissis
1130 5560 1308 5629 itaque
1336 5561 1389 5615 in
1418 5562 1687 5632 Baptisnto
1710 5580 1900 5635 pecca-

364 5650 381 5680 ¹
421 5648 559 5709 aliti,
583 5660 671 5719 nec
693 5662 805 5719 cum
837 5647 1000 5714 inopia
1021 5649 1356 5719 frugalitatem
1369 5688 1385 5713 ,
1425 5666 1514 5705 nec
1536 5667 1651 5719 cum
1672 5656 1899 5719 maerori-

295 5711 384 5780 bus
966 5711 1055 5780 rufa
1084 5711 1195 5780 cum
1218 5711 1380 5766 carnis
1416 5715 1798 5780 concupiscentia
1821 5732 1903 5772 ca-

294 5773 814 5843 stitatem..l)uo.vatic.
844 5781 968 5829 Mss.
995 5773 1267 5841 frugalitas,
1293 5773 1673 5842 magnanimitas,
1703 5790 1797 5832 etc.

364 5837 383 5868 ³
419 5835 569 5897 will,
591 5835 687 5902 qui.
716 5845 770 5886 .tt
792 5846 915 5900 δίει,
941 5835 1051 5899 quo.

1625 390 1832 451 LIBER
1868 394 2159 453 ΞΕΧῖΗᾶ

1152 2091 1171 2124 ι
1218 2088 1383 2143 quare
1409 2072 1587 2128 dicere
1618 2072 1832 2127 noluisti
1853 2112 1870 2136 ,
1904 2142 1913 2151 δ

1959 512 2026 566 tis
2064 509 2348 580 omnibus,
2382 511 2434 569 Id
2464 514 2546 564 est
2570 506 2823 564 omnibus
2840 506 3286 586 concupiscentia:
3315 509 3546 575 fetibus,

1958 601 2002 654 si
2054 600 2162 656 illic
2206 601 2367 657 etiam
2408 600 2521 672 ipsa
2570 613 2883 673 consumpta
2920 612 3035 670 est,
3066 601 3331 672 quomodo
3359 611 3549 659 contra

1959 710 2077 751 eam
2119 710 2186 752 ne
2226 694 2524 766 concipiat,
2554 695 2806 751 dimicant
2830 696 2997 752 sancti
3026 716 3045 749 ι
3082 695 3247 750 livore
3270 692 3548 764 corporis.

1963 786 2175 858 paedore
2198 788 2556 842 membrorum
2582 828 2596 851 ,
2622 787 2939 842 contritione
2958 786 3175 843 carnis?
3205 806 3222 839 ι
3249 801 3367 858 quae
3388 784 3549 841 verba

1965 888 2050 933 tua
2095 888 2240 932 sunt.
2280 876 2558 946 Quomodo
2579 920 2594 947 ,
2627 877 2844 949 inquam
2867 920 2881 942 ,
2912 878 3110 944 livore,
3134 876 3348 947 paedore
3369 916 3388 944 ,
3418 890 3551 931 con.

1964 967 2180 1023 tritione
2205 968 2389 1039 templi
2414 968 2509 1024 Dei
2531 978 2716 1024 contra
2744 984 2862 1024 eam
2888 967 3237 1037 belligeratur
3268 984 3297 1022 a
3328 965 3552 1033 sanctis,

1966 1064 2013 1120 si
2056 1075 2110 1120 et
2150 1065 2262 1137 ipsa
2303 1074 2385 1120 est
2423 1065 2599 1121 ablata
2625 1064 2991 1135 Baptismate?
3018 1063 3194 1119 Manet
3222 1063 3421 1135 igitur:
3456 1076 3558 1119 nec

1966 1174 2027 1212 ea
2061 1159 2474 1229 regenerationis
2503 1160 2715 1215 lavacro
2740 1159 3008 1214 caruimus
3026 1198 3044 1219 ,
3071 1155 3118 1213 si
3142 1173 3251 1215 non
3282 1156 3355 1211 ibi
3378 1156 3560 1212 carui-

1968 1251 2087 1306 Inus
2112 1266 2274 1307 sensu
2295 1293 2309 1315 ,
2341 1266 2448 1321 quo
2477 1267 2594 1306 eam
2622 1265 2840 1308 manere
2870 1249 3149 1305 sentimus.

2039 1342 2129 1397 48.
2160 1342 2289 1412 Quis
2314 1352 2491 1398 autem
2522 1342 2592 1396 ita
2618 1340 2688 1398 sit
2717 1340 3026 1411 imprudens
3051 1348 3210 1411 atque
3236 1337 3517 1409 impudens
3539 1379 3557 1404 ,

1970 1434 2041 1488 ita
2073 1448 2265 1501 procax
2286 1474 2301 1500 ,
2334 1432 2575 1502 pertinax
2595 1473 2610 1498 ,
2635 1432 2886 1502 pervicax
2907 1472 2921 1495 ,
2952 1429 3023 1486 ita
3048 1441 3319 1500 postremo
3344 1430 3562 1485 insanus

1970 1534 2025 1579 et
2055 1523 2275 1579 demens
2296 1565 2311 1589 ,
2338 1523 2429 1593 qui
2453 1538 2574 1579 cum
2598 1530 2814 1593 peccata
2847 1521 2987 1577 mala
3014 1537 3135 1580 esse
3164 1521 3392 1576 fateatur
3415 1560 3431 1586 ,
3461 1535 3564 1574 ne-

1972 1624 2061 1685 get
2080 1629 2200 1670 esse
2221 1614 2416 1670 malum
2440 1612 2926 1683 concupiscentiam
2959 1623 3320 1683 peccatorum,
3350 1610 3565 1667 etiamsi

1972 1706 2228 1761 adversus
2270 1722 2387 1762 eam
2430 1705 2841 1784 concupiscente
2870 1705 3058 1775 spiritu
3083 1744 3099 1772 ,
3133 1686 3347 1773 peccata
3380 1703 3565 1757 conci-

1974 1815 2101 1870 pere
2142 1814 2205 1853 ac
2248 1813 2434 1868 parcre
2472 1814 2579 1853 non
2608 1797 2849 1852 sinatur?
2882 1797 3009 1852 Tale
3038 1812 3195 1867 porro
3218 1810 3282 1850 ac
3313 1804 3418 1849 tam
3448 1809 3566 1848 ma-

1974 1904 2136 1963 gnum
2181 1891 2377 1945 malum
2402 1932 2416 1955 ,
2469 1898 2671 1944 tantum
2702 1889 2825 1960 quia
2855 1888 3029 1953 inest,
3058 1886 3325 1957 quomodo
3354 1902 3460 1940 non
3490 1894 3571 1939 te-

1976 1990 2127 2037 neret
2154 1979 2208 2034 in
2228 1988 2397 2035 morte
2418 1990 2471 2034 et
2499 1978 2828 2049 pertraheret
2848 1979 2900 2033 in
2925 1977 3161 2033 ultimam
3182 1988 3429 2041 mortem,
3462 1975 3571 2029 nisi

1976 2082 2028 2129 et
2052 2072 2168 2142 ejus
2198 2071 2466 2125 vinculum
2498 2070 2549 2125 in
2575 2070 2662 2124 illa
2684 2086 2801 2142 quae
2833 2071 2892 2124 Iit
2922 2070 2973 2125 in
2995 2069 3272 2138 Baptismo
3297 2066 3572 2123 remissio.

1981 2179 2049 2221 ne
2069 2171 2411 2236 peccatorum
2435 2162 2671 2221 omnium
2693 2158 3033 2221 solveretur?
3062 2160 3285 2236 Propter
3306 2158 3408 2215 hoc
3429 2158 3574 2215 enim

1979 2255 2248 2313 vinculum
2274 2253 2413 2327 quod
2442 2254 2777 2309 connectitur
2801 2269 2869 2309 ex
2899 2244 3265 2324 primO'Adatn
3286 2292 3302 2318 ,
3334 2265 3433 2306 nec
3461 2251 3574 2305 sul-

1980 2348 2030 2400 vi
2076 2355 2251 2418 potest
2298 2345 2400 2399 nisi
2442 2346 2495 2399 in
2538 2343 2774 2399 secundo
2814 2343 3024 2409 Adam;
3069 2352 3286 2413 propter
3313 2340 3454 2408 hoc,
3496 2340 3578 2396 iu-

1969 2448 2141 2508 'quam
2168 2477 2181 2501 ,
2213 2434 2482 2491 vinculum
2504 2434 2694 2490 mortis
2713 2476 2729 2502 ,
2754 2433 2946 2489 mortui
2969 2433 3305 2503 reperiuntur
3326 2430 3576 2495 infantes,

1972 2544 2089 2585 'non
2128 2528 2227 2584 ista
2265 2536 2437 2583 morte
2465 2526 2743 2583 netissima
2771 2542 2890 2597 qua:
2916 2542 2947 2581 a
2977 2540 3206 2596 corpore
3231 2524 3461 2579 animam
3482 2510 3578 2578 se-

1986 2628 2142 2693 parat
2168 2662 2181 2685 ,
2208 2618 2305 2675 sed
2328 2635 2390 2674 ea
2421 2627 2596 2683 morte
2626 2633 2729 2689 qua
2757 2617 3076 2672 tenebantur
3093 2630 3281 2671 omnes
3300 2656 3313 2678 ,
3348 2608 3583 2685 proqui-

1986 2713 2087 2769 bus
2130 2721 2373 2768 mortuus
2399 2721 2482 2766 est
2508 2710 2773 2766 Christus.
2806 2708 3008 2766 Scimus
3034 2709 3175 2764 enim
3206 2750 3222 2775 ,
3253 2710 3326 2764 ait
3356 2708 3585 2781 Aposto-

1984 2804 2066 2860 lus
2093 2803 2260 2876 (quod
2281 2818 2311 2857 a
2331 2801 2486 2857 nobis
2505 2800 2801 2873 saepissime
2822 2799 3169 2871 repetendum
3193 2797 3320 2872 est),
3343 2799 3584 2873 quoniam

1970 2908 2121 2952 ’unus
2146 2913 2240 2969 pro
2261 2894 2490 2951 omnibus
2519 2902 2746 2949 mortuus
2766 2902 2875 2961 est;
2897 2910 3014 2966 ergo
3035 2908 3205 2947 omnes
3229 2891 3414 2946 mortui
3431 2878 3585 2949 sunt:

1991 2999 2040 3045 et
2083 3005 2174 3060 pro
2214 2986 2443 3043 omnibus
2486 2996 2715 3041 mortuus
2752 2993 2857 3051 est,
2899 2994 2953 3038 ut
2992 2985 3079 3051 qui
3117 2984 3284 3038 vivunt
3307 3024 3323 3051 ,
3346 2980 3460 3057 jam
3485 2999 3587 3035 non

1990 3081 2087 3137 sibi
2124 3080 2321 3145 vivant,
2368 3076 2458 3133 sed
2485 3078 2530 3132 ei
2555 3077 2639 3149 qui
2669 3092 2762 3149 pro
2791 3074 3022 3130 omnibus
3050 3083 3275 3129 mortuus
3304 3081 3409 3139 est,
3437 3083 3483 3126 et
3508 3089 3589 3126 re-

1988 3173 2207 3230 surrexit
2235 3170 2302 3246 (II
2333 3169 2452 3226 Cor.
2480 3185 2515 3224 v
2536 3212 2550 3235 ,
2581 3169 2648 3224 ﬂ
2668 3211 2685 3237 ,
2716 3168 2829 3240 15).
2855 3166 2934 3222 IIli
2957 3158 3327 3239 ergo‘viVunt,
3356 3180 3453 3236 pro
3471 3163 3588 3234 (ιυί-

1985 3264 2085 3322 bus
2112 3272 2172 3319 ut
2198 3262 2399 3328 vivant,
2429 3271 2667 3317 mortuus
2692 3270 2775 3316 est
2806 3259 2894 3330 qui
2918 3258 3153 3315 vivebat.
3176 3256 3329 3325 Quod
3348 3256 3586 3327 apertius

1985 3354 2058 3411 ita
2095 3355 2291 3411 dicitur
2334 3371 2348 3407 :
2397 3352 2478 3407 Illi
2517 3334 2710 3406 sunt'a
2753 3350 2944 3405 mortis
2971 3347 3184 3403 vinculo
3212 3347 3365 3404 liberi
3396 3346 3451 3415 ³,
3482 3358 3583 3417 pro

1987 3448 2182 3518 quibus
2206 3456 2450 3505 mortuus
2472 3458 2551 3504 est
2573 3448 2714 3503 inter
2733 3440 2973 3503 mortuos
2996 3445 3129 3502 lib‘er
3151 3444 3321 3525 (Psal.
3348 3459 3588 3510 Lxxvvn,

1988 3539 2070 3610 6).
2119 3539 2218 3595 Vel
2260 3540 2339 3595 sic
2385 3539 2556 3595 multo
2593 3539 2871 3610 apertius:
2906 3537 2987 3594 Illi
3024 3535 3378 3594 suntliberati
3404 3550 3435 3592 a
3462 3548 3589 3607 pec-

1990 3641 2112 3688 cato
2132 3672 2149 3699 ,
2193 3648 2290 3702 pro
2326 3631 2520 3701 quibus
2546 3640 2789 3687 mortuus
2817 3640 2899 3687 est
2923 3629 3013 3702 qui
3038 3645 3311 3699 nunquam
3339 3628 3511 3685 fuerat
3535 3628 3588 3683 in

1990 3736 2234 3799 peccato.
2280 3724 2347 3781 Et
2374 3740 2495 3781 cum
2524 3725 2691 3781 semel
2718 3720 2785 3780 sit
2813 3728 3054 3781 mortuus
3074 3764 3088 3788 ,
3121 3733 3298 3778 tamen
3332 3737 3427 3793 pro
3456 3736 3592 3778 uno-

1992 3834 2208 3891 quoque
2248 3826 2373 3875 tunc
2416 3818 2642 3875 moritur
2661 3858 2678 3884 ,
2710 3818 2923 3890 quando
2953 3818 3004 3873 in
3035 3818 3151 3891 ejus
3178 3816 3351 3872 morte
3372 3857 3388 3884 ,
3416 3829 3591 3887 quan-

1999 3913 2200 3970 taelibet
2223 3913 2394 3967 mtatis
2422 3910 2617 3976 fuerit,
2646 3911 2945 3986 baptizatur
2972 3929 2985 3964 :
3019 3909 3071 3965 id
3097 3900 3179 3966 est
3197 3949 3213 3972 .
3245 3914 3371 3969 tunc
3396 3905 3445 3963 ei
3471 3920 3593 3978 pro-

1996 4004 2136 4061 derit
2170 4020 2316 4060 mors
2341 4004 2458 4074 ejus
2482 4003 2572 4076 qui
2604 4003 2702 4059 fuit
2729 4003 2846 4059 sine
2872 3992 3091 4074 peccato
3109 4043 3126 4069 ,
3157 3999 3371 4071 quando
3394 3988 3446 4054 in
3475 3997 3594 4068 ejus

1997 4106 2171 4154 morte
2216 4098 2514 4167 baptizatus
2553 4104 2796 4151 mortuus
2822 4096 2977 4152 fuerit
3004 4094 3163 4152 etiam
3195 4094 3310 4164 ipse
3339 4101 3593 4166 peccato,

1997 4189 2087 4259 qui
2116 4197 2358 4243 mortuus
2384 4188 2552 4242 fuerat
2580 4188 2633 4242 in
2666 4195 2904 4258 peccato.

2071 4272 2297 4337 CAPUT
2319 4278 2461 4334 XVI.
2490 4308 2561 4320 -—
2586 4278 2677 4334 49.
2705 4276 2907 4350 lngeris
2935 4277 3175 4349 Apostoli
3201 4274 3559 4331 testimonium
3576 4317 3593 4340 ,

2001 4369 2092 4425 ubi
2121 4370 2231 4436 ait,
2263 4366 2439 4424 Nolite
2466 4384 2669 4433 errare;
2697 4383 2855 4438 neque
2882 4364 3176 4438 fornicarii,
3206 4383 3362 4431 neque
3384 4356 3597 4424 simula-

2000 4460 2101 4516 eris
2131 4459 2421 4527 servientes,
2449 4468 2503 4515 et
2530 4468 2747 4525 ca‘tera,
2773 4459 2966 4529 quibus
2986 4458 3443 4524 commemoratis,
3470 4472 3600 4515 cou-

2000 4551 2168 4607 cludit
2208 4551 2350 4623 quod
2383 4569 2593 4624 regnum
2622 4549 2719 4605 Dei
2744 4568 2845 4606 non
2874 4552 3197 4623 possidebunt
3224 4551 3271 4604 ‘.
3300 4549 3404 4605 Sed
3435 4560 3599 4621 agunt

2006 4644 2129 4699 talia
2170 4644 2261 4713 qui
2299 4644 2748 4715 concupiscentia:
2772 4684 2787 4707 ,
2826 4656 2985 4712 quam
3028 4641 3210 4703 laudas
3231 4684 3245 4705 ,
3278 4641 3508 4702 motibus
3532 4641 3597 4692 tul

2004 4735 2144 4789 mala
2189 4741 2245 4791 et
2286 4736 2461 4803 turpia
2503 4749 2727 4804 qumque
2763 4733 3126 4788 consentiunt.
3158 4731 3310 4813 Quod
3336 4746 3463 4805 ergo
3489 4731 3598 4793 ait,

2005 4827 2074 4883 Et
2114 4829 2219 4883 hac
2245 4824 2443 4894 quidem
2472 4829 2640 4900 fuistis
2658 4867 2672 4892 ,
2703 4827 2791 4880 sed
2814 4826 2974 4880 abluti
3000 4825 3118 4879 estis
3138 4866 3150 4888 ,
3180 4824 3271 4878 sed
3294 4821 3601 4889 sancti/ica“

2006 4921 2123 4976 estis
2164 4920 2206 4992 (I
2248 4917 2367 4975 Cor.
2402 4934 2457 4974 \‘t
2482 4960 2497 4986 ,
2526 4919 2673 4992 9-H)
2706 4935 2722 4971 :
2756 4924 2984 4971 mutatos
3012 4929 3106 4971 eos
3134 4912 3267 4969 dixit
3292 4912 3344 4968 in
3374 4914 3562 4967 melius
3590 4957 3605 4978 ,

2006 5028 2112 5069 non
2134 5023 2271 5069 utea
2294 5020 2578 5078 carerent,
2604 5011 2744 5082 quod
2774 5012 2825 5065 in
2854 5010 2953 5064 hac
2978 5010 3079 5063 vita
3107 5009 3220 5064 fieri
3250 5024 3353 5063 non
3384 5017 3555 5077 potest
3584 5023 3599 5073 ;

2007 5106 2102 5163 sed
2130 5115 2188 5162 ut
2214 5106 2261 5160 ei
2295 5118 2399 5159 non
2430 5104 2709 5160 obedircnt
2731 5144 2748 5170 ,
2775 5102 2913 5174 quod
2941 5100 2994 5155 in
3016 5100 3041 5134 ⁸
3064 5101 3201 5156 bona
3229 5098 3338 5153 vita
3369 5098 3482 5154 fieri
3508 5114 3603 5169 po-

2010 5209 2148 5267 test;
2181 5209 2338 5270 atque
2364 5206 2419 5253 ut
2446 5197 2514 5251 ab
2541 5211 2608 5252 eo
2625 5238 2641 5264 ,
2665 5211 2774 5267 quo
2798 5204 2951 5251 erant
2973 5193 3183 5249 vinculo
3206 5192 3321 5262 ejus
3344 5189 3557 5251 obnoxii
3585 5232 3601 5255 .

2010 5294 2261 5349 liberatos
2303 5307 2362 5347 se
2404 5306 2525 5347 esse
2559 5299 2947 5360 Cognoscerent
2972 5331 2985 5353 ,
3016 5287 3159 5359 Quod
3187 5287 3286 5342 nisi
3315 5300 3605 5357 regenera-

2010 5387 2154 5441 tione
2193 5384 2304 5440 fieri
2344 5398 2448 5439 non
2478 5393 2672 5455 potest.
2704 5382 2782 5437 'I‘u
2813 5391 2989 5437 autem
3013 5424 3027 5445 ,
3063 5379 3149 5454 qui
3178 5388 3363 5450 putas,
3399 5395 3420 5430 ι
3448 5370 3603 5448 quod

2009 5477 2052 5531 si
2092 5476 2288 5531 malum
2319 5483 2460 5530 esset
2486 5459 2911 5543 concupiscentia
2933 5513 2948 5538 ,
2985 5458 3199 5527 careret
3221 5484 3283 5525 ea
3312 5466 3401 5539 qui
3430 5467 3604 5537 bapti-

2009 5575 2187 5630 zatur,
2221 5583 2240 5617 ι
2268 5564 2491 5619 multum
2514 5579 2682 5619 erras.
2707 5563 2862 5620 Omni
2891 5562 3033 5618 enim
3062 5568 3281 5633 peccato
3300 5567 3468 5621 caret.
3494 5572 3603 5613 non

1994 5670 2001 5677 ·
2075 5658 2092 5690 ι
2127 5664 2336 5717 Quatuor
2358 5663 2486 5715 Mss,
2516 5654 2722 5707 liberati.

2071 5720 2093 5785 ξ
2126 5712 2210 5785 tiic
2231 5712 2544 5785 FloriaceoSis
2559 5720 2713 5785 codex
2737 5718 2886 5774 Iddit.
2913 5729 2994 5785 φφ
3017 5712 3135 5766 εαίίσ
3160 5719 3325 5785 93""!-
3370 5770 3380 5780 .

2073 5781 2101 5851 '_
2129 5780 2257 5847 Idem
2296 5789 2374 5828 \ts.
2415 5782 2759 5842 Floriaccusis,
2797 5773 2938 5845 qttccl'
2975 5779 3093 5829 bona
3132 5773 3226 5829 till!
3270 5773 3380 5840 fw"-
3412 5774 3606 5841 Μαι

2008 5854 2300 5904 οιῐιιδδοηη.
