4098 6496
621 380 717 435 8M

619 503 766 558 o.nnl
812 502 975 559 malo.
1021 501 1173 575 Quod
1218 504 1425 578 planius
1464 508 1535 563 ita
1573 508 1766 564 dicitur
1806 525 1821 562 :
1862 508 2017 564 Omni
2061 516 2212 563 reatu

619 594 861 650 nomium
907 596 1172 653 malorum
1216 607 1393 667 caret,
1434 614 1538 655 non
1569 600 1815 657 omnibus
1843 600 2017 655 malis.
2048 598 2213 654 Nunt-

620 685 748 754 quid
773 688 915 743 enim
938 697 1088 745 caret
1107 690 1449 763 corruptione
1468 692 1708 762 corporis
1723 691 1750 747 ?
1775 694 1970 747 Annon
1990 701 2074 747 est
2094 706 2210 747 ma-

621 778 730 835 lum
758 778 900 852 quod
926 792 1178 854 aggravet
1200 782 1468 839 animam?
1496 792 1550 840 et
1569 785 1765 840 erravit
1786 785 1873 856 qui
1898 784 2060 853 dixit,
2086 785 2212 842 Cor-

621 891 717 943 pus
758 876 891 931 enim
929 877 1254 949 corruptibile
1274 887 1515 955 aggravet
1538 879 1760 937 animam
1792 879 1947 955 (Sap.
1975 898 2049 949 lx,
2079 882 2145 938 15
2151 883 2211 953 )?

619 963 885 1039 Numquid
905 977 1053 1024 caret
1077 967 1389 1043 ignorantia:
1418 972 1557 1026 malo
1573 1014 1589 1038 ,
1621 988 1718 1044 per
1742 972 1883 1045 quod
1906 990 1937 1029 a
1966 975 2211 1031 nescien-

617 1056 763 1114 tibus
798 1059 1206 1123 innumerabilia
1249 1071 1624 1133 perpetrantur
1662 1067 1797 1121 mala
1818 1070 1843 1121 ?
1878 1069 1960 1122 An
1987 1083 2208 1137 parvum

620 1149 817 1205 malum
852 1159 975 1221 est,
1015 1167 1113 1223 per
1151 1153 1294 1225 quod
1335 1154 1496 1210 homo
1531 1171 1638 1211 non
1678 1156 1903 1228 percipit
1942 1174 2061 1230 quae
2086 1169 2208 1214 sunt

617 1240 847 1311 Spiritus
871 1241 1002 1299 Dei?
1032 1244 1107 1300 De
1127 1244 1407 1317 baptizatis
1428 1262 1621 1318 nempe
1641 1248 1851 1305 dicebat
1874 1250 2160 1320 Apostolus
2192 1269 2206 1306 :

618 1334 871 1390 Animalis
913 1335 1064 1391 homo
1110 1353 1212 1392 non
1260 1338 1473 1411 percipit
1517 1356 1633 1410 qua:
1667 1351 1786 1397 sunt
1817 1340 2043 1413 Spiritus
2073 1341 2209 1409 Dei;

615 1425 830 1482 stultitia
859 1438 934 1484 est
962 1431 1095 1485 enim
1116 1432 1233 1498 illi,
1265 1442 1313 1486 et
1340 1449 1441 1488 non
1466 1444 1628 1505 potest
1651 1435 1812 1505 scire,
1838 1437 2078 1507 quoniam
2097 1437 2208 1509 spi-

519 1571 526 1597 τ
618 1517 871 1574 ritualiter
899 1520 1210 1592 dijudicatur
1234 1521 1280 1593 (l
1305 1521 1423 1578 Cor.
1453 1540 1521 1591 ιι,
1553 1524 1620 1580 Η
1640 1567 1656 1592 ,
1686 1526 1791 1599 15).
1828 1527 2029 1584 Deinde
2050 1529 2207 1599 paulo

518 1620 527 1690 ι
616 1618 738 1676 post
786 1627 800 1664 :
842 1609 909 1666 Et
949 1628 1071 1685 ego,
1109 1612 1314 1686 inquit,
1357 1618 1577 1688 fratres,
1605 1634 1707 1673 non
1738 1620 1881 1689 potui
1907 1620 2046 1693 loqui
2070 1620 2209 1677 vobis

612 1702 761 1767 quasi
784 1704 1152 1775 spiritualibus,
1179 1707 1269 1763 sed
1288 1710 1434 1779 quasi
1458 1710 1764 1767 carnalibus.
1798 1710 1962 1785 Quasi
1983 1714 2209 1784 parvulis

612 1794 667 1847 in
703 1791 903 1855 Chnsto
922 1838 938 1865 ,
966 1795 1047 1852 lac
1078 1797 1213 1854 vobis
1242 1810 1417 1870 potum
1440 1801 1591 1866 dedi,
1622 1818 1723 1857 non
1749 1818 1953 1869 escam;
1982 1804 2207 1859 nondum

610 1887 748 1941 enim
783 1890 1024 1960 poteratis
1052 1906 1073 1945 :
1098 1888 1188 1949 sed
1223 1909 1314 1947 nec
1341 1892 1510 1949 adhuc
1536 1895 1739 1966 quidem
1766 1897 1968 1966 potestis
1990 1914 2011 1962 ;
2039 1898 2207 1953 adhuc

610 1980 744 2034 enim
765 1979 884 2035 estis
909 1982 1160 2040 carnales.
1188 1983 1316 2043 Cum
1335 1985 1467 2041 enim
1497 1988 1596 2044 sint
1618 1987 1748 2044 inter
1774 1991 1872 2044 vos‘
1882 1991 2139 2046 aemulatio
2156 2002 2208 2046 et

609 2072 862 2128 contentio
880 2114 896 2140 ,
933 2090 1101 2133 nonne
1134 2075 1365 2134 carnales
1392 2077 1511 2135 estis
1527 2121 1544 2146 ,
1572 2090 1621 2135 et
1647 2082 1928 2141 secundum
1952 2084 2206 2140 hominem

608 2162 922 2220 antbulatis?
962 2165 1097 2225 Vide
1133 2183 1253 2247 qua:
1291 2169 1434 2227 dicat
1463 2172 1602 2228 mala
1628 2172 1697 2231 de
1724 2174 2036 2245 ignorantiae
2062 2178 2205 2234 malo

609 2256 897 2317 venientia.
943 2258 1013 2315 Et
1054 2270 1185 2335 puto
1220 2264 1362 2335 quod
1400 2280 1506 2321 non
1549 2264 1619 2323 de
1655 2269 2057 2328 catechumenis
2102 2271 2204 2335 ista

608 2349 842 2407 «licebat.
878 2351 1090 2410 Parvuli
1127 2355 1327 2429 quippe
1365 2357 1420 2416 in
1449 2358 1663 2416 Christo
1691 2363 1959 2434 quomodo
1987 2373 2201 2449 essent,

610 2443 712 2498 nisi
765 2442 876 2520 jam
926 2446 1097 2503 renati
1148 2449 1374 2507 essent?
1426 2450 1578 2523 Quod
1629 2455 1673 2515 si
1713 2456 1949 2513 nondum
1986 2442 2199 2528 credis,

608 2533 739 2603 quid
789 2536 871 2591 eis
920 2547 1040 2611 post
1083 2553 1252 2611 pauca
1299 2542 1476 2611 dicat,
1519 2544 1732 2603 attende
1773 2564 1788 2603 :
1829 2546 2051 2607 Nescitis
2085 2552 2203 2622 quia

608 2626 854 2698 templum
888 2628 987 2684 Dei
1011 2633 1128 2687 estis
1145 2674 1161 2696 ,
1185 2643 1235 2688 et
1263 2633 1486 2706 Spiritus
1516 2636 1612 2693 Dei
1634 2639 1827 2699 babitat
1849 2641 1900 2695 in
1929 2642 2063 2699 vobis
2087 2642 2200 2717 (Id.

609 2734 666 2774 ιιι
685 2760 702 2785 ,
732 2712 764 2775 ἱ
782 2762 798 2789 ,
831 2720 896 2786 3,
929 2721 1059 2798 16)?
1084 2725 1164 2782 An
1190 2726 1365 2784 adhuc
1388 2729 1676 2799 dubitabis,
1704 2731 1790 2789 vel
1817 2734 2037 2803 negabis
2055 2776 2071 2801 ,
2094 2712 2201 2793 non

606 2824 703 2864 eos
755 2812 994 2884 potuisse
1039 2830 1161 2872 esse
1214 2819 1468 2895 templum
1522 2821 1652 2889 Dei,
1701 2823 1754 2878 in
1793 2839 1899 2894 quo
1938 2824 2203 2882 habitaret

603 2899 839 2969 Spiritus
878 2904 1003 2975 Dei,
1045 2907 1149 2964 nisi
1186 2907 1523 2985 baptizatos?
1558 2912 1760 2979 Saltem
1796 2930 1928 2993 ergo
1951 2915 2081 2983 illud
2109 2937 2199 2983 re-

604 2992 755 3064 spice
789 2995 933 3068 quod
969 2998 1050 3055 eis
1085 2997 1222 3061 dixit
1261 3023 1276 3060 :
1317 3002 1585 3081 Numquid
1618 3010 1673 3067 in
1700 2992 1902 3071 nomine
1930 3012 2085 3074 Pauli
2109 3015 2199 3074 ba-

598 3083 785 3160 ptizati
817 3087 937 3155 estis
972 3091 1086 3166 (Id.
1127 3110 1185 3167 t,
1227 3098 1366 3170 i3)?
1401 3100 1518 3161 Non
1558 3101 1719 3172 igitur
1742 3115 2024 3167 caruerunt
2050 3115 2197 3169 tanto

604 3183 918 3253 ignorantiae
938 3186 1079 3245 malo
1104 3187 1159 3244 in
1187 3189 1398 3248 lavacro
1418 3194 1838 3265 regenerationis
1852 3238 1867 3263 ,
1901 3197 1988 3258 ubi
2015 3207 2196 3259 tamen

590 3266 850 3343 omnibus
889 3290 1172 3343 caruerunt
1211 3282 1329 3343 sitne
1368 3283 1698 3347 dubitatione
1720 3294 1974 3360 peccatis.
2004 3291 2073 3352 Et
2100 3307 2197 3363 per

600 3371 706 3427 hoc
743 3372 1057 3449 ignorantia:
1086 3374 1286 3433 malum
1318 3378 1516 3448 templo
1546 3379 1640 3441 Dei
1661 3422 1677 3449 ,
1710 3380 1763 3445 in
1789 3397 1897 3453 quo
1923 3382 2195 3442 habitabat

597 3461 828 3538 Spiritus
849 3463 964 3532 Dei,
987 3464 1213 3529 stultitia
1240 3475 1394 3532 erant
1410 3484 1534 3543 quae
1554 3479 1680 3531 sunt
1700 3471 1927 3543 Spiritus
1952 3473 2065 3535 Dei.
2088 3476 2192 3541 Sed

598 3554 667 3612 de
692 3555 781 3619 die
801 3556 854 3619 in
879 3557 1020 3617 diem
1048 3558 1093 3615 si
1117 3560 1473 3635 proﬁcerent,
1502 3571 1557 3622 et
1583 3564 1635 3619 in
1663 3565 1806 3639 quod
1831 3576 2195 3641 pervenerant

584 3636 652 3726 :in
689 3664 757 3717 eo
793 3650 1165 3720 ambularent,
1210 3667 1338 3710 sana
1377 3655 1613 3726 profecto
1639 3636 1925 3719 accedente
1948 3659 2192 3723 doctrina

580 3724 931 3811 uritinueretur
970 3743 1070 3809 hoc
1094 3744 1315 3801 malum.
1340 3724 1636 3811 Credamus
1663 3750 1823 3813 etiam
1853 3766 1958 3811 non
1985 3761 2191 3815 tantum

595 3832 801 3902 minui,
840 3848 1024 3899 verum
1057 3835 1218 3901 etiam
1258 3838 1310 3901 in
1337 3837 1437 3895 hac
1468 3840 1571 3896 vita
1610 3856 1767 3913 posse
1791 3846 2031 3902 consumi
2062 3862 2078 3900 :
2111 3854 2192 3902 ta-

595 3936 722 3987 men
744 3934 867 4005 post
891 3924 1256 3997 Baptismum;
1290 3930 1545 4002 numquid
1572 3931 1623 3986 in
1645 3931 1918 4007 Daptismo
1937 3935 1960 3989 ?
1978 3932 2190 3994 Concu-

597 4017 912 4089 piscentiam
938 4033 1067 4076 vero
1091 4020 1212 4092 quis
1238 4023 1472 4099 ambigat
1494 4026 1546 4081 in
1572 4025 1672 4083 hac
1694 4026 1800 4087 vita
1822 4042 1980 4098 posse
2000 4030 2187 4099 minui,

595 4126 704 4167 non
732 4125 890 4182 posse
913 4114 1200 4171 consumi?

668 4202 759 4259 50.
799 4202 997 4261 Horum
1037 4205 1218 4279 itaque
1246 4209 1504 4267 malorum
1537 4214 1840 4283 prseteritos
1866 4218 2040 4275 omnis
2067 4236 2188 4275 rea-

597 4303 684 4350 tus
720 4307 875 4351 sacro
905 4295 1049 4359 ferite
1086 4298 1324 4359 diluitur.
1369 4301 1733 4365 Remittuutur
1758 4324 1890 4381 ergo
1933 4311 1987 4368 in
2024 4328 2187 4371 rena-

595 4386 890 4456 scentibus,
911 4389 1223 4449 minuuntur
1238 4392 1289 4451 in
1306 4396 1725 4468 proﬁcientibus.
1752 4399 2053 4475 Ignorantia
2082 4409 2185 4462 mi-

483 4504 494 4522 ι
596 4480 779 4541 nititur
794 4481 1014 4545 veritate
1030 4485 1197 4557 magis
1212 4488 1485 4560 magisque
1500 4490 1711 4551 lucente
1727 4510 1740 4548 :
1756 4498 2187 4570 concupiscentia

595 4571 853 4628 minuitur
898 4571 1158 4637 charitate
1206 4578 1375 4649 magis
1429 4582 1704 4657 magisque
1746 4585 2003 4645 fervente.
2043 4591 2187 4657 Nihil

595 4664 723 4727 boni
769 4664 960 4724 horum
983 4664 1212 4727 duorum
1243 4671 1260 4702 ί
1287 4681 1372 4728 est
1409 4687 1441 4727 a
1469 4674 1644 4731 nobis.
1703 4675 1829 4737 Non
1853 4681 1996 4738 enim
2026 4685 2183 4755 spiri-

592 4767 701 4813 tum
742 4757 897 4831 hujus
930 4760 1109 4817 mundi
1135 4764 1453 4834 accepimus,
1482 4766 1573 4821 sed
1598 4769 1832 4840 spiritum
1857 4775 1946 4847 qui
1971 4793 2034 4834 ea:
2074 4777 2183 4834 Deo

589 4858 685 4913 est,
717 4858 771 4904 ut
789 4850 1006 4908 sciamus
1017 4869 1131 4924 qua:
1155 4870 1189 4908 a
1212 4852 1322 4910 Deo
1347 4855 1536 4915 donata
1558 4870 1675 4917 sunt
1699 4863 1842 4925 nobis
1866 4864 1976 4947 (Id.
2005 4870 2179 4940 n,l2).

597 4942 670 5001 Ex
693 4943 792 4999 hoc
802 4952 979 5005 autem
990 4948 1419 5017 concupiscentia
1434 4950 1583 5027 pejor
1598 4964 1679 5010 est
1692 4971 1850 5027 quam
1863 4944 2180 5033 ignorantia,

482 5038 493 5113 ξ
595 5033 716 5103 quia
766 5033 1063 5105 ignorantia
1107 5039 1225 5097 sine
1261 5042 1696 5113 concupiscentia
1742 5050 1916 5107 minus
1964 5067 2178 5124 peccat;

483 5147 495 5183 ε
594 5127 1019 5198 u-oncupiscentia
1060 5145 1189 5187 vero
1229 5132 1351 5193 sine
1378 5132 1677 5207 ignorantia
1715 5142 1928 5209 gravius
1975 5157 2176 5218 peccat.

491 5282 494 5291 λ
593 5215 660 5279 Et
699 5217 905 5281 nescire
931 5219 1152 5288 malum,
1180 5237 1286 5278 non
1313 5237 1528 5297 semper
1552 5236 1633 5283 est
1658 5229 1856 5287 malum
1886 5252 1899 5287 :
1931 5215 2180 5313 concupi-

590 5322 743 5371 scere
787 5317 963 5370 autem
1017 5311 1241 5383 malum,
1296 5330 1510 5387 semper
1558 5329 1639 5375 est
1696 5323 1913 5382 malum.
1974 5311 2179 5391 Bonam

591 5415 804 5473 quoque
830 5401 1003 5474 ipsum
1032 5404 1231 5485 utiliter
1258 5406 1544 5483 aliquando
1576 5411 1869 5484 ignoratur,
1903 5428 1959 5474 ut
1986 5436 2180 5494 cpper-

591 5504 719 5552 tunc
735 5493 973 5557 sciatur:
998 5496 1147 5553 nullo
1170 5507 1351 5555 autem
1374 5501 1535 5560 modo
1564 5504 1676 5561 lieri
1701 5517 1878 5578 potest
1898 5519 1955 5570 ut
1979 5493 2176 5571 carnali

589 5589 1020 5661 concupiscentia
1048 5592 1249 5647 bonum
1278 5591 1511 5653 hominis
1531 5601 1973 5672 concupiscatur:
2005 5623 2178 5677 quan-

589 5679 874 5757 doquidcm
917 5684 1156 5755 necipsa
1197 5685 1379 5755 proles
1406 5687 1626 5746 libidine
1653 5696 1913 5765 corporis,
1941 5698 2035 5754 sed
2079 5716 2176 5757 vo-

653 5796 669 5827 ¹
706 5801 807 5867 Duo
829 5795 1035 5867 vatigni
1055 5802 1163 5847 Mss.
1183 5809 1196 5846 :
1214 5796 1344 5867 a'ilnl
1365 5797 1594 5855 bonorum
1616 5804 1787 5859 Iterum
1811 5810 2034 5866 duorum.
2077 5814 2176 5867 Ηυ-

586 5858 819 5910 mecnsis
838 5857 988 5914 :M’Iu’l
1006 5860 1178 5913 horum
1203 5859 1453 5916 donorum.

1407 388 1684 447 CONTRA
1721 388 2061 447 JULIANUM
2100 386 2571 476 PELACIANUM,
2611 405 2671 477 s,
2712 405 3084 465 AUGUSTINI

3799 422 3904 478 833

2318 511 2521 573 luntate
2540 520 2700 577 anitni
2723 524 3135 594 concupiscitur,
3162 527 3399 596 quamvis
3424 546 3529 586 non
3545 533 3661 590 sine
3682 536 3902 597 libidine

2315 610 2553 677 corporis
2579 613 2892 668 seminetur.
2934 614 3011 671 De
3041 616 3140 672 hac
3168 619 3362 689 quippe
3399 622 3603 693 agimus
3642 632 3896 703 concupi-

2315 702 2534 768 scentia,
2564 719 2667 773 qua
2693 720 2819 762 caro
2843 710 3171 779 concupiscit
3198 712 3453 772 adversus
3478 718 3758 789 spiritum;
3788 702 3891 782 non

2315 788 2383 844 de
2424 792 2513 846 illa
2558 794 2718 865 bona,
2760 814 2858 867 qua
2890 801 3108 872 spiritus
3135 806 3462 877 concupiscit
3498 788 3753 870 adversus
3781 832 3896 872 car-

2314 898 2436 938 nem
2468 883 2661 956 (Galat.
2691 904 2743 955 v,
2780 890 2892 962 l7).
2923 901 2979 947 et
3001 909 3107 963 qua
3150 899 3546 969 concupiscitur
3571 906 3895 965 continentia

2316 990 2412 1045 per
2450 993 2609 1047 quam
2636 984 3068 1054 concupiscentia
3110 990 3367 1047 vincatur.
3409 992 3520 1049 liae
3544 1011 3671 1068 ergo
3700 1010 3900 1056 concu-

2310 1067 2571 1143 pisccntia
2640 1074 2816 1130 carnis
2878 1084 3155 1149 nunquam
3216 1067 3620 1156 concupiscitur?
3669 1090 3901 1151 hominis

2315 1158 2478 1214 ullum
2510 1161 2730 1232 bonum,
2763 1165 2807 1220 si
2834 1166 3079 1239 voluptas
3102 1173 3281 1227 carnis
3306 1190 3414 1229 non
3438 1186 3521 1256 est
3544 1177 3775 1238 hominis
3804 1184 3900 1239 bo.

2315 1265 2462 1305 num.
2510 1252 2564 1309 Si
2594 1265 2795 1324 autem,
2842 1268 2900 1313 ut
2946 1260 3124 1333 aliquo
3152 1263 3270 1321 loco
3310 1252 3636 1338 signiﬁcasti,
3671 1291 3692 1326 ι
3729 1275 3901 1344 placet

2314 1339 2409 1395 tibi
2438 1353 2581 1399 secta
2606 1346 2939 1417 Dinomachi,
2964 1351 3298 1413 honestatem
3320 1339 3750 1434 voluptatemque
3765 1381 3897 1421 con-

2308 1430 2537 1504 jungens
2575 1455 2593 1488 ι
2640 1435 2874 1509 (Supra,
2908 1442 2994 1497 lib.
3025 1444 3079 1511 4,
3112 1462 3165 1500 n.
3207 1447 3349 1521 76);
3406 1452 3548 1521 quod
3598 1430 3899 1528 philosophi

2313 1539 2525 1596 quoque
2574 1527 2733 1600 hujus
2786 1534 2972 1589 mundi
3016 1537 3106 1606 qui
3158 1539 3492 1601 honestiores
3538 1527 3894 1619 videbantur,

2312 1614 2593 1689 Scyllaeum
2624 1620 2820 1678 bonum
2869 1640 2990 1683 esse
3031 1628 3297 1698 dixerunt,
3326 1649 3394 1689 ex
3441 1635 3669 1696 humana
3696 1614 3903 1698 scilicet

2313 1718 2500 1766 natura
2518 1712 2856 1787 belluinaque
2875 1730 3207 1791 compactum
3230 1741 3243 1779 :
3262 1725 3307 1781 si
3335 1724 3435 1784 hoc
3450 1743 3577 1799 ergo
3597 1743 3897 1791 monstrum

2314 1807 2403 1854 tua
2423 1802 2676 1872 epinionc
2702 1808 2926 1864 sectaris
2950 1827 2965 1876 ;
2998 1813 3130 1868 satis
3154 1822 3238 1869 est
3260 1816 3434 1883 nobis,
3463 1821 3603 1895 quod
3627 1824 3901 1883 conﬁteris

2312 1891 2470 1947 aliam
2514 1910 2633 1951 esse
2682 1898 2941 1967 illicitum,
2991 1903 3148 1959 aliam
3179 1906 3376 1965 licitam
3418 1891 3767 1984 voluptatem.
3824 1922 3901 1975 Ac

2314 1996 2409 2050 per
2452 1982 2554 2040 hoc
2595 1988 2733 2044 maia
2777 1999 2859 2045 est
2902 1997 3334 2064 concupiscentia
3376 2018 3496 2072 qua:
3538 1982 3901 2066 inditl'ercntcr

2313 2080 2596 2147 utrumque
2623 2081 2844 2149 appetit,
2878 2083 2978 2138 nisi
3006 2086 3075 2141 ab
3103 2086 3286 2150 illicita
3320 2093 3592 2165 voluptate
3627 2097 3768 2158 licita
3804 2118 3899 2156 vo-

2312 2164 2512 2237 luptate
2548 2167 2787 2228 lrenetur
2815 2174 2854 2228 ί.
2897 2175 3010 2231 Hoc
3048 2188 3226 2235 autem
3254 2183 3453 2241 malum
3486 2202 3588 2245 non
3620 2188 3670 2245 in
3712 2191 3895 2262 Bapti-

2309 2270 2483 2316 smate
2510 2263 2724 2332 ponitur
2752 2266 2773 2297 ⁸
2806 2283 2819 2320 :
2852 2267 2946 2322 sed
2977 2269 3256 2342 baptizatis
3287 2290 3380 2344 per
3403 2279 3624 2349 gratiam
3669 2299 3895 2353 regene-

2309 2350 2530 2433 rationis
2558 2354 2626 2410 ab
2652 2355 2768 2426 ejus
2797 2359 3119 2430 obligatione
3139 2363 3248 2435 jam
3276 2367 3477 2435 liberis,
3509 2388 3578 2432 ne
3602 2375 3669 2433 ad
3712 2350 3894 2434 illicita

2308 2427 2602 2513 pet-trahat,
2626 2447 2911 2506 salubriter
2930 2452 3267 2515 vincitur.'Ut
3283 2469 3458 2517 autem
3483 2470 3893 2528 resurrectionis

2308 2541 2547 2605 tempore
2592 2553 2697 2594 non
2742 2541 2812 2597 sit
2838 2545 3057 2601 omnino
3087 2546 3141 2602 in
3172 2549 3382 2608 vivente
3406 2569 3630 2629 corpore
3653 2574 3757 2616 nec
3794 2563 3892 2619 do-

2307 2624 2470 2693 lente,
2519 2631 2798 2699 przemium
2840 2645 2921 2691 est
2950 2652 3139 2695 eorum
3176 2643 3264 2712 qui
3306 2624 3640 2711 contineant
3665 2652 3894 2711 ﬁdeliter

2304 2727 2683 2791 certaverunt,
2748 2726 2839 2797 qui
2887 2728 3142 2802 languore
3188 2744 3378 2797 sanato
3443 2738 3887 2805 immomiitate'

2304 2808 2615 2870 beatissima
2645 2818 2959 2881 vestientur.
3003 2823 3061 2881 ln
3107 2825 3186 2882 eis
3215 2844 3344 2889 vero
3384 2833 3475 2905 qui
3501 2850 3607 2896 non
3632 2838 3699 2893 ad
3727 2839 3887 2897 vitam

2301 2914 2605 2982 resurgant,
2650 2925 2760 2970 non
2806 2913 3056 2986 feliciter,
3104 2920 3199 2981 sed
3226 2926 3509 2993 poenaliter
3556 2944 3660 2987 non
3685 2934 3884 2991 erit‘:

2302 3012 2409 3054 non
2438 3002 2557 3073 quia
2587 3012 2715 3061 tunc
2741 3006 2810 3063 ab
2840 3024 2902 3064 ea
2928 3013 3208 3089 quisquam
3229 3014 3607 3092 mandabitur;
3634 3022 3733 3091 sed
3766 3025 3885 3100 quia

2303 3099 2429 3149 tunc
2456 3096 2611 3153 malis
2654 3114 2759 3154 non
2804 3100 2857 3160 in
2887 3102 3278 3169 delectamento
3321 3114 3664 3187 excitabitur,
3833 3123 3884 3180 in

2300 3190 2567 3243 tormenta
2605 3201 2859 3251 vertetur.

2369 3275 2596 3337 CAPUT
2631 3280 2889 3358 XVll(a).
2908 3317 2976 3328 —
2998 3290 3086 3352 51.
3111 3292 3225 3353 lam
3258 3295 3531 3359 videamus
3551 3302 3678 3359 illud
3702 3308 3879 3363 excel-

2298 3367 2652 3429 lentissimum
2668 3390 2892 3433 acumen
2916 3390 3083 3449 tuum,
3108 3400 3215 3456 quo
3236 3388 3409 3445 vidisti
3430 3396 3873 3461 quemadmodum

2298 3459 2568 3519 refelleres
2606 3465 2749 3537 quod
2779 3482 2809 3523 a
2853 3485 2942 3526 me
2968 3471 3166 3537 dictum
3208 3489 3310 3546 est,
3345 3499 3366 3537 ι
3400 3459 3594 3543 dimitti
3636 3492 3881 3559 cumopi-

2296 3553 2556 3611 scentiam
2584 3559 2760 3615 carnis
2798 3560 2851 3616 in
2880 3563 3173 3634 Baptismo,
3202 3586 3309 3629 non
3346 3585 3407 3633 ut
3435 3592 3541 3633 non
3580 3580 3676 3646 sit,
3706 3553 3881 3641 sedat

2296 3643 2351 3699 in
2397 3657 2671 3716 peccatum
2718 3667 2824 3709 non
2868 3655 3198 3732 imputetur;
3229 3668 3472 3741 quamvis
3510 3643 3688 3735 autem
3733 3686 3878 3734 reatu

2297 3750 2396 3791 suo
2418 3735 2529 3807 jam
2554 3740 2748 3811 soluto,
2782 3756 2963 3803 manet
2992 3758 3168 3813 tamen
3204 3774 3224 3814 ι
3250 3735 3361 3828 (De
3387 3758 3594 3832 Nuptiis
3611 3773 3663 3821 et
3688 3765 3881 3825 Concu-

2269 3832 2561 3901 'piscentia,
2589 3836 2676 3891 lib.
2708 3838 2760 3905 1,
2788 3855 2843 3894 n.
2870 3839 2987 3913 28).
3028 3845 3298 3909 Adversus
3321 3851 3435 3909 haec
3458 3870 3574 3919 mea
3621 3859 3777 3915 verba
3804 3862 3879 3917 sic

2295 3928 2683 3996 argumentaris
2747 3929 2913 3989 homo
2965 3937 3343 4007 acutissimus,
3408 3953 3656 4016 tanquam
3713 3949 3877 4019 ipsam

2295 4020 2779 4093 concupiscentiam
2808 4025 3040 4085 dixerim
3068 4046 3165 4101 per
3192 4033 3519 4104 Baptismum
3544 4051 3695 4099 reatu
3736 4043 3873 4100 libe-

2280 4112 2401 4185 rari
2425 4129 2441 4183 ;
2468 4113 2718 4184 quoniam
2742 4116 2873 4186 dixi,
2908 4137 2927 4172 ι
2965 4132 3114 4177 reatu
3143 4138 3243 4192 suo
3263 4125 3375 4198 jam
3418 4131 3594 4186 soluto
3627 4150 3641 4186 :
3678 4151 3699 4186 ι
3732 4136 3879 4191 velut

2276 4218 2319 4276 ,ι
2355 4218 2454 4260 suo
2491 4223 2510 4257 ι
2543 4205 2790 4273 dixerim,
2820 4226 2927 4280 quo
2970 4210 3084 4282 ipsa
3111 4230 3202 4275 rea
3239 4226 3343 4286 est,
3373 4234 3544 4292 eoque
3568 4223 3745 4285 soluto
3786 4227 3876 4283 illa

2293 4307 2602 4365 permaneat
2629 4299 2891 4358 absoluta.
2932 4304 3085 4375 Quod
3115 4309 3296 4382 utique
3327 4311 3373 4367 si
3414 4314 3721 4382 sensissem,
3754 4334 3877 4388 pro-

2292 4386 2431 4444 fecto
2455 4406 2573 4446 eam
2603 4392 2795 4449 malam
2831 4409 2951 4452 esse
2976 4413 3080 4454 non
3127 4400 3378 4466 dicerem,
3431 4405 3525 4462 sed
3565 4386 3765 4466 fuisse.
3798 4413 3875 4466 Ac

2291 4494 2389 4550 per
2416 4481 2539 4561 hoc,
2587 4484 2880 4541 secundum
2920 4488 3217 4547 mirabilem
3245 4493 3641 4565 intelligentiam
3687 4510 3828 4556 tuam
3856 4543 3872 4566 ,

2291 4558 2519 4643 quando
2550 4574 2703 4631 audis
2744 4577 2798 4631 in
2830 4578 3010 4649 aliquo
3038 4580 3307 4640 homicidii
3352 4598 3555 4644 reatum
3599 4591 3828 4649 solutum
3852 4639 3868 4659 ,

2290 4676 2396 4717 non
2429 4664 2721 4731 hominem,
2752 4667 2846 4723 sed
2881 4668 3052 4738 ipsum
3083 4671 3423 4731 homicidium
3455 4693 3483 4733 a
3508 4689 3661 4739 reatu
3688 4684 3868 4739 existi-

2289 4768 2406 4808 mas
2456 4755 2778 4819 absolutum.
2834 4760 2921 4817 Sic
2973 4762 3236 4837 intelligat
3282 4769 3421 4838 quis,
3477 4772 3576 4831 nisi
3628 4776 3719 4844 qui
3768 4793 3872 4833 non

2289 4846 2556 4902 erubescit
2583 4847 2819 4918 laudare,
2850 4868 2972 4909 cum
3000 4872 3100 4932 qua
3131 4860 3467 4929 compellitur
3480 4863 3779 4922 dimicare?
3809 4871 3873 4925 Et

2276 4938 2556 5006 quomodo
2596 4948 2648 4996 te
2666 4940 2840 5011 iactas
2875 4955 2927 5000 et
2956 4948 3193 5006 exsultas
3236 4954 3290 5009 in
3319 4954 3684 5024 redarguendo
3714 4960 3861 5016 istan:

2287 5028 2628 5097 sententiam,
2681 5047 2787 5088 non
2840 5048 3015 5093 meam
3069 5039 3243 5111 plane.
3299 5042 3396 5103 sed
3447 5054 3587 5102 tuam
3616 5047 3688 5102 ’ἲ
3728 5050 3866 5107 Talis

2355 5142 2370 5224 ξ
2403 5141 2942 5224 Eilc‘plures_‘uss._t‘.(li_ti
2968 5164 3105 5224 vero,
3131 5153 3265 5224 licita
3289 5156 3521 5224 Manuale
3540 5162 3774 5224 frenatur.

2275 5210 2283 5217 ο
2348 5205 2370 5236 τ
2388 5204 2539 5285 ⁵ινλιιιῑ,
2563 5208 2777 5269 Punitur.
2809 5213 2978 5262 verius
2996 5204 3746 5284 vaueain’ussi,’
3760 5204 3777 5285 ξ
3790 5227 3871 5275 de-

2288 5266 2498 5327 ponitur.

2351 5327 2372 5398 f
2405 5330 2487 5379 ttic
2520 5335 2621 5403 θυι.
2654 5332 2804 5403 addit,
2841 5341 3008 5403 sanata
3028 5344 3093 5403 et.
3131 5345 3206 5389 Er.
3234 5348 3287 5393 et
3312 5348 3442 5403 Lov.,
3468 5359 3587 5397 sana
3606 5354 3669 5396 et.
3703 5350 3751 5397 td
3778 5363 3865 5398 ue-

2287 5391 2375 5460 stri
2400 5390 2705 5460 [uentitabant
2726 5398 3056 5460 manuscripti.

2347 5452 2367 5482 δ
2399 5451 2646 5521 tg‘diti,_sed
2666 5456 2917 5521 ptegmliter
2936 5451 3047 5509 erit.
3075 5470 3131 5513 At
3152 5470 3255 5514 Mss.
3280 5470 3484 5518 Vaticani
3508 5482 3675 5519 omnes
3692 5480 3740 5521 et
3766 5470 3840 5520 cal

2467 5508 2822 5602 εεαηιειιαιειεν
2838 5532 2930 5590 ιιριι
2951 5508 3044 5602 qui
3069 5508 3255 5602 ειςῑῶ
3269 5508 3863 5602 summitatem?

2282 5574 2689 5653 qttod‘sequitnr,
2712 5592 2805 5629 non
2821 5581 2933 5653 quia
2957 5574 3068 5653 tunc
3088 5587 3150 5637 ab
3170 5574 3860 5653 éa'qiusﬂlﬁﬁﬁ'ﬁaaiﬁh;

2284 5637 2331 5708 id
2357 5644 2460 5696 est,
2473 5650 2572 5708 non
2594 5637 2896 5708 quiareutus
2912 5637 3194 5708 auferetur,
3217 5637 3667 5705 séu’iziuidu'ic'iii;
3685 5637 3859 5706 muco:

2282 5699 2532 5779 piscarium
2551 5734 2565 5758 ,
2590 5699 2687 5779 quo
2705 5705 2919 5779 jucunde
2942 5699 3143 5778 movere
3168 5699 3294 5779 solet
3314 5699 3706 5779 sa'giaiiipiéillii

2343 5760 2365 5792 ⁸
2398 5767 2473 5808 Er.
2517 5760 2662 5842 Lugd.
2706 5760 2824 5842 ἢ»ρὶ
2852 5773 2983 5830 t-ov.,
3010 5769 3059 5820 in
3097 5760 3851 5842 reclat'qtu‘nda'{sia—sententia,

2282 5833 2375 5885 non
2393 5834 2499 5872 mea
2515 5824 2671 5885 plane,
2696 5827 2783 5876 scd
2808 5834 2905 5877 tua.
2971 5824 3029 5883 at.

2347 5884 2419 5947 (α)
2455 5884 2584 5950 apud
2609 5898 2706 5938 Αιιι.
2737 5896 2786 5940 ct
2811 5895 2904 5955 F12,
2929 5892 2974 5943 6.
