4098 6526
299 360 405 419 833

301 476 498 545 quippe
525 465 676 529 dicis,
704 460 874 532 qualia
903 453 1125 512 dicenda
1165 459 1288 506 sunt
1315 448 1366 503 in
1399 460 1513 513 eos,
1542 442 1631 514 qui
1661 455 1751 511 per
1782 438 1881 491 Ba—

303 570 551 636 ptisinuni
574 556 952 612 sanctiﬁcatatn
975 556 1028 600 et
1050 543 1260 599 ﬁdelem
1290 539 1481 593 factam
1502 530 1886 602 concupiscen-

302 660 427 715 tiam
452 650 630 708 carnis
680 646 947 701 allii-ruant
1001 637 1054 691 in
1096 634 1194 699 eis,
1225 630 1277 686 in
1319 629 1511 700 quibus
1562 618 1886 694 regeneratis

303 753 481 802 niatnrt
527 751 721 795 tamen.
762 732 868 791 Sed
920 731 1021 784 hoc
1052 727 1143 782 tibi
1184 723 1359 795 potius
1406 719 1494 790 qui
1535 732 1651 772 eam
1694 714 1886 768 bonam

304 837 561 908 prazdicas
614 827 860 884 convenit
889 822 1087 884 dicere,
1125 835 1143 868 ι
1183 825 1239 872 ut
1268 814 1408 869 bono
1437 810 1553 880 ejus
1581 803 1830 868 naturali,
1865 820 1882 852 ι

302 934 440 989 sicut
479 927 549 984 de
589 921 881 983 infantibus
911 915 1106 981 dicitis,
1157 930 1175 964 ι
1210 910 1408 965 bonum
1454 895 1890 958 sanctiﬁcationis

305 1021 543 1085 accedat,
599 1038 619 1072 ι
654 1025 704 1073 et
749 1014 819 1069 sit
868 1007 1046 1066 carnis
1095 995 1524 1070 concupiscentia
1566 998 1747 1047 saneta
1798 984 1893 1040 Dei

303 1116 434 1173 tilia.
474 1111 581 1167 Nos
610 1118 787 1165 autem
815 1103 907 1173 qui
937 1115 1053 1157 eam
1081 1096 1272 1151 malam
1322 1089 1567 1152 dicimus,
1596 1093 1649 1138 et
1678 1092 1896 1136 manere

311 1218 488 1263 tamen
532 1204 584 1259 in
615 1196 914 1276 baptizatis,
964 1186 1206 1261 quamvis
1232 1191 1409 1238 reatus
1452 1180 1590 1249 ejus,
1639 1187 1744 1227 non
1791 1182 1897 1238 quo

313 1303 427 1373 ipsa
462 1304 576 1355 erat
614 1267 705 1348 rea
737 1289 931 1364 (neque
968 1282 1108 1338 enim
1153 1278 1327 1347 aliqua
1376 1284 1602 1345 persona
1645 1263 1773 1336 est),
1805 1258 1900 1316 sed

311 1354 420 1461 quo
466 1400 617 1444 reum
649 1354 921 1437 hominem
962 1369 1293 1443 originaliter
1337 1361 1585 1427 faciebat,
1632 1354 1790 1412 fuerit
1815 1368 1902 1406 re—

310 1483 512 1545 missus
537 1488 694 1548 atque
721 1476 1013 1533 vacuatus;
1041 1463 1181 1520 absit
1205 1468 1263 1517 ut
1291 1457 1529 1515 dicamus
1555 1443 1898 1512 sanctiﬁcari,

312 1587 437 1629 eum
462 1586 566 1641 qua
588 1579 810 1623 necesse
829 1559 1028 1616 habent
1054 1549 1371 1626 regenerati,
1400 1546 1445 1602 si
1468 1558 1574 1600 non
1603 1541 1656 1596 in
1678 1550 1903 1593 vacuum

319 1664 417 1720 Dei
444 1630 665 1733 gratiam
692 1656 1060 1724 susceperunt,
1092 1642 1350 1701 intestino
1373 1635 1603 1711 quodam
1628 1630 1770 1687 bello
1792 1635 1907 1681 tan-

319 1721 480 1826 quam
506 1766 628 1811 cum
654 1749 807 1804 hoste
835 1721 1144 1813 conﬂigere,
1167 1744 1222 1793 et
1244 1732 1313 1790 ab
1341 1746 1403 1788 ea
1427 1735 1577 1801 peste
1599 1721 1908 1780 desiderare

318 1855 482 1918 atque
509 1851 694 1914 Optare
717 1835 918 1896 sanari.
974 1866 975 1875 η
1052 1866 1064 1876 .

394 1909 486 1991 iii.
521 1909 655 1988 Diam
684 1928 730 1986 si
760 1933 1038 1998 propterea
1083 1918 1238 1984 dicis,
1273 1914 1421 1971 nulla
1464 1909 1603 1965 mala
1631 1915 1913 1963 remanere

318 2031 380 2103 in
405 2023 704 2098 baptizatis,
736 1994 803 2077 ne
849 1994 963 2089 ipsa
1008 2012 1147 2069 mala
1196 2008 1459 2080 baptizata
1488 2011 1542 2059 et
1583 1994 1914 2055 sanctificata

276 2084 651 2182 (credantur;
698 2113 819 2169 vide
863 2084 1059 2183 quanta
1106 2116 1157 2160 te
1199 2108 1449 2173 sequatur
1490 2090 1807 2149 absurditas.
1857 2084 1915 2141 Si

329 2214 473 2270 enim
508 2176 761 2282 quidquid
792 2176 955 2259 est’in
982 2195 1197 2252 homine
1225 2187 1436 2264 quando
1480 2184 1797 2254 baptizatur,
1828 2176 1918 2232 ba-

331 2275 612 2379 ptizari-et
652 2275 972 2355 sanetiticari
1013 2284 1302 2360 putandum
1332 2289 1452 2345 est;
1499 2277 1738 2333 dicturus
1779 2283 1837 2326 es
1867 2275 1922 2322 et

335 2360 451 2470 ipsa
480 2394 534 2450 in
563 2393 652 2449 illo
679 2384 937 2459 baptizari
965 2391 1019 2439 cl
1040 2373 1382 2441 sanctiﬁcari,
1414 2384 1532 2439 quae
1560 2367 1613 2423 in
1654 2360 1921 2419 intestinis

328 2451 391 2548 ett
430 2487 606 2544 vesica
650 2489 775 2541 sunt
824 2492 922 2549 per
974 2470 1303 2544 digestioncs
1351 2458 1593 2532 corporis
1633 2451 1920 2527 egerenda.

339 2584 589 2641 Dicturus
623 2589 682 2635 es
707 2546 966 2642 baptizari
992 2573 1046 2621 et
1071 2553 1393 2619 sanetiticari
1437 2549 1705 2607 hominem
1736 2546 1788 2599 in
1814 2558 1926 2599 ma-

341 2674 438 2733 tris
461 2678 615 2728 utero
642 2633 1011 2727 constitutum,
1033 2654 1079 2711 si
1108 2651 1173 2707 ad
1215 2650 1319 2703 hoc
1354 2645 1756 2702 Sacramentum
1783 2633 1927 2689 acci-

345 2762 594 2839 piendum
620 2725 892 2830 gravidam
924 2745 1216 2807 necessitas
1240 2744 1431 2809 cogat;
1463 2743 1517 2790 et
1533 2731 1653 2787 ideo
1671 2725 1930 2799 baptizari

343 2821 449 2931 jam
479 2868 589 2910 non
622 2821 830 2906 debere
870 2842 960 2914 qui
989 2835 1247 2894 nascitur.
1284 2831 1564 2886 Postremo
1609 2821 1847 2878 dicturus
1873 2832 1933 2873 es

345 2910 401 3007 'et
422 2948 565 3017 ipsas
589 2937 841 3013 baptizari
870 2910 924 2991 et
948 2925 1266 2988 sanetiticari
1297 2921 1494 2986 febres,
1516 2913 1729 2988 quando
1756 2910 1934 2981 bapti-

348 2999 535 3102 zaniur
575 2999 800 3106 mgi‘oti;
844 3042 909 3084 ac
951 3038 1049 3095 per
1093 3020 1195 3075 hoc
1223 3012 1477 3086 baptizari
1525 3017 1579 3064 et
1617 2999 1937 3063 sanetiticari

349 3097 510 3193 etiam
537 3097 699 3200 opevra
717 3120 918 3179 diaboli
950 3136 963 3172 :
995 3114 1143 3172 velut
1166 3111 1214 3167 si
1239 3106 1433 3164 mulier
1460 3102 1553 3158 illa
1576 3097 1940 3169 baptizaretur

352 3184 635 3294 antequam
661 3220 962 3277 curaretur,
985 3219 1144 3279 quam
1169 3208 1381 3257 satanas
1409 3195 1462 3249 in
1493 3189 1799 3248 inlirmitate
1824 3184 1941 3239 alli-

346 3275 568 3387 κανεῖ-ιιι
592 3324 688 3381 per
707 3307 891 3362 decem
916 3275 971 3357 et
995 3275 1116 3353 octo
1137 3305 1308 3351 annos
1335 3286 1488 3362 (Luc.
1515 3299 1631 3351 xm,
1662 3279 1771 3351 Η).
1803 3275 1943 3345 Quid

357 3366 426 3462 de
453 3366 612 3459 malis
634 3398 805 3469 ipsius
845 3390 1009 3447 animi
1040 3382 1265 3457 loquar?
1309 3378 1493 3451 Cogita
1519 3380 1774 3446 quantum
1820 3366 1946 3423 mali

359 3497 449 3560 sit,
472 3464 747 3550 stultitiam
774 3492 960 3557 putare
984 3494 1103 3551 quae
1126 3481 1252 3531 sunt
1270 3470 1499 3543 Spiritus
1525 3464 1617 3520 Dei
1642 3479 1658 3530 ;
1693 3469 1746 3518 et
1771 3468 1947 3516 tamen

366 3551 497 3641 tales
539 3588 691 3641 erant
718 3551 854 3649 quos
896 3570 1184 3644 Apostolus
1229 3564 1403 3620 alebat
1448 3560 1607 3623 lacte,
1656 3569 1762 3611 non
1806 3551 1950 3607 cibo.

363 3672 627 3743 Numquid
653 3679 709 3727 et
734 3642 974 3724 stultitiae
995 3662 1136 3717 illius
1166 3667 1272 3714 tam
1296 3666 1546 3725 magnum
1578 3647 1800 3714 malum,
1822 3642 1950 3716 quia

365 3782 474 3824 non
504 3732 676 3820 fuerat
702 3757 1027 3831 Baptismate
1056 3750 1312 3815 ablatum,
1342 3742 1669 3814 baptizatum
1715 3732 1953 3791 sanctiﬁ-

368 3867 650 3927 catumque
695 3826 937 3908 dicturus
976 3843 1077 3901 es?
1113 3841 1204 3898 Sic
1228 3850 1355 3909 ergo
1395 3842 1450 3890 et
1483 3826 1912 3900 concupiscentia
1937 3865 1954 3891 ,

370 3966 488 4022 qua:
515 3917 695 4003 manet
735 3935 1084 4013 oppugnanda
1128 3942 1289 4002 atque
1333 3924 1590 3988 sananda,
1636 3917 1877 3992 quamvis
1902 3917 1957 3971 in

374 4018 645 4114 Daptismo
680 4036 899 4094 dimissa
946 4030 1053 4086 sint
1095 4033 1283 4082 cuncta
1322 4018 1542 4076 omnino
1581 4022 1819 4088 peccata,
1849 4025 1957 4065 non

376 4138 547 4194 solum
592 4147 697 4189 non
742 4124 1126 4187 sanctiﬁcatur,
1168 4115 1262 4174 sed
1291 4113 1465 4186 potius
1508 4124 1576 4165 ne
1602 4104 1962 4163 sanctiﬁcatos

377 4238 592 4284 :cternaa
635 4221 794 4278 morti
839 4214 1100 4273 obnoxios
1156 4206 1325 4280 possit
1374 4212 1577 4262 tenere,
1629 4203 1958 4253 evacuatur:

380 4320 501 4392 quia
531 4326 585 4377 ct
622 4314 695 4373 illi
738 4309 830 4383 qui
871 4309 1008 4365 lacte
1043 4300 1341 4361 alebantur,
1386 4308 1494 4347 non
1523 4287 1697 4345 solido
1740 4285 1880 4350 cibo,
1912 4290 1967 4337 et

382 4411 554 4467 adlmc
588 4382 1072 4462 erautanimales,
1128 4406 1234 4446 non
1282 4384 1635 4458 percipientes
1682 4391 1801 4448 qua:
1845 4382 1969 4428 sunt

383 4462 609 4573 Spiritus
637 4495 751 4563 Dei,
797 4488 1047 4563 quoniam
1080 4478 1302 4539 stultitia
1330 4474 1436 4531 illis
1463 4471 1638 4527 adhuc
1663 4476 1811 4531 erat;
1844 4464 1888 4519 si
1915 4462 1969 4517 in

387 4593 473 4649 illa
500 4588 691 4649 mentis
716 4592 891 4648 accite,
921 4593 1027 4634 non
1055 4573 1267 4651 carnis,
1287 4568 1352 4625 de
1381 4578 1605 4635 corpore
1633 4560 1887 4622 exissent,
1918 4554 1970 4610 in

387 4701 489 4756 qua
536 4690 692 4738 aetate
727 4675 849 4733 novi
880 4646 1135 4727 homines
1177 4646 1579 4734 appellabantur
1618 4656 1634 4686 ⁸
1673 4649 1873 4722 parvuli
1919 4646 1973 4702 in

390 4738 620 4837 altristo,
650 4767 796 4823 nullo
824 4771 973 4819 reatu
1019 4755 1257 4812 stultitim
1285 4750 1427 4805 illius
1459 4752 1770 4802 tenerentur
1808 4757 1820 4793 :
1855 4738 1976 4809 quia

395 4866 496 4920 hoc
524 4864 603 4920 eis
637 4856 953 4916 beneﬁcium
985 4850 1160 4905 fuerat
1184 4841 1586 4917 regeneratione
1614 4836 1887 4894 collatum,
1922 4839 1980 4885 ut

395 4955 629 5011 omnium
676 4948 962 5011 malorum,
1014 4938 1210 5011 quibus
1253 4944 1307 4990 et
1348 4937 1529 5003 postea
1579 4926 1661 4981 vel
1706 4921 1982 4978 moriendo

398 5048 479 5103 vel
507 5041 835 5119 proliciendo
862 5037 1073 5093 fuerant
1101 5025 1349 5090 exuendi,
1382 5030 1563 5079 reatus
1593 5018 1844 5075 continuo
1872 5014 1982 5070 sol-

402 5148 615 5194 veretur
666 5128 980 5189 remissione
1026 5112 1368 5195 peccatorum
1418 5111 1690 5176 omnium,
1747 5104 1985 5161 nondum

404 5229 642 5290 omnium
669 5224 896 5280 sanitate
920 5217 1254 5273 morborum.
1286 5207 1386 5275 Qui
1409 5215 1586 5261 tamen
1610 5211 1786 5256 reatus
1810 5204 1989 5255 teneat

408 5335 627 5377 necesse
670 5325 751 5375 est
776 5328 918 5377 eum,
951 5307 1040 5379 qui
1070 5300 1365 5361 secundum
1410 5309 1624 5353 carnem
1664 5298 1985 5361 generatur;

408 5414 528 5484 quia
568 5424 673 5465 non
704 5405 805 5462 nisi
844 5403 891 5459 ei
920 5396 1228 5458 remittitur,
1278 5391 1365 5462 qui
1415 5383 1707 5443 secundum
1747 5380 1991 5451 Spiritum

412 5509 775 5577 regeneraiur.
811 5496 851 5551 Α
879 5501 1054 5550 morte
1088 5487 1281 5558 quippe
1308 5479 1616 5554 justissima:
1641 5471 1995 5530 damnationis

477 5618 491 5648 ι
531 5613 684 5671 Istud,
726 5609 778 5660 in
814 5618 911 5667 qua
946 5607 1087 5671 ginta
1125 5590 1487 5671 nutaltom‘ines
1509 5590 1997 5671 appfttafofturruiu

417 5640 1459 5734 anuiuﬂisﬁéa‘iiiiiifidii‘ii'iéfgujiéiibia
1470 5640 1630 5734 verita
1646 5683 1659 5706 ,
1692 5658 1785 5696 non
1806 5640 1968 5734 fﬂ‘t‘l'n's
1982 5676 1996 5699 ,

420 5706 1284 5801 ﬁ'grﬁai'ficaiiuiiui
1309 5706 1358 5766 in
1382 5726 1521 5766 suum
1566 5710 1724 5761 locum
1762 5707 1820 5756 ad
1856 5706 1998 5754 ﬁdem

422 5808 523 5853 Ias,

1646 323 1848 384 Ltuctt
1886 314 2175 376 SEXTUS.

3474 292 3577 352 854

1990 446 2085 501 per
2115 441 2277 483 unum
2305 421 2651 479 Mediatorem
2683 417 2776 474 Dei
2803 426 2857 473 et
2891 414 3162 471 hominum
3189 412 3445 468 liberatur
3475 425 3573 481 ge-

1993 539 2092 578 nus
2139 521 2449 584 humanum,
2480 530 2586 570 non
2628 527 2659 568 a
2689 521 2859 567 morte
2885 508 3125 579 corporis
3164 516 3389 571 tantum,
3426 502 3517 558 sed
3544 516 3574 559 α

1993 622 2163 668 morte
2201 625 2301 682 qua
2352 605 2545 663 mortui
2593 611 2738 669 sunt,
2784 615 2881 672 pro
2922 598 3113 671 quibus
3156 611 3293 652 unus
3333 604 3575 649 mortuus

1969 715 2095 761 'est.
2147 704 2213 759 Et
2239 702 2359 774 quia
2401 715 2495 771 pro
2540 696 2785 753 omnibus
2827 704 3068 749 mortuus
3105 700 3207 758 est,
3234 703 3361 761 ergo
3391 702 3577 743 omnes

1996 795 2191 850 mortui
2218 802 2365 848 sunt.

2068 884 2293 944 CAPUT
2333 882 2520 939 XVIII.
2565 911 2636 921 -—
2675 880 2765 936 55.
2805 874 2957 945 Quod
3007 889 3134 927 vero
3184 880 3235 927 te
3278 868 3433 924 libuit
3472 877 3579 922 tam

1998 976 2225 1032 multum
2251 974 2317 1029 de
2344 972 2657 1044 qualitatum
2686 964 2983 1023 differentia
3017 964 3309 1034 disputare,
3337 959 3457 1030 quia
3484 973 3583 1026 ego

2000 1068 2167 1126 semel
2199 1066 2462 1123 nominavi
2489 1063 2820 1135 qualitatem,
2841 1059 3049 1123 dicens,
3080 1075 3099 1109 ι
3133 1070 3237 1109 non
3258 1050 3583 1106 snbsmntia~

2002 1166 2123 1221 liter
2152 1178 2368 1219 manere
2408 1157 2894 1239 concupiscentiam
2923 1195 2939 1221 ,
2973 1151 3109 1208 sicut
3137 1163 3329 1218 corpus
3370 1143 3582 1214 aliquod

2003 1268 2094 1313 aut
2136 1256 2375 1326 Spiritum
2406 1269 2421 1319 ;
2452 1251 2549 1308 sed
2577 1234 2706 1306 esse
2733 1246 3068 1303 allectionem
3107 1238 3392 1315 quamdam
3433 1234 3587 1289 mala:

2005 1324 2294 1423 qualitatis,
2340 1346 2476 1401 sicut
2520 1350 2603 1400 est
2629 1342 2850 1411 languor
2884 1355 2902 1389 ι
2943 1334 3043 1408 (De
3083 1330 3292 1403 Nuptiis
3319 1337 3363 1382 et
3390 1324 3589 1383 Concu-

2009 1418 2269 1513 pisccnn‘a,
2299 1437 2385 1492 lib.
2416 1438 2467 1503 t,
2498 1452 2551 1489 η.
2582 1432 2674 1505 28)
2707 1450 2722 1488 :
2750 1431 2893 1485 itane
2921 1425 3050 1486 nihil
3080 1423 3146 1478 ad
3176 1422 3291 1477 rem
3318 1418 3588 1490 pertinere

2009 1550 2116 1589 non
2145 1530 2353 1592 sentis?
2380 1529 2561 1586 Primo
2584 1525 2725 1582 enim
2756 1520 2909 1587 dicis,
2949 1538 2967 1571 ‹
3005 1534 3091 1573 me
3117 1522 3351 1571 mutasse
3378 1518 3594 1566 senten-

2012 1628 2159 1693 tiam,
2188 1635 2244 1682 et
2261 1625 2627 1681 immemorem
2659 1617 2820 1673 totius
2845 1611 2966 1668 libri
2986 1610 3091 1673 mei
3118 1608 3410 1680 professum
3432 1600 3595 1657 fuisse

2012 1719 2363 1785 substantiam
2412 1730 2531 1772 esse
2587 1709 2882 1769 libidinem.
2938 1724 2958 1759 ι
3016 1703 3226 1763 Revera
3280 1696 3496 1753 evoluto
3541 1700 3596 1747 et

2014 1812 2291 1871 enucleate
2328 1808 2463 1863 libro
2494 1818 2613 1860 meo
2642 1817 2749 1858 non
2775 1814 2833 1855 es
2861 1803 3167 1869 reperturus
3207 1804 3291 1845 me
3321 1784 3596 1842 libidinem

2015 1903 2362 1962 substantiam
2389 1896 2593 1954 dixisse
2619 1894 2701 1949 vel
2727 1891 2909 1947 semel.
2944 1889 3198 1943 Dixerunt
3224 1897 3341 1937 eam
3381 1878 3597 1950 quidatu

2014 1993 2317 2070 pliilOSOpbi
2345 1999 2547 2063 partem
2570 1984 2735 2041 animi
2763 1998 2881 2038 esse
2905 1978 3145 2034 vitiosam
3167 1993 3179 2028 :
3200 1982 3252 2029 ct
3269 1973 3449 2043 utique
3477 1983 3601 2039 pars

2018 2090 2180 2147 animi
2230 2082 2521 2143 substantia
2557 2089 2661 2148 est,
2709 2076 2831 2148 quia
2874 2070 3163 2130 substantia
3207 2074 3290 2121 est
3330 2066 3444 2136 ipse
3489 2062 3604 2117 ani-

2021 2199 2158 2239 mus.
2188 2179 2292 2237 Sed
2318 2192 2418 2249 ego
2447 2176 2618 2246 ipsum
2645 2169 2852 2235 vitium,
2875 2168 2982 2241 Quo
3009 2156 3217 2217 animus
3240 2158 3320 2211 vel
3347 2156 3449 2215 ulla
3479 2169 3605 2227 pars

2022 2275 2140 2346 ejus
2190 2273 2291 2328 isto
2325 2268 2486 2325 modo
2515 2265 2705 2319 vitiosa
2749 2270 2851 2327 est,
2884 2256 3161 2313 libidinem
3192 2251 3332 2314 dico,
3374 2255 3431 2305 ut
3457 2246 3605 2302 omni

2025 2366 2152 2421 vitio
2199 2370 2385 2420 sanato
2430 2357 2576 2413 salva
2622 2353 2693 2409 sit
2741 2361 2848 2406 tota
2896 2343 3212 2403 substantia.
3263 2339 3396 2409 Quia
3446 2335 3609 2392 etilli

2029 2452 2326 2529 philosophi
2369 2448 2637 2505 locutione
2666 2442 2864 2512 tropica
2897 2437 3024 2493 mihi
3070 2434 3320 2490 videntur
3365 2428 3613 2483 vitiosam

2032 2556 2233 2618 partem
2263 2541 2423 2598 animi
2467 2537 2764 2610 appellasse
2793 2529 3086 2593 libidinem,
3121 2528 3171 2581 in
3205 2540 3304 2597 qua
3337 2530 3486 2595 parte
3531 2528 3615 2574 est

2034 2617 2222 2697 vitium
2251 2636 2391 2711 quod
2419 2641 2638 2690 vocatur
2680 2628 2863 2697 libido,
2913 2625 3053 2681 sicut
3080 2620 3379 2693 appellatur
3420 2617 3615 2672 domus

2035 2748 2131 2805 pro
2158 2732 2235 2788 eis
2255 2729 2343 2799 qui
2369 2735 2492 2782 sunt
2519 2725 2571 2780 in
2601 2723 2780 2779 domo.

2107 2824 2196 2879 54.
2236 2818 2436 2876 Deinde
2474 2824 2525 2872 te
2570 2812 2728 2869 nimis
2750 2810 2921 2866 acutis
2953 2805 3349 2863 dialecticorum
3378 2799 3499 2856 telis
3528 2799 3613 2852 in-

2039 2913 2244 2971 cautius
2268 2906 2589 2975 exercendo,
2618 2919 2822 2975 nosque
2847 2899 3137 2972 jactantius
3168 2892 3482 2957 territando,
3528 2905 3589 2946 se
3607 2923 3623 2933 ο

2040 3014 2179 3071 ctam
2212 2999 2445 3059 vestram
2481 2997 2749 3054 lethaliter
2788 2990 3096 3049 vulnerasti.
3130 2987 3381 3043 Dividens
3424 2983 3623 3055 quippe

2041 3107 2201 3168 atque
2249 3093 2511 3150 deﬁniens
2563 3088 2648 3145 vel
2708 3085 2870 3142 etiam
2934 3082 3242 3139 describens
3299 3077 3627 3135 differentias

2043 3167 2381 3262 qualitatum,
2412 3185 2550 3239 inter
2577 3188 2809 3236 cmtera:
2844 3194 2863 3229 ‹
2895 3174 3075 3230 Tertia
3122 3171 3332 3243 species
3357 3167 3630 3239 qualitatis

2046 3255 2149 3348 est,
2182 3298 2200 3331 ι
2231 3275 2430 3346 inquis,
2466 3292 2484 3326 (
2515 3269 2723 3326 aﬂ'ectio
2749 3276 2803 3324 et
2833 3262 3182 3322 all‘ectionalis
3213 3260 3454 3333 qualitas.
3483 3255 3630 3311 Affe-

2049 3373 2156 3428 ctio
2181 3376 2358 3424 autem
2404 3366 2456 3421 in
2484 3362 2739 3435 qualitate
2767 3360 2837 3416 ob
2868 3359 2969 3414 hoc
3005 3355 3239 3428 ponitur,
3272 3372 3289 3406 ι
3326 3352 3425 3414 ais,
3461 3368 3479 3402 ε
3512 3350 3634 3420 quia

2053 3460 2367 3535 principium
2395 3455 2705 3528 qualitatum
2748 3458 2866 3515 est;
2912 3449 2994 3504 cui
3024 3445 3184 3502 etiam
3230 3449 3541 3513 reputantur
3568 3438 3638 3492 ad

2055 3558 2383 3610 momentum
2409 3545 2725 3602 accedentes
2764 3539 3183 3606 recedentcsque
3221 3542 3312 3589 aut
3355 3532 3514 3586 animi
3546 3526 3663 3583 aut

2057 3642 2297 3716 corporis
2332 3638 2632 3712 passiones.
2669 3631 3034 3688 Affectionalis
3062 3643 3188 3683 vero
3218 3623 3465 3697 qualitas,
3499 3641 3517 3674 ι
3554 3622 3639 3674 in-

2057 3737 2198 3808 quis,
2240 3753 2259 3787 c
2290 3730 2538 3788 omnibus
2565 3725 2757 3798 quibus
2798 3721 3058 3787 evenerit,
3106 3734 3173 3775 ex
3208 3712 3497 3787 majoribus
3527 3722 3643 3767 orta

2060 3826 2234 3883 causis
2258 3824 2330 3879 ita
2357 3817 2679 3881 inhaerescit,
2711 3821 2883 3870 utaut
2913 3811 3118 3882 magnis
3147 3805 3529 3865 molitionibns,
3555 3813 3646 3856 aut

2061 3918 2222 3975 nullis
2262 3913 2483 3972 omnino
2521 3915 2820 3980 separetur.
2852 3923 2871 3957 ι
2904 3903 3027 3959 Ιῐιεε
3053 3886 3265 3972 quidem
3310 3897 3437 3951 satis
3480 3895 3647 3964 expli~

2064 4007 2197 4066 casti
2217 4002 2505 4061 scientibus
2534 4018 2549 4055 :
2573 3997 2668 4053 sed
2697 3994 2819 4067 quia
2845 3988 3216 4049 contemnendi
3247 4003 3349 4041 non
3374 3996 3519 4048 sunt,
3552 3985 3643 4054 qui

2064 4099 2251 4157 lecturi
2291 4096 2455 4152 libros
2497 4090 2711 4148 nostrbs
2737 4086 3031 4157 disciplinac
3068 4081 3228 4153 hujus
3270 4078 3439 4151 ignari
3488 4086 3607 4132 sunt
3632 4118 3645 4133 .

2068 4193 2206 4265 quod
2228 4191 2416 4247 deesse
2444 4185 2618 4249 video,
2649 4182 2837 4239 faciam
2859 4189 2916 4235 ut
2944 4195 2973 4233 a
3001 4194 3089 4233 me
3119 4177 3449 4231 illustrantur
3470 4186 3647 4226 exem-

2073 4286 2191 4357 plis.
2236 4283 2501 4351 Quantum
2546 4276 2613 4332 ad
2662 4276 2900 4329 animum
2946 4270 3154 4332 attinet,
3211 4265 3422 4320 aﬁ‘ectio
3462 4273 3543 4319 est
3590 4261 3655 4315 ti-

2073 4394 2254 4445 mere;
2302 4370 2649 4431 aﬁcctionalis
2694 4367 2922 4438 qualitas
2949 4406 2964 4431 ,
3015 4361 3257 4417 timidum
3324 4372 3443 4413 esse
3482 4355 3658 4410 :sieut

2076 4469 2214 4526 aliud
2247 4477 2327 4524 est
2363 4467 2552 4530 iratus,
2577 4461 2717 4517 aliud
2756 4456 3073 4517 iracundus;
3103 4453 3240 4508 aliud
3273 4452 3480 4517 ebrius,
3515 4447 3659 4501 aliud

2078 4562 2318 4619 ebriosus
2347 4576 2360 4612 :
2384 4557 2489 4612 illic
2515 4553 2842 4616 affectiones,
2873 4548 2989 4603 istm
3015 4542 3375 4601 alfectiouales
3397 4548 3521 4595 sunt
3540 4554 3661 4609 qna-

2081 4655 2283 4708 litates.
2324 4649 2591 4717 Quantum
2641 4651 2818 4697 autem
2863 4637 2928 4693 ad
2975 4650 3190 4705 corpus,
3235 4633 3372 4688 sicut
3402 4629 3542 4685 aliud
3581 4638 3665 4681 est

2083 4742 2308 4817 pallens,
2338 4738 2478 4794 aliud
2505 4735 2764 4808 pallidus;
2794 4730 2941 4786 aliud
2973 4720 3194 4793 rubens,
3227 4722 3367 4778 aliud
3408 4722 3663 4776 rubicuw

2086 4838 2221 4891 dus:
2253 4843 2307 4889 et
2340 4832 2385 4886 si
2413 4846 2515 4901 qua
2557 4823 2881 4894 lmjusmodi,
2920 4833 3145 4890 quorum
3186 4815 3429 4887 plurimis
3469 4812 3658 4866 tlesmzt

2090 4926 2278 4982 usitata
2312 4919 2584 4976 voeabula.
2613 4915 2745 4972 Cum
2777 4915 2953 4983 itaque
2977 4909 3196 4969 dixeris.
3227 4926 3245 4959 ι
3275 4903 3665 4962 al’feetionalem

2090 5017 2394 5090 qualitatem
2422 5019 2593 5066 ortam
2623 5023 2687 5062 ex
2718 5002 3005 5072 majoribus
3034 4999 3228 5064 causis,
3274 5005 3432 5065 atque
3470 4996 3541 5048 ita
3584 4993 3637 5047 in
3658 5025 3678 5034 -

2094 5109 2410 5169 increscere,
2441 5108 2496 5155 ut
2518 5108 2607 5154 aut
2638 5096 2841 5166 magnis
2867 5090 3246 5153 molitionibns,
3284 5097 3372 5141 aut
3400 5086 3555 5141 nullis
3580 5094 3676 5140 se.—

2097 5208 2356 5273 paretur:
2392 5215 2408 5248 i
2467 5190 2678 5262 quando
2730 5186 3018 5243 secundum
3061 5199 3177 5237 eam
3227 5182 3417 5236 dicitur
3463 5179 3670 5233 animus

2099 5294 2291 5356 malus,
2322 5288 2405 5344 vel
2438 5286 2610 5356 potius
2633 5282 2794 5336 homo
2822 5278 2990 5334 malus
3010 5294 3025 5342 ;
3049 5291 3226 5331 nonne
3249 5274 3458 5337 metuis,
3489 5287 3553 5325 ne
3585 5285 3675 5323 vo-

2101 5387 2275 5442 luntas
2302 5382 2441 5436 bona
2470 5385 2562 5429 attt
2598 5389 2701 5428 non
2732 5371 2803 5426 ibi
2846 5384 2967 5426 esse
2997 5368 3185 5439 possit,
3218 5375 3311 5420 aut
3338 5366 3514 5419 valere
3541 5360 3673 5415 nihil

2102 5473 2305 5546 possit?
2336 5470 2522 5526 Nonne
2551 5462 2823 5528 concedis,
2847 5459 3115 5517 hominem
3140 5456 3414 5522 miserum,
3442 5451 3678 5522 quicum-

2105 5583 2206 5641 que
2235 5566 2325 5620 ille
2363 5563 2433 5618 sit
2462 5559 2544 5614 vel
2573 5556 2751 5620 fuerit,
2774 5560 2920 5611 certe
2948 5550 3200 5606 adversus
3230 5546 3387 5600 talem
3419 5542 3680 5596 clamasse

2109 5633 2435 5733 qualitatem,
2468 5652 2605 5707 Velle
2630 5650 2826 5721 adjacet
2853 5645 3012 5709 mihi;
3044 5641 3281 5712 per/icere
3308 5646 3476 5689 eum»:
3498 5629 3683 5682 bonum

2112 5769 2208 5806 non
2239 5745 2472 5803 invenio?
2496 5743 2592 5800 llic
2615 5741 2801 5799 saltent
2832 5734 3067 5793 fatemini
3101 5743 3219 5786 esse
3245 5728 3462 5781 istorum
3489 5716 3682 5775 verbo.-
