4098 6518
591 341 697 395 855

584 476 704 535 rn'n
735 460 989 528 gemitum
1031 459 1388 515 necessarium
1422 480 1434 514 :
1465 460 1585 526 Quis
1614 478 1690 513 me
1715 459 1939 514 liberabit
1966 463 2030 516 de
2053 476 2172 515 cor-

582 566 703 620 pora
725 552 903 603 mortis
931 552 1128 621 hujus?
1154 550 1331 605 Gratia
1358 550 1446 605 Dei
1475 570 1561 621 per
1580 551 1755 605 .lrsum
1776 551 2030 608 Christum
2059 548 2173 605 Do-

583 642 774 695 minum
804 651 1030 695 nostrum
1059 639 1236 714 (Rom.
1263 657 1355 707 vn,
1396 641 1478 697 l8.
1508 641 1598 708 ΕΗ,
1626 641 1741 712 ‘25).

652 734 743 788 Ξὶὅ.
782 732 1138 804 Quapropter.
1185 733 1518 802 quantolibet
1574 744 1625 787 te
1682 733 1940 786 adversus
1982 731 2169 787 oculos

584 825 951 895 imperitorum
982 824 1264 879 dialectico
1312 825 1543 893 tegmine
1584 824 1845 891 involvas,
1886 823 2168 880 manifesta

580 917 803 971 veritate
831 915 1140 971 nudaberis.
1169 915 1283 987 Ego
1311 926 1558 987 tauquam
1592 915 1946 971 valetudinem
1973 916 2166 971 malam

579 1025 642 1064 ex
672 1007 880 1079 origine
906 1008 1082 1063 vitiata
1114 1007 1404 1079 ingenitum
1435 1024 1555 1062 esse
1585 1006 1787 1061 homini
1812 1006 1933 1061 dico
1957 1007 2165 1074 vitium,

574 1115 681 1169 quo
707 1115 831 1155 earo
869 1100 1197 1169 concupiscit
1220 1099 1474 1154 adversus
1495 1097 1737 1167 Spiritum
1767 1114 1781 1161 ;
1815 1108 1869 1152 et
1899 1097 1998 1151 hoc
2027 1099 2168 1152 malo

577 1192 713 1245 bene
739 1191 813 1245 uti
846 1190 1033 1261 pudica
1064 1190 1329 1261 conjugia,
1361 1204 1481 1245 cum
1519 1204 1585 1245 eo
1625 1197 1846 1244 utuntur
1874 1189 2166 1260 generandi

573 1298 771 1348 causa;
805 1282 899 1338 sed
937 1282 1040 1337 isto
1069 1282 1195 1338 mali
1237 1297 1331 1336 usu
1361 1281 1502 1337 bono
1538 1280 1739 1336 laudari
1769 1288 2028 1345 utentem,
2061 1296 2165 1334 non

577 1379 751 1446 ipsum
793 1377 1013 1432 malum.
1044 1375 1230 1448 Neque
1277 1377 1416 1432 enim
1461 1376 1654 1432 malum
1684 1377 1855 1448 ipsum
1888 1385 1971 1432 est
2014 1376 2169 1431 inno-

572 1488 725 1537 cens,
759 1472 852 1528 sed
891 1474 1075 1540 homo,
1107 1473 1195 1544 qui
1224 1472 1347 1528 facit
1372 1480 1430 1527 ut
1464 1472 1660 1527 malum
1691 1487 1869 1540 suum,
1892 1486 1998 1542 quo
2029 1470 2166 1527 bene

480 1612 486 1620 .
577 1565 743 1620 utitur
770 1565 818 1620 ei
850 1579 1043 1620 nocere
1073 1579 1180 1619 non
1213 1564 1400 1634 possit.
1429 1562 1577 1619 Sicut
1601 1577 1768 1630 mors,
1797 1578 1919 1618 cum
1946 1563 2014 1617 sit
2040 1577 2168 1633 sup-

577 1657 789 1724 plicium
818 1656 1138 1727 peccatoris.
1168 1656 1309 1711 bono
1340 1656 1465 1710 mali
1504 1671 1602 1712 usu
1640 1655 1930 1711 accedente
1960 1655 2020 1711 ﬁt
2048 1670 2164 1711 mc—

576 1750 734 1803 t'itum
798 1747 1066 1821 martyris.
1132 1748 1437 1819 Percipitur
1486 1757 1665 1804 autem
1722 1748 1774 1803 in
1839 1746 2167 1818 Baptismate

573 1839 865 1893 christiano
891 1838 1125 1910 perlecta
1157 1839 1383 1905 novitas,
1420 1846 1476 1894 et
1504 1839 1735 1910 perlecta
1762 1838 1962 1894 sanitas
1984 1837 2052 1893 ab
2086 1837 2164 1892 eis

577 1930 729 1985 uzalis
777 1932 976 1986 nostris
1018 1929 1211 2001 quibus
1254 1945 1469 1986 eramus
1513 1931 1621 1996 rei;
1664 1944 1773 1985 non
1813 1929 1881 1985 ab
1922 1929 2000 1984 eis
2039 1944 2162 1983 cum

568 2024 759 2094 quibus
785 2023 960 2079 adhuc
998 2022 1392 2094 conﬂigendum
1422 2032 1503 2078 est
1531 2038 1599 2080 ne
1627 2024 1795 2079 simus
1820 2022 1934 2087 rei;
1967 2038 2087 2077 cum
2110 2030 2166 2078 et

572 2115 683 2182 ipsa
712 2113 762 2167 in
786 2114 940 2171 nobis
965 2114 1092 2180 sint,
1117 2130 1218 2170 nec
1249 2116 1444 2181 aliena,
1472 2113 1565 2169 sed
1592 2124 1771 2169 nostra
1799 2114 1924 2169 sint.
1951 2113 2083 2169 Nam
2110 2120 2160 2169 et

573 2204 876 2262 vinulentiae
903 2206 1277 2262 consuetudini
1318 2207 1501 2277 utique
1532 2208 1707 2271 malm,
1736 2222 1895 2277 quam
1937 2207 2037 2261 sibi
2066 2205 2164 2261 ho-

570 2296 743 2353 mines
773 2294 1040 2364 fecerunt,
1094 2313 1206 2353 non
1250 2297 1520 2352 nascendo
1566 2307 1863 2364 traxerunt,
1907 2300 2165 2354 resistunt

570 2398 692 2462 post
714 2388 1067 2461 Baptismum,
1096 2405 1164 2445 ne
1185 2406 1277 2445 eos
1308 2390 1374 2445 ad
1420 2390 1558 2447 mala
1586 2391 1737 2446 solita
1769 2391 2039 2462 pertrahat
2068 2409 2082 2446 :
2108 2400 2164 2446 et

573 2490 751 2535 tamen
780 2480 920 2535 malo
944 2480 1230 2546 resistitur,
1261 2481 1387 2536 dum
1433 2482 1880 2552 concupiscentiae
1921 2498 2014 2553 per
2042 2497 2162 2537 con-

568 2570 847 2629 tinentiam
870 2570 1187 2643 denegatur,
1210 2573 1352 2644 quod
1379 2588 1475 2645 per
1498 2574 1939 2630 consuetudinem
1966 2590 2165 2631 concu-

563 2663 811 2733 piscitur.
843 2661 997 2720 Unde
1032 2663 1192 2719 etiam
1218 2673 1400 2719 contra
1432 2665 1586 2720 istam
1617 2666 1928 2736 genitalium
1959 2681 2161 2723 concu-

565 2754 903 2824 piscentiam,
930 2770 1050 2827 qua:
1075 2755 1306 2826 ingenita
1342 2756 1494 2820 nobis
1521 2766 1600 2811 est
1621 2771 1716 2823 per
1745 2756 2004 2826 originale
2034 2772 2159 2826 pee-

567 2855 768 2913 catum,
802 2846 1170 2903 vehementius
1200 2847 1355 2902 vidua
1382 2863 1539 2919 quam
1577 2849 1755 2919 virgo;
1782 2848 2150 2905 vehementius

569 2940 826 3001 meretrix
854 2940 1067 3011 quando
1100 2950 1244 2996 casta
1275 2957 1395 2996 esse
1422 2941 1669 3007 voluerit,
1698 2957 1854 3013 quam
1877 2958 1995 3013 qure
2019 2958 2161 2998 sem-

568 3047 669 3105 per
692 3032 791 3087 fuit
818 3032 1252 3105 casta,,eouﬁigit
1280 3051 1294 3089 :
1326 3044 1378 3088 et
1408 3042 1553 3088 tanto
1582 3035 1806 3103 amplius
1834 3033 1885 3088 in
1907 3049 1967 3088 ea
1995 3048 2156 3104 supc-

568 3123 736 3179 randa
764 3125 1008 3180 voluntas
1036 3125 1317 3191 laborabit,
1348 3135 1547 3196 quanto
1578 3127 1809 3196 majores
1851 3126 1899 3181 ei
1943 3141 2161 3182 consue-

570 3217 699 3275 tudo
727 3218 869 3274 vires
894 3217 1061 3275 dedit.
1097 3217 1176 3275 Ex
1216 3218 1319 3272 isto
1361 3226 1417 3273 et
1458 3234 1579 3272 eum
1612 3219 1715 3273 isto
1744 3217 1974 3273 hominis
2018 3218 2160 3273 malo

570 3311 807 3369 nascitur
840 3310 1038 3366 homo:
1068 3309 1208 3383 quod
1251 3309 1446 3367 malum
1486 3325 1582 3385 per
1605 3326 1663 3365 se
1690 3310 1862 3380 ipsum
1903 3321 2010 3363 tam
2039 3324 2159 3363 ma-

566 3419 731 3474 gnum
757 3412 862 3471 cst,
896 3402 1042 3459 et’ad
1073 3401 1307 3457 hominis
1334 3400 1728 3459 damnationem
1756 3412 1914 3472 atque
1937 3416 1968 3455 a
1994 3414 2159 3471 regno

568 3494 663 3549 Dei
681 3495 1069 3565 scparationem
1089 3502 1292 3548 tantum
1312 3493 1471 3549 habet
1487 3492 1846 3565 obligationis,
1868 3502 1923 3546 nt
1947 3492 2157 3547 etiamsi

567 3587 638 3641 de
666 3586 972 3656 parentibus
992 3588 1324 3658 regeneratis
1347 3586 1606 3652 trahatur,
1636 3585 1870 3651 nonnisi,
1903 3584 2160 3656 quemad-

567 3681 787 3737 modum
827 3681 880 3736 in
923 3681 1049 3746 illis,
1098 3681 1209 3735 sola
1256 3679 1663 3750 regeneratione
1699 3680 1956 3746 solvatur,
1999 3687 2159 3749 atque

565 3778 672 3830 isto
706 3777 862 3832 unico
891 3775 1128 3831 remedio
1166 3774 1481 3844 prtepositus
1519 3775 1706 3829 mortis
1734 3788 1764 3828 a
1809 3773 1960 3843 prole
1990 3773 2158 3844 pella-

567 3878 675 3930 tur,
718 3882 825 3938 quo
873 3881 904 3919 a
947 3866 1258 3937 parentibus
1295 3873 1380 3921 est
1404 3864 1651 3937 pulsus‘.
1695 3864 1935 3931 Qualitas
1979 3871 2156 3920 autem

568 3960 695 4017 tnali
733 3974 839 4014 non
876 3958 930 4015 in
968 3957 1322 4014 substantiam
1355 3956 1423 4012 de
1466 3956 1761 4013 substantia
1800 3966 2049 4027 tanquam
2092 3956 2160 4013 de

564 4053 689 4108 loco
710 4051 763 4105 in
796 4051 971 4106 locum
1003 4050 1214 4121 migrat,
1240 4058 1295 4104 ut
1320 4049 1534 4106 deserat
1559 4049 1647 4105 ubi
1678 4058 1812 4114 crat,
1844 4058 1900 4105 et
1918 4065 2036 4118 qua:
2064 4048 2162 4105 fuit

565 4146 663 4210 ibi,
694 4145 807 4214 ipsa
846 4142 917 4198 sit
945 4143 1105 4209 alibi;
1136 4134 1231 4198 sed
1260 4142 1365 4202 alia
1391 4143 1628 4213 ejusdem
1666 4143 1898 4214 generis,
1927 4141 2156 4213 quodam

566 4243 823 4304 operante
843 4233 1110 4305 contagio,
1143 4232 1284 4304 quod
1309 4234 1469 4289 etiam
1493 4233 1559 4289 de
1586 4233 1846 4292 morbidis
1878 4245 2158 4305 parentum

567 4327 881 4397 corporibus
902 4326 1039 4382 solet
1065 4325 1285 4381 evenire
1309 4325 1672 4383 nascentibus.

640 4420 731 4473 56.
770 4417 908 4485 Quid
924 4424 1100 4473 autem
1121 4416 1301 4472 dicere
1318 4415 1553 4484 voluisti,
1573 4413 1725 4488 quasi
1747 4434 1766 4468 ι
1788 4414 2047 4471 claudens
2066 4414 2108 4482 ’,
2134 4434 2153 4469 ι

571 4522 631 4567 ut
652 4508 907 4580 loqueris,
938 4526 960 4562 ι
989 4507 1289 4564 Aristotelis
1314 4507 1637 4578 palaestram,
1666 4515 1726 4561 ut
1751 4504 1875 4562 inde
1891 4506 1955 4561 ad
1979 4520 2160 4562 sacras

573 4605 803 4666 Litteras
845 4604 1221 4662 revertaris?»
1257 4605 1350 4660 Ais
1387 4602 1569 4659 enim:
1604 4618 1623 4654 α
1655 4602 1856 4658 Sensus
1887 4608 1971 4657 est
2001 4600 2161 4672 igitur

567 4697 1040 4766 concupiscentia,
1092 4705 1149 4752 et
1198 4695 1336 4753 mala
1389 4694 1616 4766 qualitas
1665 4708 1772 4748 non
1820 4691 1944 4749 est’
1982 4706 2157 4764 :crgo

568 4790 785 4861 quando
814 4790 1074 4846 minuitur
1098 4786 1553 4861 concupiscentia,
1594 4799 1786 4841 sensus
1824 4785 2100 4859 minuitur.
2131 4802 2151 4837 ι

572 4886 764 4937 Annon
803 4898 901 4954 per
928 4880 1417 4953 concupiscentiam
1445 4877 1703 4933 castitatis
1727 4884 1783 4932 et
1815 4876 2159 4933 continentia:

569 4974 809 5044 quotidie
845 4975 1021 5030 carnis
1063 4972 1493 5043 concupiscentia
1537 4970 1706 5040 magis
1742 4971 2013 5040 magisque
2058 4970 2156 5023 mi-

569 5068 789 5123 nuitnr?
820 5068 1021 5123 Vellem
1061 5068 1238 5138 itaque
1270 5065 1397 5120 mihi
1421 5063 1650 5131 diceres,
1675 5072 1852 5139 omni
1890 5079 1920 5117 a
1965 5063 2157 5120 morbo

635 5224 649 5255 ί
688 5230 789 5273 ttnc
824 5234 854 5272 ο
886 5223 1107 5279 margine
1132 5220 1359 5275 translata
1391 5218 1585 5269 fuerant
1603 5218 1710 5268 lucc
1730 5218 1918 5268 verba:
1947 5214 2160 5279 (malim

566 5283 881 5349 «ﬂecti/malis
895 5277 1083 5349 malitia
1093 5281 1357 5333 substantia
1365 5283 1431 5332 ad
1446 5280 1757 5349 substantiam
1769 5292 1859 5329 non
1874 5277 2161 5349 emigrando

567 5341 678 5399 (Fati
694 5347 738 5396 ῆι
756 5385 767 5400 ,
791 5348 876 5397 sed
900 5345 1108 5410 quodam
1123 5352 1357 5410 operante
1372 5343 1605 5410 cmuagio,
1631 5341 1683 5410 _i_d
1706 5349 1791 5398 est,
1818 5341 2158 5410 concupiscen-
2229 5355 2234 5363 ·

550 5396 651 5459 ’ξέστ’
671 5396 879 5471 afﬂatu,
913 5396 1046 5471 ἐἱς-ω
1070 5396 1430 5471 ᾄελὶιαιοεηιίὺιρδ
1445 5396 1684 5471 morbidis
1707 5396 1951 5471 _i_uorbida
1971 5396 2159 5471 soboles

565 5465 875 5536 procreatur.
896 5469 1110 5536 Delenda
1135 5465 1184 5518 lu
1208 5476 1323 5519 ante
1343 5468 1515 5527 editis,
1559 5480 1670 5515 eum
1706 5465 1782 5516 his
1817 5474 2013 5516 careant
2032 5466 2157 5515 anti-

566 5532 772 5597 tutiores
793 5532 1121 5597 manuscripti.

637 5599 655 5626 ³
694 5596 862 5646 riui-es
885 5602 1014 5652 Mss,
1035 5591 1290 5658 plaudens.

641 5661 660 5688 ³
705 5658 825 5717 δ.;ιιά
849 5649 1124 5718 Amne—{En
1152 5663 1277 5718 post,
1314 5658 1528 5718 nonest,
1556 5651 1854 5718 addebatur,
1889 5649 2006 5718 dum
2044 5664 2159 5718 ron:

573 5712 873 5781 fornicantis
906 5712 1169 5775 minuitur,
1192 5712 1356 5781 sensus
1393 5712 1585 5765 dicatur
1609 5714 1843 5764 imminui.
1892 5715 1938 5763 Id
1964 5715 2151 5781 nonnisi

571 5777 828 5843 pani-iures
848 5781 1102 5844 manuscrit
1123 5780 1157 5829 ti
1194 5779 1373 5828 habrmt
1392 5812 1408 5829 .
1435 5784 1856 5844 etgexpunveruat
1894 5777 2157 5828 Lovanien~

572 5840 657 5896 ses
680 5851 730 5896 ut
754 5845 969 5907 ineptum
990 5840 1237 5906 glossema
1261 5854 1326 5894 ex
1355 5842 1572 5906 margine
1596 5840 1847 5891 adscitum.

1379 340 1648 396 coxraa
1691 338 2027 399 JUl.l.\NUM
2066 308 2532 407 euastantur,
2573 343 2628 399 s.
2671 343 3037 404 AUGUSTINI
3698 370 3770 427 εδδ

2285 456 2653 517 fornicationis
2682 461 2863 517 sanior
2903 478 3007 518 non
3057 466 3167 530 ﬁat,
3200 480 3353 536 quem
3399 465 3617 527 fornicari
3651 479 3776 535 minus

2280 550 2563 623 minusque
2604 551 2863 619 delectat;
2904 555 3145 625 quamvis
3182 570 3318 626 Opus
3358 556 3478 613 illud
3507 565 3673 619 malum
3705 585 3775 625 una

2280 643 2631 698 conversione
2657 643 2756 698 sibi
2774 648 3149 716 amputaverit,
3180 661 3276 701 nec
3303 663 3518 719 unquam
3539 649 3626 706 hoc
3646 652 3778 713 iecerit

2279 745 2344 785 ex
2370 748 2476 803 quo
2501 732 2770 789 lavacrum
2792 737 3214 804 regenerationis
3233 740 3452 808 accepit.
3476 739 3679 813 itemque
3696 759 3779 813 post

2278 826 2725 882 consuetudinem
2774 829 3076 884 vinolentia:
3117 830 3437 900 baptizatus,
3480 842 3530 888 et
3572 851 3779 905 nunquam

2276 932 2336 972 se
2364 918 2619 990 deinceps
2648 935 2869 993 prorsus
2889 922 3178 989 inebrians,
3209 923 3399 980 vellem
3419 924 3623 992 diceres,
3652 939 3782 986 utrum

2276 1009 2343 1064 ab
2370 1010 2472 1065 isto
2521 1012 2707 1066 tnorbo
2737 1028 2844 1068 non
2888 1012 2978 1068 ﬁat
3020 1014 3070 1068 in
3108 1013 3222 1069 dies
3266 1016 3441 1069 Sanior
3469 1032 3608 1087 quam
3638 1017 3782 1086 fuerat,

2276 1117 2397 1157 cum
2425 1105 2713 1172 potationis
2753 1106 3016 1177 gurgitem
3066 1108 3240 1161 minus
3285 1108 3552 1179 minusque
3577 1110 3785 1168 desiderat

2274 1211 2433 1266 quam
2477 1197 2701 1252 solebat.
2743 1197 2946 1254 Sensus
2986 1209 3063 1254 est
3104 1199 3281 1270 igitur,
3313 1216 3415 1257 non
3454 1203 3555 1272 ipsa
3593 1207 3786 1275 concupi-

2273 1290 2497 1357 scvntia,
2531 1291 2624 1345 sed
2653 1291 2741 1347 ille
2771 1293 2944 1361 potius
2980 1308 3085 1364 quo
3113 1311 3207 1348 nos
3246 1310 3363 1349 eam
3395 1298 3629 1363 majorem
3656 1299 3787 1352 mino-

2274 1395 2456 1435 remve
2485 1380 2682 1436 habere
2704 1383 2965 1438 sentimus
2989 1400 3002 1436 :
3023 1384 3162 1438 sicut
3184 1384 3234 1438 in
3259 1388 3493 1455 corporis
3515 1388 3786 1457 passionibns

2275 1484 2380 1523 non
2405 1486 2593 1526 sensus
2621 1480 2700 1527 est
2723 1471 2896 1538 dolor,
2930 1474 3022 1529 sed
3056 1475 3145 1530 ille
3171 1491 3358 1531 sensus
3385 1489 3465 1533 est
3491 1494 3587 1550 quo
3610 1482 3790 1536 sentitur

2272 1561 2459 1625 dolor;
2501 1578 2601 1619 nec
2640 1580 2828 1620 sensus
2865 1574 2947 1621 est
2991 1568 3230 1636 morbus,
3273 1569 3367 1624 sed
3410 1571 3495 1624 ille
3529 1586 3694 1626 sensus
3728 1582 3790 1628 est

2271 1670 2377 1724 quo
2404 1671 2501 1711 nos
2529 1658 2771 1713 morbum
2800 1658 2997 1715 habere
3020 1662 3300 1717 sentimus.
3333 1662 3494 1718 Porro
3516 1663 3558 1718 si
3586 1665 3791 1720 continuo

2273 1748 2331 1801 ﬁt
2357 1748 2550 1814 bonus,
2577 1758 2630 1805 et
2657 1750 2841 1821 utique
2869 1750 3007 1806 bona
3035 1753 3288 1821 qualitate
3318 1752 3374 1808 ﬁt
3405 1753 3587 1819 bonus,
3612 1756 3685 1824 qui
3713 1754 3791 1809 for-

2272 1837 2524 1893 nicationi
2575 1839 2985 1911 vinolentithue
3050 1843 3363 1899 renuntians
3419 1844 3486 1899 ab
3543 1842 3791 1913 huiusmodi

2270 1929 2521 1999 Operihus
2569 1945 2691 1986 sese
2719 1930 2985 1996 abstinet;
3032 1932 3211 1989 nonne
3241 1944 3386 1989 recte
3412 1934 3568 2000 audit,
3594 1932 3705 1988 Ecce
3732 1952 3794 1988 sa-

2270 2038 2366 2076 nus
2394 2022 2560 2092 {actus
2594 2039 2667 2091 es,
2688 2024 2803 2094 jam
2833 2025 2939 2079 noli
2977 2042 3183 2095 peccare
3220 2023 3399 2097 (Joan.
3430 2040 3486 2092 v,
3511 2027 3625 2097 li);
3662 2036 3793 2080 recte-

2268 2129 2374 2186 que
2416 2116 2715 2187 appellatur
2751 2126 2930 2173 castas
2960 2127 3017 2173 et
3059 2118 3302 2173 sobrius?
3327 2118 3543 2185 Deinde,
3585 2117 3625 2172 si
3649 2132 3795 2187 prove-

2268 2216 2357 2265 ctu
2388 2208 2839 2278 concupiscentia:
2873 2208 3047 2272 boum,
3079 2224 3181 2279 qua
3202 2209 3646 2280 concupiscentias
3669 2208 3796 2262 malas

2269 2300 2562 2356 fornicandi
2596 2300 2921 2371 potandique
2967 2300 3199 2357 debellat
3222 2302 3263 2365 ί,
3292 2302 3415 2356 talis
3445 2300 3670 2365 efﬁcitur,
3694 2314 3797 2369 qua-

2267 2391 2332 2447 lis
2354 2391 2553 2447 recenti
2580 2392 2932 2447 conversione
2960 2391 3194 2447 nondum
3226 2392 3340 2457 fuit,
3374 2400 3437 2447 ut
3465 2392 3658 2446 illorum
3683 2390 3727 2444 in
3749 2402 3798 2443 eo

2266 2481 2533 2537 desideria
2565 2491 2907 2554 peccatorum
2935 2482 3110 2537 minus
3132 2483 3417 2554 minusque
3443 2490 3739 2546 moveantur,
3756 2486 3799 2533 ut

2267 2572 2522 2629 adversus
2566 2588 2629 2628 ea
2659 2573 2796 2629 mala
2841 2589 2948 2628 non
2982 2582 3124 2628 tanta
3163 2585 3361 2644 quanta
3393 2575 3537 2645 prius
3577 2580 3797 2636 exerceat,

2264 2663 2358 2722 sed
2411 2665 2615 2719 minora
2664 2664 2977 2729 certamina,
3023 2680 3129 2719 non
3178 2665 3433 2720 virtutum
3479 2663 3797 2726 diminutione,

2265 2756 2358 2813 sed
2390 2755 2645 2824 hostium,
2676 2770 2777 2811 nec
2804 2754 3087 2811 deﬁciente
3117 2771 3313 2827 pugna,
3354 2756 3451 2811 sed
3481 2763 3727 2810 crescente
3744 2749 3801 2804 vi-

2263 2850 2453 2916 ctot'ia,
2484 2849 2751 2905 dubitabis
2777 2863 2899 2905 eum
2933 2850 3279 2919 pronuntiare
3319 2844 3635 2902 meliorem?
3660 2842 3797 2902 Unde.

2270 2942 2516 3006 obsecro,
2551 2942 2649 2997 nisi
2677 2942 2798 3011 quia
2825 2942 2961 2997 bona
2994 2940 3219 3013 qualitas
3249 2948 3425 3004 aucta,
3473 2948 3525 2994 et
3566 2937 3687 2991 mala
3721 2933 3800 2988 nti-

2263 3044 2391 3088 nuta
2424 3033 2544 3087 est?
2573 3034 2800 3087 Auctum
2841 3040 2925 3087 est
2971 3031 3127 3101 igitur
3165 3047 3270 3100 quo
3295 3030 3469 3085 bonus
3509 3044 3621 3085 esse
3654 3025 3800 3094 cmpit,

2264 3125 2527 3179 minutum
2562 3133 2644 3178 est
2670 3138 2775 3191 quo
2802 3122 2976 3176 malus
3003 3120 3134 3186 fuit;
3180 3131 3233 3175 ct
3263 3120 3364 3176 hoc
3389 3122 3496 3191 egit
3524 3126 3635 3190 post
3658 3115 3802 3184 Bapti-

2262 3231 2460 3283 smum,
2488 3231 2593 3271 non
2622 3215 2825 3287 peregit
2849 3215 2902 3270 in
2923 3214 3211 3284 Baptismo.
3236 3212 3330 3279 ita,
3359 3212 3598 3285 quamvis
3626 3210 3687 3266 ibi
3709 3221 3802 3281 per-

2262 3319 2379 3365 acta
2427 3309 2582 3365 fuerit
2643 3308 2799 3380 plena
2861 3317 3198 3379 peccatorum
3251 3308 3535 3373 remissio;
3585 3302 3798 3362 remansit

2263 3409 2462 3469 tamen,
2492 3416 2594 3473 qua
2622 3400 2972 3473 proﬁceretur
2998 3400 3049 3454 in
3076 3399 3287 3463 melius,
3310 3398 3569 3456 adversus
3602 3406 3803 3453 catervas

2262 3494 2648 3552 desideriorum
2678 3493 2939 3548 malorum
2979 3492 3031 3546 in
3064 3491 3219 3547 nobis
3256 3490 3386 3560 ipsis
3430 3492 3605 3562 utique
3641 3484 3804 3542 tumul-

2264 3586 2524 3641 tuantittm
2546 3584 2826 3656 vigilanter
2850 3581 3143 3638 exserenda
3171 3590 3224 3637 et
3250 3582 3514 3637 instanter
3541 3575 3799 3635 exercenda

2263 3676 2505 3743 luctatio,
2532 3685 2753 3750 propter
2778 3690 2935 3745 quam
2966 3673 3161 3728 dicitur
3184 3674 3343 3729 etiam
3376 3671 3669 3745 baptizatis,
3695 3666 3808 3721 lior-

2263 3770 2451 3839 ti/icate
2503 3768 2725 3825 membra
2770 3776 2935 3822 vestra
2986 3781 3098 3837 qua:
3138 3775 3255 3819 sunt
3307 3782 3466 3839 super
3506 3775 3682 3819 terram
3715 3758 3810 3832 (Co-

2264 3862 2385 3918 loss.
2436 3878 2529 3929 tu,
2575 3860 2670 3933 5);
2713 3871 2803 3925 et,
2845 3859 2908 3915 Si
2948 3860 3129 3931 spiritu
3177 3859 3313 3930 facta
3360 3860 3534 3912 carnis
3578 3852 3811 3921 mortiﬁca-

2263 3956 2448 4021 veritis,
2478 3954 2648 4011 vivatis
2679 3953 2853 4027 (Rom.
2874 3968 2990 4019 vtu,
3019 3950 3143 4024 i5);
3189 3960 3262 4016 et,
3296 3949 3487 4006 Exuite
3515 3966 3598 4005 vos
3634 3955 3811 4001 veterem

2264 4049 2548 4105 Itontincm'
2587 4046 2801 4117 (Coloss.
2829 4060 2910 4110 ut,
2938 4042 3018 4113 9).
3050 4041 3252 4114 Nempe
3295 4042 3546 4096 dicuntur
3583 4039 3688 4093 lucc
3725 4046 3814 4087 nta-

2263 4156 2363 4211 gna
2410 4138 2764 4195 consensione
2793 4135 3049 4201 veritatis,
3101 4134 3246 4189 nulla
3290 4132 3700 4203 reprehensione
3736 4126 3815 4181 Ba-

2267 4232 2549 4304 ptismatis.

2335 4324 2424 4380 57.
2467 4322 2521 4378 Si
2565 4336 2694 4391 ergo
2739 4318 2875 4375 nolis
2927 4333 3051 4375 esse
3097 4317 3491 4383 contentiosus,
3542 4322 3664 4387 puto
3700 4303 3816 4381 quod

2256 4413 2369 4486 jam
2401 4412 2583 4469 videas
2609 4427 2768 4484 quam
2811 4419 2959 4467 recte
3000 4409 3345 4481 intelligatur,
3375 4407 3521 4479 quod
3567 4407 3713 4461 aliter
3741 4412 3817 4453 co-

2262 4507 2410 4565 naris
2451 4521 2741 4577 exponere,
2792 4501 2932 4575 quod
2982 4503 3238 4573 propheta
3284 4516 3408 4556 cum
3456 4499 3695 4562 dixisset,
3737 4488 3821 4558 Qui

2264 4598 2513 4671 prapitius
2540 4597 2598 4667 fit
2628 4594 2859 4650 omnibus
2883 4592 3230 4661 im'quitatibus
3250 4593 3388 4659 tuis;
3412 4590 3555 4662 quod
3587 4589 3643 4643 ﬁt
3670 4586 3823 4653 utique

2262 4689 2579 4747 remissione
2617 4687 2854 4743 omnium
2885 4694 3257 4756 peccatorum;
3304 4684 3564 4737 continuo
3606 4672 3823 4745 subjecit.

2266 4783 2368 4849 Qui
2409 4788 2555 4836 sanat
2599 4795 2771 4835 omnes
2815 4778 3081 4849 languore:
3132 4786 3243 4831 tuos
3282 4774 3451 4846 (Psal.
3497 4789 3590 4839 cu,
3633 4770 3687 4841 3)
3727 4777 3823 4822 ιω

2262 4874 2401 4931 mala
2416 4873 2599 4928 volens
2628 4869 2873 4940 intelligi,
2904 4883 3026 4923 cum
3048 4868 3238 4939 quibus
3262 4867 3434 4922 donec
3457 4871 3725 4926 sanentur,
3755 4853 3827 4910 vel

2261 4974 2515 5036 quantum
2561 4971 2786 5033 possunt
2834 4961 2885 5016 in
2933 4959 3032 5016 hac
3076 4960 3182 5012 vita
3219 4962 3385 5027 magis
3429 4957 3699 5027 magisque
3751 4948 3831 5005 mi

2263 5067 2514 5125 nuantnr,
2562 5068 2667 5110 non
2722 5051 3002 5124 quiescunt
3040 5050 3287 5104 intestina
3330 5049 3468 5103 bella
3519 5054 3825 5102 sanctorum.

2327 5213 2343 5244 ι
2380 5210 2693 5260 ιτιοτὶτιοιιηςῐε
2736 5214 2851 5268 tus,
2895 5206 3219 5270 ἁρπαγείη,
3259 5200 3670 5268 concupiscentia:
3698 5194 3831 5249 ntath

2262 5274 2537 5339 {emicrde
2563 5272 2739 5336 potam!
2746 5271 2852 5333 ique
2875 5268 3142 5339 debellatis.

2326 5318 2843 5384 find{'rétiimieulus
2878 5318 2970 5392 hos
3004 5342 3177 5379 versus
3208 5325 3382 5392 {Nullo
3402 5325 3561 5392 pde
3601 5318 3833 5392 reprrltt'ﬂj

2263 5397 2396 5461 ditur
2412 5396 2669 5461 baptisma,
2689 5393 2801 5461 quia
2822 5391 3053 5441 asseritur
3070 5389 3254 5461 ruratio
3269 5402 3376 5461 qua:
3387 5386 3440 5452 ﬁt
3456 5393 3563 5461 pos!
3580 5386 3831 5461 ,Παιδείξξξεξξ

2263 5442 2379 5523 alia
2401 5442 2554 5523 adfigi;
2575 5442 2721 5523 totum
2746 5456 2943 5523 hosper
2973 5452 3212 5523 captivum
3233 5442 3512 5523 (litteratast,
3536 5448 3590 5520 id
3613 5442 3832 5523 91335.1}!

2264 5510 2294 5570 ἡ
2317 5510 2575 5585 manci-iris
2617 5510 2922 5581 t.:uguori."ius
2954 5510 3238 5585 armaretur,
3259 5521 3327 5585 Aet
3350 5526 3379 5561 a
3421 5510 3600 5585 futuris
3622 5510 3831 5585 χ

2263 5568 2470 5637 studeat.
2490 5568 2823 5643 mereaturque
2845 5575 3024 5643 sanari.
3054 5582 3127 5625 tta
3154 5568 3441 5643 (septimum
3625 5568 3676 5633 Ιῖδ

2264 5630 2480 5697 sanitatis
2496 5630 2514 5699 ,ί
2537 5656 2622 5706 per
2645 5630 2772 5704 quoii
2794 5646 2838 5690 et
2869 5636 3100 5701 incipitur
3128 5630 3283 5706 omnis
3303 5636 3483 5706 sanitas
3505 5642 3551 5706 et
3588 5630 3831 5706 impleuit}

2266 5695 2377 5772 quia
2403 5695 2803 5772 tnale'cnhairent
2825 5715 2955 5772 cum.
2971 5695 3309 5772 superioribus
3331 5706 3384 5748 et
3405 5695 3715 5772 iqiesitn‘jbtts
3725 5701 3831 5772 Et:

2266 5759 2367 5824 liis,
2400 5771 2673 5829 absuntth
2697 5778 2724 5813 τι
2756 5766 2987 5832 \atit‘auis
3022 5759 3243 5832 quamn-1:.
3264 5767 3389 5829 Mss"
3416 5759 3476 5808 ab
3516 5759 3832 5819 animum»

2274 5821 2559 5884 floriateensi
2578 5821 2628 5881 et
2651 5841 2677 5879 a
2701 5827 2983 5893 qutbusdam
3006 5821 3112 5877 aliis
3133 5821 3399 5875 Gauranis.

3941 2480 3943 2559 1

3943 2564 3945 2637 1

3945 2648 3947 2727 1

3947 2732 3949 2793 1

3949 2816 3951 2879 1

3953 2986 3955 3031 l
