4098 6512
313 364 418 428 857

312 475 495 549 Neque
536 476 678 533 enim
719 473 897 530 nullus
940 480 1023 530 est
1049 473 1296 544 languor,
1344 485 1452 542 quo
1494 483 1622 527 caro
1649 469 1899 540 concupi-

313 571 415 626 scit
442 569 700 625 adversus
733 567 996 638 spiritum,
1027 565 1190 622 etiam
1231 571 1481 620 manente
1507 564 1704 618 virtute
1730 563 1896 618 casti-

317 662 442 718 tatis
471 659 686 716 invicta.
727 658 784 716 Si
810 659 990 714 nullus
1013 657 1237 728 languor
1277 665 1379 721 est.
1413 671 1518 712 non
1545 671 1673 728 ergo
1702 655 1895 711 adver-

315 766 402 809 sus
428 767 550 806 eum
587 751 808 822 spiritus
846 746 1212 818 concupiscat.
1255 746 1335 802 Ad
1382 746 1483 803 hoc
1521 749 1661 803 enim
1691 761 1891 802 concu-

309 843 487 914 piscit,
535 852 592 897 ut
635 843 676 898 si
720 856 826 896 non
857 849 1034 911 potest
1079 853 1186 896 non
1235 838 1497 906 certandi,
1546 839 1737 894 saltem
1783 853 1891 894 non

307 933 677 991 consentiendi
723 933 960 989 obtineat
1007 925 1310 988 sanitatem.
1359 931 1469 986 lloe
1505 933 1702 1002 quippe
1750 931 1892 988 unde

309 1041 456 1082 nunc
477 1027 705 1096 agimus,
735 1024 877 1096 quod
906 1024 1062 1079 nobis
1082 1024 1332 1080 resistere
1357 1023 1616 1081 sentimus
1639 1023 1690 1076 in
1714 1022 1889 1091 nobis,

305 1127 399 1174 aut
425 1118 596 1172 aliena
624 1125 705 1171 est
731 1124 916 1170 natura
947 1115 1266 1186 separanda,
1302 1123 1394 1169 aut
1420 1124 1598 1168 nostra
1631 1113 1891 1170 sanando.

306 1208 362 1264 Si
392 1208 620 1263 alienam
651 1207 879 1262 dicimus
903 1207 1274 1277 separandum,
1299 1205 1607 1261 Manichznis
1629 1205 1890 1261 favemus.

307 1299 594 1354 Fateamur
641 1313 771 1368 ergo
819 1308 1054 1353 nostram
1105 1313 1224 1352 esse
1267 1297 1586 1363 sanandam,
1625 1307 1682 1352 ut
1721 1297 1892 1352 Mani-

304 1389 484 1446 clueos
515 1389 670 1444 simul
703 1390 1119 1460 Pelagianosque
1149 1388 1396 1442 vitemus.

377 1481 606 1536 CAPUT
636 1480 756 1535 XIX
776 1481 1066 1554 (a).-——58.
1109 1481 1219 1535 [loc
1245 1497 1372 1552 ergo
1403 1499 1422 1532 ι
1454 1481 1635 1560 generi
1658 1480 1894 1536 humano

307 1573 568 1630 indictum
585 1573 776 1629 vulnus
791 1591 821 1629 a
841 1575 1072 1638 diabolo,
1095 1573 1350 1645 qttidquid
1373 1589 1467 1644 per
1492 1573 1618 1628 illud
1637 1575 1893 1644 nascitur,

302 1671 441 1733 Cogit
471 1682 593 1722 esse
630 1666 732 1721 sub
756 1667 988 1732 diabolo,
1023 1674 1272 1736 tanquam
1297 1665 1364 1722 de
1404 1681 1504 1721 suo
1549 1663 1742 1720 frutice
1780 1664 1895 1719 fru-

302 1767 448 1811 ctum
487 1756 608 1828 jure
643 1757 897 1827 decerpat
923 1777 942 1810 ι
973 1757 1076 1829 (De
1101 1756 1311 1827 Nuptiis
1355 1766 1403 1811 et
1447 1755 1886 1827 Concupiscentia,

302 1849 396 1902 lib.
433 1849 484 1914 l,
513 1864 564 1901 η.
593 1845 714 1920 26).
759 1848 883 1904 ﬂatc
935 1847 1094 1904 verba
1135 1847 1204 1903 de
1250 1847 1388 1903 libro
1433 1861 1556 1903 meo
1601 1847 1693 1901 tibi
1738 1845 1895 1902 refel-

303 1939 464 1994 lenda
492 1940 712 2012 posuisti
746 1957 762 1996 :
791 1940 986 2012 quibus
1025 1941 1097 1996 ita
1129 1939 1422 2007 insidiaris,
1454 1949 1704 2012 tanquam
1749 1958 1768 1992 ι
1800 1955 1898 1996 na-

303 2040 442 2086 tura:
479 2033 724 2087 humana:
757 2042 1030 2088 auctorem
1059 2031 1288 2088 dixerim
1315 2031 1610 2099 diabolum,
1645 2041 1701 2088 et
1727 2031 1894 2102 ipsius

299 2141 408 2194 qua
445 2124 610 2179 homo
661 2133 872 2180 constat
917 2124 1230 2180 substantia:
1267 2123 1638 2189 conditorem;
1671 2143 1692 2177 ι
1743 2123 1892 2194 quasi

301 2217 499 2272 vulnus
535 2217 588 2271 in
617 2231 845 2287 corpore
875 2216 1048 2286 possis
1073 2217 1344 2286 appellare
1381 2217 1754 2272 substantiam.
1785 2214 1893 2272 Sed

299 2308 347 2362 si
369 2316 663 2378 propterea
707 2323 794 2364 me
833 2317 988 2379 putas
1033 2307 1234 2363 dixisse
1272 2307 1541 2362 diabolum
1581 2306 1893 2362 substantia:

297 2399 657 2467 conditorem,
687 2399 814 2470 quia
850 2399 903 2454 in
935 2414 996 2455 ea
1026 2397 1376 2454 similitudine
1403 2413 1522 2468 quas
1557 2413 1590 2452 a
1628 2413 1716 2453 me
1741 2398 1895 2453 adhi-

297 2488 412 2545 bita
437 2499 539 2554 est,
569 2489 810 2545 fruticem
840 2489 986 2554 dixi;
1013 2489 1188 2544 frutex
1226 2489 1422 2560 quippe
1450 2488 1596 2544 nullo
1615 2488 1895 2543 dubitante

297 2581 598 2636 substantia
637 2589 757 2636 est:
789 2597 887 2636 cur
918 2595 1086 2651 usque
1131 2579 1266 2635 adeo
1310 2590 1364 2636 te
1410 2582 1492 2636 vel
1531 2581 1770 2635 ostendis
1804 2579 1892 2636 vel

297 2672 458 2742 ﬁngis
504 2672 798 2738 indoctum,
842 2681 900 2728 ut
937 2673 1017 2728 eis
1057 2672 1220 2728 rebus
1265 2687 1386 2742 qute
1433 2671 1744 2727 substantia:
1785 2686 1892 2728 non

296 2776 446 2829 sunt,
471 2764 803 2820 adhibendas
821 2763 888 2820 de
915 2763 1228 2818 substantiis
1253 2763 1628 2818 similitudines
1650 2778 1754 2817 non
1779 2761 1893 2818 exi-

299 2857 521 2912 stimes?
550 2857 659 2911 Nisi
689 2856 822 2910 forte
847 2865 902 2911 et
927 2855 1026 2926 ipsi
1053 2856 1278 2910 Domino
1298 2853 1571 2910 dialectice
1600 2854 1892 2910 calumnia-

299 2949 466 3014 bcris,
507 2949 630 3019 quia
659 2948 814 3014 dixit,
860 2947 1021 3001 Arbor
1060 2947 1190 3000 bona
1219 2945 1378 3000 bonos
1417 2950 1612 3016 {ructus
1653 2946 1795 3016 facit,
1844 2955 1894 3001 et

297 3042 453 3092 arbor
494 3043 634 3094 mala
670 3039 830 3092 mulos
858 3039 1058 3109 [ructus
1085 3039 1207 3111 facit
1236 3037 1452 3106 (Matth.
1479 3053 1576 3104 vn,
1610 3036 1722 3110 ΓΙ).
1759 3038 1891 3106 Quis

297 3135 442 3190 enim
487 3134 744 3189 malitiam
787 3134 901 3187 sive
940 3131 1254 3200 bonitatem,
1299 3131 1382 3186 vel
1425 3145 1588 3202 opera
1614 3130 1752 3186 bona
1795 3144 1891 3186 sett

299 3227 462 3290 mala,
494 3241 629 3297 quos
670 3226 817 3281 velut
845 3224 1049 3280 fructus
1079 3225 1290 3279 illarum
1329 3223 1579 3278 arborum
1609 3223 1777 3278 voluit
1805 3221 1890 3276 in-

299 3322 484 3392 telligi,
518 3321 660 3376 dicat
691 3335 808 3376 esse
847 3318 1193 3383 substantias,
1235 3319 1334 3375 nisi
1365 3317 1610 3372 nesciens
1646 3315 1772 3387 quid
1809 3316 1892 3370 lo-

296 3413 530 3486 quatur?
566 3413 697 3481 Quis
740 3427 870 3467 vero
903 3411 1125 3466 arbores
1169 3418 1225 3465 et
1263 3425 1446 3466 earum
1493 3409 1696 3464 fructus
1735 3415 1892 3479 neget

296 3521 421 3560 esse
453 3505 794 3572 substantias,
836 3505 880 3558 si
909 3503 1056 3558 novit
1080 3503 1220 3574 quod
1247 3503 1512 3573 loquitur?
1543 3501 1616 3557 De
1645 3501 1730 3556 bis
1761 3515 1891 3570 ergo

296 3581 462 3650 rebus
482 3610 600 3664 qua:
627 3594 939 3649 substantiae
961 3602 1106 3658 sunt,
1127 3593 1374 3648 videmus
1401 3593 1668 3648 adhibitas
1701 3593 1890 3647 simili-

297 3686 510 3740 tudines
543 3687 622 3742 eis
648 3687 808 3743 rebus
833 3701 952 3757 qua:
995 3699 1102 3741 non
1129 3693 1252 3742 sunt
1283 3685 1616 3741 SttiJSL‘inliiB.
1647 3682 1801 3752 Quod
1841 3683 1888 3740 si

293 3778 460 3835 arbor
498 3779 636 3834 bona
680 3778 764 3834 vel
795 3778 955 3844 mala,
993 3792 1099 3832 non
1138 3777 1350 3832 bonitas
1380 3775 1610 3832 hominis
1651 3777 1733 3832 vel
1771 3791 1888 3832 ma-

293 3869 432 3933 litia,
478 3869 572 3924 sed
624 3868 725 3939 ipsi
773 3867 1019 3923 homines
1059 3867 1354 3938 accipiendi
1398 3874 1543 3936 sunt,
1601 3867 1653 3921 in
1697 3866 1889 3938 quibus

295 3959 561 4028 subjectis
587 3961 716 4015 istas
744 3973 866 4014 esse
895 3958 1239 4030 intelligimus
1267 3958 1568 4028 qualitates,
1597 3956 1886 4014 bonitatem

291 4043 502 4099 scilicet
523 4045 574 4098 in
601 4043 816 4099 homine
837 4044 1002 4110 bono,
1025 4043 1385 4113 malitiamque
1411 4043 1464 4098 in
1489 4043 1706 4098 homine
1722 4043 1884 4110 malo,

292 4144 355 4188 ut
384 4135 511 4204 ipsa:
539 4134 849 4188 substantize
879 4134 987 4188 sint
1005 4133 1248 4198 arbores,
1279 4133 1328 4189 id
1351 4141 1452 4199 est,
1482 4133 1581 4206 ipsi
1610 4133 1883 4199 homines;

291 4232 442 4280 certe
484 4224 684 4280 fructus
722 4239 908 4279 eorum
955 4226 1100 4295 (qua:
1149 4223 1278 4278 nihil
1325 4225 1468 4280 aliud
1515 4240 1677 4295 quam
1722 4239 1886 4296 opera

291 4316 713 4388 intelliguntur).
761 4333 922 4372 nemo
965 4318 1064 4372 nisi
1111 4317 1387 4388 imperitus
1425 4317 1554 4372 dicit
1595 4332 1715 4374 esse
1754 4317 1886 4374 sub-

240 4410 247 4417 ’
291 4411 551 4465 stantias‘
585 4429 599 4465 :
627 4425 747 4465 cum
777 4411 1016 4466 omnium
1045 4411 1297 4466 arborum
1327 4409 1546 4478 fructus,
1590 4412 1732 4468 unde
1769 4412 1887 4468 ista:

289 4501 672 4556 similitudines
713 4502 853 4557 datm
887 4511 1030 4565 sunt,
1061 4517 1221 4558 nemo
1263 4504 1362 4558 nisi
1410 4504 1688 4574 imperitus
1732 4513 1888 4575 neget

288 4607 415 4648 esse
445 4593 790 4646 substantias.
817 4595 892 4646 Ac
921 4608 1018 4662 per
1044 4592 1146 4648 hoc
1169 4593 1218 4648 ei
1259 4594 1336 4648 rei
1362 4609 1483 4665 quae
1511 4609 1618 4650 non
1645 4605 1725 4650 est
1755 4595 1886 4650 sub-

289 4683 512 4748 stantia,
542 4683 620 4738 fas
647 4694 729 4738 e5t
749 4682 1006 4738 adhibere
1039 4684 1438 4738 similitudinem
1467 4685 1536 4740 de
1566 4685 1882 4742 substantia.

288 4775 525 4845 Propter
548 4775 687 4846 quod
718 4790 816 4846 ego
838 4775 966 4828 vitio
987 4774 1128 4845 quod
1157 4777 1338 4846 generi
1373 4775 1607 4832 humano
1634 4777 1883 4833 diabolus

289 4875 548 4938 utinquam
594 4866 784 4948 vulnus
825 4865 1037 4932 inflixit,
1083 4868 1324 4936 quamvis
1368 4868 1516 4924 nullo
1552 4869 1712 4924 modo
1757 4869 1886 4925 sub-

287 4959 491 5012 stantia
519 4961 608 5024 sit,
639 4969 782 5013 reete
809 4969 986 5012 tamen
1027 4957 1246 5012 adhibui
1271 4959 1338 5016 de
1367 4959 1662 5016 substantia
1699 4961 1888 5017 simili-

291 5052 557 5113 tudinem,
594 5059 650 5104 ttt
689 5051 932 5104 fruticem
974 5050 1235 5118 dicerem,
1275 5062 1330 5108 ει
1371 5051 1574 5108 fructus
1615 5052 1732 5123 ejus
1758 5053 1884 5110 vitia

289 5149 456 5197 etiam
503 5144 589 5196 illa
634 5159 754 5197 cum
797 5144 988 5214 quibus
1035 5143 1300 5212 homines,
1349 5144 1501 5202 vobis
1538 5146 1755 5217 quidem
1794 5163 1888 5202 ne-

289 5238 564 5308 gzttttibtts,
605 5237 698 5291 sed
730 5238 954 5293 veritate
995 5239 1364 5298 convincente.
1396 5249 1706 5304 nascuntur,
1735 5250 1790 5296 et
1819 5255 1883 5296 ex

291 5331 487 5398 qntlms
516 5330 566 5381 in
594 5338 852 5384 :uternum
883 5329 978 5384 Dei
1013 5345 1178 5402 regno
1209 5339 1454 5402 pereunt,
1482 5331 1528 5386 si
1569 5333 1793 5388 veritate
1821 5333 1887 5388 li-

293 5424 518 5480 berante
542 5438 647 5476 non
675 5431 1054 5478 renascuntur.

364 5519 458 5572 5‘).
491 5517 716 5572 Proinde
742 5517 1060 5582 Vitiatorem,
1086 5533 1189 5572 non
1211 5517 1541 5574 conditorem
1571 5519 1886 5578 substantiae

292 5609 564 5664 diabolum
588 5608 714 5662 dixi.
757 5608 946 5663 Sttbdit
971 5618 1146 5662 autem
1179 5609 1278 5662 sibi
1318 5610 1459 5680 quod
1489 5627 1592 5666 non
1620 5613 1880 5677 condidit,

360 5703 376 5738 ι
411 5709 519 5768 ξτες
543 5714 572 5750 e
597 5701 828 5768 Vaticanis
866 5706 996 5768 Mss,
1027 5708 1157 5751 certe
1195 5702 1382 5764 [ructas
1404 5715 1586 5768 certon
1625 5704 1728 5768 (qui
1765 5705 1889 5757 nihil

293 5763 430 5812 aliud
456 5777 598 5835 quum
618 5776 766 5835 opera
799 5760 1152 5828 intelliguntur}
1195 5760 1338 5814 nemo
1361 5763 1456 5816 mli
1478 5760 1726 5833 imperitus
1748 5776 1885 5834 neget

297 5839 373 5876 ws
395 5841 400 5848 '
425 5826 725 5876 substantias.

359 5889 434 5951 to)
471 5887 598 5942 Apud
622 5897 720 5936 am.
741 5892 790 5936 ct
813 5891 908 5951 ει..
930 5883 975 5940 ἃ

1675 354 1902 449 ἰιηειι
1941 355 2228 414 SEXTUS.

2333 263 2362 293 δ

3485 357 3598 418 858

2007 486 2104 542 per
2124 471 2176 526 id
2205 469 2347 542 quod
2391 467 2602 539 inﬂixit,
2629 469 2740 527 Deo
2761 470 2907 542 justo
2954 472 3217 530 tribuente
3258 474 3397 530 hanc
3429 486 3594 548 pote-

2005 573 2194 618 statem
2217 580 2231 626 ;
2257 563 2409 634 cujus
2434 577 2540 618 non
2564 563 2828 618 subtrahit
2862 567 3126 634 potestati,
3171 581 3269 624 nec
3315 569 3456 642 quod
3485 565 3594 626 sibi

2003 663 2086 709 est
2110 654 2404 719 subditum,
2445 669 2548 711 nec
2585 671 2644 711 se
2683 654 2876 725 ipsum.
2923 657 3046 712 Ideo
3071 660 3318 714 csteuim
3357 662 3591 720 secunda

2003 745 2252 801 nativitas
2283 745 2542 810 instituta,
2583 747 2704 817 quia
2737 747 2984 800 nativitas
3013 757 3095 803 est
3125 751 3293 820 prima
3313 750 3589 810 damnata.

1999 834 2098 892 Cui
2126 845 2303 893 tamen
2328 838 2486 894 etiam
2515 837 2780 893 damnata:
2821 839 2913 894 Dei
2937 839 3144 896 bonitas
3173 841 3482 911 exhibetur,
3532 851 3590 904 ut

2001 928 2071 984 de
2096 928 2381 984 maledicto
2408 929 2614 985 semine
2641 931 2913 986 rationalis
2953 940 3136 988 natura
3172 933 3430 990 formetur
3452 953 3466 989 :
3485 949 3595 1008 qua.

1997 1021 2118 1091 ejus
2134 1021 2536 1102 :tfﬂuentissima
2568 1021 2804 1076 bonitate
2828 1023 3164 1092 apertissime
3197 1026 3458 1082 malorum
3490 1027 3590 1082 ho-

2001 1113 2202 1167 minmn
2236 1123 2380 1168 tanta
2410 1107 2696 1169 multitudo
2717 1115 2965 1180 nutritur,
2992 1123 3046 1169 et
3075 1117 3284 1189 occulto
3307 1117 3398 1170 Det
3425 1133 3590 1188 opere

1999 1216 2298 1276 vegetatur.
2345 1203 2477 1272 Qua:
2507 1205 2717 1260 brnitas
2742 1207 3070 1276 operationis
3098 1207 3213 1276 ejus
3235 1207 3279 1263 si
3309 1209 3589 1264 subtraha-

2001 1307 2089 1354 tur
2117 1300 2412 1354 formandis
2446 1299 2928 1371 promovendisque
2977 1301 3290 1365 seminibus,
3335 1310 3390 1356 et
3414 1302 3589 1357 viviti-

1998 1392 2187 1448 candis
2231 1393 2530 1462 quibusque
2565 1391 2888 1458 viventibus,
2941 1409 3047 1447 non
3096 1393 3266 1447 Solum
3324 1393 3587 1464 gignenda

2002 1499 2108 1539 non
2155 1494 2408 1553 aguntur,
2451 1483 2547 1539 sed
2595 1483 2664 1538 ad
2702 1484 2924 1538 nihilum
2954 1485 3169 1556 penitus
3207 1486 3367 1540 etiam
3410 1487 3588 1556 genita

2001 1577 2336 1647 rediguntur.
2361 1575 2493 1630 Cum
2522 1591 2650 1648 ergo
2696 1577 2859 1632 Deum
2893 1577 2996 1630 nisi
3015 1577 3174 1630 stulta
3207 1577 3452 1646 impietas
3481 1591 3588 1632 non

2000 1669 2380 1740 reprehendat,
2412 1669 2552 1739 quod
2573 1670 2815 1724 homines
2844 1669 3030 1724 vitiosa
3063 1669 3335 1725 voluntate
3364 1670 3588 1725 damna-

1944 1811 1958 1820 .
2000 1761 2137 1817 biles
2165 1761 2256 1816 illo
2283 1760 2582 1815 vivificante
2609 1759 2810 1827 vivunt,
2838 1761 2926 1830 qui
2971 1759 3200 1814 viviﬁeat
3237 1759 3414 1814 omnia
3450 1774 3590 1816 :cur

2001 1865 2250 1928 putamus
2287 1854 2354 1909 ab
2379 1853 2497 1924 ejus
2537 1853 2792 1924 op'erihus
2829 1851 3156 1920 abhorrere,
3203 1852 3346 1923 quod
3383 1853 3589 1924 origine

1997 1948 2182 2004 vitiata
2220 1947 2552 2004 damnabiles
2576 1946 2668 2000 illo
2687 1953 2905 2001 creante
2930 1955 3242 2009 nascuntur,
3263 1946 3354 2016 qui
3377 1953 3590 2002 creator

1996 2049 2082 2097 est
2109 2025 2382 2105 omnium;
2411 2047 2466 2094 et
2492 2053 2587 2110 per
2611 2037 2952 2093 Mediatorem
2979 2037 3277 2107 regenerati
3311 2051 3340 2090 a
3361 2036 3588 2092 damna-

1999 2133 2146 2188 tione
2167 2131 2458 2186 liberantur
2483 2129 2683 2195 debita,
2711 2128 2804 2184 sed
2835 2128 3062 2198 gratuita
3089 2128 3451 2192 miseratione.
3479 2144 3588 2186 non

1997 2223 2199 2288 debita,
2247 2237 2384 2294 quos
2413 2221 2571 2291 elegit
2615 2229 2742 2275 ante
2777 2219 3214 2274 constitutionem
3264 2217 3448 2274 mundi
3493 2234 3590 2290 per

1999 2313 2316 2370 electionem
2345 2311 2552 2384 gratim,
2575 2325 2680 2366 non
2702 2325 2768 2366 ex
2795 2309 3046 2380 operibus
3059 2309 3144 2363 vel
3171 2309 3474 2379 praeteritis,
3501 2309 3590 2367 vel

1996 2403 2370 2476 praesentibus,
2399 2403 2484 2458 vel
2512 2401 2742 2457 futuris?
2772 2400 3021 2470 Alioquin
3042 2400 3212 2471 gratia
3241 2401 3351 2471 jam
3375 2415 3479 2456 non
3503 2409 3590 2457 est

1997 2495 2168 2567 gratia
2211 2493 2387 2568 (Rom.
2421 2509 2500 2562 xi,
2529 2493 2608 2562 6).
2659 2491 2812 2560 Quod
2857 2491 3092 2546 maxime
3116 2501 3336 2562 apparet
3375 2491 3427 2546 in
3467 2505 3588 2562 par-

1997 2586 2154 2653 vulis,
2186 2599 2412 2655 quorum
2447 2598 2546 2640 nec
2575 2583 2844 2655 prmterita
2869 2581 2975 2638 dici
3005 2591 3226 2652 possunt
3250 2597 3436 2652 Opera,
3462 2583 3588 2652 quia

1996 2691 2104 2732 non
2149 2675 2396 2743 fuerunt;
2442 2690 2542 2731 nec
2569 2675 2878 2746 praesentia,
2915 2676 3038 2746 quia
3069 2672 3203 2728 nihil
3249 2683 3584 2745 operantur;

1995 2783 2100 2824 nec
2129 2767 2327 2835 futura,
2355 2765 2569 2838 quando
2593 2766 2648 2820 in
2675 2766 2764 2820 illa
2791 2773 2948 2820 a-tate
2977 2767 3300 2822 moriuntur.

2069 2859 2159 2916 60.
2193 2857 2308 2913 Dixi
2335 2871 2464 2912 sane
2493 2873 2509 2912 :
2545 2875 2565 2910 ι
2601 2855 2884 2924 Quomodo
2909 2865 3125 2912 manent
3169 2865 3383 2926 peccata
3411 2865 3587 2924 reatu,

1995 2966 2116 3022 qua:
2151 2949 2528 3020 pratterierunt
2553 2957 2711 3013 actu;
2758 2947 2838 3001 sic
2874 2961 2906 3002 ε
2943 2947 3216 3002 contrario
3245 2947 3358 3003 fieri
3392 2957 3586 3017 potest,

1995 3052 2056 3099 ut
2081 3041 2509 3110 concupiscentia
2555 3047 2766 3094 maneat
2790 3048 2944 3107 actu,
2985 3047 3040 3093 et
3063 3047 3346 3108 pt'atercat
3373 3048 3522 3094 reatu
3561 3057 3581 3092 ι

1997 3133 2102 3206 (De
2126 3132 2394 3205 Nuptiiset
2415 3131 2850 3200 Concupiscentia,
2879 3129 2966 3184 lib.
2986 3145 3023 3194 t,
3054 3131 3250 3195 ηηίὲι),
3293 3130 3408 3200 50).
3431 3129 3585 3196 Quod

1995 3241 2148 3282 error
2171 3224 2384 3298 quidem
2409 3232 2529 3278 tuus
2568 3223 2757 3277 falsum
2787 3237 2906 3276 esse
2930 3223 3078 3286 dicit,
3122 3222 3214 3277 sed
3245 3222 3441 3276 veritas
3487 3237 3586 3278 ve-
3636 3274 3641 3279 .

1995 3332 2113 3373 rum
2141 3331 2261 3374 esse
2289 3315 2578 3372 convincit.
2603 3313 2736 3369 Nam
2767 3325 2821 3368 tu
2852 3314 2902 3368 id
2929 3329 3034 3369 non
3055 3314 3283 3368 valendo
3311 3315 3578 3380 refellere.

1994 3410 2170 3482 primo
2209 3407 2520 3464 dialecticas
2567 3405 2816 3462 tenebras
2859 3405 3120 3476 imperitis
3159 3408 3372 3460 conaris
3413 3405 3585 3458 otl‘un-

1994 3501 2123 3558 dere
2151 3501 2356 3567 dicens,
2395 3521 2414 3552 ι
2448 3507 2500 3553 ιε
2519 3499 2756 3568 cogitare
2781 3512 2885 3551 non
2927 3510 3108 3567 posse,
3159 3496 3212 3550 in
3257 3512 3360 3568 qua
3384 3496 3584 3552 dialexi

1994 3592 2288 3650 invenerim
2317 3590 2707 3647 contrariorum
2737 3587 2976 3644 omnium
3013 3586 3518 3658 reciprocationem.
3554 3603 3576 3639 ι

1993 3687 2164 3756 Quam
2211 3684 2528 3742 sententiam
2582 3691 2725 3738 tuam
2771 3681 2817 3737 si
2862 3695 3135 3752 exponere
3164 3679 3403 3744 voluero,
3433 3688 3489 3734 et
3513 3678 3581 3734 ad

1991 3795 2178 3838 eorum
2209 3772 2943 3848 perducereintclligentiam,
2962 3771 3055 3842 qui
3083 3785 3350 3840 nunquam
3374 3771 3472 3824 ista
3499 3770 3582 3824 di-

1991 3871 2256 3935 dit-erunt,
2284 3882 2419 3940 opus
2438 3867 2540 3922 erit
2559 3867 2716 3937 pleno
2743 3864 2970 3920 fortasse
2984 3862 3277 3918 volumine.
3305 3861 3410 3918 Sed
3439 3875 3582 3918 nunc

1991 3963 2121 4018 satis
2169 3969 2271 4028 est,
2317 3957 2459 4032 quod
2487 3959 2602 4029 ipse
2630 3955 2834 4022 dixisti,
2869 3974 2891 4010 ι
2925 3957 2978 4011 in
3023 3955 3164 4010 nulla
3189 3953 3386 4009 dialexi
3420 3968 3582 4025 posse

1991 4051 2218 4110 inveniri
2271 4050 2658 4108 contrariorum
2721 4048 2958 4104 omnium
3021 4047 3517 4116 reeiprocationem.
3554 4065 3576 4100 ι

1992 4145 2127 4200 Hinc
2153 4143 2294 4199 enim
2317 4141 2597 4197 ostendisti
2626 4141 2924 4212 aliquorum
2949 4154 3069 4196 esse
3097 4155 3277 4208 posse,
3319 4154 3424 4194 non
3452 4154 3575 4194 om-

1991 4232 2161 4287 nium.
2193 4229 2252 4285 lu
2295 4228 2378 4284 his
2401 4243 2530 4298 ergo
2565 4227 2830 4299 aliquibus
2871 4236 2926 4284 et
2972 4228 3074 4282 hoc
3110 4227 3304 4296 reperi.
3351 4227 3406 4284 Si
3431 4230 3576 4282 enim
3665 4289 3671 4296 ο

1990 4323 2240 4388 dixisses,
2286 4321 2674 4385 contrariorum
2716 4319 3189 4390 reciprocationem
3233 4333 3354 4374 esse
3398 4319 3576 4373 nullo-

1990 4433 2132 4483 rum,
2173 4423 2228 4471 et
2263 4431 2362 4487 per
2390 4415 2490 4470 hoc
2518 4413 2834 4471 ostenderes
2863 4395 3074 4484 ea'qua:
3115 4411 3266 4484 posui
3309 4413 3576 4468 contraria

1991 4508 2261 4579 reciproca
2286 4522 2407 4563 esse
2444 4522 2552 4562 non
2582 4521 2760 4578 posse,
2788 4505 2910 4576 quia
2959 4505 3102 4560 nulla
3145 4520 3268 4561 esse
3308 4514 3572 4574 possunt,

1989 4618 2091 4674 ego
2115 4603 2294 4674 aliqua
2322 4617 2446 4658 esse
2486 4617 2646 4672 posse
2671 4603 2956 4657 ostendere
2989 4601 3171 4665 debui,
3201 4617 3264 4656 ac
3300 4601 3492 4657 deinde
3519 4601 3571 4660 it:

1991 4693 2076 4750 his
2102 4709 2220 4750 esse
2245 4693 2385 4764 quod
2411 4693 2589 4765 posui.
2629 4693 2734 4749 Sed
2759 4707 2879 4748 esse
2899 4693 3073 4762 aliqua
3097 4693 3206 4764 jam
3233 4692 3346 4762 ipse
3375 4707 3575 4748 conce-

1990 4785 2093 4849 dis,
2134 4785 2222 4854 qui
2241 4800 2359 4842 .non
2389 4787 2521 4841 dicis
2555 4785 2821 4840 nullorum
2853 4785 3245 4840 contrariorum
3272 4799 3392 4841 osse
3431 4785 3564 4841 reci.

1991 4877 2376 4949 procationem,
2407 4876 2502 4932 sed
2529 4893 2635 4932 non
2661 4877 2919 4931 omnium.
2963 4877 3056 4932 Est
3081 4877 3238 4948 igitur
3250 4878 3561 4948 aliquorum

1992 4967 2098 5024 Sed
2131 4977 2306 5022 utrum
2347 4967 2400 5022 in
2446 4967 2530 5022 his
2552 4967 2712 5023 etiam
2742 4967 2842 5022 hoc
2865 4967 3103 5036 sitquod
3141 4984 3169 5022 a
3215 4983 3300 5024 me
3341 4969 3570 5041 positum

1991 5069 2094 5126 est,
2126 5068 2294 5115 restat
2321 5060 2604 5116 ostendere
2632 5078 2644 5114 :
2672 5059 2842 5127 idest,
2872 5071 3072 5126 utrum,
3103 5062 3440 5117 sicutverum
3470 5074 3572 5130 est,

1991 5161 2141 5207 reatu,
2169 5167 2388 5208 manere
2415 5163 2652 5222 peccata,
2681 5169 2798 5222 qua:
2827 5155 3198 5222 prmtcriernnt
3223 5165 3344 5210 artu
3369 5171 3386 5222 ;
3410 5157 3478 5210 ita
3507 5158 3578 5213 sit

1993 5260 2201 5309 verum,
2231 5244 2371 5315 quod
2399 5246 2828 5314 concupiscentia
2857 5257 3068 5301 maneat
3097 5257 3241 5314 actu,
3270 5258 3323 5303 et
3354 5258 3578 5318 pt'a‘ter-

1990 5345 2078 5388 eat
2107 5343 2277 5390 reatu.
2305 5333 2456 5403 Quod
2498 5344 2552 5389 tu
2585 5335 2698 5391 fieri
2739 5351 2845 5391 non
2881 5352 3036 5406 posse
3054 5338 3238 5394 volens
3263 5340 3568 5404 ostendere,

1992 5425 2096 5480 huc
2125 5427 2342 5494 dixisti,
2370 5427 2508 5497 quod
2537 5443 2635 5498 ego
2665 5445 2768 5483 non
2794 5430 2923 5485 dixi.
2974 5431 3084 5501 Ego
3113 5433 3252 5488 enim
3283 5433 3349 5488 de
3381 5450 3576 5488 οοιιιίι-

1993 5518 2246 5588 l-iscentia
2276 5519 2405 5584 dixi,
2452 5537 2570 5592 qua:
2606 5531 2688 5576 est
2733 5523 2784 5577 in
2829 5524 3082 5580 membris
3126 5542 3426 5597 repugnans
3471 5528 3573 5593 legi

1991 5609 2186 5664 mentis
2206 5609 2378 5680 (Rom.
2405 5626 2498 5669 vn.
2517 5611 2630 5684 :25),
2661 5615 2902 5684 quamvis
2931 5626 3107 5671 reatus
3121 5617 3237 5688 ejus
3257 5619 3305 5670 in
3335 5619 3571 5672 omnium

1996 5709 2332 5770 peccatorum
2364 5705 2677 5759 remissione
2709 5707 2976 5762 transierit
3006 5725 3017 5762 :
3065 5709 3196 5764 sicut
3227 5713 3570 5775 econtrario,

1997 5790 2318 5846 sacrificium
2348 5793 2500 5847 idolis
2525 5793 2740 5860 factum,
2772 5801 2814 5851 si
2843 5797 3094 5866 deinceps
3125 5813 3230 5853 nor.
3257 5798 3342 5852 fiat
3366 5841 3378 5857 .
3432 5815 3568 5870 puto

1998 5886 2144 5944 teriit
2183 5896 2326 5959 actu,
2359 5887 2450 5944 sed
2493 5899 2672 5948 manet
2701 5900 2866 5961 reatu,
2918 5891 3016 5946 nisi
3048 5906 3144 5962 per
3191 5890 3567 5962 indulgentiam
