4098 6500
587 329 692 386 859

585 442 907 498 remittatur.
938 437 1198 506 Quiddam
1225 437 1367 495 enim
1399 440 1504 496 tale
1535 447 1618 497 est
1645 439 1945 498 sacriﬁcare
1975 438 2154 512 idolis,

585 543 644 594 ut
661 546 798 604 opus
823 533 994 602 ipsum
1016 545 1140 588 cum
1161 531 1219 586 ﬁt
1248 541 1550 600 praetereat,
1569 531 1866 603 eodemque
1893 533 2167 604 praeterito

585 634 764 684 reatus
786 623 904 693 ejus
919 632 1132 678 maneat
1158 623 1311 679 venia
1333 623 1698 680 resolvendus.
1713 623 1978 692 Quiddam
2007 639 2134 681 vero
2149 625 2164 656 ¹

587 717 691 772 tale
717 724 802 774 est
827 715 1004 772 ‘carnis
1027 715 1478 784 concupiscentia.
1518 725 1574 772 ut
1604 726 1816 772 maneat
1845 716 1898 770 in
1929 715 2164 780 homine,

581 821 769 863 secum
808 821 905 876 per
935 807 1319 866 continentiam
1373 806 1710 876 conﬁigente,
1757 807 2004 877 quamvis
2053 807 2169 876 ejus

585 907 768 956 tectus
803 897 894 968 qui
921 896 1094 954 fuerat
1118 898 1464 968 generatione
1485 908 1818 965 contractus,
1843 898 1956 968 jam
1985 899 2054 954 sit
2079 915 2168 954 re-

575 988 928 1057 generatione
947 997 1266 1045 transactus.
1298 989 1428 1044 Actu
1451 989 1594 1045 enim
1625 997 1806 1048 manet
1824 1005 1928 1044 non
1950 988 2165 1059 quidem

581 1080 944 1138 abstraltcndo
995 1089 1050 1138 et
1075 1080 1344 1137 illiciendo
1373 1089 1628 1146 mentem,
1651 1081 1872 1150 ejusque
1899 1095 2166 1136 consensu

580 1168 934 1242 concipiendo
973 1183 1026 1230 et
1072 1171 1328 1242 pariendo
1368 1181 1624 1246 peccata;
1667 1171 1760 1227 sed
1788 1173 1947 1239 mala,
1975 1171 2168 1242 quibus

581 1279 737 1320 mens
778 1264 1012 1330 resistat,
1055 1263 1318 1320 desideria
1359 1263 1765 1318 commovendo.
1812 1262 1929 1332 Ipse
1970 1263 2166 1332 quippe

585 1365 761 1412 motus
804 1367 954 1414 actus
982 1367 1062 1413 est
1105 1357 1243 1428 ejus,
1291 1358 1532 1428 quamvis
1579 1367 1760 1414 mente
1787 1373 1893 1412 non
1931 1373 2165 1414 censen.

579 1449 750 1506 tiente
778 1450 916 1508 desit
953 1450 1190 1508 ell‘ectus.
1246 1449 1388 1506 Inest
1428 1450 1570 1506 enim
1613 1449 1818 1508 honuni
1865 1449 2064 1506 malum
2111 1460 2166 1512 et

581 1551 778 1611 praeter
791 1543 949 1598 istum
965 1552 1164 1608 actum,
1196 1543 1246 1600 id
1265 1551 1366 1610 est,
1389 1551 1582 1612 praeter
1606 1542 1748 1598 hunc
1766 1553 1992 1610 metum,
2025 1543 2166 1604 unde

579 1635 753 1706 surgit
779 1635 866 1692 ltic
891 1645 1102 1702 motus;
1142 1650 1301 1706 quem
1333 1645 1535 1690 motum
1558 1635 1790 1692 dicimus
1809 1635 2160 1694 desiderium.

578 1722 697 1784 Non
725 1727 866 1784 enim
892 1741 1109 1797 semper
1127 1737 1211 1785 est
1235 1726 1561 1786 desiderium
1588 1737 1775 1785 contra
1799 1729 1938 1798 quod
1961 1743 2166 1800 pugne-

576 1830 702 1872 mus
726 1833 740 1874 :
761 1815 862 1876 sed
884 1816 930 1871 si
961 1825 1085 1875 tunc
1111 1831 1217 1872 non
1245 1824 1350 1882 est,
1399 1815 1614 1887 quando
1641 1831 1746 1874 non
1768 1817 2160 1888 occurritquod

575 1907 986 1976 concupiscatur
1038 1907 1153 1963 sive
1197 1907 1378 1964 animo
1413 1909 1720 1979 cogitantis,
1760 1908 1874 1964 sive
1915 1909 2162 1968 sensibus

576 1997 856 2067 corporis;
883 1997 1002 2056 fieri
1023 2007 1199 2069 potest
1223 2007 1284 2054 ut
1311 1998 1438 2054 insit
1454 1998 1684 2070 qualitas
1711 1999 1872 2066 mala,
1898 2001 1992 2054 sed
2017 2001 2160 2056 nulla

572 2087 650 2148 sit
675 2089 970 2148 tentatione
995 2099 1262 2146 commota
1295 2089 1472 2145 :sicut
1511 2091 1650 2145 incSt
1681 2089 1931 2146 timiditas
1959 2089 2162 2152 homini

571 2178 796 2245 timido,
825 2190 884 2241 et
897 2180 1108 2251 quando
1120 2196 1224 2238 non
1251 2180 1422 2238 timet.
1444 2181 1577 2240 Cum
1607 2197 1734 2237 vero
1763 2182 1997 2238 occurrit
2018 2182 2160 2254 quod

574 2273 1014 2343 amcitpiscatur.
1057 2288 1159 2332 nec
1197 2273 1462 2331 desideria
1497 2274 1641 2330 mala
1681 2275 1838 2333 nobis
1876 2275 2035 2334 etiam
2065 2291 2162 2330 no.

577 2361 811 2422 lentibus
838 2372 1274 2432 commoventur,
1317 2363 1519 2423 sanitas
1554 2365 1715 2434 plena
1741 2371 1846 2420 est.
1894 2365 2008 2420 Hoc
2031 2380 2162 2437 ergo

575 2455 762 2514 vitium
782 2470 888 2514 non
911 2465 1094 2526 posset
1116 2457 1137 2490 ³
1162 2455 1266 2514 nisi
1291 2465 1445 2512 reatu
1461 2464 1649 2512 tenere
1667 2455 1954 2526 hominem,
1971 2471 2162 2528 quam-

577 2549 662 2607 vis
682 2548 921 2617 ejusdem
944 2549 1074 2604 nudi
1106 2550 1246 2606 bono
1275 2565 1374 2604 usu
1403 2548 1472 2606 de
1491 2549 1657 2606 castis
1671 2542 1994 2621 coniugibus
2038 2565 2162 2622 prov

575 2648 818 2706 creatum
849 2639 976 2712 :qul
1003 2639 1465 2712 reatus,quamvis
1485 2655 1554 2701 eo
1583 2647 1834 2698 manente
1857 2641 2020 2703 malo,
2053 2641 2164 2696 solo

582 2732 724 2785 vitor
749 2731 801 2785 in
831 2731 1148 2790 remissione
1175 2731 1414 2786 omnium
1439 2743 1780 2802 peccatorum
1807 2747 1904 2802 per
1927 2731 2021 2788 Dei
2048 2747 2166 2803 gra-

582 2823 710 2877 tiam
734 2837 840 2892 qua
865 2823 1154 2880 liberamur
1171 2821 1242 2879 ab
1265 2821 1411 2878 omni
1437 2822 1598 2888 malo,
1624 2837 1746 2878 cum
1773 2822 2030 2882 Detninus
2053 2838 2159 2878 non

579 2914 756 2980 solum
787 2914 1051 2986 propitius
1073 2913 1134 2972 ﬁt
1153 2913 1407 2970 omnibus
1433 2913 1798 2984 iniquitatibus
1821 2917 2042 2982 nostris,
2067 2931 2162 2971 ve-

581 3021 702 3062 rum
724 3007 887 3064 etiam
907 3016 1062 3063 sanat
1083 3020 1273 3062 omnes
1301 3005 1585 3076 languores
1611 3015 1825 3062 nostros
1843 3005 1885 3060 ³.
1913 3005 2046 3064 Nam
2077 3022 2164 3064 re-

579 3097 700 3153 cole
741 3097 866 3168 quid
913 3095 1249 3168 responderit
1283 3095 1562 3156 Liberator
1599 3096 1713 3166 ipse
1737 3105 1896 3168 atque
1921 3097 2164 3156 Salvator

575 3188 666 3246 liis
687 3189 776 3261 qui
807 3189 856 3246 ei
886 3189 1151 3252 dixerant,
1195 3197 1252 3244 ιιι
1274 3187 1443 3246 exiret
1473 3188 1541 3244 de
1583 3188 1973 3260 Jerosolymis:
2003 3186 2156 3256 Ecce,

578 3281 770 3352 inquit,
800 3282 946 3352 ejicio
971 3281 1242 3348 (lanionia,
1293 3289 1339 3337 et
1384 3280 1625 3336 sanitates
1669 3281 1876 3351 perﬁcio
1916 3279 2067 3340 hodie
2112 3289 2161 3340 ιι

573 3391 708 3440 cras,
741 3383 788 3428 et
813 3373 960 3430 tertia
981 3389 1302 3428 consumatur
1333 3371 1481 3445 (Luc.
1513 3388 1629 3440 xm,
1659 3371 1771 3446 δὲ).
1815 3371 1958 3445 Lege
1983 3373 2160 3430 Evan-

577 3465 800 3537 gelium,
826 3475 881 3522 et
907 3464 1030 3521 vide
1063 3473 1185 3535 post
1217 3474 1477 3535 quantum
1502 3462 1526 3495 ⁸
1547 3479 1734 3534 passus
1779 3463 1937 3520 fuerit
1970 3473 2026 3521 et
2069 3481 2158 3522 re-

579 3557 889 3612 surrexerit.
907 3555 1048 3628 Ergo
1075 3555 1330 3614 mentitus
1355 3555 1482 3612 est?
1507 3553 1680 3612 Absit.
1721 3554 1829 3612 Sed
1843 3555 2162 3626 signiﬁcavit

577 3647 800 3717 aliquid,
825 3647 970 3718 quod
998 3649 1095 3705 ista
1117 3647 1258 3704 inter
1281 3661 1380 3704 nos
1425 3646 1720 3717 quaestione
1758 3654 2021 3702 versatur.
2053 3647 2162 3704 Ex-

579 3739 962 3810 pulsioquippe
989 3747 1074 3796 est
1096 3737 1482 3806 daemoniorum
1510 3737 1758 3796 remissio
1782 3746 2157 3808 peccatorum;

577 3829 834 3900 perfectio
861 3829 1169 3896 sanitatum,
1203 3844 1327 3900 qua:
1364 3828 1425 3883 ﬁt
1465 3829 1797 3898 proﬁciendo
1822 3838 1942 3900 post
1984 3829 2164 3899 Bapti-

578 3937 756 3983 smum
785 3941 799 3978 :
828 3922 986 3980 tertia
1031 3919 1422 3978 consummatio
1461 3927 1565 3986 est,
1595 3935 1755 3991 quam
1795 3935 1908 3975 sua:
1946 3936 2161 3992 quoque

580 4013 758 4069 carnis
809 4011 1208 4070 immortalitate
1263 4010 1602 4076 monstravit,
1677 4011 2158 4082 incorruptibilium

493 4141 506 4180 ε
531 4177 540 4188 l
582 4103 858 4162 beatitudo
881 4102 1218 4175 gaudiorum.

497 4191 552 4280 ἶ
643 4218 661 4249 ι
687 4219 788 4280 mc.
1073 4227 1200 4282 vero.
1228 4228 1291 4282 βξ
1326 4215 1660 4280 meum“
1686 4212 1905 4282 (ιιιίηίιιιθ
1925 4217 2161 4270 mm"

502 4277 506 4297 ³
583 4287 636 4340 et
658 4277 902 4331 nonnullis
917 4277 1166 4329 Gallicanis
1183 4277 1418 4328 addimus.

502 4357 514 4396 ι
643 4343 664 4382 ³
687 4343 760 4391 sic
781 4349 886 4392 Mss.
907 4347 963 4390 Αι
984 4341 1120 4398 editi,
1143 4351 1234 4388 non
1251 4343 1417 4402 potest.

645 4403 667 4436 ³
690 4410 788 4464 Λιιι.
832 4410 886 4453 et
926 4408 1000 4453 Er.
1035 4413 1146 4450 cum
1181 4400 1426 4450 nonnullis
1461 4401 1800 4464 manuscrist
1834 4407 1989 4464 post,
2023 4409 2164 4464 narrat

580 4475 743 4528 crimes
765 4463 1021 4528 languore:
1033 4467 1234 4528 nostros,
1260 4464 1480 4528 proainie
1502 4463 1798 4528 subjiciunt:
1827 4463 2081 4528 [Dominus
2110 4463 2164 4520 in

581 4521 871 4597 Evangelia;
887 4534 1024 4597 Ecce,
1048 4521 1237 4597 inquit,
1253 4521 1394 4597 ejiciq
1416 4521 1654 4574 daemonia
1669 4561 1684 4583 ,
1705 4529 1751 4575 et
1793 4521 2019 4597 sanitates
2050 4539 2162 4597 per-

579 4585 692 4649 ﬁcio
709 4585 869 4638 "hodie
904 4592 965 4649 et,
1001 4585 1148 4649 eras,
1191 4591 1237 4636 et
1277 4585 1417 4635 tertio
1445 4597 1762 4636 consonanter.
1801 4591 1926 4649 post
1964 4586 2166 4639 mutum

580 4646 768 4710 tempus
783 4662 926 4712 quam
947 4648 1040 4712 hoc
1049 4647 1243 4712 dictum
1273 4651 1362 4707 est,
1381 4659 1550 4712 pessus
1571 4651 1642 4698 est
1674 4646 1903 4712 nuntiante
1929 4659 1948 4698 :
1969 4649 2164 4712 mentiri

581 4705 863 4784 non'potnit.
885 4705 1355 4784 Intelligitutiergoi
1490 4720 1508 4784 ς
1548 4705 2164 4784 ῌῖφςιιδῇρμςειηοηὶονιῃη

581 4769 800 4824 remissio
820 4769 1122 4842 peccatorum
1143 4769 1313 4842 meo
1343 4769 1506 4842 utique
1543 4769 1922 4842 quodmdicbol-us
1941 4769 2163 4842 pecch-

582 4845 692 4904 rz_m_t
713 4831 860 4904 pater
872 4842 1014 4898 atque
1046 4833 1183 4904 Origo
1202 4833 1282 4904 sit,
1307 4845 1394 4893 per
1410 4831 1464 4904 id
1479 4831 1605 4896 quod
1621 4831 1902 4904 eﬁiciturjd
1922 4831 2050 4897 q'uod
2064 4833 2165 4899 eiii-

581 4895 687 4959 a‘t.]
712 4893 766 4948 Et
790 4893 950 4956 utique
969 4893 1190 4959 erpuLEio
1232 4893 1578 4945 dwmonior'um
1609 4893 1680 4946 est
1711 4893 2165 4959 remissio'petjca't'o-

583 4954 977 5026 mittuntqth
1003 4954 1229 5026 resoluta
1247 4969 1435 5026 fouea,
1458 4969 1545 5026 per
1949 4954 2164 5026 ὶιηὶπιεπτι

581 5016 870 5128 gessideoat'.
899 5016 1428 5090 Perfectt’qsanitatttm,
1447 5016 1566 5069 dum
1580 5016 1641 5068 de
1664 5016 1808 5068 diein
1831 5017 1960 5068 diem
1972 5017 2166 5092 proﬁcit

621 5085 814 5128 ccfesm.
859 5088 905 5128 et
927 5086 1261 5128 corruptionis.
1285 5091 1424 5128 coms
1463 5085 1625 5128 reatus
1659 5078 1848 5128 ablatus
1882 5085 1972 5128 est.
2005 5093 2165 5128 nemo

621 5081 814 5152 caesia,
859 5088 905 5132 et
927 5078 1261 5152 corruptionis,
1285 5079 1424 5152 cujus
1463 5085 1625 5152 φαιιςε
1659 5078 1848 5129 ablatus
1882 5078 1984 5152 est,
2005 5078 2165 5152 pdssio

581 5141 862 5208 quotidiana
879 5141 1178 5208 renotvttione
1192 5141 1440 5208 "anigitur.
1470 5141 1626 5208 tertia
1649 5141 2027 5208 εοηδιιιιιιῃιιιιιτζ⁸
2047 5143 2164 5208 dum

583 5200 978 5259 resin-rectionem
1019 5203 1069 5266 in
1108 5200 1263 5266 seipse
1297 5201 1583 5266 irridendam
1619 5201 1898 5254 monstravit
1919 5200 2162 5265 Ecclesia,

584 5281 680 5332 qna
697 5265 763 5316 ad
787 5261 1154 5332 inrormptionis
1175 5261 1628 5332 consummationem
1639 5277 1972 5332 annonamque
1994 5261 2160 5332 neque}

584 5323 683 5390 idat
705 5327 968 5380 sartionem.
981 5323 1049 5378 ’δε
1072 5338 1180 5390 vero
1198 5325 1520 5390 cummari
1532 5325 1668 5390 dixit
1693 5333 1767 5376 :et
1787 5323 1976 5390 initium
1993 5323 2036 5390 "et
2052 5326 2164 5390 ﬁnis

585 5383 704 5454 ipse,
727 5391 828 5454 ipse
859 5395 1002 5453 caput
1021 5395 1068 5440 et
1086 5385 1330 5454 plenitudo
1353 5385 1585 5454 corporis,
1620 5387 1672 5438 in
1695 5386 1921 5454 membris
1941 5387 2040 5439 suis
2052 5383 2164 5454 ipse

584 5449 850 5522 perﬁcitur.
873 5449 1084 5522 errorem
1107 5459 1292 5512 partem
1314 5449 1456 5522 hujus
1477 5449 1805 5522 additamenti,
1829 5463 1970 5522 quam
1982 5449 2165 5522 ansulis

583 5513 1069 5578 (unm-relicudimus,
1121 5519 1381 5561 eraserunt
1433 5513 1787 5568 levartienscs;
1842 5515 2163 5574 [inmemorem

587 5576 936 5637 transtulerunt
959 5583 1067 5637 post.
1099 5573 1354 5637 duodecim
1381 5585 1568 5630 versus,
1602 5573 1660 5622 ad
1685 5575 1852 5632 verba,
1876 5573 2166 5636 incorrupti-

589 5638 754 5690 cilium
774 5633 1016 5689 beatitudo
1032 5633 1642 5699 gattdiorttnt.__t:trantque
1667 5643 1851 5699 partem
1881 5633 2163 5686 auctoritate

589 5704 918 5752 Vaticanorum
941 5694 1166 5762 quatuor,
1192 5703 1244 5746 et
1264 5694 1608 5746 Gallicanorum
1648 5694 1826 5761 aliquot
1865 5704 1969 5750 Mss.
2006 5700 2164 5762 rejici-

587 5773 766 5878 mg‘itic
783 5821 906 5890 apud
931 5828 1039 5872 nov.
1065 5819 1270 5884 additur,
1295 5826 1497 5885 tempus.

1399 326 1670 385 CONTRA
1711 327 2048 386 JUlJANUM
2087 328 2546 398 PELAGIANUM,
2587 331 2643 389 S.
2683 331 3051 390 AUGUSTINI
3723 347 3810 404 860

2345 440 2439 498 61.
2463 441 2542 498 Tu
2569 451 2749 500 autem
2778 445 2830 500 in
2857 445 3156 516 exemplum
3191 447 3312 512 rei;
3333 447 3400 506 de
3441 466 3542 521 qua
3583 453 3802 526 loquelis.

2269 533 2386 600 ris,
2444 535 2760 607 sacrilegum
2806 538 3125 596 sacriﬁcium
3153 542 3371 610 posuisti
3423 553 3574 614 atque
3631 547 3803 616 dixisti,

2275 644 2300 678 ι
2333 625 2588 698 quidquid
2617 627 2684 686 ad
2715 629 2823 686 hoc
2848 645 3014 700 genus
3040 632 3289 702 pertinet,
3319 633 3387 690 de
3416 635 3517 692 isto
3542 653 3641 694 uno
3661 657 3806 710 posse

2271 721 2558 776 monstrari
2583 738 2597 775 :
2619 723 2871 792 quoniam
2893 723 2940 778 si
2961 725 3126 780 semel
3161 725 3354 797 aliquis
3399 727 3549 784 idolis
3576 733 3788 790 sacriﬁea

2272 810 2429 877 verit,
2459 811 2654 880 potest,
2685 811 2859 869 donec
2880 824 3241 886 consequatur
3279 818 3505 883 veniam,
3529 825 3684 890 premi
3727 825 3810 880 iut-

2270 899 2466 969 pietato
2487 903 2778 969 commissi,
2799 913 2854 960 et
2870 916 3048 962 mallet
3065 917 3242 964 reatus
3269 910 3476 966 actione
3498 912 3654 967 finita.
3680 914 3808 972 Nullo

2271 999 2448 1052 autem
2478 1003 2653 1061 pacto,
2690 1011 2710 1046 ι
2745 995 2938 1064 inquis,
2960 1015 2982 1048 ‹
3015 994 3128 1054 ﬁeri
3159 1007 3330 1066 poteSt
3359 1009 3416 1056 ut
3438 1005 3807 1070 maneatactio,

2271 1092 2325 1138 et
2359 1083 2611 1140 abscedat
2649 1095 2864 1152 reatus;
2897 1087 2954 1144 id
2979 1098 3080 1154 est,
3114 1101 3172 1144 ut
3197 1089 3544 1160 daemonibus,
3593 1112 3612 1146 ι
3644 1095 3809 1166 inquis.

2277 1192 2296 1228 ι
2325 1175 2628 1232 sacriﬁcare
2655 1192 2764 1232 non
2783 1177 3012 1246 desinat,
3035 1188 3093 1236 et
3115 1190 3292 1238 tamen
3321 1183 3456 1239 liber
3474 1200 3505 1240 a
3529 1187 3808 1256 prol'anitate

2269 1267 2529 1326 videatur.
2565 1289 2584 1324 ι
2620 1271 2733 1327 Hoc
2755 1271 2822 1326 de
2867 1273 3128 1329 sacriﬁcio
3163 1275 3322 1331 idolis
3357 1277 3533 1333 oblato
3565 1280 3810 1338 verissime

2269 1358 2402 1414 dicis
2431 1378 2444 1414 :
2470 1370 2618 1417 actus
2643 1371 2724 1418 est
2751 1363 2892 1418 enim
2913 1363 3002 1435 qui
3033 1379 3196 1435 opere
3213 1365 3329 1436 ipso
3350 1367 3628 1438 peragitur,
3655 1379 3705 1426 et
3721 1386 3808 1426 non

2267 1450 2403 1514 erit;
2431 1459 2484 1506 et
2510 1452 2554 1507 si
2583 1452 2776 1530 iterum
2808 1453 2885 1521 ﬁt,
2917 1454 3143 1512 alterum
3181 1455 3258 1510 lit.
3304 1455 3552 1528 impietas
3580 1474 3696 1515 vero
3717 1461 3809 1530 ipsa

2268 1556 2372 1612 qua
2398 1541 2512 1602 lucc
2540 1527 2691 1610 ﬁunt,
2719 1545 2918 1602 tamdiu
2943 1556 3146 1614 manet,
3176 1547 3348 1604 donec
3388 1527 3545 1605 idolis
3575 1527 3812 1608 renuntie-

2267 1640 2355 1690 tur
2379 1641 2434 1688 et
2466 1633 2715 1693 credatur
2749 1635 2806 1690 in
2837 1635 3025 1694 Deum.
3078 1636 3236 1698 ldolis
3275 1639 3454 1710 itaque
3497 1641 3811 1696 sacrificatura

2267 1721 2460 1778 factum
2485 1733 2570 1780 est
2607 1724 2896 1794 transiens,
2928 1741 3036 1784 non
3076 1727 3259 1784 vitium
3301 1743 3529 1786 manus
3555 1747 3571 1784 :
3601 1730 3812 1802 impietas

2269 1827 2395 1868 vero
2421 1828 2522 1883 qua
2556 1814 2910 1874 sacriﬁcatum
2930 1825 3036 1884 est,
3063 1819 3185 1888 quia
3204 1827 3261 1874 et
3285 1819 3376 1876 illo
3400 1829 3614 1891 pmeto
3640 1831 3811 1887 manet,

2266 1902 2476 1962 videtur
2509 1919 2630 1964 esse
2653 1907 3098 1977 concupiscentia:
3121 1908 3337 1978 similis,
3368 1926 3474 1982 qua
3505 1911 3812 1969 commissqu

2265 2005 2350 2054 est
2377 1997 2719 2055 adulterium.
2752 2001 2856 2058 Sed
2886 2017 3068 2060 errore
3091 2004 3322 2072 sublato,
3349 2020 3456 2076 quo
3484 2005 3576 2062 illa
3603 2005 3815 2074 impietas

2267 2089 2436 2160 pietas
2458 2093 2760 2161 putabatur,
2804 2095 3059 2166 numquid
3091 2095 3249 2153 idolis
3282 2098 3515 2167 aliquem
3547 2098 3816 2154 sauiﬁcaro

2265 2181 2516 2250 delectat,
2541 2195 2598 2242 et
2626 2185 2679 2242 in
2725 2185 2816 2242 illo
2839 2185 3146 2258 hujusmodi
3183 2188 3508 2246 desiderium
3547 2204 3818 2246 commove-

2265 2274 2391 2329 tur?
2416 2274 2572 2332 Nullo
2611 2276 2772 2335 modo
2809 2278 2969 2350 igitur
3003 2279 3180 2337 simile
3205 2289 3310 2346 est,
3356 2281 3500 2352 quod
3541 2295 3634 2352 pro
3679 2281 3818 2336 simili

2265 2366 2570 2435 ponendum
2607 2369 2822 2437 putasti.
2850 2369 3005 2427 Nullo
3031 2371 3214 2440 modo,
3257 2373 3498 2443 inquam,
3544 2373 3710 2428 simile
3748 2381 3818 2427 est

2265 2457 2583 2513 sacriﬁcium
2633 2459 2898 2516 transiens
2942 2462 3178 2518 manenti
3213 2463 3686 2534 concupiscenti-as,
3720 2476 3820 2532 qua

2265 2544 2536 2606 hominem
2557 2547 2670 2619 jam
2715 2565 2820 2605 non
2847 2553 3264 2609 committentem
3291 2554 3432 2624 quod
3473 2555 3607 2610 solet
3637 2555 3684 2609 ei
3707 2567 3818 2608 con-

2266 2639 2550 2699 sentiendo
2581 2641 2941 2712 committere,
2965 2645 3095 2714 jam
3143 2647 3298 2716 plena
3321 2645 3424 2705 ﬁde
3459 2655 3516 2702 et
3550 2645 3818 2718 cognitione

2265 2729 2587 2789 retineam
2629 2748 2733 2790 non
2783 2748 2904 2790 esse
2935 2733 3062 2790 talia
3095 2735 3352 2803 facienda,
3403 2736 3634 2792 stimulis
3668 2745 3816 2790 tamen

2271 2823 2577 2881 illicitorutn
2601 2824 3014 2894 desideriorum,
3046 2827 3240 2898 quibus
3265 2828 3472 2884 resistit
3499 2829 3724 2893 castitas,
3750 2827 3818 2882 in-

2265 2915 2506 2985 quietare
2544 2931 2650 2972 non
2673 2927 2892 2973 cessat:
2921 2934 3096 2990 neque
3132 2921 3350 2976 scientia
3397 2922 3600 2990 ﬁnitur,
3647 2931 3701 2977 ut
3731 2935 3820 2975 non

2266 3005 2366 3072 sit;
2395 3005 2492 3064 sed
2523 3007 2846 3066 continentia
2873 3009 3193 3077 refrenatur,
3243 3019 3302 3066 ut
3325 3026 3432 3082 quo
3457 3013 3626 3068 tendit
3656 3025 3820 3082 perve-

2266 3099 2382 3157 nire
2407 3113 2513 3157 non
2554 3099 2740 3169 possit.
2785 3099 3123 3171 Quapropter
3158 3087 3298 3157 sicut
3335 3102 3498 3160 idolis
3538 3101 3817 3165 immolatio,

2265 3203 2386 3258 qua:
2409 3187 2522 3258 jam
2553 3203 2653 3244 nec
2689 3187 2740 3243 in
2780 3191 2994 3249 actione
3021 3199 3123 3256 est,
3169 3191 3289 3261 quia
3331 3193 3617 3262 prattet'iit;
3666 3204 3753 3246 nec
3776 3189 3818 3242 in

2267 3278 2560 3345 voluntate,
2593 3277 2714 3346 quia
2741 3295 2893 3334 error
2916 3295 3027 3350 quo
3055 3279 3220 3337 ﬁebat
3241 3281 3556 3352 absumptus
3580 3289 3688 3347 est;
3725 3292 3818 3332 ma-

2265 3377 2358 3428 net
2385 3378 2560 3426 tamen
2589 3378 2771 3427 reatus
2798 3369 2933 3441 ejus,
2960 3371 3132 3428 donec
3159 3371 3211 3428 in
3250 3373 3464 3428 lavacro
3492 3369 3820 3445 regeneratio-

2265 3461 2349 3518 nis
2384 3472 2726 3532 peccatorum
2753 3463 2991 3518 omnium
3039 3464 3354 3521 remissione
3401 3466 3640 3521 solvatur
3670 3480 3683 3516 :
3711 3461 3821 3516 sieo

2265 3555 2536 3610 contrario
2548 3555 2788 3626 quamvis
2806 3563 2984 3610 reatus
3009 3555 3163 3610 malae
3183 3555 3634 3627 concupiscentia:
3659 3551 3819 3611 eodem

2265 3643 2590 3717 Baptismate
2609 3647 2679 3702 sit
2716 3647 2956 3713 solutus;
3003 3657 3187 3706 manet
3215 3656 3390 3703 tamen
3429 3648 3564 3720 ipsa,
3593 3646 3750 3704 donec
3768 3641 3822 3695 alt

2266 3750 2332 3794 eo
2357 3737 2448 3806 qui
2475 3747 2596 3807 post
2619 3737 2787 3808 ejecta
2815 3737 3080 3812 dwmonia
3109 3738 3315 3809 perﬁcit
3359 3741 3638 3807 sanitates,
3679 3737 3822 3792 medi-

2265 3825 2386 3882 cina
2408 3825 2720 3896 pcrﬁciente
2744 3837 2983 3884 sanetur.

2337 3915 2428 3974 62.
2460 3914 2568 3974 Sed
2609 3931 2792 3988 quteso
2821 3927 2895 3984 te,
2923 3934 3046 3975 cum
3083 3927 3140 3975 et
3183 3919 3298 3990 ipse
3338 3921 3608 3978 concedas
3647 3919 3820 3991 peccati

2268 4005 2392 4070 facti
2420 4014 2580 4077 atque
2605 4009 2855 4065 transacti
2885 4019 3091 4064 reatum
3129 4025 3366 4078 manere,
3399 4012 3502 4071 nisi
3531 4028 3680 4070 sacro
3703 4014 3824 4066 futuo

2265 4099 2528 4164 diluatur;
2570 4099 2658 4158 die
2685 4099 2814 4156 mihi
2845 4111 3024 4158 reatus
3051 4102 3150 4158 iste
3173 4103 3294 4174 quis
3323 4104 3393 4160 sit
3411 4146 3426 4169 ,
3455 4115 3513 4162 et
3537 4106 3621 4161 ubi
3645 4112 3825 4159 maneat

2262 4192 2373 4264 jam
2396 4191 2614 4250 homine
2651 4202 2894 4250 correcta
2933 4204 3184 4265 recteque
3215 4196 3446 4270 vivente,
3499 4197 3726 4253 nondum
3762 4205 3826 4250 tua

2267 4301 2390 4342 men
2420 4293 2760 4355 peccatorum
2797 4287 3113 4344 remissione
3137 4287 3382 4344 liberato.
3427 4291 3728 4360 Sobjectum
3753 4298 3822 4344 est

2267 4385 2446 4434 reatus
2465 4376 2590 4442 iste,
2621 4375 2672 4432 id
2699 4385 2781 4431 est
2796 4376 3108 4444 substantia,
3139 4380 3280 4434 sicut
3299 4379 3540 4450 spiritus,
3564 4381 3699 4437 sicut
3723 4394 3826 4436 cor-

2268 4487 2398 4542 pus;
2427 4487 2493 4528 an
2524 4472 2578 4527 in
2607 4471 2869 4542 subjecto,
2918 4473 3054 4530 sicut
3077 4473 3246 4530 febris
3271 4485 3364 4531 aut
3387 4477 3584 4532 vulnus
3631 4477 3680 4530 in
3720 4489 3825 4529 cor-

2266 4577 2420 4636 pore,
2465 4567 2582 4620 sive
2599 4565 2822 4621 avaritia
2852 4566 2938 4622 vel
2970 4581 3122 4622 error
3149 4567 3203 4622 in
3241 4567 3466 4623 animo?
3508 4569 3572 4624 In
3615 4568 3829 4638 subjecto

2267 4671 2386 4716 esse
2411 4655 2650 4714 dicturus
2675 4673 2739 4714 es
2762 4676 2776 4712 :
2800 4674 2974 4730 neque
2999 4659 3142 4715 enim
3174 4671 3378 4716 reatum
3417 4661 3707 4717 afﬁrmabis
3729 4672 3829 4714 esse

2267 4749 2637 4806 substantiam.
2661 4749 2718 4805 ln
2743 4765 2850 4820 quo
2873 4751 3032 4822 igitur
3059 4751 3152 4806 tibi
3187 4753 3396 4808 videtur
3422 4767 3548 4810 esse
3573 4749 3829 4823 subjecm?

2267 4838 2374 4894 Cur
2389 4855 2627 4910 quaaram
2653 4841 2780 4912 quid
2807 4841 3153 4918 respondeas,
3177 4850 3356 4898 etnon
3379 4845 3559 4913 potius
3580 4843 3731 4899 verba
3757 4851 3828 4894 tua

2269 4931 2506 5000 ponam?
2541 4947 2560 4983 ι
2584 4932 2741 4996 Actu,
2771 4950 2790 4984 ι
2825 4930 3020 5002 inquis,
3060 4950 3079 4984 ι
3111 4943 3484 5002 praetereunte,
3533 4942 3710 4989 manet
3733 4930 3831 5000 ejus

2269 5033 2450 5080 reatus
2475 5024 2527 5078 in
2554 5023 2694 5078 illius
2719 5025 3047 5080 conscientia
3065 5024 3160 5094 qui
3189 5025 3428 5095 deliquit,
3476 5026 3652 5082 donec
3676 5022 3832 5079 dimit-

2269 5125 2429 5172 tatur.
2465 5135 2486 5168 ι
2521 5117 2661 5186 Ergo
2691 5115 2743 5170 in
2770 5116 3010 5186 subjecto
3029 5124 3132 5180 est,
3163 5115 3265 5172 hoc
3289 5127 3394 5180 est,
3435 5117 3492 5171 in
3530 5117 3706 5171 animo
3731 5114 3832 5183 ejus

2269 5209 2359 5276 qui
2385 5206 2674 5278 deliquisse
2695 5221 2756 5262 se
2793 5205 3053 5272 meminit,
3079 5215 3135 5262 et
3170 5208 3416 5276 scrupulo
3441 5207 3656 5277 angitur
3683 5207 3695 5236 '
3719 5219 3827 5258 cou-

2268 5299 2528 5366 scientiat,
2556 5298 2728 5356 donec
2767 5297 2860 5354 ﬁat
2885 5298 3066 5356 delicti
3091 5300 3403 5358 remissione
3427 5314 3672 5356 securus.
3714 5291 3831 5365 Quid

2271 5393 2313 5448 si
2341 5393 2684 5448 obliviscatur
2708 5406 2766 5446 se
2790 5392 3098 5462 deliquisse,
3145 5407 3243 5448 nec
3265 5392 3382 5462 ejus
3399 5392 3722 5447 conscientia
3747 5389 3832 5441 sti-

2269 5483 2523 5548 muletur,
2559 5483 2647 5538 ubi
2672 5485 2778 5538 erit
2807 5492 2988 5538 reatus
3031 5483 3138 5550 ille,
3171 5499 3330 5554 quem
3384 5491 3693 5540 transeunte
3725 5491 3832 5549 pec-

2272 5588 2393 5632 cato
2439 5592 2657 5631 manere
2699 5576 2974 5640 concedis,
3004 5576 3174 5632 donec
3223 5577 3563 5631 remittatur?
3611 5575 3720 5629 Non
3763 5578 3834 5622 est

2272 5680 2415 5725 certe
2448 5669 2777 5739 incorpore,
2823 5669 2944 5739 quia
2987 5685 3089 5725 non
3137 5679 3216 5726 est
3261 5684 3440 5724 eorum
3495 5662 3834 5723 accidentium

2340 5822 2358 5850 ⁸
2377 5827 2472 5868 Am.
2498 5829 2547 5872 et
2569 5825 2695 5882 Mss,
2725 5818 2906 5882 agitur.
