4098 6530
439 406 538 464 86!

433 533 557 590 qua:
592 516 838 573 accidunt
877 517 1124 588 corpori;
1163 531 1268 572 non
1310 524 1394 573 est
1430 517 1482 572 in
1521 517 1720 584 animo,
1747 517 1868 589 quia
1896 517 2012 586 ejus

437 609 748 664 anulariam
779 607 974 664 delevit
989 606 1183 665 oblivio
1218 625 1232 662 :
1263 617 1318 663 et
1340 615 1518 663 tamen
1549 617 1649 662 est.
1678 607 1774 664 Ubi
1805 617 1887 664 est
1913 607 2018 680 igi-

443 706 531 755 tur
552 739 568 766 ,
612 714 737 756 cum
757 700 868 770 jam
898 699 1036 757 bene
1057 703 1203 756 vivat
1248 699 1430 766 homo,
1477 700 1612 756 nihil
1640 701 1746 756 tale
1773 701 2019 758 commit-

435 800 585 858 tens;
613 806 713 848 nec
741 792 844 848 dici
869 793 1056 864 possit,
1085 808 1271 850 eorum
1298 803 1633 864 peccatorum
1665 793 1780 864 ejus
1810 805 2016 850 reatum

434 897 655 940 mttere
671 899 790 954 qua:
815 884 1094 952 meminit;
1134 899 1322 940 eorum
1348 900 1475 940 vero
1497 901 1614 956 qua:
1643 885 1838 940 oblitus
1865 894 1948 940 est
1973 886 2014 953 ί,

433 989 540 1028 non
569 973 822 1030 manere?
848 973 1024 1031 Manet
1040 975 1238 1045 quippe
1257 974 1476 1029 omnino
1493 975 1663 1030 donec
1687 975 2015 1028 remittatur.

433 1061 535 1120 Ubi
576 1079 705 1136 ergo
743 1073 943 1134 manet,
966 1065 1068 1120 nisi
1116 1065 1168 1120 in
1217 1065 1440 1122 occultis
1489 1065 1695 1137 legibus
1741 1065 1856 1133 Dei,
1897 1081 2016 1135 quae

431 1158 748 1229 conscriptae
788 1166 913 1214 sunt
937 1157 1166 1228 quodam
1193 1157 1352 1214 modo
1383 1158 1435 1212 in
1481 1158 1748 1212 mentibus
1781 1156 2018 1228 Angeloo

433 1265 574 1319 rum,
598 1259 656 1305 ut
679 1251 825 1305 nulla
854 1250 924 1305 sit
952 1251 1200 1320 iniquitas
1226 1250 1482 1320 impunita
1500 1290 1516 1316 ,
1564 1249 1666 1304 nisi
1697 1263 1855 1319 quam
1887 1263 2016 1302 san-

427 1342 548 1414 guis
575 1341 880 1404 Mcdiatoris
904 1341 1200 1412 expiavcrit
1223 1357 1238 1406 ;
1265 1342 1418 1410 cujus
1446 1341 1596 1411 signo
1625 1341 1798 1394 crucis
1826 1353 2013 1394 conse.

430 1440 612 1488 crater
632 1430 770 1485 unda
796 1431 1158 1500 Baptismatis,
1173 1439 1230 1484 ut
1247 1445 1307 1484 ea
1325 1431 1556 1484 diluatur
1569 1441 1746 1484 reatus
1766 1438 1811 1482 ta
1821 1443 2014 1499 nquam

432 1521 484 1577 in
510 1521 866 1594 chirographo
891 1521 1140 1592 scriptus,
1173 1521 1225 1576 in
1253 1522 1438 1576 uetitia
1477 1522 1830 1590 spiritualium
1861 1530 2013 1589 pote-

429 1623 649 1683 statum,
693 1631 788 1685 per
813 1630 944 1686 quas
972 1629 1127 1686 poena
1165 1614 1392 1686 exigitur
1431 1613 1812 1684 peccatorum?
1881 1613 2016 1668 lluic

429 1706 786 1778 chirographo
830 1717 1121 1762 nascuntur
1163 1706 1376 1762 obnoxii
1422 1715 1610 1760 omnes
1654 1705 1708 1760 in
1749 1720 1910 1760 carne
1949 1705 2016 1760 de

433 1813 596 1855 carne
615 1799 904 1855 carnaliter
931 1800 1080 1866 nati;
1109 1799 1225 1870 ejus
1246 1798 1314 1854 ab
1339 1801 1440 1854 hoc
1461 1799 1642 1854 debito
1665 1800 1922 1870 sanguine
1951 1797 2016 1857 li-

433 1891 677 1958 berandi,
699 1892 791 1962 qui
809 1891 866 1947 in
893 1907 1056 1948 carne
1083 1893 1297 1962 quidem
1325 1892 1468 1948 etde
1489 1909 1670 1958 carne,
1700 1908 1804 1948 non
1838 1902 2012 1948 tamen

427 1983 735 2049 carnaliter,
766 1983 860 2039 sed
885 1984 1226 2054 spiritualiter
1247 1993 1404 2039 natus
1430 1995 1531 2039 est.
1572 1983 1738 2040 Natus
1761 1992 1844 2040 est
1871 1985 2014 2040 enim

429 2075 496 2130 de
523 2073 724 2148 Spiritu
751 2083 938 2130 sancto
964 2085 1016 2131 et
1047 2075 1256 2146 virgine
1281 2075 1444 2130 Maria
1465 2076 1507 2128 ⁸.
1538 2075 1614 2130 De
1641 2075 1840 2145 Spiritu
1871 2075 2016 2129 scili-

429 2175 514 2221 cet
539 2175 745 2231 saneto,
794 2181 860 2220 ne
887 2174 1031 2221 esset
1074 2165 1126 2220 in
1158 2165 1250 2220 illo
1269 2181 1399 2220 caro
1427 2167 1664 2236 peccati;
1704 2182 1768 2220 ex
1814 2165 2016 2237 virgine

429 2266 606 2314 autem
638 2257 824 2325 Maria,
863 2266 922 2313 ut
946 2267 1090 2313 esset
1124 2258 1178 2313 in
1207 2256 1298 2312 illo
1337 2256 1628 2312 similitudo
1669 2257 1844 2311 carnis
1889 2271 2014 2326 pec-

427 2351 555 2407 cati.
603 2350 730 2406 ldeo
755 2351 832 2405 illi
857 2349 1216 2422 chirographo
1244 2365 1348 2405 non
1374 2350 1519 2404 venit
1541 2347 1820 2415 obnoxius,
1865 2357 1920 2402 et
1947 2348 2017 2404 ab

430 2443 522 2499 illo
545 2443 708 2499 solvit
728 2443 1012 2499 obnoxios.
1063 2441 1250 2513 Neque
1273 2441 1416 2498 cnim
1441 2439 1581 2496 nulla
1614 2449 1698 2496 est
1742 2439 2014 2510 iniquitas,

429 2550 550 2592 cum
578 2536 630 2590 in
654 2551 760 2590 uno
782 2534 1000 2590 homine
1019 2535 1102 2590 vel
1123 2535 1398 2605 superiora
1426 2531 1769 2588 inferioribus
1796 2532 2018 2604 turpiter

429 2627 666 2682 serviunt
683 2668 699 2694 ,
740 2626 824 2682 vel
851 2625 1103 2682 inferiora
1131 2624 1494 2694 superioribus
1519 2623 1902 2679 contumaciter
1927 2638 2017 2678 re-

431 2719 715 2784 luctantur,
743 2719 954 2774 etiamsi
983 2717 1200 2773 vincere
1223 2733 1329 2773 non
1355 2717 1623 2774 sinantur.
1649 2717 1798 2774 Hanc
1821 2715 2018 2788 iniqui-

431 2817 591 2866 tatem
613 2812 657 2866 si
675 2811 839 2866 homo
862 2810 930 2866 ab
952 2809 1168 2866 homine
1188 2811 1358 2868 altero
1387 2809 1683 2866 forinsecus
1695 2809 2016 2866 adversante

431 2911 720 2974 pateretur,
751 2903 872 2973 quia
901 2902 954 2958 in
985 2902 1078 2958 illo
1102 2917 1210 2958 non
1237 2909 1402 2968 esset,
1431 2901 1548 2957 sine
1579 2901 1674 2956 illo
1704 2900 1888 2972 utique
1915 2915 2015 2970 pu-

430 2996 670 3050 niretur:
697 2997 819 3067 quia
839 3011 968 3050 vero
995 2995 1050 3050 in
1075 2995 1166 3050 illo
1194 3001 1300 3061 est,
1331 3001 1422 3048 aut
1446 3009 1567 3050 cum
1607 2993 1699 3048 illo
1746 2993 2014 3064 punietur,

427 3093 521 3143 aut
545 3085 638 3139 illo
661 3085 730 3139 ab
752 3084 870 3154 ejus
905 3092 1058 3140 reatu
1100 3083 1347 3150 liberato,
1379 3083 1458 3138 sic
1499 3083 1552 3138 in
1593 3083 1883 3140 certamine
1922 3082 2022 3138 ad-

428 3192 616 3232 versus
656 3177 900 3246 spiritum
955 3181 1284 3246 perseverat,
1317 3183 1376 3229 ut
1423 3173 1689 3228 hominem
1741 3173 1851 3244 jam
1909 3189 2016 3229 non

429 3283 580 3324 reum
622 3267 688 3322 ad
725 3267 868 3322 nulla
916 3275 1037 3337 post
1080 3273 1305 3322 mortem
1351 3273 1613 3320 tormenta
1661 3263 2012 3331 transmittat,

432 3374 537 3414 non
558 3359 754 3417 alienet
781 3373 810 3411 a
837 3373 1002 3428 regno
1037 3357 1164 3423 Dei,
1198 3356 1344 3412 nulla
1373 3355 1714 3411 damnatione
1741 3355 1896 3410 faciat
1921 3355 2018 3412 de-

430 3451 626 3516 tineri;
663 3466 839 3520 neque
860 3460 920 3505 ut
941 3466 1002 3505 ea
1040 3451 1254 3521 penitus
1297 3464 1596 3516 careamus,
1648 3449 1796 3504 velut
1841 3447 2015 3504 aliena

433 3550 617 3596 natura
664 3541 974 3612 sejungatur
1008 3556 1042 3596 a
1072 3541 1246 3608 nobis,
1278 3539 1375 3596 sed
1413 3541 1536 3612 quia
1567 3550 1764 3598 nostra:
1811 3549 2015 3597 natura:

433 3632 657 3703 languor
681 3641 784 3699 est,
829 3641 1047 3689 sanetur
1075 3633 1128 3688 in
1162 3632 1336 3689 nobis.

499 3723 726 3780 CAPUT
754 3723 851 3780 XX
863 3721 1124 3799 (αλ-65.
1148 3724 1372 3796 PrOpter
1385 3723 1488 3780 hoc
1504 3739 1634 3796 ergo
1650 3724 1858 3791 vitium,
1877 3725 2018 3780 sicut

431 3815 482 3870 in
509 3831 576 3872 eo
600 3817 756 3884 libro,
785 3817 870 3873 cui
895 3817 1120 3884 resistis,
1149 3832 1180 3872 a
1201 3832 1288 3873 me
1313 3818 1540 3888 positum
1571 3827 1653 3874 est
1671 3861 1688 3886 ,
1736 3835 1756 3872 ι
1784 3817 2015 3874 humana

429 3917 616 3964 natura
647 3909 934 3964 damnatur
959 3926 973 3964 :
996 3917 1052 3964 ct
1075 3917 1292 3981 propter
1309 3909 1450 3980 quod
1473 3908 1774 3976 damnatur,
1797 3921 2017 3982 propter

431 3998 533 4055 hoc
574 4008 629 4056 et
666 3999 951 4056 damnabili
989 3999 1202 4058 diabolo
1245 4000 1586 4073 subjugatur;
1641 4003 1763 4072 quia
1816 4011 1871 4058 et
1899 4003 2016 4072 ipse

429 4088 672 4146 diabolus
685 4089 909 4160 spiritus
923 4090 1229 4147 immundus
1249 4101 1331 4148 est
1351 4107 1366 4148 :
1387 4099 1442 4146 et
1461 4091 1643 4163 utique
1661 4092 1857 4148 bonum
1874 4091 2016 4164 quod

425 4181 666 4250 spiritus,
687 4181 880 4236 malum
905 4181 1049 4252 quod
1067 4183 1398 4248 immundus;
1431 4184 1680 4254 quoniam
1701 4184 1918 4253 spiritus
1934 4190 2017 4238 est

430 4284 637 4339 natura,
653 4273 957 4330 immundus
969 4283 1052 4330 est
1067 4274 1194 4330 vitio
1211 4293 1223 4328 :
1237 4290 1461 4346 quorum
1475 4275 1700 4330 duorum
1717 4275 1843 4330 illud
1855 4292 1884 4332 a
1906 4275 2014 4332 Deo

429 4374 532 4434 est,
547 4365 650 4424 hoc
665 4365 734 4421 ab
750 4364 887 4436 ipso.
909 4364 1025 4420 Non
1039 4365 1217 4436 itaque
1235 4373 1379 4422 tenet
1395 4365 1761 4429 hominessivc
1775 4367 2014 4437 majoris‘

425 4457 540 4514 sive
565 4455 822 4512 infantilis
849 4456 1038 4521 aetatis,
1071 4467 1290 4528 propter
1313 4457 1450 4528 quod
1479 4457 1740 4524 homines,
1768 4458 1860 4515 sed
1894 4474 2014 4530 pro.

428 4557 548 4617 pter
569 4547 708 4617 quod
733 4546 988 4602 immundi
1018 4555 1180 4602 sunt:
1225 4546 1324 4617 (De
1345 4546 1552 4618 Nuptiis
1577 4557 1622 4602 ct
1646 4547 2016 4618 Concupiscet:-

427 4639 520 4705 tia,
550 4639 637 4694 lib.
673 4640 726 4707 1,
758 4654 847 4694 mi.
868 4638 960 4706 25,
985 4638 1104 4700 26).
1151 4639 1244 4694 [iis
1272 4640 1446 4698 “bis
1475 4642 1608 4695 meis
1635 4657 1698 4696 ex
1728 4641 1862 4696 libro
1895 4657 2016 4698 meo

425 4730 524 4786 abs
565 4738 620 4786 te
662 4729 872 4800 positis,
917 4729 988 4784 ita
1028 4729 1386 4785 resistendum
1430 4730 1647 4800 putasti,
1688 4741 1744 4784 ut
1786 4731 2012 4795 diceres,

435 4821 603 4878 aliane
625 4821 856 4877 formam
887 4821 1050 4877 etiam
1091 4821 1146 4875 in
1183 4819 1400 4875 homine
1437 4822 1577 4876 malo
1616 4821 1864 4878 debuisse
1901 4837 2017 4878 scr-

428 4913 563 4980 vari,
589 4928 708 4985 qua
748 4920 992 4968 servatur
1029 4907 1082 4966 iii
1117 4911 1363 4976 diabolo;
1393 4927 1461 4967 ne
1486 4911 1762 4982 quisquam
1792 4913 2016 4968 damnc-

431 5011 536 5070 tur,
561 5003 661 5060 nisi
688 5019 756 5059 cx
783 5003 927 5058 vitiis
955 5001 1185 5074 propr-ite
1213 5003 1530 5074 voluntatis;
1560 5011 1720 5072 atque
1749 5003 1868 5058 ideo
1895 5005 2014 5058 nul-

429 5094 536 5151 lum
564 5096 635 5151 sit
659 5097 916 5168 originale
945 5105 1220 5167 peccatum
1252 5113 1265 5150 :
1297 5097 1530 5168 alioquin
1558 5111 1694 5172 opus
1732 5097 1868 5167 ejus,
1901 5116 1920 5150 ι
1959 5108 2016 5154 ut

429 5188 580 5252 dicis,
609 5190 728 5261 «qui
750 5191 914 5246 etiam
933 5189 1207 5246 diabolum
1245 5190 1441 5244 bonum
1471 5192 1728 5257 condidit,
1765 5209 1868 5246 nun
1911 5208 2010 5263 po-

427 5287 536 5334 test
561 5281 864 5352 approbari.
895 5300 916 5334 »
968 5281 1078 5338 Nec
1101 5281 1332 5338 attendis
1357 5282 1498 5353 quod
1521 5283 1788 5339 diabolum
1817 5301 1919 5338 non
1951 5299 2016 5344 ex

427 5375 536 5430 alio
557 5374 771 5432 diabolo
795 5375 1000 5432 creavit
1041 5375 1200 5442 Deus,
1237 5393 1337 5434 nec
1373 5393 1438 5433 ex
1477 5377 1654 5450 aliquo
1681 5379 1868 5450 angelo
1893 5379 2018 5434 licet

495 5551 513 5580 ⁸
539 5547 644 5618 Sola
683 5547 832 5598 editio
874 5555 985 5599 ιον.
1001 5587 1016 5612 ,
1063 5549 1149 5615 qui
1186 5549 1432 5614 meminit,
1481 5551 1588 5615 ejus
1625 5565 1736 5605 vero
1777 5550 1862 5618 qui
1897 5552 2016 5604 obii-

455 5624 481 5656 η
569 5646 578 5658 ι
615 5647 628 5659 .

646 5669 930 5742 legendum,
965 5671 1030 5742 de
1067 5671 1247 5742 Spiritu
1269 5681 1432 5742 sancta
1451 5681 1512 5742 et
1533 5675 1716 5742 t'irqt'uc
1752 5677 1926 5742 uaria,
1953 5691 2016 5730 ex

429 5737 536 5782 Pass.
561 5733 645 5844 Ede
681 5733 858 5796 Spiritu
893 5741 1056 5786 sancto
1089 5733 1154 5786 ex
1177 5735 1358 5803 virgine
1393 5737 1586 5803 Maria.)

495 5794 516 5832 δ
539 5802 568 5841 ιι
589 5794 760 5844 erieue
783 5801 911 5844 Μεε..
938 5796 1163 5844 maiores.

495 5794 516 5858 ἒ
539 5794 760 5858 Plerique
783 5801 911 5856 Mss,
938 5796 1163 5857 majores.

492 5856 564 5920 (ιι)
599 5856 726 5923 Apud
744 5864 840 5907 Am.
864 5865 914 5910 ει
937 5856 1029 5943 lin,
1054 5859 1101 5909 9.

1782 402 1980 458 LIBER
2017 402 2302 466 SEXTUS.

2193 418 2302 506 LUS.
3597 418 3704 476 8ὒῖ

2123 519 2286 591 bono,
2331 523 2480 594 cujus
2527 535 2700 582 tamen
2731 527 2814 584 lex
2842 539 2983 585 esset
3023 534 3073 585 ln
3111 531 3363 588 membris
3402 549 3704 605 repugnans

2123 609 2224 683 legi
2253 615 2465 680 mentis,
2485 631 2580 687 per
2599 632 2755 688 quam
2787 628 2841 674 et
2865 635 2984 676 cum
3011 636 3111 690 qua
3135 621 3202 678 de
3229 622 3440 680 homine
3467 626 3704 680 nascitur

2121 703 2295 757 omnis
2322 703 2502 762 homo.
2546 707 2840 780 Adjuvaret
2869 711 3043 781 itaque
3071 721 3123 768 te
3153 711 3376 769 fortasse
3411 713 3512 770 hoc
3548 729 3705 785 argu-

2121 801 2382 859 mentum,
2412 797 2456 850 si
2483 807 2538 851 ut
2564 797 2746 866 homo,
2770 799 2840 854 ita
2871 801 3112 856 diabolus
3133 803 3370 873 gigneret
3395 803 3551 870 ﬁlios,
3581 820 3703 860 eos-

2119 897 2224 953 que
2255 896 2472 954 paterno
2501 901 2720 960 peccato
2747 907 3060 964 negaremus
3085 893 3365 955 obnoxios.
3395 894 3544 950 Nunc
3575 912 3702 956 vero

2119 973 2260 1030 aliud
2287 987 2367 1032 εει
2397 979 2507 1045 ille,
2537 980 2624 1049 qui
2656 981 2919 1038 homicida
2943 994 3058 1040 erat
3078 985 3143 1041 ab
3171 985 3341 1056 initio,
3370 985 3492 1057 quia
3523 987 3701 1042 homi-

2119 1079 2242 1121 nem
2264 1068 2331 1123 ab
2359 1069 2511 1126 initio
2535 1087 2642 1142 quo
2669 1082 2752 1130 εει
2781 1075 2941 1130 homo
2968 1075 3259 1142 institutus,
3285 1077 3480 1134 occidit
3504 1092 3598 1148 per
3624 1076 3704 1135 fe-

2119 1158 2279 1215 mina:
2308 1162 2693 1233 seductionem,
2725 1167 2856 1222 etin
2885 1169 3109 1225 veritate
3149 1185 3243 1240 per
3283 1170 3509 1230 liberum
3552 1171 3698 1230 arbi~

2121 1250 2280 1304 trium
2308 1269 2411 1308 non
2442 1257 2588 1310 stetit
2611 1255 2790 1332 (Joan.
2821 1274 2932 1323 vni,
2963 1259 3079 1331 ii),
3108 1261 3410 1332 cadensque
3431 1261 3658 1333 dcjccit‘
3683 1279 3700 1318 :

2119 1353 2172 1397 et
2199 1345 2340 1400 aliud
2363 1355 2446 1404 est
2469 1349 2607 1419 quod
2641 1367 2728 1420 per
2756 1367 2912 1404 unum
2933 1351 3186 1406 hominem
3207 1363 3469 1424 peccatum
3496 1337 3702 1408 intravit

2119 1436 2170 1490 in
2193 1440 2453 1503 mundum,
2477 1452 2523 1495 et
2549 1460 2636 1512 per
2661 1453 2918 1513 peccatum
2939 1461 3110 1512 mors;
3138 1454 3186 1499 et
3213 1445 3262 1500 in
3287 1461 3456 1500 onmcs
3476 1445 3703 1500 homines

2119 1532 2428 1600 pertransiit,
2450 1532 2500 1586 in
2520 1550 2616 1604 quo
2637 1552 2807 1589 omnes
2827 1546 3150 1605 peccaverunt
3177 1536 3352 1610 (Rom.
3377 1553 3430 1603 γ,
3461 1536 3570 1608 12).
3599 1535 3702 1594 Ubi

2119 1619 2392 1676 evidenter
2418 1638 2728 1692 expressum
2759 1637 2860 1692 est,
2890 1627 3126 1696 exceptis
3169 1627 3426 1697 cujuSque
3471 1625 3701 1681 hominis

2118 1713 2368 1784 propriis,
2400 1731 2683 1772 commune
2711 1717 2956 1775 omnibus
2979 1717 3280 1774 hominibus
3299 1719 3555 1792 originale
3578 1733 3702 1792 pec-

2117 1813 2318 1858 catum.

2189 1895 2276 1952 61.
2329 1897 2480 1967 Quod
2508 1908 2684 1956 autem
2711 1900 2839 1969 dixi,
2887 1921 2905 1954 ι
2935 1901 3034 1970 Qui
3064 1901 3285 1960 miratur
3309 1901 3430 1973 quia
3457 1887 3700 1960 creatura

2120 1987 2215 2044 Dei
2266 1989 2514 2066 subditur
2549 1991 2782 2058 diabolo,
2821 2008 2929 2047 non
2971 1993 3222 2059 miretur;
3269 1993 3514 2054 subditur
3555 1992 3701 2049 enim

2117 2091 2357 2142 creatura
2385 2083 2476 2142 Dei
2507 2091 2764 2140 creatum
2785 2086 2899 2154 Dei,
2917 2087 3088 2142 minor
3115 2087 3332 2158 majori»
3370 2085 3470 2160 (De
3490 2085 3702 2158 Nuptiis

2117 2181 2162 2226 et
2189 2169 2598 2242 Concapiscentia
2621 2217 2635 2242 ,
2673 2175 2761 2230 lib.
2793 2177 2844 2242 1,
2872 2194 2925 2231 n.
2952 2175 3064 2248 26)
3095 2195 3108 2232 :
3137 2193 3234 2232 cur
3263 2177 3332 2231 ila
3359 2177 3605 2248 posuisti,
3643 2184 3702 2245 ut

2117 2268 2391 2336 sequentia
2434 2281 2552 2324 mea
2586 2269 2748 2324 verba
2797 2285 2902 2324 non
2947 2268 3191 2334 adderes,
3231 2269 3422 2340 quibus
3465 2268 3699 2330 ostendi.

2117 2357 2565 2426 quemadmodum
2611 2358 2836 2416 dixerim
2859 2402 2874 2426 ,
2912 2379 2930 2413 ι
2961 2361 3136 2415 minor
3175 2361 3364 2432 majori
3389 2378 3408 2417 ι
3453 2350 3694 2418 humana

2117 2447 2325 2502 scilicet
2347 2447 2630 2518 angelicae;
2670 2449 2771 2504 nisi
2803 2458 2857 2508 ui
2885 2451 3061 2506 minus
3087 2449 3473 2524 intelligeretur
3509 2462 3702 2505 sensus

2117 2552 2272 2594 meus
2297 2580 2310 2603 ,
2338 2547 2398 2594 ut
2426 2539 2626 2596 faceres
2656 2539 2748 2598 tibi
2776 2540 2975 2606 locum,
2999 2540 3110 2609 ubi,
3134 2541 3270 2598 sicut
3296 2541 3458 2611 soles,
3487 2539 3554 2599 de
3577 2537 3702 2596 Ari-

2119 2628 2379 2684 stotclieis
2417 2631 2704 2700 catcgoriis
2731 2631 3052 2689 obtendercs
3090 2631 3309 2690 nebulas
3337 2630 3616 2704 imperitis,
3646 2629 3702 2684 in

2119 2719 2312 2790 quibus
2332 2719 2586 2776 latentem
2605 2723 2627 2754 ¹
2656 2730 2898 2792 putarent
2924 2729 2975 2778 te
2999 2722 3198 2794 aliquid
3226 2721 3405 2778 dicere
3428 2763 3444 2790 ,
3467 2721 3593 2792 quid
3617 2719 3704 2776 di-

2118 2825 2270 2867 ceres
2314 2812 2650 2868 nescientes?
2693 2812 2772 2868 Ad
2797 2813 2904 2869 hoc
2933 2813 3076 2869 enim
3109 2813 3322 2869 redacta
3361 2821 3444 2869 est
3485 2810 3706 2868 haeresis

2117 2911 2316 2968 vestra,
2352 2913 2409 2958 ut
2431 2913 2645 2974 gemant
2672 2915 2966 2962 sectatores
2990 2907 3156 2962 vestri
3188 2921 3292 2962 non
3331 2903 3558 2961 inveniri
3585 2903 3700 2961 dia-

2121 2993 2337 3048 lecticos
2355 2993 2568 3064 judiccs
2596 2995 2648 3048 in
2678 2996 2936 3061 Ecclesia,
2976 2996 3043 3054 de
3083 2997 3284 3053 scholis
3321 2995 3704 3067 Peripatetico-

2118 3099 2237 3139 rum
2281 3083 2395 3140 sive
2432 3085 2766 3154 Stoicorum,
2787 3101 2818 3140 a
2849 3087 3043 3156 quibus
3074 3087 3285 3160 possitis
3313 3086 3536 3142 absolvi.
3581 3085 3700 3154 Quo

2118 3175 2261 3230 enim
2291 3177 2538 3247 pertinet,
2567 3175 2694 3248 quid
2723 3179 2824 3234 sibi
2850 3180 2982 3246 vult,
3011 3179 3194 3252 utquid
3221 3179 3420 3235 dictum
3449 3187 3532 3234 est
3555 3181 3702 3252 quOd

2118 3264 2320 3333 dixisti,
2357 3285 2378 3319 ι
2407 3269 2527 3340 quia
2569 3269 2739 3339 major
2773 3278 2828 3325 ct
2868 3269 3046 3325 minor
3077 3270 3143 3326 ad
3180 3271 3380 3325 ﬁnitam
3409 3269 3430 3302 ³
3469 3271 3704 3341 speciem

2119 3358 2351 3426 pertinet
2373 3359 2716 3428 quantitatis?
2764 3359 2870 3416 Sed
2911 3362 3196 3434 quantitas,
3226 3379 3245 3415 ι
3297 3361 3492 3432 inquis,
3545 3378 3564 3414 ‹
3596 3375 3705 3416 non

2117 3449 2291 3506 solum
2319 3451 2704 3506 contrariorum
2730 3467 2898 3526 capax
2933 3461 3161 3522 nonest,
3191 3453 3331 3524 quod
3354 3454 3403 3509 ei
3428 3468 3547 3508 cum
3568 3467 3704 3526 qua-

2119 3541 2264 3596 litate
2299 3550 2460 3613 atque
2503 3542 2621 3598 aliis
2646 3545 3121 3616 ‘prmdicamcntis;
3170 3559 3355 3598 verum
3398 3543 3557 3599 etiam
3602 3557 3704 3600 nec

2118 3633 2444 3688 contrarium
2475 3632 2656 3702 habet,
2687 3634 2828 3706 quod
2853 3635 2900 3690 ei
2927 3650 3046 3690 cum
3073 3635 3382 3690 substantiae
3405 3643 3489 3692 est
3515 3634 3705 3691 delini-

2119 3723 2263 3780 tione
2314 3726 2866 3782 commune:bonum
2905 3743 3032 3783 vero
3082 3735 3139 3783 et
3191 3727 3389 3783 malum
3437 3727 3706 3783 contraria

2119 3825 2264 3870 sunt.
2309 3835 2329 3870 ι
2380 3817 2506 3873 Πτεε
2540 3817 2776 3890 profecto
2809 3835 3078 3892 nunquam
3127 3819 3356 3886 diceres,
3388 3817 3434 3875 si
3477 3818 3705 3875 lectores

2118 3907 2204 3964 vel
2231 3907 2498 3965 auditores
2534 3910 2788 3966 librorum
2831 3920 3039 3965 tuorum
3086 3919 3302 3982 putares
3344 3910 3704 3970 intellecturos

2119 4014 2240 4056 esse
2266 4000 2406 4072 quod
2436 4001 2589 4056 dicis.
2620 4001 2764 4058 Itane
2785 4019 2914 4058 vero
2944 4001 3066 4058 ideo
3092 4002 3400 4062 immundus
3422 4003 3583 4059 homo
3603 4002 3704 4058 im-

2119 4094 2319 4146 mundo
2341 4093 2530 4164 angelo
2555 4093 2861 4149 subdendus
2887 4109 2992 4148 non
3024 4093 3140 4161 fuit,
3163 4095 3412 4166 quoniam
3437 4093 3704 4166 quantitas

2118 4199 2222 4254 qua
2255 4183 2470 4240 homine
2498 4184 2671 4254 major
2695 4193 2778 4240 est
2805 4185 3046 4256 angelus,
3075 4199 3179 4238 non
3207 4185 3376 4238 solum
3401 4185 3703 4242 contrario-

2119 4290 2236 4330 rum
2257 4290 2424 4344 capax
2445 4290 2551 4330 non
2581 4283 2683 4340 est,
2709 4290 2893 4330 verum
2925 4275 3084 4329 etiam
3119 4289 3220 4329 nec
3257 4275 3584 4332 contrarium
3609 4273 3705 4330 ha-

2119 4367 2208 4422 bet
2231 4386 2245 4419 ε
2279 4369 2426 4439 quasi
2455 4377 2580 4424 tunc
2605 4367 2816 4424 diabolo
2836 4366 3024 4422 fuisset
3047 4367 3209 4422 homo
3233 4365 3560 4433 subdendus,
3583 4366 3626 4421 si
3652 4368 3704 4423 ei

2117 4458 2444 4528 reperiretur
2482 4475 2602 4514 esse
2643 4459 2970 4527 contrarius;
3019 4467 3073 4514 et
3115 4458 3250 4520 mala
3291 4457 3564 4513 subdenda
3593 4473 3702 4512 non

2120 4549 2226 4603 sint
2252 4550 2425 4614 malis,
2457 4551 2576 4621 quia
2610 4551 2744 4604 bona
2772 4551 2947 4617 malis,
2980 4565 3082 4604 non
3113 4551 3246 4604 mala
3272 4550 3425 4606 malis
3457 4549 3702 4604 videntur

2120 4653 2240 4695 esse
2267 4641 2571 4696 contraria?
2617 4641 2751 4710 Quid
2794 4641 2982 4696 vanius
3015 4639 3254 4711 cogitari,
3301 4639 3426 4710 quid
3477 4639 3704 4708 ineptius

2118 4731 2224 4788 dici
2256 4733 2462 4804 potest?
2486 4733 2673 4788 Nonne
2698 4733 2914 4787 domino
2943 4731 3190 4788 subditur
3219 4745 3424 4794 servus,
3456 4737 3510 4784 ct
3533 4732 3702 4784 bonus

2121 4821 2282 4886 bono,
2303 4831 2358 4878 et
2387 4823 2558 4877 malus
2584 4823 2745 4890 malo,
2775 4830 2828 4878 et
2854 4821 3024 4876 malus
3052 4823 3215 4888 bono,
3243 4828 3295 4874 et
3324 4821 3492 4874 bonus
3521 4819 3697 4874 malo!

2120 4914 2306 4970 Nonne
2349 4931 2484 4970 uxor
2525 4913 2768 4970 subditur
2799 4915 2936 4975 viro,
2981 4922 3036 4970 ct
3075 4913 3218 4968 bono
3260 4912 3436 4978 bona,
3467 4921 3520 4967 et
3565 4912 3702 4966 mali

2122 5007 2278 5069 mala,
2308 5014 2361 5060 ct
2391 5005 2530 5059 bono
2555 5005 2715 5072 mala,
2739 5013 2794 5060 ct
2823 5004 2962 5058 malo
2991 5003 3162 5058 bona?
3187 5002 3322 5072 Quid
3349 5003 3508 5073 igitur
3538 5002 3698 5072 perti—

2122 5109 2209 5154 nct
2247 5099 2313 5154 ad
2358 5101 2460 5152 vim
2505 5098 2616 5152 sive
2656 5097 2936 5163 rationem,
2966 5113 3069 5168 qua
3101 5097 3332 5167 quidque
3361 5096 3553 5168 cuian
3580 5097 3701 5150 sub-

2120 5189 2351 5244 dendum
2396 5197 2498 5254 est,
2547 5197 2720 5242 utrum
2768 5187 2882 5243 lucc
2921 5204 3009 5244 res
3045 5197 3136 5242 aut
3179 5188 3264 5242 illa
3297 5189 3460 5258 posdt
3489 5189 3569 5240 vel
3600 5203 3702 5240 lmtt

2125 5274 2291 5350 pos.~it
2311 5297 2502 5350 capere
2524 5281 2827 5334 vel'hahcre
2855 5280 3214 5334 contrarium?
3245 5279 3435 5334 Verum
3464 5289 3516 5334 tu
3549 5278 3703 5348 plane

2123 5372 2517 5427 inconsiderate
2560 5371 2658 5426 ista
2689 5387 2792 5424 non
2830 5369 3098 5442 funderes,
3127 5371 3171 5424 si
3201 5371 3436 5424 stultitia:
3460 5385 3579 5440 qua:
3612 5369 3704 5423 tibi

2124 5465 2218 5520 ista
2251 5465 2504 5534 suggerit,
2537 5465 2850 5533 sapientiam
2877 5464 3196 5518 contrariam
3219 5463 3501 5533 cogitares.

2195 5559 2283 5614 65.
2334 5558 2450 5614 Jam
2488 5573 2648 5629 porro
2687 5557 2774 5612 illa
2815 5557 2986 5628 qualis
3025 5566 3105 5611 εει
3147 5571 3338 5626 argum.
3369 5561 3531 5614 natio
3576 5553 3705 5610 tua?

2189 5735 2204 5767 ί
2230 5735 2310 5782 Hic
2328 5731 2442 5782 editi
2467 5731 2665 5792 addunt,
2689 5731 2945 5785 licininem.

2191 5799 2210 5828 ³
2233 5806 2305 5843 sic
2325 5801 2426 5842 Mss.
2455 5794 2592 5853 Editi,
2613 5794 2832 5846 fidenter.

2197 5859 2216 5890 ³
2245 5857 2448 5908 vaticani
2472 5849 2646 5909 sisset
2670 5856 2907 5920 Gallicani,
2935 5852 3000 5905 ad
3018 5849 3270 5918 inﬁnitum.
