4098 6552
438 381 543 437 863

442 513 459 546 ι
491 494 546 549 Si
599 507 718 557 res,
751 511 769 546 ι
816 491 989 563 inquis
1010 534 1026 560 ,
1075 509 1094 544 ι
1123 507 1240 564 qua:
1268 492 1522 548 decenter
1553 490 1792 548 ordinata
1823 497 1924 556 est,
1954 488 2023 545 ad

438 586 607 641 Deum
630 586 875 655 pertinet,
902 597 957 641 et
982 600 1067 641 res
1082 601 1199 656 qua:
1219 586 1284 639 ad
1304 586 1466 640 Deum
1489 584 1736 655 pertinet,
1754 584 1887 639 bona
1911 590 2024 648 est;

437 677 635 731 bonum
663 686 743 731 est
764 676 943 746 itaque
966 664 1231 731 subditum
1262 692 1382 732 esse
1411 675 1644 743 diabolo,
1667 675 1918 746 quoniam
1943 673 2026 729 in-

436 769 655 822 stitutus
682 783 712 821 a
745 767 853 822 Deo
885 781 980 838 per
1005 767 1105 822 hoc
1134 766 1265 822 ordo
1292 777 1552 822 servatur.
1594 767 1968 837 Sequiturque,
2000 784 2021 818 ι

440 859 652 929 inquis,
690 877 710 912 ι
735 867 790 913 ιιι
834 860 1030 935 malum
1084 861 1157 915 sit
1199 861 1457 916 rebellare
1495 861 1727 927 diabolo,
1773 860 2024 930 quoniam

438 965 534 1020 per
569 949 967 1006 resnltationem
1013 951 1284 1005 institutus
1323 966 1353 1006 a
1396 952 1504 1006 Deo
1537 951 1671 1007 ordo
1708 952 1966 1006 turbatur.
2001 969 2019 1002 ι

440 1038 635 1095 Posses
673 1040 870 1105 dicere,
906 1040 1014 1095 Deo
1045 1042 1296 1097 resistere
1321 1043 1598 1113 agricolas,
1625 1045 1848 1114 ejusque
1875 1043 2025 1097 ordi-

439 1146 564 1187 nem
597 1133 929 1201 perturbare,
961 1133 1234 1203 purgando
1266 1150 1420 1205 agros
1443 1150 1471 1187 a
1500 1136 1666 1203 Spinis
1692 1144 1745 1190 et
1777 1136 1981 1189 tribulis
2006 1177 2022 1203 ,

438 1236 560 1291 qnte
584 1222 670 1275 ille
696 1224 1062 1291 peccatoribus
1090 1224 1231 1278 nasci
1256 1223 1411 1293 jussit
1442 1225 1495 1279 in
1529 1240 1736 1294 penam
1768 1223 1917 1297 (Gen.
1943 1241 2021 1290 ιιι,

443 1313 556 1381 18).
586 1312 740 1379 Quid,
773 1313 912 1383 quod
950 1314 1048 1367 ista
1092 1323 1176 1367 tua
1222 1317 1425 1370 ratione
1469 1316 1569 1370 dici
1614 1326 1787 1386 potest
1816 1333 1827 1368 :
1853 1316 1896 1370 si
1938 1331 2026 1371 res

439 1418 558 1469 qua:
589 1403 841 1456 decenter
882 1403 1123 1457 ordinata
1151 1414 1251 1470 est,
1278 1404 1343 1458 ad
1381 1406 1544 1460 Deum
1588 1406 1835 1477 pertinet,
1867 1416 1919 1461 et
1940 1422 2025 1461 res

440 1508 562 1563 qua!
593 1495 657 1547 ad
696 1494 863 1549 Deum
906 1496 1131 1564 pertinet
1167 1497 1303 1552 bona
1345 1509 1455 1563 est;
1500 1499 1695 1553 bonum
1726 1510 1807 1553 est
1836 1500 2024 1554 malis‘

442 1598 564 1638 esse
604 1585 656 1638 in
695 1584 970 1654 gebenna,
1003 1587 1250 1656 quoniam
1296 1587 1565 1642 institutus
1596 1603 1626 1641 a
1665 1589 1774 1643 Deo
1803 1605 1896 1659 per
1923 1589 2027 1645 hoc

441 1675 573 1731 ordo
595 1678 867 1731 servatur?
895 1677 1045 1747 Quod
1073 1694 1199 1732 vero
1240 1686 1291 1734 tu
1333 1680 1504 1744 addis,
1547 1698 1566 1731 ι
1590 1681 1940 1750 Sequiturque
1971 1691 2027 1736 ut

439 1767 637 1821 malum
670 1768 739 1821 sit
773 1768 1033 1824 rebellare
1060 1767 1291 1835 diabolo,
1325 1769 1574 1839 quoniam
1600 1787 1694 1840 per
1721 1772 2024 1825 resultatio-

438 1874 562 1912 nem
595 1859 863 1914 institutus
889 1876 917 1913 a
952 1861 1061 1915 Deo
1090 1861 1222 1917 ordo
1248 1863 1553 1929 turbatur,»
1587 1877 1683 1918 cur
1716 1863 1816 1918 hoc
1853 1864 2027 1918 dicis?

437 1950 567 2019 ριιὶε
604 1953 744 2005 enim
775 1953 995 2007 rebellat
1022 1953 1257 2020 diabolo,
1286 1954 1385 2009 nisi
1406 1955 1474 2008 ab
1502 1954 1618 2025 ejus
1647 1964 1909 2026 potestate
1931 1972 2027 2025 per

436 2043 741 2100 Mediatoris
780 2045 1092 2116 sanguinem
1130 2046 1423 2102 liberatus?
1464 2048 1650 2103 Melius
1686 2063 1814 2118 ergo
1854 2049 2027 2103 fuerat

440 2135 645 2192 hostem
674 2154 778 2192 non
811 2138 1008 2194 habere
1031 2181 1047 2207 ,
1076 2154 1233 2209 quam
1257 2141 1492 2196 vincere.
1542 2140 1647 2197 Sed
1673 2142 1794 2212 quia
1826 2142 2025 2211 peccati

436 2229 630 2284 merito
651 2228 880 2283 lmmana
907 2241 1091 2285 natura
1119 2230 1327 2286 subdita
1344 2242 1426 2288 est
1444 2232 1613 2299 hosti;
1642 2234 1820 2303 prius”
1842 2236 2023 2300 homo,

436 2332 495 2375 ut
522 2321 775 2376 adversus
802 2338 924 2377 eum
952 2338 1187 2393 pugnare
1216 2324 1420 2394 possit,
1452 2324 1520 2379 ab
1559 2324 1674 2395 ejus
1699 2327 1902 2381 eruitur
1933 2341 2027 2395 po-

437 2420 651 2467 testate.
681 2413 882 2469 Deinde
912 2415 955 2468 si
979 2416 1086 2469 vita
1114 2423 1196 2470 est
1224 2416 1275 2470 in
1300 2415 1401 2471 hac
1425 2432 1586 2472 carne
1618 2417 1893 2487 prolixior,
1917 2432 2028 2472 eer-

437 2513 560 2560 tans
582 2504 878 2575 adjuvetur,
908 2513 967 2560 ut
995 2518 1229 2578 superet.
1262 2508 1542 2563 Postremo
1562 2510 1732 2563 vietor
1758 2509 2028 2565 beatifica-

438 2607 545 2665 tur,
579 2608 635 2652 ut
659 2608 866 2669 regnet,
896 2599 1133 2654 dicturus
1156 2600 1205 2653 in
1236 2600 1359 2665 line,
1388 2599 1485 2654 Ubi
1513 2610 1604 2666 cst,
1636 2618 1791 2667 mors,
1823 2611 2027 2655 conten-

437 2690 508 2743 tio
538 2698 621 2742 tua
645 2687 798 2760 (Osce
824 2705 936 2754 xm,
964 2689 1089 2762 Ui)?
1130 2689 1242 2757 Vel,
1270 2690 1406 2745 sicut
1430 2691 1556 2746 dicit
1584 2693 1888 2761 Apostolus,
1927 2692 2026 2747 Ubi

436 2790 530 2843 est,
571 2797 738 2847 mors,
782 2781 989 2834 victoria
1030 2782 1153 2836 tua?
1188 2782 1272 2835 ubi
1309 2791 1381 2838 est
1404 2824 1418 2851 ,
1460 2799 1594 2838 mora
1617 2826 1633 2851 ,
1667 2786 1872 2840 aculeus
1910 2794 2026 2841 tuus

437 2867 483 2941 (1
516 2871 628 2924 Cor.
661 2887 748 2937 xv,
777 2872 895 2939 55)?
979 2926 986 2934 ,

510 2963 735 3020 CAPUT
775 2964 919 3020 XXI.
949 2997 1021 3008 —
1046 2965 1134 3021 66.
1177 2966 1312 3035 Quin
1351 2967 1508 3022 etiam
1538 2968 1646 3023 visa
1681 2978 1804 3024 sunt
1836 2970 1925 3025 tibi
1956 2969 2024 3026 de

439 3054 713 3110 Manichmi
745 3056 893 3111 libris
922 3058 1172 3112 nonnulla
1199 3073 1318 3113 esse
1340 3058 1603 3128 ponenda,
1629 3060 1821 3130 quibus
1848 3076 2022 3115 meam

437 3147 755 3202 sententiam
783 3162 1149 3218 comparares:
1173 3164 1292 3204 cum
1315 3164 1412 3219 ego
1432 3150 1860 3206 commixtionem
1891 3151 2024 3206 dua-

435 3252 555 3292 rum
596 3248 923 3304 naturarum,
966 3237 1089 3292 boni
1129 3239 1331 3294 scilicet
1362 3248 1416 3294 cl
1458 3240 1600 3307 mali,
1632 3240 1771 3296 unde
1810 3240 2023 3296 illorum

440 3337 549 3382 tota
574 3328 808 3384 fabulosa
837 3338 1015 3383 manat
1044 3330 1266 3396 insania,
1294 3346 1397 3383 non
1429 3331 1599 3385 solum
1633 3330 1736 3386 fide
1757 3331 2025 3402 verboque

437 3420 672 3474 detester
699 3429 751 3475 et
789 3420 1067 3485 damnem;
1108 3437 1290 3475 verum
1325 3422 1484 3477 etiam
1519 3423 1610 3477 tibi
1642 3424 1739 3493 ipsi
1768 3423 2026 3495 suffraga-

439 3512 542 3566 tori
589 3527 772 3569 eorum
818 3514 1115 3569 resistendo
1157 3523 1312 3584 teque
1356 3514 1647 3570 refellendo
1686 3516 2022 3571 convincam.

437 3605 572 3662 Cum
613 3608 753 3660 enim
791 3616 976 3661 contra
1019 3621 1112 3663 eos
1147 3608 1341 3663 veritas
1380 3607 1594 3675 clamet,
1633 3610 1769 3663 mala
1814 3609 1913 3665 nisi
1957 3609 2026 3666 de

439 3698 595 3753 bonis
624 3707 736 3754 orta
767 3715 871 3755 non
903 3717 1021 3756 esse
1045 3719 1059 3755 :
1085 3717 1262 3757 nonne
1289 3712 1344 3755 tu
1376 3717 1472 3771 pro
1508 3702 1634 3772 ipsis
1665 3712 1718 3758 et
1746 3703 2025 3775 eumipsis

440 3800 625 3844 Ct-nll'il
651 3791 926 3846 veritatem
959 3793 1239 3860 reclamas,
1274 3811 1293 3843 ι
1324 3793 1425 3847 I’cr
1451 3809 1585 3863 opus
1624 3794 1715 3849 Dei
1747 3810 1879 3864 opus
1905 3794 2025 3851 dia-

442 3881 551 3936 bofi
596 3883 822 3953 transire
859 3898 964 3937 non
1010 3883 1218 3937 sinitur.
1257 3882 1374 3938 Non
1418 3893 1591 3953 potest
1626 3885 1750 3939 mali
1791 3885 1940 3941 radix
1973 3886 2027 3941 in

441 3975 587 4029 dono
612 3952 709 4030 Dei
750 3975 935 4031 locari.
980 3972 1177 4030 Rerum
1206 3975 1340 4030 ratio
1367 3990 1471 4029 non
1507 3976 1653 4041 sinit,
1692 3984 1750 4047 ut
1783 3976 1850 4033 de
1888 3977 2027 4033 bono

442 4066 666 4133 malum,
702 4074 757 4120 et
796 4065 863 4121 de
892 4065 1038 4137 justo
1065 4066 1302 4136 iniquum
1330 4065 1526 4136 aliquid
1557 4066 1879 4136 proferatur.
1910 4067 2028 4123 Non

443 4166 735 4213 nascuntur
760 4168 973 4228 peccata
1000 4156 1068 4211 de
1096 4172 1157 4211 ea
1180 4171 1255 4220 re,
1281 4172 1399 4227 quae
1429 4156 1595 4211 libera
1624 4166 1706 4211 est
1730 4172 1761 4212 a
1790 4167 2026 4227 peccato.

443 4250 522 4308 De
561 4248 663 4304 hoc
702 4264 866 4320 Opere
909 4248 1049 4320 quod
1098 4264 1201 4303 non
1240 4248 1398 4304 habet
1433 4251 1665 4319 culpam,
1696 4250 1837 4305 nasci
1873 4252 2028 4321 culpa

368 4377 373 4382 “
444 4360 551 4398 non
575 4350 776 4413 potest»
804 4340 1021 4413 (Supra,
1048 4340 1135 4394 lib.
1155 4343 1204 4405 1,
1225 4357 1375 4411 capp.
1398 4342 1452 4407 8,
1477 4342 1527 4406 9,
1553 4353 1597 4396 ct
1614 4342 1703 4396 lib.
1726 4343 1782 4410 5,
1806 4359 1921 4414 cap.
1939 4345 2027 4411 I6,

444 4455 537 4494 tm.
570 4437 659 4500 59,
687 4435 818 4502 64)?
879 4433 1083 4501 Quibus
1120 4434 1368 4488 omnibus
1392 4434 1611 4489 vocibus
1659 4436 1764 4489 tuis
1808 4434 2029 4491 ceitfici-

447 4538 554 4596 tur,
585 4541 691 4582 non
721 4540 843 4587 esse
862 4523 997 4578 mala
1020 4532 1203 4579 exorta
1233 4523 1301 4580 de
1327 4524 1512 4589 bonis;
1547 4533 1604 4580 ut
1624 4535 1807 4591 restet,
1836 4540 2030 4582 secun-

444 4620 572 4677 dum
602 4618 919 4675 Manicba‘os
937 4659 952 4682 ,
984 4633 1088 4672 non
1117 4631 1238 4673 esse
1265 4617 1401 4672 mala
1428 4625 1611 4672 exorta
1639 4617 1736 4672 nisi
1762 4619 1830 4674 de
1854 4620 2028 4674 malis.

445 4711 726 4780 Quomodo
768 4724 896 4781 ergo
943 4724 1263 4780 quemquam
1315 4708 1723 4764 Manichznorum
1778 4711 2028 4778 nomine,

448 4816 700 4878 tanquam
728 4819 913 4860 cormn
941 4802 1279 4858 adversarius
1304 4802 1635 4869 criminaris;
1683 4818 1802 4858 enm
1848 4806 1926 4860 sic
1964 4806 2033 4861 ab

447 4912 631 4952 eorum
669 4905 818 4966 parte
850 4893 1143 4958 consistas,
1173 4903 1229 4947 ut
1255 4892 1392 4948 vinci
1427 4894 1646 4949 omnino
1672 4910 1778 4949 non
1807 4896 2029 4965 possint,

448 4988 550 5043 nisi
582 5002 702 5045 eum
733 4986 837 5041 illis
867 4994 921 5039 et
953 4985 1065 5054 ipse
1096 4985 1356 5039 vincaris?
1395 4985 1547 5053 Quod
1587 4987 1638 5041 in
1679 4988 1851 5057 primo
1879 4988 2034 5058 hujus

448 5081 625 5148 operis
690 5079 826 5137 libro
869 5078 1141 5147 aliquanto
1188 5079 1457 5148 cepiosius
1505 5077 1672 5151 (Cap.
1719 5081 1830 5152 8),
1887 5092 1938 5135 et
1983 5081 2034 5136 in

447 5173 633 5241 quinte
664 5171 875 5226 brevius
905 5168 1063 5243 (Cap.
1097 5168 1222 5242 I6),
1251 5180 1307 5226 et
1340 5170 1426 5227 hic
1465 5171 1720 5229 hactenus
1746 5189 1842 5228 nos
1865 5175 2037 5243 egisse

450 5266 737 5320 suifecerit.

523 5359 612 5412 ιιῖ.
661 5357 779 5427 Ipsa
818 5368 948 5411 rem
989 5371 1108 5426 quze
1151 5354 1450 5411 communis
1493 5364 1580 5410 est
1626 5356 1779 5412 vobis
1817 5356 2038 5414 htrresis

453 5459 626 5502 Vestra
649 5456 901 5518 quantum
927 5448 1245 5502 Maniebmos
1271 5447 1503 5516 adjuvet,
1519 5449 1627 5518 jam
1659 5449 1871 5519 quidem
1896 5465 2039 5521 s;rpe

453 5541 768 5609 monstravi,
802 5540 894 5593 sed
925 5555 992 5595 ne
1019 5539 1104 5594 hic
1125 5539 1337 5609 quidem
1368 5549 1451 5596 est
1474 5542 1849 5598 omittendum.
1898 5544 2041 5600 Enuo

457 5642 665 5688 Inerant
708 5632 979 5686 lllaniclnei
1022 5632 1158 5686 mala
1198 5647 1314 5702 qua:
1346 5632 1399 5686 in
1431 5635 1662 5703 parvulis
1702 5645 2038 5705 monstrant,

523 5776 539 5840 ξ
572 5782 663 5823 tm.
687 5780 759 5821 Er.
787 5782 837 5840 et
862 5774 1085 5840 plerique
1107 5783 1234 5836 Mss,
1252 5773 1417 5827 maloa.

524 5838 545 5870 ι
569 5841 697 5897 Lov.,
722 5836 921 5899 primus.
949 5836 1031 5889 Atii
1074 5845 1145 5889 Er.
1169 5847 1220 5891 et
1243 5845 1371 5901 llas,
1393 5838 1550 5902 prius.

1253 378 1525 437 CONTRA
1563 376 1900 437 JULIANUM
1934 374 2372 433 PELAGIANIIM
2433 377 2492 435 S.
2533 366 2901 439 AITGUSTINI
3224 357 3242 389 ³

3610 388 3715 448 884

2133 503 2251 559 qua:
2277 488 2463 546 Cicero
2491 506 2702 564 quoque
2731 507 3114 554 commemorat
3156 497 3207 555 in
3253 500 3402 557 libris
3439 501 3505 558 de
3531 502 3716 575 Repu-
3778 557 3795 565 -

2130 579 2289 648 inca,
2309 582 2445 638 unde
2474 584 2583 654 ipsa
2600 585 2718 657 ejus
2732 587 2887 643 verba
2908 587 3018 659 jam
3043 592 3283 647 transtuli
3311 592 3527 664 (Supra,
3548 597 3632 651 lib.
3654 598 3714 666 ι,

2129 686 2246 742 cap.
2278 672 2387 743 12).
2418 671 2471 727 In
2494 689 2718 745 quorum
2740 678 3000 734 malorum
3031 685 3535 742 commemoratione
3559 686 3711 756 dicit,

2136 777 2273 815 «non
2316 774 2371 817 ut
2410 778 2439 818 a
2482 773 2651 821 matre
2689 776 2897 835 natura,
2920 770 3014 825 sed
3045 780 3101 826 ut
3129 786 3157 824 a
3186 788 3413 830 noverca
3444 774 3713 833 hominem

2131 851 2183 907 in
2207 853 2302 909 has
2322 871 2589 912 aerumnas
2609 873 2729 914 esse
2751 860 3063 930 projectum.
3088 881 3109 916 ι
3144 864 3257 921 Iluc
3276 868 3533 923 accedunt
3552 871 3714 927 etiam

2131 942 2241 1008 illa,
2281 961 2403 1015 quze
2453 963 2558 1002 non
2607 950 2819 1020 quidem
2869 969 3056 1009 omnes
3098 957 3372 1025 parvulos,
3398 960 3493 1014 sed
3536 968 3713 1017 tanien

2128 1034 2388 1105 plurimos
2435 1038 2705 1094 cernimus
2758 1043 2962 1112 perpeti
3016 1046 3179 1101 multa
3230 1058 3286 1102 et
3327 1049 3514 1103 varia‘
3544 1052 3707 1112 mala.

2131 1139 2298 1194 usque
2325 1126 2388 1179 ad
2414 1126 2712 1183 (ιευιιιοιιιιιιι
2741 1131 3003 1188 incursus.
3052 1135 3227 1205 Atque
3267 1139 3591 1196 concludunt
3631 1142 3713 1197 di-

2130 1224 2332 1278 centes,
2362 1214 2494 1270 Cum
2517 1217 2587 1271 sit
2606 1218 2782 1288 justus
2810 1230 2866 1276 et
2894 1225 3234 1293 omnipotens
3261 1227 3418 1292 Deus,
3449 1230 3587 1285 unde
3611 1233 3712 1287 ista

2132 1308 2271 1362 mala
2313 1315 2508 1378 patitur
2551 1312 2722 1381 imago
2756 1312 2871 1383 ejus
2915 1315 2967 1369 in
3013 1319 3276 1387 parvulis,
3306 1321 3405 1375 nisi
3441 1326 3560 1392 quia
3585 1339 3713 1379 vera

2131 1409 2231 1464 est,
2265 1401 2524 1469 inquiunt,
2556 1418 2713 1472 quam
2755 1419 2852 1459 nos
2900 1409 3188 1462 asset-imus
3234 1410 3457 1466 duarum
3502 1424 3714 1469 natura-

2131 1505 2273 1555 rum,
2305 1493 2425 1545 boni
2454 1494 2655 1547 scilicet
2681 1496 2909 1565 malique
2934 1499 3280 1554 commixtio?
3319 1502 3428 1557 llos
3449 1504 3713 1561 catholica

2131 1581 2399 1651 redarguit
2430 1583 2623 1639 veritas
2646 1624 2665 1650 ,
2696 1588 2958 1641 confitens
2997 1589 3253 1659 originale
3297 1604 3593 1662 peccatum,
3622 1613 3714 1665 per

2129 1671 2271 1741 quod
2305 1672 2497 1726 factum
2540 1686 2621 1728 est
2654 1675 2954 1731 daemonum
2997 1678 3279 1735 ludibrium
3321 1698 3493 1753 genus
3525 1684 3715 1740 huma—

2132 1777 2256 1814 num
2276 1804 2290 1828 ,
2318 1770 2374 1816 ct
2401 1763 2676 1818 laboriosa:
2706 1766 2935 1822 miseria:
2968 1767 3228 1825 destinata
3256 1788 3489 1845 propago
3516 1787 3717 1833 morta-

2131 1850 2280 1906 lium.
2304 1853 2418 1906 Nun
2441 1865 2616 1908 autem
2642 1857 2710 1910 ita
2736 1866 2899 1922 esset,
2928 1859 2972 1913 si
2994 1859 3222 1915 humana
3245 1873 3435 1918 natura
3463 1881 3555 1935 per
3582 1867 3716 1924 libe~

2130 1957 2247 1997 rum
2280 1944 2555 1998 arbitrium
2585 1946 2635 2000 in
2663 1962 2769 2017 quo
2798 1957 2937 2003 statu
2968 1952 3194 2020 primum
3228 1953 3442 2010 condita
3478 1967 3562 2012 est
3595 1974 3715 2028 per—

2130 2033 2373 2088 Stitisset.
2425 2034 2528 2088 Vos
2575 2046 2751 2092 autem
2804 2050 3060 2109 negantes
3100 2044 3356 2114 originale
3404 2057 3709 2115 peccatum,

2132 2122 2370 2192 profecto
2396 2134 2487 2178 aut
2511 2127 2772 2195 cogemini
2797 2128 2973 2184 dicere
3006 2131 3171 2187 Deum
3193 2134 3273 2189 vel
3297 2134 3603 2202 invalidum,
3630 2142 3713 2195 vel

2131 2213 2407 2284 injustam,
2441 2217 2542 2271 sub
2567 2217 2719 2287 cujus
2749 2229 3012 2289 potestate
3040 2223 3214 2295 imago
3242 2226 3359 2296 ejus
3388 2228 3442 2283 in
3480 2231 3713 2299 parvulis

2131 2307 2248 2361 sine
2281 2308 2388 2362 ullo
2415 2306 2498 2364 vel
2527 2312 2723 2381 proprii
2748 2314 2829 2368 vel
2859 2314 3134 2386 originalis
3157 2320 3355 2388 peccati
3386 2323 3574 2380 merito
3600 2334 3714 2381 tan-

2133 2396 2199 2450 tis
2228 2397 2478 2469 affligitur
2504 2401 2691 2468 malis;
2737 2418 2842 2458 non
2872 2406 3013 2460 enim
3045 2422 3136 2476 per
3162 2408 3279 2467 haec
3303 2422 3581 2471 exercetur
3602 2417 3711 2472 vir-

2133 2496 2240 2556 tus,
2264 2491 2404 2559 quod
2430 2502 2573 2548 recte
2595 2493 2661 2549 de
2681 2493 2834 2550 bonis
2858 2496 3159 2556 hominibus
3186 2503 3473 2573 majoribus
3498 2506 3707 2578 dicitur,

2132 2578 2184 2633 in
2213 2581 2404 2650 quibus
2431 2584 2650 2639 rationis
2683 2594 2765 2640 est
2802 2602 2927 2641 usus
2958 2606 2972 2642 :
3002 2599 3122 2658 aut,
3153 2592 3272 2661 quia
3307 2594 3468 2649 Deum
3502 2598 3578 2653 vel
3607 2599 3709 2653 imo

2130 2681 2400 2742 potentem
2433 2675 2518 2729 vel
2545 2676 2781 2746 iniquum
2810 2678 2988 2734 dicere
3026 2698 3131 2738 non
3168 2688 3408 2756 potestis,
3441 2689 3709 2749 Manicbxi
3790 2714 3797 2719 θ

2129 2773 2313 2818 contra
2334 2781 2429 2820 vos
2451 2782 2686 2823 errorem
2708 2784 2863 2825 suum
2889 2772 3148 2830 nefarium
3169 2777 3237 2834 de
3256 2779 3477 2837 duarum
3500 2785 3634 2840 inter
3652 2800 3711 2842 se

2131 2856 2465 2912 inimicarum
2518 2861 2933 2918 substantiarum
2990 2869 3343 2936 permixtione
3398 2873 3707 2933 firmabant.

2128 2947 2244 3004 Non
2278 2949 2435 3021 igitur
2470 2968 2586 3007 «nte
2607 2954 2675 3007 ab
2700 2954 2984 3015 infectionc
3005 2959 3434 3033 Maniehzeorum,
3460 2970 3599 3025 nulla
3616 2972 3658 3038 ⁸,
3685 2990 3706 3025 ι

2130 3043 2265 3097 sicut
2290 3043 2443 3111 dicis,
2478 3062 2497 3098 ‹
2523 3046 2738 3102 mundat
2781 3048 2943 3106 herba
2991 3051 3225 3110 fullonis.
3251 3075 3272 3110 ι
3324 3059 3522 3128 Quibus
3565 3076 3711 3133 petu-

2127 3132 2361 3189 lantibus
2387 3136 2563 3191 verbis
2598 3137 2727 3192 facis
2766 3138 2979 3198 lavacro
3002 3149 3419 3216 regenerationis
3442 3132 3706 3223 injuriam,

2131 3225 2271 3295 quod
2299 3227 2350 3280 in
2377 3228 2497 3282 sinu
2524 3229 2812 3287 Catholicae
2850 3236 3036 3292 matris
3061 3240 3262 3309 accepi.
3304 3243 3408 3298 Sed
3435 3246 3582 3301 vobis
3607 3257 3710 3303 tam

2130 3320 2452 3375 malitiosum
2484 3337 2745 3378 venenum
2773 3328 2973 3399 antiqui
3001 3329 3249 3388 draconis
3292 3335 3524 3406 irrepsit,
3558 3350 3614 3396 ut
3654 3349 3709 3395 et

2130 3408 2430 3467 Catholicos
2467 3413 2688 3469 horrore
2734 3416 3008 3475 Manicbzei
3052 3424 3283 3480 nonduis
3327 3427 3611 3495 infametis,
3658 3440 3714 3488 et

2130 3501 2453 3559 Manicbreos
2479 3506 2821 3572 perversitate
2845 3511 3007 3566 vestri
3035 3511 3296 3584 dogmatis
3321 3517 3604 3587 adjuvetis.

2201 3591 2425 3650 CAPUT
2442 3594 2583 3650 XXII
2606 3594 2778 3669 (a).—
2800 3599 2890 3656 68.
2920 3600 3048 3657 Illud
3071 3620 3198 3659 vero
3215 3606 3282 3662 de
3300 3609 3401 3662 alio
3420 3611 3557 3666 libro
3572 3628 3706 3679 meo,

2130 3685 2272 3757 quod
2312 3685 2378 3741 ad
2419 3686 2780 3744 Marcellinum
2817 3693 3060 3750 scribens
3078 3696 3208 3763 dixi,
3237 3717 3255 3750 ι
3280 3699 3440 3756 Filios
3475 3705 3712 3761 mulieris

2130 3790 2250 3844 qua:
2279 3777 2510 3846 serpenti
2540 3779 2765 3835 credidit
2794 3790 2853 3836 ut
2886 3782 3103 3841 libidine
3132 3802 3578 3860 corrumperetur,
3609 3810 3710 3851 non

2132 3866 2349 3922 liberari
2376 3868 2475 3923 nisi
2507 3885 2602 3939 per
2622 3870 2813 3928 Filium
2849 3873 3097 3946 Virginis,
3131 3894 3249 3949 quae
3276 3883 3467 3952 angelo
3492 3886 3715 3943 credidit

2132 3966 2192 4012 ut
2213 3958 2325 4012 sine
2349 3958 2565 4018 libidine
2591 3960 2845 4019 fetarctur
2867 3984 2886 4018 ι
2918 3965 3053 4036 (Lib.
3083 3970 3105 4024 I
3131 3969 3194 4024 de
3213 3982 3529 4042 peccatorum
3552 3976 3709 4032 Mario

2132 4049 2195 4103 tis
2216 4060 2261 4104 ct
2291 4050 2622 4121 Ilemissione,
2659 4070 2776 4126 cap.
2804 4057 2896 4127 28)
2922 4075 2936 4111 :
2966 4059 3035 4114 ita
3075 4063 3295 4131 posuisti
3320 4074 3477 4135 atque
3515 4069 3583 4122 ita
3620 4084 3710 4124 vo—

2132 4139 2275 4195 luisti
2301 4142 2500 4213 accipi,
2530 4153 2780 4216 tanquam
2812 4147 3074 4217 dixerim,
3112 4170 3132 4204 ι
3156 4154 3299 4224 quod
3343 4156 3467 4213 Eva:
3489 4175 3708 4231 serpens

2133 4234 2454 4291 eommixtus
2493 4235 2651 4293 fuerit
2677 4240 2959 4296 concubitu
3005 4246 3302 4315 corporali;
3334 4266 3353 4300 ι
3388 4250 3524 4306 sicut
3552 4252 3714 4308 Mani-

2134 4325 2270 4382 chaei
2293 4327 2586 4399 principem
2616 4331 2953 4388 tenebrarum
2980 4335 3219 4405 ejusdem
3246 4340 3487 4397 mulieris
3514 4352 3710 4413 patrem

2134 4434 2256 4473 cum
2298 4419 2382 4473 illa
2420 4421 2771 4479 concubuisse
2799 4423 3047 4481 delirant.
3078 4427 3193 4484 IIoc
3233 4445 3332 4501 ego
3357 4431 3424 4488 de
3469 4444 3715 4506 serpente

2136 4529 2241 4569 non
2269 4513 2400 4569 dixi.
2440 4515 2545 4571 Sed
2581 4518 2838 4589 numquid
2871 4528 2923 4574 tu
2963 4530 3148 4577 contra
3177 4524 3493 4593 Apostolum
3520 4543 3712 4599 negas,

2136 4617 2370 4663 mentem
2419 4609 2658 4664 mulieris
2702 4625 2733 4664 a
2783 4622 3033 4682 serpente
3083 4618 3427 4687 corruptam?
3467 4620 3549 4674 An
3595 4636 3715 4678 eum

2137 4716 2244 4756 non
2294 4700 2465 4768 audis,
2517 4702 2605 4757 ubi
2639 4702 2782 4771 dicit,
2827 4703 2999 4761 Timeo
3043 4724 3106 4762 ne
3150 4709 3276 4765 sicut
3319 4718 3522 4783 serpens
3558 4712 3717 4769 Eram

2137 4793 2315 4863 fefellit
2355 4793 2406 4847 in
2447 4795 2666 4850 versutia
2707 4812 2834 4864 sua,
2879 4799 2951 4852 ita
2988 4813 3377 4873 corrumpantur
3414 4816 3599 4862 mentes
3635 4824 3715 4863 ao-

2138 4895 2258 4938 slra:
2297 4901 2329 4937 a
2370 4885 2691 4956 simplicitate
2737 4898 2786 4943 et
2826 4892 3054 4945 castitate
3076 4934 3091 4958 ,
3144 4911 3257 4964 qtae
3295 4906 3369 4951 cst
3430 4899 3484 4953 in
3525 4900 3717 4955 Christo

2144 4975 2217 5048 (Il
2247 4975 2365 5030 Cor.
2396 4993 2477 5042 xl,
2509 4976 2604 5049 5)?
2630 4980 2703 5034 lix
2737 4980 2833 5035 ista
2866 4982 3048 5053 utique
3070 4987 3412 5055 corruptione
3436 4993 3715 5060 serpentis,

2140 5068 2310 5137 qualis
2332 5070 2386 5121 fit
2406 5070 2565 5123 etiam
2602 5071 2817 5140 quando
2836 5085 3187 5146 corrumpunt
3223 5094 3400 5135 mores
3422 5082 3585 5135 bonos
3604 5083 3710 5137 col-

2143 5159 2317 5228 loquia
2342 5159 2478 5214 mala
2500 5158 2538 5232 (I
2564 5158 2681 5214 Cor.
2710 5177 2806 5227 xv,
2831 5163 2943 5233 '55),
2975 5167 3214 5233 pervenit
3235 5167 3257 5199 ³
3281 5167 3444 5223 libido
3469 5170 3715 5242 peccandi

2143 5250 2194 5304 in
2226 5260 2456 5304 mentem
2487 5252 2725 5307 mulieris
2750 5270 2763 5317 ;
2784 5262 2841 5307 ut
2866 5264 2921 5310 et
2940 5255 3054 5310 viro
3077 5258 3513 5326 prmvarieatione
3537 5277 3710 5317 eorru-

2146 5354 2268 5415 pto,
2318 5343 2513 5399 deinde
2566 5345 2651 5399 illa
2679 5345 2720 5411 ’⁵,
2749 5346 2817 5401 de
2863 5364 2965 5417 qua
3022 5350 3349 5407 erubueruut
3387 5362 3444 5410 et
3483 5356 3716 5426 pudenda

2214 5437 2230 5502 ξ
2259 5441 2411 5502 Duae
2435 5436 2671 5502 \jaticauis
2695 5444 2821 5502 Mss,,
2840 5442 2886 5487 ct
2911 5439 3095 5502 grauia.

2209 5497 2230 5565 ξ
2258 5498 2389 5565 editi.
2418 5496 2535 5565 alla.
2566 5500 2735 5548 verius
2756 5496 2937 5565 aliquoi
2961 5511 3086 5565 διεδ,
3109 5501 3258 5554 nulla.

2211 5557 2233 5624 ξ
2258 5558 2579 5624 ln__plcri_sque
2603 5567 2726 5618 Mss,
2748 5557 2976 5624 prouenit.

2211 5618 2234 5651 δ
2258 5621 2394 5690 ιῑίιιιι,
2438 5618 2731 5690 inﬁtiante":
2748 5618 2757 5624 ⁷
2775 5622 2992 5676 auriferis
3026 5631 3072 5676 et
3104 5625 3226 5688 viri;
3250 5635 3301 5678 at
3323 5628 3717 5690 pra't'art'ratienit

2148 5680 2396 5742 corruptio
2414 5680 2591 5731 deinde
2625 5681 2727 5732 illa.
2752 5693 2930 5736 omnes
2963 5697 3124 5739 tamen
3167 5680 3370 5740 Vaticabi
3418 5701 3469 5743 et
3507 5692 3717 5742 Gallicani

2150 5750 2277 5817 Mss...
2295 5743 2347 5817 in
2358 5750 2567 5817 mentem
2582 5744 2825 5817 audieris;
2836 5752 2885 5817 ut
2906 5756 2950 5799 et
2966 5750 3066 5802 tiro
3080 5752 3471 5817 prterartcatione
3488 5764 3717 5817 comth

2157 5804 2332 5855 deinde
2351 5805 2434 5854 illa
2455 5817 2471 5854 :
2496 5807 2715 5866 subaudi,
2739 5804 2904 5861 libido.

2219 5866 2290 5931 (τι)
2326 5867 2451 5932 Apud
2471 5877 2571 5919 Am.
2599 5876 2648 5920 et
2667 5875 2753 5931 En,
2798 5871 2869 5923 l0.
