4098 6530
404 372 509 433 865

403 494 682 553 texerunt,
707 493 1020 557 sequeretur
1047 483 1102 542 ln
1127 499 1312 553 carne,
1341 499 1447 540 non
1479 482 1675 539 diaboli
1700 481 1989 538 accedente

403 579 682 635 concubitu
704 580 987 649 corporali,
1010 579 1103 635 sed
1125 578 1381 650 spirituali
1400 578 1668 649 Deigratia
1685 576 1987 632 recedente.

452 671 541 727 69.
565 669 640 742 (a)
656 669 771 725 Non
788 670 946 741 igitur
971 689 991 724 ι
1012 678 1120 726 tota
1136 670 1495 741 diSputatione
1525 680 1611 723 tua
1630 668 1984 733 contrivisti,»

403 766 540 822 sicut
567 776 616 820 te
637 765 830 834 jactas,
861 784 879 818 ι
902 765 1251 820 assertionem
1278 779 1473 829 meam,
1499 762 1567 819 de
1593 762 1734 817 malo
1757 761 1991 817 carnalis

398 858 843 927 concupiscentia:
864 856 1243 930 originalisque
1269 855 1471 926 peccati
1488 872 1535 921 ς»
1560 862 1810 910 manente
1831 853 1990 910 laude

399 947 703 1017 nuptiarum
727 988 745 1017 ,
784 966 904 1020 qua:
930 949 1066 1003 bene
1104 955 1324 1002 utuntur
1347 946 1521 1010 malo,
1549 960 1655 1001 non
1675 943 1817 1015 quod
1847 942 1990 999 lece-

405 1046 555 1103 tunt,
597 1039 693 1095 sed
728 1040 869 1109 quod
905 1040 1240 1094 invenerunt.
1276 1038 1472 1094 Verum
1508 1051 1607 1092 nec
1646 1037 1791 1105 ipsos
1815 1034 1987 1090 Mani-

397 1127 579 1184 chzeos
605 1131 938 1197 contrivisti,
963 1146 1099 1202 quos
1120 1130 1297 1199 potius
1316 1128 1586 1199 adjuvisti,
1614 1136 1668 1182 tu
1693 1128 1709 1160 ί
1734 1127 1985 1194 maxime,

397 1232 452 1276 et
476 1222 526 1276 in
556 1237 841 1278 commune
868 1239 1058 1280 omnes
1084 1223 1381 1294 Pelagiana:
1411 1222 1663 1279 novitatis
1680 1220 1989 1291 errorisque

399 1313 718 1383 participes,
770 1313 912 1370 sicut
959 1314 1069 1385 jam
1109 1313 1493 1370 demonstravi.
1547 1314 1623 1369 De
1670 1313 1989 1368 testimoniis

399 1405 557 1462 ctiam
590 1416 931 1463 tractaturum
959 1407 1343 1463 catholicorum
1378 1406 1553 1462 sancti
1590 1405 1775 1460 Basilii
1804 1404 1990 1460 Causa.

398 1497 602 1552 rt-eusis
626 1506 680 1552 et
708 1499 877 1553 sancti
903 1498 1125 1554 Joannis
1147 1494 1737 1565 Constantinopolitani,
1762 1509 1988 1564 quorum

401 1587 583 1644 dixisti
612 1605 826 1645 sensum
854 1590 1050 1645 vestris
1069 1590 1392 1647 'mnvenire
1408 1587 1708 1655 sententiis,
1738 1588 1788 1640 in
1816 1587 1989 1656 primo

401 1677 554 1748 hujus
583 1680 684 1733 mei
726 1681 906 1749 operis
930 1680 1088 1746 libro,
1114 1680 1206 1734 tibi
1233 1678 1681 1734 sufﬁcientissima
1714 1687 1769 1734 et
1796 1676 1988 1733 certis-

399 1770 531 1825 sima
559 1772 781 1828 veritate
803 1771 1051 1841 respondi
1075 1772 1260 1843 (Capp.
1288 1772 1323 1827 5
1345 1781 1391 1827 ct
1416 1772 1471 1842 6)
1499 1787 1514 1836 ;
1541 1770 1830 1827 ostendens
1858 1785 1989 1841 que-

398 1861 739 1916 madmodum
782 1878 887 1916 non
927 1863 1271 1933 intelligendo
1297 1864 1539 1932 qua-dam
1572 1863 1730 1918 verba
1759 1877 1946 1917 eorum
1966 1902 1985 1929 ,

396 1952 653 2009 adversus
681 1954 869 2024 (Inng
894 1969 1103 2020 eorum,
1136 1954 1279 2025 quod
1313 1963 1397 2010 est
1418 1954 1611 2025 dogma
1639 1952 1986 2019 catholicum,

398 2043 626 2099 mirabili
660 2045 898 2100 crucis-tte
929 2044 1196 2119 pugnetis.
1237 2045 1293 2099 ln
1331 2045 1567 2101 secundo
1603 2060 1814 2116 quoque
1852 2043 1989 2100 libro

397 2135 528 2193 satis
552 2137 777 2206 egimus,
820 2145 878 2192 ut
903 2145 1157 2208 appareat
1184 2152 1343 2208 quam
1368 2152 1475 2193 non
1512 2137 1602 2203 sit,
1633 2136 1987 2207 quemadmo-

397 2227 526 2284 dum
560 2228 875 2284 conviciaris
894 2269 910 2296 ,
938 2247 956 2280 ι
985 2228 1309 2299 conspiratio
1340 2227 1669 2298 perditorum
1699 2246 1719 2280 ι
1752 2227 1985 2299 (Supra,

401 2319 487 2374 tib.
523 2321 574 2384 1,
601 2335 717 2390 cap.
749 2319 840 2392 7);
876 2319 969 2375 sed
999 2330 1304 2375 sanctorum
1342 2331 1399 2375 et
1433 2318 1761 2375 eruditorum
1799 2318 1988 2374 Eccle-

399 2410 494 2464 siae
528 2411 802 2466 ettltolicze
827 2424 1035 2481 patrum
1082 2412 1197 2482 pius
1227 2410 1506 2481 ﬁdelisquo
1546 2424 1871 2477 consensus,
1898 2410 1988 2480 qui

399 2498 663 2555 haeretica
706 2510 898 2556 vestrae
939 2502 1155 2557 novitati
1198 2503 1454 2558 resistunt
1496 2516 1592 2572 pro
1621 2501 1989 2572 antiquissima

397 2593 655 2648 catholica
682 2596 920 2649 veritate.
947 2594 1093 2651 Unde
1118 2597 1277 2649 etiam
1305 2613 1325 2648 ι
1350 2594 1523 2665 pepuli
1549 2610 1808 2662 murmur,
1837 2592 1981 2665 quod

399 2686 571 2741 solum
595 2685 744 2740 vobis
764 2701 794 2740 a
826 2688 978 2741 nobis
1006 2707 1026 2740 ι
1058 2687 1190 2742 dicis
1223 2705 1242 2739 ι
1266 2688 1486 2759 opponi,
1507 2706 1526 2740 ι
1556 2702 1655 2743 nec
1674 2686 1848 2742 solum
1874 2695 1977 2752 est,

328 2806 339 2811 -
399 2779 521 2849 quia
548 2787 811 2834 tantorum
839 2779 1023 2835 nititur
1042 2780 1355 2836 auctoritate
1381 2779 1691 2844 doctorum;
1715 2788 1769 2835 et
1786 2779 1990 2850 justum

398 2879 501 2934 est,
530 2870 775 2941 quianon
807 2872 918 2926 vult
941 2872 1260 2927 ntevertatis
1284 2871 1383 2926 sibi
1411 2887 1623 2943 quoque
1652 2872 1989 2928 notissimam

402 2963 631 3017 salutem
661 2979 778 3032 quae
810 2962 862 3017 in
890 2963 1101 3019 Christo
1128 2973 1206 3019 est
1236 2965 1596 3034 parvulorum.

468 3052 693 3109 CAPUT
720 3052 906 3108 XXIII.
924 3055 1092 3110 —70.
1116 3054 1266 3122 Quod
1288 3065 1466 3111 autem
1486 3055 1647 3110 verba
1665 3056 1982 3126 apostolica,

399 3142 489 3200 ubi
519 3144 666 3212 dicit,
695 3144 815 3200 Scio
844 3146 966 3210 quia
991 3163 1090 3200 non
1120 3145 1310 3198 habitat
1339 3146 1389 3199 in
1420 3162 1515 3211 me,
1547 3147 1640 3200 Itoc
1665 3155 1736 3200 est
1762 3147 1813 3200 in
1841 3163 1993 3202 carne

400 3252 512 3290 mea
532 3277 547 3302 ,
574 3234 757 3289 bonum
778 3252 796 3301 ;
817 3246 869 3291 et
896 3246 1086 3292 cetera
1113 3252 1281 3307 usque
1310 3236 1377 3291 ad
1399 3236 1549 3294 illud.
1583 3236 1670 3292 ubi
1699 3237 1807 3303 ait,
1834 3236 1993 3292 Miser

401 3343 490 3397 ego
512 3328 680 3391 homo,
700 3326 810 3395 quis
827 3343 906 3380 me
921 3327 1145 3381 liberabit
1159 3327 1220 3379 de
1230 3342 1438 3397 corpore
1452 3327 1622 3381 mortis
1639 3326 1817 3398 hujus?
1839 3346 1858 3379 ι
1871 3342 1985 3383 mcs

399 3418 635 3474 allii-mas
666 3437 685 3471 ι
710 3419 863 3473 aliter
884 3419 1194 3490 intelligere,
1217 3434 1375 3490 quant
1403 3428 1568 3474 telum
1592 3420 1762 3490 ipsum
1787 3422 1992 3490 capitu-

399 3508 510 3564 lum
529 3510 549 3540 ³
564 3508 721 3565 debet
740 3510 956 3580 intelligi
981 3527 994 3565 :
1019 3529 1039 3562 ι
1069 3513 1311 3567 nesciens
1325 3510 1452 3565 mibi
1477 3511 1757 3581 plurimum
1780 3513 1988 3568 tribuis.

402 3598 519 3656 Non
546 3601 688 3669 enim
710 3616 811 3672 ego
831 3602 978 3656 solus
1001 3611 1093 3655 aut
1122 3601 1322 3671 primus
1338 3601 1414 3657 sic
1444 3602 1603 3657 istum
1630 3604 1803 3658 locum
1829 3603 1958 3658 intel
1974 3632 1989 3645 ο

401 3691 542 3755 lexi,
582 3707 687 3762 quo
724 3692 984 3747 evertitur
1024 3691 1243 3747 bmrcsis
1282 3702 1458 3748 vestra
1482 3734 1498 3760 ,
1543 3694 1989 3765 quemadmodum

399 3798 525 3838 vere
554 3784 922 3855 intelligendus
965 3793 1047 3839 est
1073 3800 1088 3837 :
1136 3784 1242 3839 imo
1266 3801 1393 3841 vero
1429 3801 1529 3857 ego
1573 3787 1718 3857 prius
1741 3803 1863 3842 eum
1891 3787 1991 3842 ali-

400 3882 484 3931 ter
522 3875 887 3929 intellexeram
907 3917 921 3940 ,
954 3876 1033 3931 vel
1069 3876 1242 3946 potius
1271 3893 1376 3931 non
1420 3877 1818 3944 intellexeram;
1847 3880 1989 3950 quod

399 3980 516 4021 mea
530 3965 770 4036 quardam
791 3965 930 4019 illius
949 3967 1202 4037 temporis
1224 3968 1381 4023 etiam
1399 3968 1593 4038 scripta
1612 3979 1872 4024 testantur
1888 3969 1984 4040 (b).

398 4056 517 4113 Non
546 4056 673 4112 mihi
704 4058 844 4112 enim
877 4058 1154 4113 videbatur
1179 4059 1467 4128 Apostolus
1492 4068 1544 4115 et
1573 4059 1642 4115 de
1667 4074 1726 4115 se
1766 4059 1883 4130 ipso
1908 4060 1990 4115 di-

400 4166 523 4206 cere
550 4150 804 4221 potuisse,
836 4149 948 4222 Ego
972 4161 1139 4205 autent
1164 4152 1382 4206 carnalis
1406 4169 1538 4216 sum,
1561 4168 1683 4207 cum
1714 4162 1857 4208 esset
1881 4155 1990 4223 spi-

400 4241 605 4298 ritualis
630 4257 644 4295 :
678 4250 732 4297 et
761 4241 898 4312 quod
925 4243 1167 4313 captivus
1184 4242 1469 4299 duceretur
1495 4244 1595 4299 sub
1622 4245 1737 4315 lege
1763 4246 1984 4315 peccati,

401 4350 521 4405 quae
556 4335 606 4390 in
638 4335 891 4391 membris
916 4346 1030 4391 erat
1058 4336 1174 4407 ejus
1199 4337 1372 4408 (Rom.
1402 4353 1496 4404 vn,
1528 4338 1615 4405 14,
1648 4338 1713 4393 18
1740 4339 1854 4410 2-1).
1877 4338 1988 4409 Ego

402 4426 544 4479 enim
590 4426 836 4495 putabam
874 4426 978 4481 dici
1022 4427 1119 4480 ista
1157 4443 1263 4481 non
1295 4443 1450 4497 posse
1478 4469 1494 4491 ,
1530 4428 1628 4484 nisi
1656 4428 1726 4484 de
1759 4429 1824 4483 iis
1853 4444 1988 4500 quos

403 4516 474 4569 ita
503 4514 720 4572 haberet
739 4515 914 4570 carnis
938 4517 1364 4585 concupiscentia
1395 4517 1724 4589 subjugatos,
1759 4529 1817 4574 ut
1841 4518 1986 4576 face-

403 4607 792 4678 rentquidquid
823 4606 906 4661 illa
934 4608 1317 4676 compelleret;
1350 4608 1488 4679 quod
1516 4608 1584 4664 de
1608 4610 1866 4679 Apostolo
1895 4610 1989 4666 de-

402 4701 600 4756 mentis
622 4710 702 4755 est
727 4698 947 4756 credere
977 4716 990 4752 :
1020 4714 1139 4755 cum
1165 4702 1324 4756 etiam
1371 4702 1774 4758 innumerabilis
1803 4702 1986 4757 multi-

404 4792 531 4848 tudo
560 4802 864 4848 sanctorum
884 4832 901 4857 ,
935 4806 1000 4846 ne
1024 4793 1487 4861 concupiscentias
1521 4793 1699 4848 carnis
1727 4793 1984 4863 perﬁciat,

400 4894 585 4940 contra
615 4897 831 4939 carnem
862 4882 1050 4955 spiritu
1078 4882 1438 4951 concupiscat.
1470 4881 1574 4937 Sed
1602 4891 1784 4952 postea
1802 4883 1988 4936 melio-

404 4974 551 5030 ribus
572 4984 626 5029 ct
647 4971 1143 5044 intelligentioribus
1170 4972 1342 5037 cessi,
1370 4972 1455 5029 vel
1481 4971 1656 5043 petitis
1684 4972 1781 5041 ipsi
1805 5013 1820 5038 ,
1843 4971 1986 5043 quod

402 5066 674 5124 fatendum
710 5076 822 5135 est,
867 5066 1111 5133 veritati,
1154 5075 1209 5121 ut
1244 5067 1479 5122 viderem
1518 5066 1571 5121 in
1607 5066 1712 5122 illis
1745 5066 1987 5137 Apostoli

470 5163 484 5191 ι
514 5158 650 5221 miti,
673 5162 791 5209 twn.
814 5158 1115 5221 castigantur
1139 5170 1201 5207 ex
1227 5163 1336 5208 Mss.

464 5220 487 5253 θ
511 5218 679 5270 Mures
699 5226 828 5277 Mss,
851 5218 1043 5269 sensum
1063 5225 1287 5269 vestrum.

465 5283 489 5315 ³
509 5286 583 5332 sic
603 5290 709 5331 Mss.
735 5282 852 5331 Editi
873 5293 1008 5340 vero,
1029 5287 1190 5342 caput.

390 5348 397 5351 '
460 5343 537 5406 (ᾳ)
572 5344 702 5406 Αμιά
728 5352 826 5406 Am.
854 5351 906 5393 et
925 5349 1020 5401 Er.,
1042 5355 1149 5406 cap.
1176 5342 1244 5392 11.

458 5401 540 5467 (b)
574 5401 632 5453 rs
668 5405 844 5467 scripta
883 5411 998 5453 sunt
1030 5401 1223 5467 :iliiber
1274 5404 1457 5467 [rimus
1497 5401 1558 5452 ad
1600 5401 1984 5467 simplicianum,

410 5464 578 5527 quiest.
625 5467 685 5527 I;
724 5464 965 5527 Eipositio
1000 5464 1219 5527 Epistula:
1256 5464 1313 5527 ad
1360 5474 1614 5523 Romanos,
1652 5464 1886 5527 protosit.
1924 5466 1983 5514 41

402 5526 457 5579 et
480 5528 573 5585 42;
610 5526 852 5590 Expositio
874 5526 1093 5588 Epistula:
1117 5526 1175 5575 ad
1198 5526 1409 5590 (illatas,
1432 5541 1536 5588 atp.
1565 5530 1614 5590 ὃ.
1642 5526 1887 5590 Meliorem
1912 5528 1987 5590 inr-

399 5587 807 5650 terpretationem
829 5587 1029 5636 secutus
1052 5596 1128 5636 est
1146 5597 1315 5650 postea
1330 5591 1375 5637 in
1401 5587 1523 5636 libro
1544 5589 1608 5638 de
1631 5591 1786 5636 Gratia
1799 5587 1988 5647 Christi,

402 5605 482 5641 IBI'
505 5605 807 5639 »τοιιιιιοιιριιι
829 5605 1029 5636 δεσυιιιδ
1052 5605 1128 5636 ρει
1146 5605 1315 5650 [tamen
1330 5605 1375 5637 In
1401 5605 1523 5636 lllll‘O
1544 5605 1608 5638 (le
1631 5605 1786 5636 ωοιιιιιι
1799 5605 1986 5647 wrtsu,

402 5666 454 5702 ιι.
486 5605 568 5707 i3;
612 5650 736 5699 libro
776 5651 930 5712 primo
966 5658 1132 5698 eontra
1169 5651 1289 5712 duas
1323 5651 1553 5711 Epistolas
1593 5650 1986 5712 Pelagianorum,

401 5728 454 5775 ιι.
477 5712 647 5771 17-Ξ5ς
677 5711 799 5775 libro
822 5712 981 5775 primo
999 5711 1427 5767 ttetractatiouum,
1460 5712 1648 5775 capi?)
1666 5720 1717 5761 et
1738 5711 1825 5775 9.4;
1849 5712 1988 5775 ibid,

404 5773 529 5824 libro
563 5774 798 5828 secundo.
823 5771 942 5836 ἂψ.
966 5773 1009 5833 1,
1036 5778 1086 5821 et
1110 5784 1273 5834 suns,
1319 5782 1483 5823 contra
1507 5771 1769 5833 .t’uliaunm,
1804 5771 1897 5822 1ib.
1926 5772 1986 5835 2,

404 5848 510 5900 cap.
536 5836 583 5887 3.

1771 366 1973 423 ιιειειι
2011 363 2303 422 SEXTUS.

3584 375 3689 434 δυσ

2098 478 2316 534 vocibus
2362 476 2619 548 gemitum
2669 491 2789 534 esse
2839 484 3147 538 sanctorum
3205 493 3388 539 contra
3442 489 3691 541 carnales

2098 569 2556 639 concupiscentias
2601 568 2989 628 dimicantium.
3035 572 3138 639 Qui
3198 590 3316 629 cum
3361 586 3540 632 mente
3582 583 3689 632 sint

2097 661 2427 733 spirituales,
2472 661 2647 717 adhuc
2685 670 2861 717 tamen
2915 662 3019 718 isto
3065 666 3402 735 corruptibili
3456 683 3689 737 corpore

2098 753 2240 825 quod
2265 761 2515 823 aggravat
2535 753 2766 808 animam
2784 752 2942 824 (Sap.
2974 769 3048 821 Ix,
3085 755 3198 825 15),
3225 758 3689 829 recteintelligun-

2096 855 2183 902 tur
2209 861 2330 902 esse
2351 847 2624 913 carnales;
2651 847 2774 917 quia
2798 848 2814 880 ¹
2832 857 2991 905 erunt
3009 857 3063 904 et
3088 861 3314 918 corpore
3342 849 3645 917 spirituales
3666 884 3690 916 ,

2095 939 2308 1010 quando
2336 940 2656 995 seminatum
2685 953 2880 1009 corpus
2921 940 3175 1007 animale,
3212 949 3456 1012 resurget
3491 956 3692 1011 corpus

2095 1032 2371 1103 Spirituale
2396 1032 2442 1104 (l
2463 1031 2581 1087 Cor.
2611 1048 2702 1099 xv,
2735 1031 2827 1106 44)
2860 1050 2875 1086 :
2904 1042 2958 1089 et
2997 1043 3140 1089 recte
3167 1033 3342 1089 adhuc
3384 1034 3687 1105 ἰιιιειιὶειιιιο

2094 1134 2183 1179 tur
2204 1139 2265 1179 ea
2296 1112 2446 1195 parte
2470 1114 2664 1193 captivi
2686 1124 2785 1180 sub
2820 1125 2936 1195 lege
2979 1126 3216 1195 peccati,
3251 1141 3368 1196 qua:
3392 1126 3688 1181 desiderio-

2094 1232 2237 1280 rum,
2261 1216 2453 1287 quibus
2476 1233 2581 1271 non
2606 1218 2967 1282 consentiunt,
3001 1220 3233 1275 motibus
3261 1218 3518 1289 subiacet.
3550 1219 3687 1276 Hine

2093 1307 2289 1365 factum
2316 1319 2396 1365 est
2429 1318 2485 1365 ttt
2505 1312 2582 1366 sic
2604 1312 2705 1365 ista
2732 1311 3102 1382 intelligerent,
3129 1310 3574 1382 quemadmodum
3601 1311 3686 1367 inc

2094 1402 2299 1459 tellcxit
2331 1403 2584 1467 Hilarius,
2631 1402 2944 1475 Gregorius,
2993 1404 3342 1470 Ambrosius,
3397 1413 3453 1460 et
3497 1402 3685 1460 caeteri

2092 1493 2347 1550 Ecclesia:
2384 1495 2551 1550 sancti
2575 1496 2794 1567 notique
2817 1496 3068 1551 doctores
3090 1537 3105 1562 ,
3134 1497 3223 1567 qui
3252 1507 3306 1553 et
3334 1497 3504 1567 ipsum
3536 1498 3683 1567 Apo-

2091 1584 2286 1641 stoium
2307 1583 2569 1640 adversus
2592 1586 2835 1641 carnales
2853 1587 3313 1657 concupiscentias
3328 1601 3462 1657 quas
3483 1586 3684 1643 habere

2092 1676 2325 1743 nolebat,
2358 1684 2415 1731 et
2447 1685 2623 1732 tamen
2657 1677 2903 1743 habebat,
2937 1689 3155 1734 strenue
3181 1679 3681 1743 conﬂixisse,eum«

2091 1769 2320 1840 demque
2344 1770 2646 1827 conﬂictum
2678 1786 2832 1827 suum
2849 1772 2952 1827 illis
2975 1772 3087 1828 suis
3115 1773 3293 1830 verbis
3321 1783 3680 1830 coutestatum

2093 1859 2257 1917 fuisse
2276 1870 2559 1918 senserunt
2591 1862 2812 1934 (Supra.
2840 1864 2928 1918 lib.
2957 1863 2994 1918 2
3014 1906 3026 1927 ,
3050 1881 3202 1936 capp.
3230 1867 3266 1921 3
3285 1875 3331 1919 et
3358 1866 3393 1920 4
3412 1866 3453 1939 ).
3483 1865 3683 1921 Contra

2091 1968 2227 2023 quos
2251 1961 2446 2021 motus,
2468 1954 2617 2025 prius
2642 1955 2825 2025 utique
2846 1955 3196 2012 debellandos
3224 1972 3292 2012 ne
3314 1957 3679 2023 dominentur,

2092 2052 2149 2101 et
2185 2053 2370 2115 postea
2411 2044 2677 2102 sanandos
2710 2055 2769 2101 ut
2808 2047 3018 2116 penitus
3059 2048 3482 2120 exstingnantur,
3513 2049 3678 2104 etiaut

2093 2134 2208 2204 ipse
2234 2134 2464 2204 gloriosa
2485 2135 2776 2191 certamina
2801 2145 3017 2192 sanctos
3036 2152 3290 2194 exercere
3317 2138 3597 2194 confessus
3619 2153 3683 2194 es

2093 2226 2292 2298 (Supra
2312 2268 2328 2293 ,
2358 2226 2447 2281 lib.
2479 2228 2544 2293 5,
2572 2243 2691 2297 cap.
2728 2227 2845 2302 ει).
2871 2228 3043 2284 Simul
3071 2228 3251 2300 itaque
3292 2245 3683 2301 cognoscamus

2091 2319 2254 2374 verba
2279 2321 2644 2390 pugnantium,
2668 2320 2712 2375 si
2743 2336 3058 2390 pugnamus.
3087 2321 3199 2377 Hoc
3220 2322 3363 2377 enim
3391 2323 3551 2378 modo
3572 2339 3683 2378 non

2092 2408 2319 2464 vivimus
2346 2424 2463 2477 nos,
2492 2410 2585 2465 sed
2613 2409 2742 2465 vivit
2771 2410 3020 2466 Christus
3048 2412 3101 2466 in
3130 2412 3303 2478 nobis,
3326 2413 3370 2467 si
3396 2421 3452 2468 et
3480 2413 3546 2469 ad
3577 2429 3681 2484 pu-
3714 2428 3717 2431 λ

2091 2515 2252 2573 gnam
2284 2511 2469 2557 contra
2502 2503 2964 2572 concupiscentias
3005 2504 3359 2560 exercendam
3381 2546 3396 2571 ,
3424 2513 3476 2561 et
3505 2506 3571 2561 ad
3600 2506 3684 2560 vi-

2092 2595 2315 2651 ctoriam
2338 2610 2507 2665 usque
2533 2596 2601 2651 ad
2625 2596 3087 2664 consumptionem
3108 2596 3422 2653 earumdem
3446 2597 3691 2653 hostium

2092 2686 2512 2755 capessendam,
2565 2685 2621 2741 in
2660 2687 2750 2742 illo
2790 2685 3045 2752 fidimus,
3096 2701 3202 2742 non
3245 2687 3298 2742 in
3342 2688 3516 2743 nobis.
3566 2688 3684 2757 Ipse

2093 2777 2289 2848 quippe
2314 2776 2477 2846 factus
2510 2785 2585 2831 est
2610 2776 2753 2831 nobis
2778 2777 3033 2847 sapientia
3050 2792 3085 2830 a
3112 2776 3223 2832 Deo
3241 2818 3256 2841 ,
3295 2786 3342 2831 et
3374 2777 3605 2847 justitia,
3632 2785 3689 2832 et

2093 2866 2446 2934 sanctiﬁcatio,
2476 2874 2524 2920 et
2552 2866 2859 2937 redemptio;
2879 2875 2956 2933 ut,
2980 2866 3408 2932 quemadmodum
3434 2868 3684 2935 scriptum

2094 2967 2187 3021 est,
2206 2956 2307 3023 Qui
2317 2957 2586 3027 gloriatur,
2613 2958 2671 3012 in
2682 2956 2904 3013 Domino
2928 2958 3170 3029 glorietur
3190 2958 3367 3030 (lCor.
3396 2974 3434 3026 ι,
3457 2960 3547 3027 30,
3564 2960 3679 3031 51).

2166 3047 2256 3102 71.
2312 3046 2429 3102 Νοιι
2453 3057 2680 3119 estergo
2709 3066 2731 3102 ι
2757 3050 3083 3105 contrarium
3103 3090 3118 3118 ,
3153 3069 3172 3105 ι
3204 3052 3340 3107 sicut
3368 3060 3540 3121 putas,
3577 3070 3598 3105 ι
3624 3062 3694 3109 ut.

2095 3137 2187 3206 qui
2224 3137 2371 3202 dicit,
2386 3136 2509 3192 Vivo
2534 3155 2635 3193 non
2662 3157 2753 3209 ego
2770 3140 2905 3213 jam,
2935 3141 3049 3195 uiuit
3076 3158 3191 3196 vero
3215 3142 3268 3196 in
3290 3159 3369 3197 me
3395 3143 3625 3200 Christus
3653 3165 3676 3199 ι

2094 3226 2291 3303 (Colat.
2322 3245 2358 3285 ιι
2382 3270 2397 3294 ,
2439 3229 2546 3300 20)
2574 3245 2589 3297 ;
2624 3249 2645 3284 ι
2682 3231 2822 3286 dicat
2841 3232 3001 3287 etiam
3027 3274 3044 3300 ,
3075 3232 3196 3289 Scio
3222 3234 3341 3303 quia
3367 3251 3467 3289 non
3486 3235 3695 3290 habitat.

2093 3324 2146 3379 in
2163 3341 2260 3389 me,
2276 3323 2369 3379 hoc
2388 3324 2529 3379 estin
2553 3340 2705 3379 carne
2723 3341 2854 3391 mea,
2871 3327 3071 3380 bonum.
3086 3344 3107 3378 ι
3134 3326 3191 3381 ln
3209 3337 3464 3396 quantum
3483 3328 3681 3397 quippe

2095 3416 2148 3472 in
2180 3417 2273 3473 illo
2295 3416 2421 3471 vivit
2446 3416 2690 3473 Christus
2709 3459 2725 3484 ,
2756 3417 2808 3471 in
2849 3426 3052 3473 tantum
3080 3429 3347 3489 expugnat
3383 3428 3438 3473 et
3461 3427 3682 3489 superat

2094 3507 2235 3578 quod
2277 3522 2382 3563 non
2413 3508 2615 3565 habitat
2640 3508 2838 3563 bonum
2870 3509 2922 3564 in
2959 3509 3076 3579 ejus
3095 3520 3280 3576 carne,
3319 3510 3414 3565 sed
3452 3512 3676 3566 malum.

2094 3597 2278 3670 Neque
2304 3599 2447 3654 enim
2487 3608 2631 3655 recte
2670 3600 2983 3670 cujusquam
3022 3600 3241 3669 spiritus
3274 3602 3682 3672 concupisceret

2095 3690 2353 3746 adversus
2379 3705 2597 3746 carnem
2627 3706 2800 3758 suam,
2833 3692 2934 3746 nisi
2962 3692 3231 3749 habitaret
3259 3694 3313 3748 in
3340 3694 3429 3748 illo
3457 3694 3679 3763 spiritus

2093 3783 2312 3843 Christi.
2342 3784 2491 3839 Absit
2520 3800 2647 3854 ergo
2672 3793 2729 3839 ut
2752 3784 3013 3851 dicamus,
3041 3786 3182 3856 quod
3211 3801 3310 3842 nos
3329 3786 3509 3842 dicere
3546 3786 3679 3841 insi-

2094 3877 2290 3941 mulas,
2318 3877 2661 3947 tApostolum
2691 3877 2770 3932 sic
2795 3878 2892 3932 ista
2919 3878 3136 3945 dixisse,
3171 3879 3324 3949 quasi
3354 3879 3442 3949 qui
3479 3894 3539 3934 se
3567 3878 3682 3934 vel-

2095 3968 2169 4023 let
2192 3969 2409 4039 intelligi
2441 3970 2756 4025 renitentem
2778 4010 2794 4035 ,
2819 3969 2870 4023 in
2902 3979 3078 4025 scorta
3115 3972 3289 4041 aliqua
3333 3987 3493 4026 manu
3523 3971 3695 4042 pesti-.

2095 4060 2219 4116 ferte
2248 4062 2532 4131 voluptatis
2559 4062 2747 4116 abduci
2780 4078 2793 4114 :
2825 4081 2844 4115 ι
2877 4078 2998 4117 cum
3024 4063 3182 4129 dicat,
3220 4063 3342 4117 Non
3371 4080 3463 4133 ego
3497 4079 3681 4134 apcror

2092 4151 2222 4207 illud
2251 4151 2424 4225 (Rom.
2455 4168 2549 4215 vn.
2592 4153 2679 4218 18,
2728 4152 2844 4222 20),
2889 4153 3178 4210 ostendens
3221 4155 3681 4225 concupiscentias

2093 4244 2270 4299 carnis
2297 4244 2472 4298 solum
2496 4244 2779 4315 impulsum
2805 4244 3041 4301 libidinis
3065 4246 3296 4315 operari,
3320 4246 3437 4301 sine
3459 4260 3685 4302 consen-

2094 4335 2245 4391 sione
2275 4350 2431 4404 pccca
2440 4336 2500 4390 ti.

2168 4426 2255 4480 72.
2280 4425 2414 4494 Quid
2442 4434 2544 4491 est,
2573 4425 2714 4497 quod
2740 4444 2758 4478 ι
2780 4425 2833 4481 in
2852 4425 3157 4481 Iudaeorum
3187 4426 3490 4497 superbiam
3515 4446 3534 4480 ι
3568 4426 3681 4482 [νιιο

2095 4528 2205 4572 stra
2229 4518 2442 4573 conaris
2471 4536 2490 4570 ι
2516 4520 2613 4573 ista
2644 4518 2805 4573 verba
2836 4519 3144 4583 transferre,
3173 4527 3421 4589 tanquam
3452 4521 3600 4589 ipsos
3624 4520 3677 4574 in

2093 4622 2154 4664 se
2179 4608 2633 4679 transtiguraverit
2656 4610 2966 4680 Apostolus,
2989 4611 3079 4682 qui
3105 4611 3517 4666 contemnebant
3536 4609 3678 4666 dona

2093 4700 2326 4768 Christi,
2352 4702 2498 4757 velut
2523 4702 2624 4756 sibi
2655 4718 2760 4757 non
2800 4703 3140 4758 necessaria?
3174 4722 3194 4756 ι
3237 4702 3326 4758 Sic
3350 4705 3492 4758 enim
3516 4704 3680 4774 suspi-

2093 4792 2233 4848 caris
2260 4809 2275 4846 :
2303 4802 2462 4862 atque
2496 4794 2696 4848 utinam
2726 4794 2839 4864 ipsa
2866 4793 3005 4849 dona
3042 4792 3238 4849 Christi
3265 4795 3454 4849 saltem
3489 4796 3559 4849 ita
3588 4809 3680 4849 sa-

2093 4898 2282 4955 peres.
2316 4894 2372 4940 ut
2408 4884 2475 4941 ad
2506 4886 2819 4941 vincendam
2858 4887 3342 4955 concupiscentiam
3369 4887 3547 4944 valere
3583 4888 3682 4942 ali-

2092 4975 2219 5045 quid
2240 4975 2506 5032 crederes.
2556 4974 2661 5031 Sed
2709 4976 2829 5031 ideo
2872 4975 3006 5031 dicis
3047 4991 3077 5031 a
3104 4975 3303 5031 Jndmis
3339 4977 3500 5034 lui~se
3544 4993 3678 5034 con-

2094 5076 2316 5138 tempta,
2354 5089 2369 5121 ι
2397 5066 2537 5137 quod
2579 5068 2786 5123 veniam
2814 5067 2965 5125 daret
3007 5069 3097 5125 ille
3129 5070 3361 5138 peccatis
3384 5110 3400 5136 ,
3431 5087 3551 5142 quae
3578 5072 3678 5138 ipsi

2094 5157 2228 5228 legis
2270 5158 2634 5216 admonitione
2687 5162 3010 5215 vitassent.»
3062 5160 3227 5227 Quasi
3290 5161 3393 5217 hoc
3440 5161 3682 5219 conferat

2095 5249 2298 5305 homini
2323 5250 2566 5306 remissio
2591 5260 2948 5321 peccatorum,
2976 5260 3036 5308 ut
3059 5268 3187 5308 caro
3212 5268 3316 5308 non
3338 5254 3683 5323 concupiscat

2094 5344 2352 5400 adversus
2381 5346 2623 5415 spiritum
2647 5344 2844 5415 (Colat.
2875 5362 2925 5411 v,
2954 5346 3064 5419 17),
3088 5348 3231 5404 unde
3255 5348 3342 5404 illa
3363 5350 3524 5405 verba
3556 5358 3680 5403 nata

2094 5446 2241 5513 sunt,
2260 5436 2380 5491 Scio
2404 5438 2523 5507 quia
2545 5455 2644 5492 non
2667 5438 2858 5494 habitat
2886 5441 3057 5505 inme,
3081 5441 3177 5494 hoc
3200 5452 3272 5495 est
3295 5442 3348 5495 in
3369 5458 3523 5496 carne
3547 5458 3678 5509 mea,

2098 5526 2318 5591 bonum;
2344 5537 2398 5583 et
2431 5537 2623 5585 cratera
2648 5529 2982 5601 bujusmodi.
3006 5531 3201 5587 Verum
3229 5542 3285 5586 tu
3313 5547 3343 5585 a
3373 5543 3553 5589 vestro
3578 5531 3679 5587 «ιο.
3770 5566 3790 5598 λ,

2152 5678 2399 5733 'Ouatuor
2420 5678 2736 5728 exVatlcanis
2764 5678 2895 5732 Mss,
2918 5676 3017 5734 qui.
3036 5676 3187 5725 Paulo
3210 5671 3554 5737 posterliti,qrt'
3571 5670 3667 5737 η’ίο

2090 5742 2373 5805 seminatum
2404 5740 2546 5791 fuerit
2570 5755 2749 5805 (ornus
2769 5739 2980 5805 animale
3006 5746 3050 5788 et
3071 5743 3287 5805 resurqu
3308 5748 3484 5805 corpus
3516 5739 3667 5794 ινιτι-

2092 5806 2235 5854 (ανέίδ.
2266 5804 2597 5853 lermlantur
2627 5800 2684 5853 ex
2715 5804 2824 5853 Mss.
2853 5802 3114 5852 Gallitanis
3145 5807 3196 5848 et
3233 5800 3493 5848 Vaticanis.
