4122 6510
432 345 540 410 867

428 480 610 540 gmate
660 444 768 529 nan
813 469 1054 539 recedis,
1105 487 1210 544 quo
1261 474 1458 543 putatis
1501 473 1724 545 gratiam
1771 473 1864 530 Dei
1922 487 2019 544 per

429 559 614 616 desum
643 559 915 617 ChrIStutu
943 561 1223 616 Dominum
1249 573 1488 618 nostrum
1507 563 1584 617 sic
1611 566 1665 618 in
1690 564 1802 618 sola
1835 579 2020 632 peccas

339 689 342 692 .
433 660 614 706 torum
641 652 956 708 remissione
983 650 1217 719 versari,
1244 663 1300 709 ut
1327 667 1431 708 non
1461 654 1676 724 adjuvet
1711 651 1777 708 ad
1805 653 2018 708 vitanda

427 751 650 812 peccata
674 752 728 797 et
769 742 1033 798 desideria
1065 744 1323 798 vincenda
1361 745 1592 800 carnalia
1618 784 1636 812 ,
1675 743 2019 814 dili‘uudcmlo

425 833 742 890 cltaritatem
771 835 826 890 in
852 835 1102 890 cordibus
1130 838 1326 891 nostris
1345 851 1442 908 per
1461 837 1721 906 Spiritum
1749 845 2016 900 sanctum,

423 926 516 996 qui
541 927 613 982 ab
635 928 728 982 illo
749 926 907 982 datus
934 939 1018 984 est
1045 929 1200 984 nobis
1239 930 1416 1000 (Rom.
1445 946 1498 997 γ,
1531 929 1610 1002 5).
1639 929 1820 998 Neque
1841 930 2019 984 censio

423 1018 586 1075 duras
626 1033 750 1074 eum
777 1019 870 1092 qui
897 1021 1064 1088 dicit,
1112 1020 1269 1076 Video
1298 1020 1456 1076 aliam
1480 1023 1638 1093 legem
1683 1022 1735 1075 in
1782 1021 2018 1076 insalubris

422 1115 581 1180 meis,
627 1120 994 1187 repugnantem
1019 1115 1118 1186 legi
1147 1115 1328 1169 mentis
1367 1129 1527 1180 metr,-
1567 1125 1621 1168 ct
1649 1114 1718 1168 ab
1749 1114 1851 1168 hoc
1875 1113 2016 1167 male

422 1217 531 1259 non
577 1217 638 1260 se
678 1206 893 1262 liberari
937 1207 1170 1274 clamat,
1218 1205 1318 1260 nisi
1363 1207 1528 1274 gratia
1573 1205 1663 1259 Dei
1704 1219 1800 1274 per
1830 1203 2013 1259 losum

424 1296 703 1352 Christum
727 1299 1015 1352 Dominum
1039 1307 1279 1352 nostrum
1304 1314 1317 1361 ;
1349 1311 1447 1352 nec
1473 1293 1713 1350 .ludzeutn
1744 1311 1884 1363 esse,
1916 1307 2015 1350 nec

421 1387 543 1456 quia
573 1389 831 1457 peccavit,
862 1389 958 1444 sed
985 1404 1052 1444 ne
1078 1397 1263 1458 peccet
1285 1390 1468 1456 potius
1489 1388 1756 1442 laborare.

493 1479 580 1533 73.
627 1497 648 1530 ι
677 1481 969 1548 Exaggerat
999 1481 1042 1546 ¹,
1073 1499 1094 1532 s
1130 1479 1304 1549 inquis
1329 1519 1345 1545 ,
1381 1496 1398 1529 t
1421 1478 1708 1546 Apostolus
1737 1477 1844 1530 vim
1885 1491 2014 1532 cono

421 1569 740 1624 suetudinis.
773 1589 792 1622 ι
837 1570 916 1624 Tu
949 1586 1076 1642 ergo
1107 1571 1394 1641 rccponde,
1422 1579 1599 1624 utrum
1627 1579 1815 1625 contra
1853 1570 2013 1624 istam

420 1659 528 1712 vim
558 1675 666 1714 non
691 1660 908 1714 dimicet
933 1659 1250 1731 baptizatus.
1276 1660 1429 1728 Quod
1455 1660 1500 1714 si
1538 1675 1726 1732 negas,
1763 1661 2015 1715 omnibus

417 1750 724 1806 christianis
758 1752 1004 1808 sensibus
1048 1753 1375 1808 contradicis
1405 1769 1420 1806 :
1451 1753 1496 1808 si
1533 1764 1713 1807 autem
1754 1753 2009 1816 dimicat,

417 1857 513 1898 cur
531 1859 634 1898 non
662 1845 713 1898 in
731 1845 910 1900 verbis
925 1845 1167 1916 Apostuli
1197 1859 1380 1900 vocem
1401 1845 1708 1900 dimicantis
1727 1843 2013 1916 agnoscis!

421 1953 440 1987 ε
471 1937 572 1993 Per
613 1937 804 2008 legem,
837 1956 856 1990 ι
902 1939 1112 2008 inquis,
1165 1956 1184 1990 σ
1213 1938 1407 1992 bonam
1453 1947 1508 1992 ct
1557 1951 1652 2005 per
1695 1936 2012 1991 mandatum

413 2039 654 2084 sanetum
683 2044 964 2100 pravorum
992 2030 1156 2084 animi
1184 2030 1506 2086 ferocierant
1525 2031 1572 2094 ’ς
1606 2029 1858 2110 quoniam
1887 2031 2014 2086 sine

413 2120 688 2175 voluntate
740 2123 951 2192 propria
1008 2123 1153 2178 nulla
1199 2121 1433 2177 eruditio
1487 2129 1698 2192 paterat
1745 2121 2010 2192 inspirare

411 2211 684 2268 virtutem.
709 2228 732 2267 ι
773 2214 820 2269 0
861 2224 1076 2270 acutum
1136 2215 1572 2270 intellectorcml
1620 2215 1670 2270 0
1707 2213 2010 2270 divinorum

413 2305 755 2376 eloquiorum
779 2307 1050 2378 egregium
1075 2308 1454 2362 tractatorctn!
1487 2307 1623 2374 Quid
1651 2308 1766 2378 agis
1791 2307 1862 2362 de
1880 2321 2006 2362 ver-

413 2395 498 2451 his
539 2395 786 2464 dicentis,
831 2397 956 2451 Non
997 2398 1136 2468 quos!
1161 2399 1274 2452 volo
1299 2413 1437 2469 ago;
1463 2407 1518 2453 et
1543 2437 1560 2465 ,
1618 2395 1760 2452 Velle
1807 2398 2012 2470 adfare!

413 2488 582 2552 mihi;
610 2496 684 2552 et,
717 2489 868 2554 Quod
894 2487 1034 2552 nolo,
1062 2488 1158 2542 hoc
1183 2504 1306 2558 ago;
1337 2499 1409 2552 ct,
1439 2487 1770 2543 Condelector
1791 2489 1890 2560 legi
1909 2488 2012 2544 Dei

413 2581 693 2634 secundum
722 2581 1013 2634 interiorem
1040 2579 1292 2634 hominem
1318 2581 1346 2634 ?
1373 2579 1542 2634 Audis
1567 2579 1717 2648 haec,
1747 2589 1806 2636 ct
1832 2579 1964 2636 dicis
1986 2621 2001 2646 ,

413 2671 537 2741 quia
582 2671 830 2725 voluntas
871 2669 1078 2740 defuit,
1123 2671 1244 2726 ideo
1272 2671 1506 2728 defuisse
1543 2673 1816 2728 virtutem.
1843 2672 2008 2740 Quid,

415 2761 558 2832 quod
587 2778 696 2816 non
721 2762 895 2816 solum
919 2763 1188 2830 voluntas,
1215 2777 1400 2818 verum
1428 2764 1593 2818 etiam
1624 2765 1794 2819 virtus
1811 2765 2001 2832 adiurit,

413 2865 482 2907 ne
509 2855 836 2910 consentiret
850 2854 1298 2921 concupiscentia:
1326 2855 1526 2922 carnis,
1555 2870 1677 2926 (pm
1707 2855 1847 2926 legi3
1873 2867 2008 2926 pec-

411 2945 516 3000 cati
562 2945 736 3015 pravis
765 2945 894 3015 ipsis
921 2945 1158 3000 motibus
1193 2945 1501 3002 serviebat?
1546 2947 1752 3013 Quibus
1775 2946 1868 3002 ille
1895 2961 2006 3001 non

411 3034 610 3089 cedens
633 3075 650 3102 ,
681 3049 783 3092 nec
804 3049 953 3090 anna
992 3035 1284 3106 iniquitatis
1311 3036 1569 3091 exhibens
1613 3037 2002 3106 membra'pec-

409 3134 536 3180 aito
558 3124 733 3198 (llam.
760 3141 833 3189 vr,
867 3122 979 3197 l5),
1011 3133 1070 3180 et
1095 3135 1273 3180 tanien
1307 3125 1448 3196 quod
1483 3127 1650 3182 nollet
1688 3127 1926 3182 sentiens
1949 3127 2003 3181 in

409 3231 576 3274 carne
615 3228 800 3272 contra
845 3218 1092 3289 Spiritum
1139 3219 1586 3289 concupiscente,
1635 3229 1692 3274 et
1743 3219 2004 3275 adversus

409 3324 530 3364 cam
552 3307 786 3364 vicissim
803 3308 993 3378 spiritu
1013 3309 1424 3380 concupiscens,
1438 3308 1716 3365 verissima
1741 3310 2006 3366 castitatis

407 3412 540 3455 voce
587 3399 818 3464 dicebat,
861 3397 1031 3471 Igitur
1070 3400 1182 3470 ipse
1205 3415 1298 3471 ego
1340 3410 1506 3454 ments
1552 3401 1714 3454 servio
1756 3401 1853 3472 legi
1881 3399 1997 3470 Dei,

408 3506 560 3546 carne
583 3499 750 3544 autent
773 3490 876 3562 legi
897 3492 1106 3562 peccati.
1137 3491 1232 3547 llla
1255 3506 1386 3548 sane
1411 3491 1571 3548 verba
1597 3507 1718 3563 qua:
1748 3493 1996 3564 posuisti,

407 3583 499 3638 ubi
523 3583 596 3637 ait
625 3584 944 3652 Apostolus,
973 3583 1083 3638 Lex
1113 3593 1291 3638 sancta
1309 3625 1326 3651 ,
1354 3594 1403 3638 et
1427 3585 1727 3638 ntandatum
1768 3595 2003 3639 sanctam

407 3687 454 3730 et
469 3677 665 3747 justum
694 3681 744 3730 et
769 3675 975 3729 bonum.
1005 3673 1156 3740 Quod
1181 3690 1298 3747 ergo
1323 3676 1506 3729 bonum
1535 3686 1628 3740 est,
1655 3676 1782 3730 nti/ii
1807 3680 2000 3748 factum

406 3778 480 3822 est
507 3767 686 3822 πιοτςέ
713 3767 854 3822 Absit
885 3783 903 3820 :
933 3768 1024 3821 sed
1049 3778 1305 3838 peccatum
1329 3777 1384 3820 ut
1424 3778 1670 3838 appareat
1711 3779 1994 3838 peccatum,

408 3871 500 3928 per
539 3858 726 3912 bonum
775 3859 899 3912 mihi
937 3867 1196 3928 operatum
1227 3868 1298 3912 est
1330 3869 1540 3912 mortem
1562 3896 1576 3924 ,
1619 3868 1674 3913 ut
1718 3861 1808 3929 ﬁat
1839 3875 1998 3931 supra

408 3947 618 4001 modum
645 3956 903 4017 percolunt
928 3965 1140 4019 peccans
1161 3965 1249 4020 per
1274 3949 1570 4003 ntandatttm
1599 3964 1618 4003 :
1645 3950 1780 4006 bene
1801 3951 1998 4007 intelli-

405 4041 552 4109 gitur
575 4039 642 4094 de
665 4041 774 4094 vita
799 4036 892 4094 sua
934 4040 1136 4096 dixisse
1165 4041 1430 4110 praeterita
1453 4082 1468 4108 ,
1498 4042 1710 4113 quando
1738 4045 1838 4100 sub
1880 4045 1996 4115 lege

408 4130 580 4185 fuerat
605 4171 623 4195 ,
653 4129 888 4186 nondum
931 4131 1030 4186 sub
1065 4133 1254 4202 gratia.
1281 4131 1412 4186 Nam
1445 4143 1503 4188 et
1535 4135 1711 4188 verbis
1740 4136 1995 4204 prtetcriti

409 4221 668 4290 temporis
708 4222 890 4287 utitur,
919 4221 1166 4290 dicendo,
1198 4222 1472 4278 Peccatum
1515 4239 1615 4278 non
1640 4227 1867 4296 cognovi,
1897 4229 1998 4282 nisi

409 4329 498 4384 per
523 4313 679 4384 legem
708 4321 819 4380 :et,
850 4311 1317 4386 Coneupiscenliam
1345 4317 1622 4370 nesciebam
1646 4326 1764 4384 :‘ct,
1795 4319 1994 4390 Opera-

407 4419 515 4459 (ωτι
543 4415 616 4460 est
655 4406 708 4459 in
737 4421 816 4461 me
840 4421 1038 4461 omnem
1079 4407 1536 4478 concupiscentiam
1567 4425 1586 4464 :
1615 4421 1668 4463 et
1687 4451 1702 4476 ,
1763 4410 1996 4466 l'ivebam

403 4496 682 4566 aliquando
725 4497 835 4552 sine
876 4498 1020 4570 lege;
1049 4499 1231 4568 utique
1274 4499 1486 4568 quando
1514 4500 1746 4554 nondum
1790 4511 1998 4572 poterat

406 4604 568 4644 usum
598 4587 798 4644 habere
815 4589 1074 4644 rationis:
1106 4598 1162 4646 et
1179 4631 1193 4655 ,
1223 4590 1526 4646 Adveniente
1549 4593 1786 4648 mandato
1815 4609 1994 4664 pecca-

406 4695 512 4738 tum
535 4684 731 4750 revixit,
761 4699 853 4755 ego
879 4693 1051 4738 autem
1066 4695 1298 4740 mortuus
1315 4699 1428 4739 sum
1455 4702 1474 4742 :
1499 4695 1574 4752 et,
1605 4685 1879 4741 Peccatum
1905 4705 1994 4743 oc-

403 4777 606 4830 casiam
646 4785 852 4846 accepto
879 4791 968 4846 per
992 4776 1308 4843 mandatum,
1348 4777 1527 4849 fefellit
1555 4792 1650 4846 nte,
1679 4788 1726 4833 et
1754 4797 1842 4850 per
1867 4781 1996 4835 illud

404 4868 587 4922 occidit
615 4884 633 4923 :
656 4877 730 4936 et,
760 4867 863 4923 Per
889 4869 1071 4924 bonum
1098 4871 1224 4924 mihi
1249 4881 1514 4940 operatum
1543 4881 1615 4924 est
1641 4881 1872 4926 mortem.
1900 4873 1995 4928 llis

405 4960 656 5014 ornatibus
685 4968 895 5030 tempus
923 4960 1228 5032 signiﬁcare
1254 4961 1594 5032 intelligitur,
1621 4971 1730 5032 quo
1754 4965 1857 5019 sb
1881 4965 1997 5034 lege

407 5051 652 5116 vivebat,
693 5059 746 5106 et
791 5051 1028 5106 nondum
1073 5052 1288 5122 adjutus
1313 5054 1503 5123 'gratia
1546 5055 1996 5124 concupiscentiis

408 5143 708 5198 carnalibus
736 5144 1045 5202 vincebatur
1074 5144 1117 5198 ⁸.
1162 5145 1263 5201 Ubi
1293 5155 1420 5198 vero
1444 5143 1554 5212 jam
1584 5144 1734 5212 dicit,
1764 5143 1870 5199 Lex
1891 5147 2002 5216 spi-

409 5237 609 5290 ritualis
624 5249 720 5302 est;
731 5253 824 5310 ego
839 5247 1008 5292 autem
1019 5237 1244 5291 carnalis
1259 5251 1371 5290 sum
1387 5250 1405 5290 :
1425 5237 1533 5304 jam
1556 5237 1694 5305 quod
1707 5238 2008 5306 conﬂigens-

409 5330 706 5399 paticbatnr
727 5331 981 5386 ostendit.
1024 5328 1144 5383 Non
1170 5328 1314 5383 enim
1341 5327 1493 5394 dixit,
1523 5331 1742 5384 carnalis
1772 5331 1846 5384 [ut
1867 5377 1883 5397 ,
1913 5332 1994 5385 vel

475 5444 489 5475 ¹
517 5443 588 5492 sic
611 5449 715 5492 tres
735 5449 841 5508 Mss.
867 5441 954 5508 Alii
974 5453 1084 5491 eum
1110 5439 1272 5495 editis,
1299 5445 1581 5508 pxasperar.

475 5507 494 5536 ¹
520 5512 622 5569 Duo
651 5519 712 5554 ex
742 5504 975 5552 \atieaois
1011 5508 1144 5558 Mss,
1176 5509 1274 5569 1er
1294 5499 1629 5569 l_ege,jngais,
1665 5503 1807 5560 bona.
1827 5511 1889 5569 et
1911 5517 2002 5566 pro

407 5567 636 5616 inanitate
653 5572 816 5625 saneto
841 5574 1104 5625 pravorum
1123 5559 1619 5625 animifeioritabant.
1657 5573 1774 5614 Tres
1796 5559 1873 5614 alii
1911 5559 2002 5615 't‘a-

410 5629 586 5686 timui,
642 5621 955 5688 ferocialianl.
1009 5621 1202 5682 Gallici,
1255 5621 1559 5684 (cremarent.
1605 5625 1724 5676 Editi
1743 5660 1758 5685 ,
1815 5628 1998 5690 feroces

406 5697 561 5740 erant.

477 5751 497 5781 ³
521 5761 618 5796 nm.
641 5756 689 5796 et
714 5744 898 5808 aliquot
919 5751 1046 5801 Mss,
1075 5743 1192 5808 lege.

477 5811 498 5840 δ
522 5815 587 5858 tta
611 5803 814 5857 \atieani
855 5808 1070 5870 quinque
1105 5803 1155 5857 et
1194 5803 1361 5868 plures
1383 5805 1601 5860 Gallic-Mi
1647 5817 1753 5860 Mss.
1777 5819 1828 5860 At
1860 5812 1995 5873 editi,

1252 356 1522 415 CONTRA
1562 353 1898 418 JULIANUM
1937 359 2402 433 PELAGIANUM,
2435 369 2491 426 S.
2533 360 2896 432 AUCU‘STINI

3607 369 3710 439 θῦε

2127 489 2304 543 eram;
2337 482 2452 546 sed,
2483 499 2614 538 sunt.
2645 486 2704 540 Et
2729 489 2965 558 apertius
2989 497 3227 562 tempora
3256 491 3368 563 ipsa
3397 491 3694 566 distinguit,

2127 567 2213 621 ubi
2240 569 2366 624 dicit
2391 612 2406 636 ,
2460 571 2615 628 Nunc
2643 589 2811 632 autem
2841 580 2953 650 jam
2987 595 3084 636 «an
3108 598 3198 654 ego
3227 599 3410 654 operor
3433 582 3590 652 illud,
3620 586 3711 641 ml

2125 657 2180 710 id
2201 662 2336 727 quod
2361 663 2412 716 in
2443 677 2524 718 me
2547 666 2739 721 habitat
2763 680 3043 740 peccatum.
3069 667 3186 728 lam
3208 675 3354 730 enim
3376 687 3550 732 motus
3573 678 3710 734 desi-

2123 747 2394 806 deriorum
2424 756 2685 812 malorum
2710 775 2814 814 non
2847 762 2960 830 ipse
2993 765 3345 832 operabatur,
3371 769 3560 838 quibus
3601 785 3706 827 non

2122 845 2493 900 consentiebat
2535 849 2600 902 ad
2630 854 2979 918 perpetranda
3021 847 3258 925 “peccata.
3291 857 3499 915 Peccati
3525 872 3704 918 autem

2123 935 2338 990 nomine
2373 939 2516 1008 quin!
2561 941 2614 994 in
2655 942 2750 996 illo
2800 943 3088 1014 habitabat,
3145 948 3313 1018 ipsam
3367 953 3706 1020 nuncupabat

2121 1029 2638 1098 concupiscentiam;
2662 1036 2784 1103 quia
2806 1046 3022 1104 peccato
3043 1038 3179 1094 facta
3202 1049 3305 1104 est,
3333 1049 3384 1096 et
3407 1041 3452 1096 si
3479 1057 3704 1098 consen-

2122 1115 2340 1172 tientem
2385 1122 2602 1175 traxerit
2645 1134 2806 1194 atque
2859 1123 3129 1192 illexcrit,
3177 1129 3408 1198 concipit
3460 1132 3704 1202 paritque

2122 1217 2421 1274 peccatum.
2447 1211 2514 1265 Et
2548 1223 2740 1268 extera
2772 1220 2942 1286 usque
2967 1217 3032 1271 ad
3059 1231 3185 1273 eum
3213 1220 3390 1275 locum
3411 1263 3427 1288 ,
3465 1221 3554 1276 ubi
3591 1223 3698 1290 ait,

2119 1296 2290 1368 Igitur
2321 1317 2414 1371 ego
2436 1303 2545 1372 ipse
2575 1315 2738 1359 mente
2762 1309 2924 1362 servio
2947 1309 3050 1380 legi
3071 1309 3165 1364 Dei
3189 1351 3205 1377 ,
3232 1327 3386 1366 carne
3411 1323 3576 1367 autem
3603 1315 3705 1386 legi

2118 1391 2306 1458 peccati
2323 1391 2496 1460 (Ralm
2517 1409 2608 1458 vn,
2627 1397 2980 1469 7-25),§verba
2995 1412 3119 1456 sunt
3139 1402 3250 1472 jam
3273 1404 3372 1458 sub
3384 1406 3553 1475 gratia
3569 1421 3700 1462 con-'-

2119 1481 2312 1546 stituti,
2344 1484 2436 1538 sed
2463 1485 2636 1540 miliae
2655 1499 2841 1544 eontra
2857 1493 3344 1562 concupiscentiam
3375 1505 3524 1552 Suam
3539 1499 3702 1554 ἀίηιίι

2117 1573 2322 1639 cautis,
2381 1589 2480 1629 nec
2513 1577 2562 1630 ei
2601 1579 2986 1636 etmsentientis
3021 1590 3078 1637 ut
3126 1595 3340 1653 peccet;
3380 1587 3478 1642 sed
3519 1597 3696 1644 tamen

2115 1662 2308 1732 quibus
2336 1667 2600 1734 renititur,
2630 1671 2830 1736 peccati
2868 1670 3134 1728 desideria
3159 1674 3432 1743 patientis.

2187 1753 2276 1807 74.
2303 1753 2476 1810 Nemo
2523 1769 2763 1814 nostrqu
2810 1759 3163 1817 substantiam
3213 1765 3487 1835 corporis,
3541 1783 3700 1824 mmo

2115 1853 2358 1900 naturam
2385 1849 2564 1904 carnis
2589 1861 2804 1907 accusat
2851 1871 2866 1908 :
2913 1853 3109 1909 frustra
3157 1867 3412 1928 purgatur
3457 1859 3554 1914 abs
3610 1869 3698 1928 te,

2113 1937 2255 2006 quod
2297 1951 2406 1994 non
2453 1941 2696 2011 culpatur
2739 1957 2770 1998 a
2795 1945 2969 2000 nobis.
2997 1947 3466 2018 Concupiscentias
3492 1953 3656 2009 malas
3679 1997 3694 2015 .

2114 2029 2308 2098 quibus
2334 2032 2378 2086 si
2401 2031 2538 2088 bene
2570 2034 2796 2092 vivimus
2821 2052 2928 2092 non
2949 2040 3342 2107 consentimus,
3371 2051 3546 2100 tamen
3577 2053 3698 2102 esse
3723 2060 3729 2066 '

2113 2133 2221 2174 non
2253 2131 2507 2191 negamus
2537 2124 2593 2178 in
2635 2125 2820 2193 nobis;
2865 2129 3189 2199 castigandae
3230 2141 3384 2198 sunt,
3431 2134 3699 2192 frcnaudre

2113 2220 2240 2266 sunt
2259 2255 2274 2278 ,
2294 2215 2671 2284 expugnandae
2689 2226 2815 2272 sum
2831 2259 2846 2285 ,
2871 2218 3142 2276 vincenda:
3163 2231 3287 2278 sunt
3311 2241 3326 2278 :
3357 2234 3530 2279 tamen
3551 2235 3696 2294 sunt,

2113 2317 2212 2357 nec
2237 2304 2588 2380 alienae/sunt.
2614 2307 2723 2364 Nec
2741 2308 2880 2364 bona
2907 2310 3006 2365 ista
3033 2321 3212 2367 nostra
3229 2354 3244 2380 ,
3275 2313 3368 2370 sed
3395 2315 3529 2371 mala
3551 2320 3696 2372 sunt.

2110 2391 2222 2451 Nec
2247 2397 2385 2452 sicut
2407 2398 2542 2453 dixit
2565 2399 2856 2456 Manichaee
2879 2403 3088 2458 vanitas
3108 2445 3124 2470 ,
3149 2413 3396 2476 separata
3426 2418 3576 2463 extra
3599 2425 3698 2465 nos

2111 2495 2270 2541 erunt
2295 2499 2310 2538 :
2339 2489 2462 2556 sed,
2495 2490 2634 2546 sicut
2661 2490 2792 2548 dicit
2832 2493 3092 2549 catholica
3120 2496 3346 2562 veritas,
3377 2507 3562 2554 sanata
3592 2513 3698 2556 non

2110 2586 2286 2633 erunt.

2181 2687 2406 2747 CAPUT
2430 2681 2598 2748 XXIV
2617 2693 2715 2768 (a).
2733 2685 2906 2752 ~75.
2931 2692 3008 2752 De
3039 2697 3142 2752 illis
3165 2704 3375 2770 quoque
3390 2704 3697 2772 apostolicis

2109 2781 2318 2848 verbis,
2345 2783 2399 2837 in
2428 2785 2622 2854 quibus
2643 2785 2968 2858 impudentia
2996 2791 3244 2856 mirabili,
3279 2795 3385 2848 imo
3405 2795 3690 2864 dementia,

2109 2873 2358 2928 resistitis
2395 2874 2778 2934 laudatissima:
2817 2879 2973 2949 lidci,
3010 2881 3096 2936 ubi
3122 2883 3224 2950 ait,
3271 2883 3370 2940 Per
3410 2904 3563 2942 unum
3600 2888 3692 2945 Ito-

2109 2965 2294 3020 minem
2339 2978 2596 3038 peccatum
2637 2971 2841 3026 intravit
2877 2973 2930 3027 in
2969 2976 3247 3046 mundum,
3310 2981 3358 3034 et
3390 2997 3480 3050 per
3515 2999 3694 3051 pecca—

2110 3067 2217 3111 tum
2246 3075 2414 3127 aiore;
2458 3071 2504 3114 et
2531 3062 2602 3116 ita
2629 3064 2681 3118 in
2711 3081 2882 3120 omnes
2909 3065 3132 3124 homines
3157 3071 3479 3148 pertransiit,
3521 3075 3572 3128 in
3597 3087 3694 3144 quo

2107 3165 2280 3206 ontnes
2325 3163 2652 3224 peccaverunt
2693 3155 2712 3227 (
2749 3155 2836 3214 ιιι.
2889 3173 2944 3226 v,
2991 3160 3058 3218 12
3091 3159 3151 3234 );
3215 3161 3409 3218 ﬂustra
3472 3179 3686 3220 sensum

2105 3241 2266 3295 alium
2299 3255 2494 3297 novum
2525 3254 2684 3314 atque
2709 3247 2988 3303 distortum
3016 3260 3071 3306 et
3097 3266 3126 3305 a
3157 3267 3287 3308 vero
3310 3253 3688 3312 abhorrentem

2105 3331 2310 3386 moliris
2349 3333 2682 3404 exsculpere,
2733 3335 3010 3393 afﬁrmans
3045 3357 3064 3392 ι
3091 3355 3153 3397 ea
3191 3341 3456 3400 locutione
3492 3345 3687 3402 dictum

2105 3429 2246 3488 esse,
2261 3419 2327 3476 In
2346 3437 2446 3493 quo
2464 3439 2632 3478 ontnes
2653 3437 2998 3496 peccauerunt,
3017 3439 3078 3484 ac
3097 3430 3142 3485 si
3161 3415 3444 3502 diceretur,
3468 3433 3694 3506 Pmpter

2103 3511 2243 3580 quod
2281 3526 2466 3568 omnes
2507 3525 2861 3584 peccaverunt
2887 3535 2900 3572 :
2928 3516 3066 3574 sicut
3097 3520 3298 3578 dictum
3348 3534 3449 3593 cst,
3487 3523 3554 3581 In
3591 3543 3688 3599 quo

2102 3603 2498 3677 canigitjmtior
2523 3603 2539 3638 ¹
2570 3607 2703 3660 viam
2730 3623 2877 3662 suam
2907 3623 2926 3661 ι
2960 3609 3132 3680 (Psal.
3163 3623 3354 3680 cxvm,
3377 3611 3435 3687 9)
3461 3635 3475 3672 :
3502 3627 3553 3672 ut
3581 3620 3684 3674 scis

2103 3693 2260 3758 licet,
2291 3705 2398 3750 non
2441 3694 2494 3750 in
2523 3711 2630 3750 uno
2672 3696 2888 3754 homine
2917 3712 3106 3757 omnes
3149 3701 3392 3762 homines
3439 3723 3688 3776 peccasse

2102 3787 2464 3858 intelligantur
2483 3789 2833 3860 originalitcr,
2857 3799 2911 3846 et
2941 3800 3186 3864 tanquam
3215 3793 3267 3850 in
3291 3807 3480 3852 massa:
3496 3801 3688 3856 unione

2101 3880 2490 3946 communiter;
2543 3881 2634 3936 sed
2681 3893 2964 3954 propterea
3009 3887 3128 3955 quia
3168 3889 3370 3959 primus
3412 3889 3684 3946 hominum

2101 3970 2190 4026 ille
2221 3973 2490 4040 peccavit;
2522 3972 2572 4027 id
2594 3983 2676 4027 est
2703 3976 2746 4038 ',
2778 3989 2896 4029 cum
2944 3976 3220 4033 imitantur
3242 3979 3410 4047 illum,
3433 3997 3537 4037 non
3563 3997 3684 4039 cum

2099 4070 2420 4130 generantur
2442 4076 2508 4117 cx
2536 4062 2646 4118 illo.
2676 4059 2946 4135 Non'ergo
2969 4063 3090 4121 huic
3109 4067 3291 4123 sensui
3319 4072 3567 4126 convenit
3595 4074 3683 4128 illa

2101 4152 2299 4208 locutio
2319 4195 2334 4220 ,
2362 4153 2436 4206 ita
2460 4153 2658 4209 dictum
2689 4169 2837 4223 esse,
2869 4156 2920 4210 in
2948 4171 3050 4228 quo
3069 4199 3084 4223 ,
3113 4159 3256 4214 velut
3283 4144 3482 4216 dictum
3503 4173 3678 4229 esset,

2107 4263 2125 4296 σ
2139 4253 2352 4314 propter
2365 4244 2524 4314 quod.
2540 4263 2558 4296 ι
2579 4244 2707 4299 Nam
2730 4256 2946 4317 propter
2965 4247 3066 4303 hoc
3080 4249 3304 4320 quisque
3321 4260 3520 4322 peccat,
3543 4254 3680 4324 quod

2100 4333 2200 4392 sibi
2227 4327 2474 4405 proponit
2499 4344 2556 4390 ut
2580 4347 2792 4406 peccet,
2817 4337 2902 4392 vel
2922 4351 3138 4410 quoquo
3159 4340 3316 4395 modo
3335 4342 3474 4412 quod
3501 4343 3575 4398 illi
3601 4355 3684 4399 est

2099 4441 2257 4482 causa
2304 4427 2576 4496 peccandi.
2605 4428 2734 4494 Quis
2779 4441 2906 4484 vero
2949 4429 3016 4484 ab
3058 4431 3202 4485 arani
3249 4434 3480 4488 humano
3521 4447 3680 4489 sensu

2101 4528 2208 4574 tam
2255 4519 2325 4573 sit
2351 4519 2644 4586 absurdus,
2678 4529 2736 4576 ut
2760 4519 2934 4588 dicat,
2965 4521 3191 4594 Prttpter
3217 4525 3319 4581 hoc
3360 4525 3488 4582 fecit
3519 4527 3681 4582 homo

2100 4611 2200 4665 iSte
2226 4610 2594 4676 homicidium,
2636 4611 2756 4680 quia
2803 4611 2856 4666 in
2906 4613 3150 4682 paradiso
3201 4616 3368 4670 Adam
3417 4615 3484 4672 de
3539 4617 3682 4688 ligno

2099 4699 2367 4770 prohibito
2393 4699 2568 4754 cibum
2591 4702 2847 4770 sumpsit;
2870 4717 2991 4757 cum
3014 4702 3116 4758 iste
3142 4703 3508 4761 latrocinando
3535 4710 3678 4762 oeci-

2099 4791 2239 4845 derit
2269 4791 2536 4846 hominem
2559 4791 2689 4846 nihil
2715 4786 2782 4848 de
2808 4794 2974 4848 Adam
3019 4793 3290 4866 cogitans,
3337 4798 3428 4854 sed
3466 4807 3682 4869 propter

2101 4882 2204 4936 hoc
2229 4893 2284 4936 ut
2309 4897 2500 4936 aurum
2527 4883 2666 4954 quod
2710 4881 2914 4939 ferebat
2949 4883 3226 4940 auferret?
3267 4881 3360 4942 Sic
3393 4898 3447 4942 et
3489 4898 3678 4944 ett-tera

2100 4984 2288 5029 cuncta
2319 4984 2532 5046 peccata
2555 5017 2570 5041 ,
2599 4989 2718 5046 qtae
2743 4977 2954 5047 propria
2981 4979 3204 5050 quisque
3233 4980 3548 5048 committit,
3579 4980 3680 5036 ha-

2100 5069 2226 5124 bent
2251 5082 2442 5124 causas
2466 5077 2684 5138 prOpter
2711 5083 2844 5138 quas
2872 5069 2999 5122 [iant
3019 5111 3032 5132 ,
3067 5071 3272 5126 etiamsi
3301 5081 3460 5127 nemo
3483 5073 3680 5143 cogitet
3733 5061 3744 5070 ”

2101 5159 2240 5230 quod
2274 5159 2361 5214 ille
2387 5160 2590 5228 primus
2617 5159 2780 5212 homo
2807 5161 3110 5228 commisit,
3138 5178 3310 5234 neque
3339 5163 3468 5219 illud
3493 5165 3593 5220 sibi
3612 5167 3678 5220 ad

2102 5249 2424 5320 peccandum
2456 5261 2713 5318 proponat
2751 5251 3077 5320 exemplum.
3103 5253 3327 5323 Propter
3351 5255 3454 5310 hoc
3481 5255 3679 5326 itaque,

2100 5342 2154 5396 id
2181 5352 2291 5407 est,
2325 5343 2576 5411 quoniam
2623 5343 2858 5410 peccavit
2881 5343 3080 5411 Adam,
3111 5359 3209 5400 nec
3240 5347 3350 5416 ipse
3382 5348 3510 5403 Cain
3554 5359 3678 5418 pec-

2102 5447 2254 5487 casse
2282 5431 2538 5486 dicendus
2558 5441 2670 5497 cst,
2701 5433 2788 5502 qui
2821 5433 3069 5489 eumdem
3097 5443 3301 5506 patrem
3327 5453 3480 5493 suum
3509 5451 3676 5494 ηοω-

2102 5563 2409 5616 obiciebatur.

2167 5627 2184 5658 ί
2213 5632 2261 5673 tn
2287 5634 2390 5688 Mss.
2415 5632 2710 5683 constanter,
2724 5624 2963 5688 juvenior.

2167 5689 2188 5718 ι
2211 5687 2475 5756 Casaleusis
2489 5694 2589 5748 Μελ,
2628 5687 2742 5752 quia
2762 5687 2950 5750 primo:
2966 5687 3200 5742 lionwitle
3223 5689 3450 5756 peccarit,
3473 5703 3670 5755 peccare

2106 5756 2329 5808 cantarat;
2354 5749 2440 5797 hoc
2461 5757 2547 5798 est.

2170 5813 2241 5873 (τι)
2278 5811 2518 5873 qudam.
2547 5817 2708 5874 ctua,
2739 5810 2812 5861 12.
2890 5879 2904 5890 .
