4122 6564
373 429 479 488 869

371 552 476 598 rat.
500 541 727 612 Propter
746 540 872 613 quid
893 540 1036 596 enim
1058 539 1273 595 fratrem
1296 553 1450 595 suum
1472 538 1754 604 occiderit,
1779 547 1962 594 notum

373 645 457 691 est
489 652 502 689 :
531 635 656 706 quia
686 649 799 690 non
829 642 1047 705 propter
1072 634 1174 690 hoc
1214 633 1354 706 quod
1402 633 1733 705 perpetravit
1762 633 1964 700 Adam,

374 726 470 781 s:-d
504 728 626 796 quia
657 725 798 782 bono
824 726 941 796 ejus
966 726 1172 781 invidit.

448 819 536 874 76.
564 819 803 890 Denique
824 833 922 874 nec
944 819 1055 888 ipsa
1086 817 1179 874 tibi
1209 817 1275 874 ad
1315 817 1457 874 hunc
1480 826 1716 874 vestrum
1747 831 1963 873 sensum

369 927 492 981 qua:
524 912 745 981 posuisti
780 911 1082 968 testimonia
1113 910 1483 981 suffragantur.
1516 910 1679 965 Recte
1705 910 1847 966 enim
1878 910 1962 964 di-

367 1006 529 1071 citur,
557 1000 623 1057 In
652 1020 749 1072 quo
769 1003 973 1075 corrigit
987 1004 1165 1075 junior
1189 1003 1321 1057 viam
1347 1001 1534 1056 suam?
1558 1019 1578 1054 ‹
1597 1009 1813 1071 propter
1838 1001 1964 1072 quid

367 1095 628 1167 (ut'rigit?
659 1114 679 1148 s
735 1096 983 1166 quoniam
1027 1093 1284 1166 sequitur,
1329 1093 1382 1149 in
1429 1090 1754 1148 custodiendo
1819 1091 1965 1145 verba

370 1196 477 1238 mu.
531 1186 756 1257 Propter
806 1185 907 1242 hoc
953 1186 1095 1241 enim
1141 1185 1359 1255 corrigit
1408 1184 1545 1239 viam
1599 1196 1781 1249 suam,
1840 1182 1963 1253 quia

370 1276 531 1330 vcrba
583 1275 676 1331 Dei
738 1277 879 1331 sicut
930 1275 1208 1344 cogitanda
1261 1282 1384 1329 sunt
1425 1275 1656 1345 cogitat,
1719 1282 1774 1329 et
1813 1273 1961 1344 cogi—

371 1366 533 1442 tando
559 1366 823 1432 custodit,
856 1365 1209 1422 custodiendo
1238 1373 1382 1421 recte
1412 1365 1561 1419 vivit.
1586 1363 1702 1435 ipsa
1732 1378 1861 1434 ergo
1887 1363 1963 1418 illi

369 1468 531 1511 causa
558 1467 638 1511 est
667 1469 724 1513 ut
750 1457 889 1512 viam
920 1472 1069 1513 suam
1099 1457 1362 1528 corrigat,
1394 1458 1515 1528 quia
1561 1456 1652 1512 Dei
1682 1456 1843 1511 verba
1864 1471 1961 1511 cu-

369 1549 553 1604 studit.
612 1550 679 1604 Et
719 1549 861 1620 quod
909 1549 983 1605 ait
1031 1549 1374 1606 beatissimus
1425 1547 1749 1619 Stephanus,
1806 1546 1962 1620 Fugit

371 1639 577 1711 Moyses
597 1641 648 1694 in
679 1641 825 1695 verba
859 1642 954 1695 hoc
980 1639 1122 1714 (Act.
1168 1655 1272 1708 vtt,
1298 1639 1436 1710 29);
1468 1639 1606 1695 bene
1631 1639 1958 1710 intelligitur,

372 1742 591 1800 propter
625 1749 642 1783 ι
668 1731 887 1786 verbum
922 1731 1022 1786 hoc
1046 1750 1064 1785 ι
1091 1730 1249 1803 ;quia
1277 1728 1378 1786 hoc
1394 1730 1615 1796 audivit,
1637 1733 1737 1786 hoc
1767 1731 1955 1797 timuit,

371 1819 474 1876 huc
501 1821 751 1892 cogitavit
776 1831 835 1877 ut
863 1821 1103 1893 fugeret;
1136 1822 1249 1877 huc
1279 1822 1353 1877 illi
1383 1821 1481 1877 fuit
1509 1836 1668 1878 causa
1698 1821 1956 1895 fugiendi.

369 1909 637 1981 buntquid
661 1911 712 1967 in
740 1911 823 1968 his
853 1912 1208 1969 loculionibus
1227 1912 1426 1984 aliquid
1452 1913 1650 1969 dictum
1681 1922 1760 1969 est
1777 1956 1792 1982 ,
1818 1914 1959 1985 quod

369 2002 633 2070 pertineat
657 2001 725 2057 ad
763 2002 1147 2073 imitationem,
1182 2016 1285 2075 qua
1310 2004 1388 2059 sic
1424 2003 1648 2060 alterum
1679 2004 1814 2060 alter
1842 2006 1960 2060 imi-

369 2087 534 2164 tatur,
561 2104 620 2151 ut
639 2111 760 2153 cum
782 2098 1002 2153 omnino
1027 2113 1133 2154 non
1157 2099 1355 2170 cogitet
1380 2116 1394 2153 :
1415 2091 1469 2154 ei
1490 2097 1607 2154 ideo
1630 2098 1778 2152 nullo
1798 2098 1958 2154 modo

368 2187 475 2242 dici
501 2186 669 2257 possit
696 2198 914 2260 pr0pter
954 2189 1057 2246 hoc
1087 2190 1511 2262 peccasse,quia
1553 2191 1642 2246 ille
1685 2192 1951 2261 peccavit,

367 2280 422 2334 io
452 2296 560 2352 quo
584 2297 682 2338 nec
709 2282 1039 2353 originaliter
1063 2281 1201 2352 fuit,
1230 2296 1330 2340 nec
1370 2282 1437 2340 de
1465 2284 1556 2340 illo
1582 2284 1871 2356 quidquam
1903 2285 1956 2340 in

367 2381 589 2441 peccato
619 2373 839 2444 proprio
863 2374 1153 2446 cogitavit?

417 2460 507 2517 77.
526 2481 543 2514 ι
565 2462 692 2530 Sed,
715 2465 952 2535 linquis,
976 2484 995 2518 ι
1020 2463 1143 2520 side
1155 2466 1356 2535 peccati
1384 2466 1599 2522 traduce
1622 2467 1952 2538 loquebatur,

364 2566 628 2624 nuSquam
654 2556 1032 2626 congruentius
1059 2556 1279 2625 diceret,
1307 2556 1431 2613 ideo
1452 2560 1753 2628 pertransiit
1771 2575 1957 2629 pecea-

366 2656 501 2711 tum,
522 2646 645 2717 quia
665 2662 851 2704 omues
871 2659 995 2705 sunt
1013 2649 1082 2706 de
1100 2649 1387 2723 conjugum
1408 2652 1677 2723 voluptate
1697 2653 1955 2724 generati:

365 2745 422 2790 et
440 2735 663 2792 adderet
684 2778 697 2802 ,
724 2735 782 2792 In
807 2754 873 2794 eo
895 2741 1122 2809 transiit,
1141 2740 1195 2796 in
1211 2757 1317 2812 quo
1334 2758 1397 2797 ex
1421 2742 1595 2798 tabida
1610 2744 1765 2815 primi
1790 2744 1960 2801 homi-

365 2829 452 2882 nis
472 2843 630 2883 carne
653 2828 967 2886 ﬂuxerunt.»
993 2831 1103 2888 Nec
1121 2831 1269 2887 vides
1289 2833 1478 2890 eodem
1504 2835 1666 2891 modo
1687 2836 1779 2891 tibi
1802 2853 1958 2907 posse

365 2919 506 2988 diei,
535 2919 591 2976 Si
620 2920 686 2978 de
726 2922 1023 2980 imitatione
1066 2922 1269 2995 peccati
1297 2925 1584 2996 Apostolus
1625 2928 1957 2999 loquebatur,

366 3026 630 3083 nusquam
651 3015 1034 3085 congruentius
1060 3015 1298 3084 diceret,
1327 3014 1451 3072 ldeo
1484 3019 1790 3088 pertransiit
1831 3034 1955 3090 pec-

366 3114 544 3160 catum
566 3147 581 3172 ,
622 3107 744 3177 quia
774 3107 929 3178 primi
960 3106 1191 3163 hominis
1227 3108 1500 3179 praecessit
1535 3110 1839 3181 exemplum
1865 3129 1878 3164 :
1907 3119 1960 3166 et

365 3194 623 3262 adderet,
649 3195 707 3252 In
731 3212 796 3253 eo
819 3198 1063 3266 transiit,
1092 3194 1144 3253 in
1173 3213 1278 3270 quo
1297 3213 1486 3255 omnes
1507 3200 1647 3255 illius
1670 3201 1822 3256 unius
1844 3202 1962 3256 imi-

366 3285 569 3340 tatione
618 3294 998 3355 peccaverunt.
1048 3286 1239 3358 Aliquo
1285 3288 1426 3343 enim
1471 3288 1697 3345 duorum
1736 3291 1958 3345 istorum

363 3374 527 3430 modo
554 3375 864 3446 loqueretur
890 3376 1176 3446 Apostolus
1202 3376 1305 3434 boc
1345 3377 1463 3434 loco
1481 3422 1495 3447 ,
1522 3379 1567 3435 sl
1605 3380 1671 3435 ad
1699 3389 1847 3436 tuum
1876 3381 1958 3438 vel

364 3483 544 3523 meum
576 3469 883 3539 loqueretur
905 3468 1204 3525 arbitrium.
1228 3470 1360 3538 Quia
1386 3486 1515 3542 ergo
1540 3487 1639 3528 nec
1664 3472 1793 3528 illud
1819 3473 1960 3530 dixit

363 3559 507 3630 quod
530 3567 584 3615 tu
607 3602 622 3629 ,
649 3576 751 3617 nec
778 3561 907 3616 illud
934 3560 1077 3632 quod
1100 3577 1234 3633 ego;
1267 3564 1523 3635 numquid
1552 3564 1634 3620 vis
1673 3574 1733 3620 ut
1768 3566 1960 3623 creda-

362 3667 485 3706 mus
511 3652 563 3706 in
590 3650 676 3708 his
703 3651 818 3723 ejus
846 3650 1045 3720 verbis,
1071 3668 1171 3709 nec
1183 3654 1440 3725 originale
1466 3656 1753 3712 secundum
1768 3657 1961 3715 Catho-

363 3740 517 3810 licos,
543 3757 646 3799 nec
669 3740 1011 3798 imitatorium
1029 3742 1320 3799 secundum
1340 3744 1649 3817 Pelagianos
1665 3747 1960 3821 intelligen-

361 3831 489 3888 dum
528 3850 650 3890 esse
672 3834 989 3904 peccatum?
1026 3833 1162 3891 Puto
1181 3834 1322 3907 quod
1345 3836 1502 3891 nolis.
1534 3836 1772 3895 Remove
1799 3840 1960 3911 igitur

362 3930 462 3985 ista
484 3946 602 4003 qua:
625 3939 847 4004 possunt
865 3946 931 3987 ex
956 3939 1179 4002 utraque
1199 3938 1347 4003 parte
1368 3933 1650 3988 momentis
1670 3934 1962 4005 :equalibus

363 4021 466 4077 dici
488 4064 503 4087 ,
529 4032 583 4077 et
610 4022 654 4077 si
683 4022 777 4078 tibi
811 4022 986 4093 placet
1009 4023 1125 4078 sine
1147 4023 1490 4079 contentione
1518 4023 1644 4094 quid
1675 4025 1963 4094 Apostolus

362 4113 564 4168 dixerit
589 4113 816 4180 intueri,
841 4114 1080 4182 adverte,
1112 4120 1170 4170 ut
1197 4114 1298 4169 hoc
1323 4113 1526 4170 diceret
1539 4125 1560 4181 ‘,
1583 4115 1708 4187 quid
1732 4116 1921 4187 agebat
1945 4137 1959 4171 :

360 4215 417 4261 et
443 4206 689 4262 invenies
709 4222 804 4277 per
827 4223 989 4262 unum
1018 4207 1287 4263 hominem
1309 4207 1441 4263 iram
1466 4207 1558 4263 Dei
1584 4224 1744 4279 super
1768 4209 1961 4265 huma-

361 4313 489 4351 num
517 4312 686 4367 genus
705 4337 720 4362 ,
777 4306 833 4353 et
865 4313 961 4369 per
988 4313 1150 4353 unum
1182 4298 1450 4352 hominem
1476 4298 1960 4355 reconciliationem

361 4388 495 4453 Deo,
514 4402 699 4444 eorum
719 4387 808 4458 qui
829 4403 893 4443 ex
909 4387 1249 4443 damnatione
1268 4387 1427 4442 totius
1447 4389 1653 4459 generis
1671 4390 1963 4446 liberantur

359 4479 545 4551 gratis.
580 4478 671 4534 ille
691 4489 771 4534 est
797 4479 998 4549 primus
1009 4478 1173 4533 Adam
1194 4478 1360 4534 factus
1385 4495 1453 4534 ex
1485 4488 1644 4542 terra,
1659 4481 1758 4536 iste
1779 4489 1860 4537 est
1879 4495 1963 4537 se-

360 4571 565 4625 cundus
580 4570 746 4624 Adam
767 4568 934 4624 factus
947 4584 1012 4626 ex
1032 4569 1241 4626 femina.
1264 4570 1370 4625 Sed
1394 4570 1461 4625 ibi
1482 4585 1577 4641 per
1593 4571 1821 4627 Verbum
1834 4588 1961 4629 caro

361 4661 497 4717 facta
513 4675 594 4718 est
610 4706 624 4730 ,
651 4663 734 4718 hic
751 4671 926 4718 autem
956 4664 1126 4733 ipsum
1150 4659 1378 4717 Verbum
1400 4674 1525 4718 caro
1546 4663 1740 4719 factum
1763 4675 1878 4732 est;
1902 4676 1963 4723 ut

361 4771 460 4825 per
478 4757 593 4824 ejus
611 4766 835 4810 mortem
858 4753 1115 4819 vivamus,
1134 4770 1238 4824 quo
1252 4755 1434 4809 relicto
1454 4757 1643 4811 mortui
1668 4757 1956 4815 fueramus.

361 4844 713 4912 Commendat,
736 4846 925 4917 inquit,
942 4861 1087 4898 suam
1098 4846 1392 4899 charitotcm
1412 4843 1547 4899 Deus
1574 4847 1625 4900 in
1647 4848 1807 4911 nobis,
1829 4865 1957 4919 quo-

361 4941 501 4991 niam
526 4956 640 4992 cum
668 4937 836 4992 adhuc
866 4944 1150 5010 peccatores
1192 4952 1440 5002 essemus,
1473 4934 1702 4992 Christus
1741 4955 1832 5008 pro
1860 4955 1954 4992 no-

347 5026 436 5097 .bis
462 5040 691 5084 mortuus
722 5034 829 5096 est;
858 5030 1015 5083 multo
1054 5029 1215 5099 magis
1254 5027 1527 5099 justiﬁcati
1566 5029 1795 5083 nuncin
1833 5047 1956 5083 san-

359 5123 512 5194 guine
527 5122 706 5194 ipsius,
725 5118 851 5175 salvi
871 5120 1054 5174 erimus
1071 5118 1131 5171 ab
1145 5119 1221 5172 ira
1243 5131 1332 5189 per
1351 5118 1516 5187 ipsum
1541 5118 1709 5190 (Rom.
1728 5136 1782 5185 v,
1799 5120 1851 5186 8,
1873 5118 1956 5195 9.)

433 5213 523 5269 78.
557 5213 632 5268 De
654 5213 753 5267 hac
781 5212 856 5265 ira
892 5210 1056 5265 dicit:
1089 5207 1310 5264 Eramus
1329 5218 1374 5263 et
1401 5226 1492 5263 nos
1521 5218 1703 5264 natura
1730 5212 1953 5289 filii‘ira',

359 5303 491 5356 sicut
510 5312 556 5355 et
578 5303 743 5356 cwtcri
768 5300 979 5374 (Ep/tes.
1007 5314 1074 5367 tt,
1107 5300 1182 5370 5).
1218 5302 1289 5356 De
1318 5301 1415 5355 hac
1440 5301 1514 5354 ira
1542 5299 1669 5355 dicit
1695 5301 1956 5359 Jeremias

363 5394 623 5465 propheta
656 5413 668 5448 :
701 5382 1008 5449 Maledictus
1034 5393 1141 5448 dies
1170 5395 1223 5448 in
1255 5408 1353 5463 quo
1384 5402 1534 5447 natus
1576 5410 1689 5448 sunt
1728 5395 1950 5466 (Jerem.

366 5502 468 5551 xx,
504 5486 630 5557 it).
683 5484 758 5540 De
785 5486 885 5540 hac
925 5485 1004 5540 ira
1029 5485 1157 5541 dicit
1184 5494 1400 5539 sanctus
1443 5482 1544 5539 Job
1592 5503 1605 5539 :
1640 5484 1821 5559 Pereat
1849 5487 1955 5542 dics

365 5576 449 5629 ille
477 5578 529 5630 in
558 5591 659 5648 quo
688 5585 836 5630 natus
880 5590 993 5630 sum
1022 5574 1157 5648 (Job
1184 5588 1272 5641 ut,
1305 5573 1397 5646 3).
1446 5574 1521 5630 De
1560 5575 1660 5630 hac
1697 5577 1770 5631 ira
1827 5578 1951 5633 item

365 5669 494 5722 dicit
524 5668 661 5723 idem
687 5669 840 5737 ipse:
872 5665 1040 5720 Homo
1066 5668 1197 5719 enim
1226 5676 1374 5719 natus
1417 5681 1481 5719 ea:
1519 5667 1754 5730 muliere,
1797 5667 1953 5721 brevis

367 5763 481 5814 uiue
502 5802 516 5826 ,
548 5771 596 5815 ct
623 5761 801 5829 plenus
831 5758 1109 5813 iracundia:
1127 5799 1139 5819 ,
1168 5756 1293 5809 sicut
1315 5756 1410 5825 flos
1451 5757 1553 5825 feni
1581 5755 1792 5821 decidit,
1825 5759 1953 5829 fugit

366 5868 533 5906 atatem
552 5852 681 5907 sicut
702 5846 877 5905 umbra
921 5859 967 5903 ct
994 5866 1092 5903 non
1116 5848 1281 5901 stabit.
1310 5844 1489 5900 Nonne
1516 5858 1561 5901 et
1602 5847 1750 5917 hujus
1775 5865 1948 5902 curuos

1748 423 1949 482 LIBER
1989 420 2281 480 SEXTUS.

2083 538 2277 610 fecisti,
2314 548 2362 594 et
2388 540 2521 597 hunc
2546 542 2712 615 fecisti
2733 545 2924 604 intrare
2950 548 3004 603 in
3026 558 3294 623 Wspectu
3319 560 3405 610 tuo
3432 556 3486 611 in
3519 557 3665 632 indi-

2079 631 2261 686 cium!
2310 631 2438 700 Quis
2477 634 2609 688 enim
2629 635 2724 689 erit
2766 638 3037 694 mundusa
3073 641 3349 699 sordibus?
3398 643 3489 701 Ne
3523 631 3664 704 unus

2075 724 2276 795 quidem
2305 726 2344 795 ⁸,
2365 728 2561 782 etiamsi
2581 731 2730 787 unius
2750 731 2849 787 diei
2873 734 3025 805 fuerit
3046 737 3146 791 vita
3168 740 3279 810 q’us
3304 757 3455 814 super
3476 752 3665 799 terram

2076 816 2095 886 (
2121 814 2206 869 Id.
2241 834 2359 885 xxv,
2389 819 2512 889 1-5,
2536 837 2636 875 sec.
2670 821 2810 878 LXX
2832 824 2875 898 ).
2912 827 2986 882 De
3010 827 3111 884 hac
3131 830 3209 886 ira
3234 832 3361 888 dicit
3389 835 3522 891 liber
3550 837 3663 893 Ec»

2074 905 2413 967 clesiasticus
2442 929 2455 965 :
2495 913 2675 968 Omnis
2702 931 2824 971 caro
2844 918 2974 973 sicut
3000 922 3151 976 vestis
3176 927 3435 980 eeterascit
3455 943 3477 993 ,°
3501 938 3661 984 testa~

2073 1010 2294 1053 mentum
2317 1003 2449 1057 enim
2470 1019 2501 1057 a
2525 1005 2730 1074 siccato,
2751 1019 2910 1062 morte
2933 1012 3160 1067 morieris
3186 1013 3383 1083 (Eccli.
3413 1032 3529 1086 χεν,
3563 1020 3654 1087 i8,

2074 1087 2187 1160 12).
2219 1091 2454 1163 itemque
2476 1094 2588 1165 ipse
2617 1115 2631 1152 :
2663 1096 2708 1152 Α
2733 1097 2967 1165 muliere,
2997 1101 3194 1172 inquit,
3223 1105 3419 1162 initium
3441 1116 3513 1164 est
3539 1127 3659 1180 pec-

2071 1180 2188 1243 cati,
2211 1191 2258 1235 et
2284 1195 2489 1254 propter
2512 1186 2653 1240 illam
2679 1190 2924 1244 morimur
2949 1207 3117 1248 omnes
3139 1192 3247 1268 (Id.
3272 1212 3383 1254 xxv
3404 1242 3418 1265 ,
3441 1201 3567 1273 53).
3594 1202 3663 1259 Et

2041 1270 2044 1274 ’
2073 1269 2177 1322 alio
2197 1272 2311 1325 loco
2331 1289 2344 1327 :
2367 1274 2643 1345 Uccujmlio
2659 1294 2843 1349 magna
2854 1292 3025 1335 creata
3042 1294 3114 1338 est
3132 1287 3267 1340 omni
3283 1288 3491 1358 homini,
3514 1269 3657 1362 etju-

2071 1376 2191 1430 gunt
2232 1378 2382 1433 graue
2427 1382 2580 1436 super
2613 1368 2746 1437 filios
2775 1370 2969 1441 Adam,
3009 1390 3041 1427 a
3082 1376 3165 1430 die
3198 1378 3361 1432 exitus
3397 1381 3460 1434 de
3491 1394 3659 1438 ventre

2072 1454 2248 1508 matris
2292 1472 2464 1509 eorum
2490 1499 2503 1519 ,
2544 1475 2700 1529 usque
2741 1461 2795 1515 in
2838 1463 2972 1517 diem
3025 1467 3302 1536 sepultum
3344 1470 3398 1524 in
3444 1483 3657 1528 matrem

2071 1547 2294 1601 omnium
2325 1548 2443 1620 (Id.
2475 1567 2575 1618 xc,
2612 1551 2634 1606 i
2666 1554 2704 1623 ).
2740 1554 2818 1610 De
2839 1555 2936 1611 hac
2976 1556 3053 1611 ira
3096 1558 3224 1613 dicit
3263 1561 3652 1620 Ecclesiastes:

2085 1636 2289 1690 Vanitas
2320 1642 2595 1695 vanitatum
2620 1686 2633 1709 ,
2677 1655 2722 1697 et
2750 1647 2920 1700 omnia
2943 1650 3156 1703 nutritas.
3192 1648 3323 1714 Qua!
3342 1653 3655 1712 abundantia

2070 1714 2265 1781 homini
2289 1731 2313 1760 ¹
2345 1730 2397 1784 in
2428 1733 2565 1786 omni
2593 1732 2762 1789 labore
2788 1752 2908 1804 suo,
2942 1753 3040 1808 quo
3077 1739 3186 1809 ipse
3208 1739 3403 1796 laborat
3426 1734 3523 1798 sub
3548 1745 3658 1800 sole

2070 1816 2290 1889 (Ecete.
2334 1837 2390 1888 t,
2439 1822 2503 1889 Ξ,
2537 1824 2606 1895 ὅ)
2632 1826 2655 1879 ?
2686 1827 2758 1881 De
2789 1827 2887 1883 hac
2927 1831 3002 1883 ira
3048 1846 3145 1886 vox
3185 1834 3478 1903 apostolica
3521 1845 3653 1893 est:

2073 1910 2249 1965 Omnis
2278 1924 2509 1968 creatura
2549 1918 2759 1971 vanitati
2782 1921 3005 1992 subjecta
3040 1932 3110 1976 est
3141 1922 3333 1995 (Rom.
3361 1941 3485 1991 vm,
3516 1925 3651 1999 9.0).

2068 2001 2145 2057 De
2174 2001 2274 2058 hac
2300 2004 2377 2058 ira
2407 2007 2605 2076 plangit
2633 2008 2874 2063 Psalmus
2903 2011 2926 2043 ³
2977 2029 2990 2064 :
3036 2012 3168 2068 Ecce
3211 2024 3396 2070 veteres
3443 2018 3656 2087 posuisti

2067 2093 2175 2148 dies
2210 2110 2343 2149 meos
2363 2139 2378 2163 ,
2410 2106 2456 2150 et
2480 2097 2756 2153 substantia
2782 2116 2892 2154 mea
2930 2110 3166 2173 tanquam
3195 2106 3406 2159 nihilum
3435 2116 3553 2162 ante
3576 2118 3677 2175 te;‘

2066 2197 2405 2241 verumtamen
2430 2189 2663 2244 universa
2689 2194 2884 2247 vanitas
2910 2194 3072 2248 onmis
3098 2196 3249 2250 homo
3286 2198 3451 2253 cicera
3474 2197 3649 2271 (Psal.

2067 2291 2279 2333 xxxvm
2302 2320 2315 2344 ,
2342 2278 2436 2351 6).
2472 2281 2546 2336 De
2574 2281 2678 2337 hac
2716 2283 2791 2337 ira
2826 2284 3026 2356 plangit
3046 2293 3101 2341 et
3141 2287 3277 2342 alius
3320 2301 3335 2341 :
3386 2289 3514 2355 Qute
3559 2304 3659 2357 pro

2064 2370 2226 2424 nihilo
2254 2372 2517 2439 habentur,
2561 2389 2734 2429 coruus
2771 2377 2892 2431 anui
2919 2386 3086 2432 erunt.
3132 2377 3290 2434 Mane
3327 2382 3458 2436 sicut
3498 2382 3657 2438 herba

2067 2470 2328 2529 transeat,
2358 2478 2507 2516 mane
2532 2463 2715 2534 floreat
2752 2474 2797 2519 et
2842 2475 3105 2536 praetereat
3123 2509 3137 2533 ,
3180 2483 3382 2538 uespere
3417 2471 3651 2541 decidat,

2066 2552 2299 2607 durescat
2322 2564 2369 2608 et
2393 2564 2606 2608 arescat.
2639 2554 2889 2620 Quoniam
2919 2558 3191 2630 defecimus
3236 2562 3290 2615 in
3332 2562 3411 2616 ira
3446 2573 3562 2629 tua,
3607 2574 3657 2619 α

2065 2643 2119 2697 in
2157 2641 2505 2716 indignatione
2528 2656 2616 2701 tua
2644 2636 2926 2703 conturbari
2970 2666 3165 2706 sumus.
3198 2651 3424 2707 Posuisti
3460 2654 3651 2726 iniqui-

2067 2743 2194 2790 tates
2243 2747 2442 2791 nostras
2486 2740 2542 2793 in
2594 2749 2863 2811 conspectu
2908 2749 3027 2811 tuo,
3072 2744 3315 2798 sa'culum
3343 2755 3571 2800 nostrum
3595 2747 3651 2801 in

2064 2825 2440 2885 ittuminatione
2467 2832 2634 2886 uultus
2660 2831 2756 2887 tui.
2782 2831 3034 2898 Quoniam
3058 2849 3230 2888 omnes
3249 2836 3359 2889 dies
3382 2836 3541 2890 nostri
3557 2834 3652 2891 de-

2066 2923 2331 2992 fecerunt,
2364 2931 2410 2976 et
2435 2924 2487 2977 in
2512 2924 2591 2977 ira
2619 2933 2706 2977 tua
2730 2924 3025 2996 defecimus.
3049 2925 3185 2980 Anni
3204 2928 3363 2981 nostri
3380 2928 3509 2982 sicut
3535 2940 3655 2982 ara-

2067 3026 2163 3066 nea
2187 3014 2561 3069 meditabantur
2583 3014 2751 3088 (Psal.
2780 3031 2979 3072 usus
3002 3060 3017 3085 ,
3043 3017 3147 3074 5-9
3161 3018 3201 3089 ).

2136 3105 2226 3162 79.
2259 3107 2429 3162 Nemo
2456 3108 2711 3163 liberatur
2736 3108 2760 3141 ⁵
2796 3110 2864 3165 ab
2889 3109 2989 3164 hac
3015 3110 3091 3164 ira
3122 3110 3255 3178 Dei,
3280 3108 3385 3166 nisi
3421 3125 3520 3183 per
3541 3113 3656 3169 lle-

2070 3196 2330 3251 diutorem
2376 3200 2757 3254 reconcilietur
2805 3200 2934 3255 Deo.
2983 3199 3137 3256 Unde
3173 3201 3306 3257 dicit
3342 3203 3502 3258 etiam
3534 3205 3652 3274 ipse

2065 3286 2324 3343 Mediator
2355 3305 2370 3342 :
2406 3288 2509 3354 Qui
2552 3305 2654 3344 non
2678 3291 2836 3345 credit
2881 3289 3057 3357 Filio,
3082 3309 3187 3348 non
3228 3293 3429 3348 habebit
3451 3297 3648 3362 vitta»,-

2065 3377 2156 3433 sed
2181 3379 2259 3432 ira
2288 3378 2387 3433 Dei
2403 3389 2571 3435 manet
2591 3397 2745 3452 super
2767 3399 2880 3436 eum
2908 3383 2953 3454 (1
2981 3383 3136 3438 Joan.
3165 3399 3245 3454 Ill,
3408 3385 3525 3442 Non
3557 3389 3646 3443 di-

2065 3470 2165 3537 xit,
2196 3469 2417 3537 Veniet;
2446 3472 2561 3537 sed,
2593 3480 2760 3527 manet
2778 3489 2933 3544 super
2959 3489 3091 3528 eum.
3122 3472 3245 3532 ideo
3270 3492 3398 3548 ergo
3425 3476 3654 3533 credunt

2065 3569 2224 3632 atque
2250 3560 2574 3616 confitentur
2599 3570 2654 3617 et
2681 3562 2913 3633 majores
2943 3577 3041 3635 per
3060 3578 3156 3619 cor
3181 3572 3235 3622 et
3258 3580 3321 3621 os
3345 3568 3643 3637 proprium,

2065 3658 2121 3706 et
2174 3651 2377 3721 parvuli
2427 3662 2526 3721 per
2562 3651 2798 3708 alienum
2821 3695 2836 3716 .
2870 3664 2928 3708 ut
2972 3656 3388 3713 reconcilientur
3416 3659 3526 3716 Deo
3553 3674 3653 3732 per

2067 3751 2299 3798 mortem
2348 3741 2469 3797 Filii
2508 3743 2624 3814 ejus
2648 3784 2665 3812 ,
2710 3759 2781 3800 ne
2833 3746 2910 3801 ira
2960 3746 3054 3802 Dei
3095 3760 3307 3803 maneat
3343 3765 3506 3820 super
3531 3764 3652 3820 eos,

2067 3848 2201 3905 quos
2227 3834 2387 3889 etiam
2414 3834 2567 3906 origo
2609 3835 2789 3890 vitiata
2839 3837 3005 3892 efficit
3047 3850 3189 3894 reos.
3224 3840 3299 3896 De
3341 3841 3443 3896 hac
3469 3843 3653 3914 itaque

2066 3940 2129 3982 re
2153 3926 2176 3959 ⁸
2200 3926 2423 3998 loquens
2452 3926 2760 3997 Apostolus,
2783 3925 2908 3982 Cum
2933 3927 3120 3993 adhuc,
3154 3932 3342 4000 inquit,
3369 3943 3659 4001 peccatores

2068 4032 2307 4081 essemus,
2340 4016 2573 4071 Christus
2599 4032 2693 4088 pro
2721 4017 2866 4071 nobis
2907 4027 3140 4074 mortuus
3160 4030 3269 4088 est;
3294 4022 3457 4074 multo
3486 4025 3653 4094 magis

2058 4108 2330 4178 justiﬁcati
2357 4124 2493 4161 nunc
2530 4109 2587 4161 in
2613 4107 2862 4179 sanguine
2906 4110 3086 4179 ipsius,
3107 4111 3237 4165 salvi
3255 4111 3444 4168 crinitis
3481 4113 3544 4167 ab
3570 4115 3655 4167 ira

2071 4214 2161 4271 per
2188 4199 2377 4270 ipsum.
2420 4199 2483 4254 Si
2524 4199 2659 4251 enim
2683 4215 2800 4252 cum
2840 4200 3032 4256 inimici
3059 4217 3318 4269 essentne,
3342 4205 3655 4259 reconciliati

2069 4307 2244 4345 sumus
2269 4291 2377 4346 Deo
2398 4307 2488 4362 per
2512 4300 2720 4345 mortem
2754 4291 2879 4346 Filii
2906 4295 3055 4363 ejus;
3084 4295 3246 4348 multo
3269 4296 3432 4367 magis
3467 4313 3653 4351 recon-

2068 4382 2228 4437 ciliati
2250 4425 2264 4447 ,
2309 4383 2433 4437 salvi
2462 4383 2649 4437 erimus
2694 4385 2748 4437 in
2787 4384 2887 4437 vita
2910 4385 3070 4455 ipsius
3097 4401 3117 4440 :
3142 4403 3243 4441 non
3269 4388 3434 4442 solum
3462 4399 3649 4453 autem,

2068 4475 2156 4527 sed
2184 4482 2232 4527 et
2257 4474 2529 4545 gloriantes
2544 4473 2601 4527 in
2626 4472 2735 4528 Deo
2763 4490 2853 4544 per
2877 4474 3151 4530 Dominum
3199 4488 3424 4532 nostrum
3466 4478 3646 4534 Jesum

2069 4565 2323 4620 Christum
2347 4607 2363 4632 ,
2395 4582 2484 4636 per
2507 4582 2653 4638 quem
2692 4575 2739 4619 et
2777 4582 2909 4620 nunc
2951 4568 3408 4623 reconciliationem
3450 4572 3649 4641 accepi-

2067 4674 2202 4712 mus.
2232 4656 2450 4727 PrOpter
2474 4658 2568 4711 hoc
2588 4658 2716 4711 sicut
2744 4673 2834 4727 per
2862 4673 3021 4712 unum
3041 4659 3293 4713 hominem
3316 4672 3579 4731 peceatum
3594 4663 3649 4715 in

2069 4752 2202 4804 hunc
2228 4749 2471 4803 mundum
2500 4749 2725 4810 intravit,
2749 4759 2799 4802 et
2822 4764 2914 4818 per
2953 4760 3210 4818 peccatum
3236 4766 3393 4816 mors,
3420 4760 3470 4804 et
3497 4752 3570 4804 ita
3594 4752 3651 4805 in

2066 4857 2234 4896 ornnes
2256 4842 2479 4895 homines
2510 4841 2828 4909 pertransiit,
2856 4840 2909 4893 in
2959 4851 3061 4910 quo
3096 4857 3269 4895 omnes
3293 4856 3566 4912 ριεεαυεηι
3583 4852 3645 4898 st.

2064 4934 2265 5003 Nempe
2286 4933 2623 4987 titanifestum
2653 4941 2734 4986 est
2757 4972 2773 4998 ,
2803 4942 2860 4986 ut
2902 4932 3005 4987 hoc
3044 4934 3268 4998 diceret,
3301 4934 3429 5004 quid
3452 4934 3647 5005 agebat

2065 5024 2374 5094 Apostolus.
2398 5022 2474 5077 ite
2494 5023 2693 5084 adhuc,
2721 5031 2776 5076 et
2813 5021 2937 5077 huic
2962 5023 3403 5091 reconciliationi,
3434 5041 3555 5095 qua:
3582 5026 3647 5081 tit

2067 5132 2164 5189 per
2185 5124 2410 5171 mortem
2435 5113 2555 5169 Filii
2578 5114 2693 5178 Dei,
2724 5114 2813 5184 qui
2850 5114 2965 5169 sine
2986 5123 3206 5185 peccato
3230 5116 3373 5170 venit
3401 5116 3457 5170 in
3483 5132 3644 5172 mun-

2064 5210 2212 5273 dum,
2245 5205 2542 5262 subtrahite
2568 5206 2839 5275 parvulos,
2885 5214 2942 5259 ut
2969 5217 3183 5276 propter
3210 5222 3334 5262 eum
3360 5220 3455 5277 per
3479 5223 3643 5278 quem

2067 5308 2342 5370 peccatum
2370 5297 2585 5352 intravit
2605 5297 2659 5351 in
2702 5297 2980 5363 mundum,
3012 5298 3088 5352 ira
3120 5298 3211 5353 Dei
3243 5308 3456 5353 maneat
3479 5314 3642 5369 super

2065 5406 2177 5448 eos.
2200 5389 2335 5459 Quid
2358 5388 2444 5443 hic
2469 5387 2593 5445 facit
2620 5388 2865 5456 imitatio,
2892 5404 3076 5460 quarso
3104 5400 3178 5458 te,
3200 5391 3288 5446 ubi
3307 5392 3478 5457 audis,
3501 5390 3646 5448 Nam

2127 5548 2145 5619 ξ
2169 5545 2382 5619 )‘aticam
2413 5553 2519 5594 tres
2540 5550 2594 5594 et
2627 5542 2812 5608 aliquot
2855 5556 2921 5594 ex
2950 5543 3201 5595 Callicanis
3238 5553 3329 5595 Mss
3349 5579 3365 5605 ,
3391 5553 3457 5595 Ne
3478 5547 3643 5608 arruns

2061 5607 2306 5736 θ”ξξῗῗίμ
2340 5662 2560 5736 humoris.
2593 5666 2895 5736 Mannsmjipti
2924 5666 3063 5729 juxta
3095 5680 3323 5731 gramm,
3358 5661 3554 5718 austrini.

2124 5734 2145 5765 ³
2167 5733 2239 5780 sic
2263 5736 2370 5777 Mss.
2395 5729 2513 5778 Editi
2539 5742 2673 5786 vero,
2702 5729 2975 5779 Psatmistu.

2126 5794 2235 5860 ξείς
2257 5797 2374 5860 atas;
2390 5791 2525 5845 t-‘diti.
2544 5788 2842 5840 liberabitur.
2935 5849 2947 5860 ,

2128 5857 2148 5888 ⁸
2175 5856 2253 5903 llic
2271 5851 2506 5917 addimus,
2526 5863 2595 5912 re,
2623 5863 2684 5901 ex
2710 5851 3063 5914 manuscriptts.
