4122 6534
376 4741 412 4767 \

454 356 552 414 871

447 470 700 543 judicium
749 471 948 543 quidem
985 485 1058 526 ear
1073 486 1178 526 uno
1219 471 1272 527 in
1317 471 1782 526 condemnationem
1806 512 1820 537 ,
1871 471 2038 544 gratia

451 572 620 616 autem
645 579 710 620 ea:
731 561 905 617 multis
933 562 1130 618 delictis
1155 563 1205 616 in
1223 563 1642 632 justiﬁcationem
1669 560 1845 630 (Rom.
1879 577 1912 617 ν
1933 603 1949 626 ,
1978 562 2040 616 8-

451 651 540 716 12,
573 651 701 724 £6)?
733 650 884 708 Unde
912 654 1083 723 gratia
1114 669 1180 708 ex
1212 653 1391 706 multis
1439 652 1650 706 delictis
1681 655 1730 706 in
1772 651 2030 721 justilica-

450 746 690 810 tionem;
725 745 822 799 nisi
851 745 969 816 quia
1007 755 1201 814 przetcr
1222 760 1382 798 unum
1424 744 1552 798 illud
1579 745 1822 815 originis,
1855 742 2034 797 addita

454 837 619 894 multa
651 853 770 908 quae
793 836 951 892 simul
979 837 1186 892 deleret
1217 835 1457 890 invenit?
1484 837 1734 906 Alioquin
1779 835 1857 888 sic
1891 843 2037 889 esset

447 944 516 983 ex
540 928 720 984 multis
747 927 1122 982 condemnatio
1141 971 1156 993 ,
1189 945 1307 998 qua:
1353 926 1598 982 homines
1629 941 1790 981 unum
1821 926 2034 982 imitan-

445 1018 516 1073 do
547 998 960 1086 commiserant;
985 1021 1120 1076 sicut
1146 1035 1210 1073 ex
1257 1019 1456 1074 eisdem
1482 1019 1662 1072 multis
1695 1018 2030 1088 justiticntio,

443 1109 638 1180 quibus
694 1109 934 1164 remissis
975 1109 1029 1164 in
1074 1109 1300 1180 gratiam
1347 1108 1702 1178 respirahant.
1748 1105 1856 1162 Sed
1907 1106 2030 1176 quia

445 1217 608 1258 unum
640 1201 768 1255 illud
793 1200 1113 1266 sufﬁciebat,
1144 1209 1360 1271 propter
1380 1199 1522 1271 quod
1551 1198 1712 1254 etiam
1737 1197 1910 1252 solum
1932 1198 2028 1252 tic-

443 1299 528 1346 ret
570 1290 982 1356 condemnatio;
1011 1290 1194 1360 gratia:
1225 1305 1354 1346 vero
1383 1305 1487 1344 non
1527 1289 1826 1344 sufﬁciebat
1847 1290 1862 1321 ⁸
1898 1287 2027 1343 illud

445 1397 609 1439 unum
647 1381 849 1446 delere,
876 1382 970 1438 sed
997 1392 1050 1437 et
1076 1383 1242 1438 multa
1270 1399 1390 1452 qua:
1414 1383 1620 1452 adjecta
1645 1391 1790 1448 sunt,
1821 1391 1877 1436 ut
1902 1397 2022 1435 om-

439 1473 587 1529 nium
617 1473 933 1530 remissione
974 1474 1128 1530 lierct
1149 1473 1460 1544 justiticatio
1491 1491 1505 1528 :
1539 1475 1658 1530 ideo
1705 1475 1889 1544 utique
1936 1471 2023 1526 di-

436 1571 584 1619 ctum
609 1575 692 1620 est
709 1607 726 1633 ,
755 1564 788 1619 .Ι
795 1565 1018 1619 udicium
1039 1581 1102 1621 ea;
1129 1582 1230 1620 uno
1259 1567 1312 1620 in
1339 1565 1830 1630 condemnationem,
1855 1563 2024 1636 gratia

436 1666 605 1710 autem
631 1672 695 1711 ea:
738 1657 910 1711 multis
948 1656 1144 1711 delictis
1165 1658 1220 1710 in
1248 1657 1696 1730 justifieationem.
1723 1654 1856 1711 Nam
1883 1654 2026 1712 sicut

435 1762 544 1802 non
574 1747 855 1804 imitantur
892 1748 1165 1805 Christum
1199 1749 1401 1820 parvuli
1425 1791 1441 1817 ,
1473 1749 1596 1820 quia
1627 1747 1866 1804 nondum
1896 1762 2024 1818 pos-

433 1849 580 1904 sunt,
608 1851 664 1896 et
689 1851 867 1897 tamen
913 1841 982 1897 ad
1010 1841 1128 1913 ejus
1154 1843 1382 1914 gratiam
1409 1841 1747 1914 spiritualem
1780 1841 2020 1912 pertine-

431 1947 493 1988 re
519 1942 742 2002 possunt
767 1951 781 1990 :
815 1933 886 1989 ita
925 1933 1045 1990 sine
1073 1933 1371 1990 imitatione
1400 1933 1554 2004 primi
1606 1932 1856 1998 hominis,
1885 1947 2020 1988 con-

431 2023 646 2096 tagione
671 2033 849 2082 tamen
881 2040 946 2082 ex
971 2026 1088 2097 ipso
1115 2026 1344 2082 carnalis
1373 2025 1737 2096 generationis
1772 2023 2020 2080 obstricti

429 2124 574 2172 sunt.
621 2115 678 2172 Si
715 2128 894 2173 autem
922 2127 1206 2188 propterea
1247 2119 1330 2174 vis
1373 2133 1469 2175 eos
1511 2133 1541 2172 a
1593 2118 1753 2189 primi
1783 2112 2018 2174 hominis

427 2207 636 2264 alienos
664 2222 786 2263 esse
804 2217 1047 2278 peccato,
1071 2211 1194 2280 quia
1219 2225 1341 2266 eum
1369 2225 1478 2265 non
1522 2217 1646 2265 sunt
1672 2209 1862 2265 imitati
1888 2225 2016 2280 pro-

428 2297 543 2368 pria
571 2299 882 2365 voluntate;
911 2301 1008 2355 ista
1038 2301 1249 2356 ratione
1290 2299 1549 2356 alienabis
1579 2315 1672 2356 eos
1709 2307 1765 2355 et
1789 2315 1819 2354 a
1859 2298 2018 2370 justi-

429 2391 501 2444 tia
525 2389 744 2458 Christi,
765 2391 889 2463 quia
915 2406 1018 2450 nec
1039 2378 1210 2463 ipsum
1235 2392 1424 2449 imitati
1440 2401 1562 2450 sunt
1591 2393 1804 2464 proliria
1828 2392 2017 2448 volun-

426 2491 554 2539 tate.

497 2574 588 2630 80-.
616 2573 750 2631 Cum
796 2590 925 2632 vero
951 2575 1146 2632 Multos
1167 2617 1184 2645 ,
1231 2575 1374 2646 quod
1399 2575 1532 2632 dixit
1561 2584 1766 2647 postea,
1795 2591 1902 2634 non
1932 2577 2016 2634 vis

426 2664 648 2736 intelligi
675 2683 868 2731 omnes,
893 2667 1034 2738 quod
1062 2669 1210 2738 prius
1233 2667 1477 2735 dixerat;
1507 2686 1526 2720 ι
1556 2668 1676 2723 ideo
1701 2669 2012 2725 existimans

361 2793 372 2798 -
434 2776 455 2810 ι
490 2757 692 2813 dictum
723 2757 885 2814 fuisse
915 2761 1132 2828 multos,
1162 2775 1232 2817 ne
1260 2775 1454 2817 omnes
1493 2761 1950 2834 intelligerentur:
1985 2781 2007 2818 ι

424 2849 628 2920 poteris
654 2848 756 2905 hoc
782 2851 960 2908 dicere
979 2862 1033 2908 et
1053 2851 1120 2908 de
1155 2853 1362 2910 semine
1385 2853 1638 2921 Abrahze,
1671 2853 1758 2910 cui
1783 2854 2014 2926 promis-

427 2953 504 2995 sa:
537 2949 664 2994 sunt
688 2956 878 2996 omnes
914 2951 1102 3014 gentes
1129 2942 1152 3018 (
1183 2941 1311 3000 Gen.
1361 2960 1492 3013 xxu,
1523 2945 1592 3001 18
1613 2945 1656 3018 ),
1684 2962 1791 3002 non
1823 2963 2012 3005 omnes

421 3041 610 3103 gentes
629 3031 681 3104 ei
710 3031 875 3090 fuisse
905 3035 1235 3105 promissas;
1257 3036 1382 3106 quia
1407 3036 1605 3092 dictum
1631 3045 1716 3092 est
1739 3038 1848 3094 alio
1868 3037 2008 3107 loco,

419 3121 630 3179 Patrem
648 3125 922 3182 multarunt
945 3127 1167 3198 gemitum
1187 3129 1333 3199 posui
1349 3137 1398 3182 te
1420 3125 1530 3200 (Id.
1544 3143 1676 3196 xvu,
1699 3127 1778 3200 5).
1799 3129 2006 3184 Estau-

426 3222 533 3268 tcm
560 3229 726 3270 sanus
748 3215 1050 3272 intellectus
1067 3257 1082 3280 ,
1113 3217 1237 3272 ideo
1273 3218 1351 3274 sic
1379 3217 1612 3274 locutam
1637 3219 1966 3290 Scripturam
1989 3259 2006 3286 ,

420 3306 545 3376 quia
576 3316 800 3377 possunt
828 3323 948 3364 esse
969 3309 1142 3380 aliqua
1174 3308 1352 3364 omnia
1377 3351 1398 3377 ,
1425 3325 1546 3379 qua:
1567 3325 1676 3366 non
1707 3318 1834 3366 sunt
1868 3310 2008 3366 mul-

421 3407 474 3452 ta
503 3415 517 3451 :
545 3398 683 3453 sicut
710 3399 889 3454 omnia
937 3398 1168 3455 dicimus
1214 3400 1522 3471 Evangelia,
1563 3409 1618 3458 et
1651 3411 1828 3458 tamen
1862 3401 2010 3458 brevi

418 3505 646 3548 numero
669 3531 684 3557 ,
715 3491 769 3546 id
788 3501 888 3554 est.
917 3493 1274 3563 quaternario
1301 3493 1662 3550 continentur.
1704 3493 1775 3550 Et
1822 3507 2009 3557 rursus

418 3594 646 3657 possunt
676 3585 849 3656 aliqua
878 3600 1000 3642 esse
1031 3585 1198 3641 multa
1223 3627 1238 3652 ,
1271 3600 1380 3642 non
1408 3595 1586 3643 tamen
1633 3586 1848 3646 omnia;
1873 3586 2012 3641 sicut

417 3677 616 3734 multos
635 3675 863 3732 dicimus
897 3677 1122 3734 credere
1151 3677 1204 3734 in
1230 3676 1525 3745 Christum,
1551 3692 1652 3733 nec
1688 3685 1866 3733 tamen
1892 3692 2009 3732 om-

419 3783 514 3824 nes
537 3767 782 3823 credunt.
810 3767 936 3822 Non
981 3769 1114 3822 enim
1142 3769 1369 3822 omnium
1396 3779 1467 3824 est
1489 3767 1639 3837 fides,
1671 3769 1750 3824 ait
1779 3771 2008 3839 Aposto-

417 3862 502 3918 lus
532 3861 597 3933 (ll
639 3861 812 3918 Thess.
842 3877 924 3926 ιιι,
951 3859 1030 3934 2).
1061 3861 1214 3928 Quod
1255 3870 1432 3916 autem
1463 3861 1664 3918 dictum
1683 3871 1786 3929 est,
1818 3861 1884 3916 In
1921 3879 2004 3918 se-

417 3953 552 4007 mine
579 3963 666 4006 tuo
692 3952 1047 4026 benedicentur
1073 3970 1246 4008 omnes
1272 3963 1473 4024 gentes;
1502 3963 1556 4010 et
1573 3991 1590 4020 ,
1643 3953 1854 4008 Patrem
1882 3955 2008 4010 mul-

417 4054 585 4098 tarunt
630 4045 854 4116 gentium
898 4045 1044 4115 posui
1073 4054 1120 4099 te
1149 4061 1168 4098 .°
1195 4045 1409 4102 easdem
1438 4063 1648 4112 omnes,
1679 4047 1904 4113 multas;
1951 4057 2008 4104 ct

417 4134 636 4190 easdem
661 4135 878 4201 multas,
909 4151 1100 4191 omnes
1115 4151 1238 4192 esse
1254 4147 1608 4192 monstratum
1627 4149 1728 4194 est.
1751 4138 1822 4193 lta
1839 4140 2002 4194 etiam

422 4241 546 4281 cum
572 4226 776 4282 dictum
801 4237 904 4294 est,
931 4227 1034 4284 Per
1056 4243 1221 4283 unum
1247 4229 1299 4282 in
1326 4243 1515 4284 omnes
1538 4230 1794 4286 transisse
1819 4247 2007 4300 pecca-

417 4325 561 4380 tum;
591 4325 648 4375 et
668 4327 874 4388 postea,
905 4317 1010 4376 Per
1049 4319 1208 4374 unius
1238 4319 1467 4375 inobcdi-
1490 4321 1654 4374 ntiam
1695 4333 2004 4392 peccatores

417 4407 734 4464 constitutos
779 4410 975 4464 multos
999 4427 1013 4465 :
1041 4409 1144 4481 ipsi
1186 4419 1312 4465 sunt
1352 4410 1504 4466 multi
1529 4452 1544 4476 ,
1576 4413 1667 4482 qui
1706 4421 1766 4468 et
1791 4429 1998 4470 υιιιιιθε.

417 4499 674 4556 Similiter
699 4516 821 4556 cum
853 4501 1054 4556 dictum
1077 4509 1181 4566 est,
1213 4500 1318 4556 Per
1339 4503 1488 4556 unius
1507 4503 1927 4572 justiﬁeationem
1951 4505 2005 4560 in

415 4606 588 4646 omnes
609 4593 858 4658 homines,
886 4591 956 4646 ad
975 4593 1398 4664 justiﬁcationem
1422 4593 1572 4660 uiue;
1601 4605 1656 4650 ct
1682 4611 1871 4652 rursus
1908 4595 1998 4650 di-

415 4693 560 4738 ctum
597 4692 712 4749 est,
749 4683 852 4740 Per
893 4685 1044 4740 unius
1088 4685 1424 4741 obedientiam
1459 4687 1590 4758 justi
1637 4690 2004 4744 constituentur

415 4777 562 4832 multi
585 4777 760 4850 (Rom.
792 4794 847 4846 γ,
874 4779 964 4845 12,
994 4779 1084 4846 18,
1124 4779 1218 4850 19)
1251 4796 1265 4832 :
1294 4795 1405 4836 non.
1426 4779 1692 4850 aliquibus
1715 4783 1953 4852 exceptis
1981 4821 2000 4851 ,

414 4869 510 4926 sed
539 4870 754 4927 eosdem
782 4871 998 4938 multos,
1015 4885 1206 4928 omnes
1230 4881 1442 4942 oportet
1467 4871 1686 4944 intelligi
1712 4889 1726 4926 :
1749 4887 1856 4928 non
1877 4873 2002 4943 quia

413 4977 604 5018 omnes
633 4964 1244 5036 hominesjustiticantur
1263 4965 1314 5020 in
1329 4963 1578 5030 Christo;
1605 4964 1698 5021 sed
1727 4965 1852 5036 quia
1879 4980 2002 5030 om-

414 5067 512 5108 nes
545 5053 1062 5124 quijustilicantur,
1113 5071 1221 5111 non
1261 5055 1418 5112 aliter
1466 5065 1690 5126 possunt
1721 5056 2000 5126 justilicari

417 5161 578 5217 quam
609 5147 662 5201 in
681 5147 917 5202 Christo.
965 5147 1113 5205 Sicut
1139 5163 1424 5218 possumus
1450 5147 1660 5212 dicere,
1689 5148 1742 5203 in
1767 5149 2000 5220 aliquam

414 5239 633 5294 domum
691 5253 784 5308 per
813 5254 969 5294 unam
997 5241 1213 5310 januam
1260 5241 1458 5296 intrare
1486 5253 1706 5305 omnes;
1737 5255 1842 5295 non
1875 5240 1999 5311 quia

416 5347 605 5388 omnes
637 5331 880 5386 homines
907 5333 1105 5386 intrant
1124 5333 1176 5386 in
1203 5332 1446 5388 eamdem
1475 5331 1717 5398 domum,
1757 5331 1850 5387 sed
1877 5333 1998 5402 quia

415 5437 576 5479 nemo
607 5423 769 5476 intrat
807 5421 908 5478 nisi
951 5437 1049 5492 per
1073 5423 1235 5477 illam.
1273 5422 1471 5479 Omnes
1499 5438 1627 5492 ergo
1671 5422 1738 5478 ad
1769 5430 1996 5477 mortem

419 5535 514 5590 per
541 5517 733 5582 Adam,
762 5531 954 5572 omnes
984 5515 1048 5570 ad
1075 5521 1234 5570 vitam
1256 5531 1353 5587 per
1379 5515 1674 5573 Christum.
1705 5517 1836 5584 Quia
1863 5518 1994 5571 sicut
2046 5560 2054 5566 .

415 5613 470 5666 in
498 5610 660 5664 Adam
687 5625 858 5664 omnes
884 5610 1190 5676 moriuntur,
1217 5609 1286 5663 ita
1307 5617 1352 5664 et
1376 5609 1428 5663 in
1449 5607 1649 5664 Christo
1672 5625 1843 5663 omnes
1871 5608 1998 5662 viri-

451 5769 726 5882 .tbc‘ngatuor
763 5769 964 5818 vaticani
1009 5775 1112 5817 uss.
1134 5802 1148 5828 ,
1191 5767 1352 5832 gratia
1402 5779 1512 5817 vero
1558 5779 1648 5817 non
1681 5765 1832 5817 solum
1867 5763 1998 5832 sum.

451 5844 486 5881 τιν

415 5843 486 5881 (ειν

1250 351 1526 415 CONTRA
1563 352 1908 413 JULIANUM
1947 353 2414 430 PELAGIANUM,
2454 364 2512 422 s.
2553 367 2920 434 AUGUSTINI

3615 396 3724 454 87!

2139 479 2442 548 ﬂectuntur
2467 481 2510 538 (l
2540 483 2664 539 Cor.
2703 501 2792 552 xv,
2820 485 2912 558 29.)
2940 505 2953 541 :
2983 487 3034 542 id
3065 495 3189 556 est,-
3222 503 3288 544 ex
3321 488 3495 559 prima
3521 491 3729 560 origine

2139 574 2354 641 generis
2391 575 2612 630 humani
2663 595 2821 634 nemo
2853 581 2922 635 ad
2945 590 3174 637 mortem
3201 579 3304 637 nisi
3335 599 3431 652 per
3450 583 3646 650 Adam,
3672 593 3721 642 et

2138 679 2300 719 nemo
2312 681 2407 736 per
2419 668 2591 722 Adam
2605 670 2708 725 nisi
2731 673 2797 726 ad
2823 683 3085 736 mortem;
3112 681 3166 728 et
3181 690 3339 730 nemo
3353 676 3420 730 ad
3437 675 3603 730 vitam
3619 677 3726 734 nisi

2135 767 2238 825 per
2251 753 2554 824 Christum,
2584 768 2640 814 et
2662 777 2821 818 nemo
2850 779 2946 833 per
2963 763 3240 818 Christum
3273 765 3378 820 nisi
3406 767 3474 822 ad
3502 768 3688 822 vitam.
3735 762 3748 774 ⁸

2207 847 2300 904 81.
2329 847 2440 904 V'os
2478 858 2662 906 autem
2691 853 2821 906 dum
2867 869 2973 908 non
3019 870 3226 918 omnes,
3260 855 3354 909 sed
3397 855 3593 910 multos
3614 857 3727 912 site

2135 954 2236 1010 per
2279 939 2472 1006 Adam,
2497 943 2888 1001 condemnatos
2906 961 3045 1011 esse,
3072 948 3186 1002 sive
3227 964 3324 1018 per
3357 949 3630 1004 Christum
3661 943 3727 1006 lic

2135 1031 2354 1087 beratos
2386 1034 2549 1090 vul.is
2594 1036 2844 1106 intelligi,
2876 1039 3146 1094 horrenda
3187 1041 3540 1112 perversitate
3583 1042 3730 1096 ebrio

2135 1123 2324 1178 stiana:
2340 1125 2583 1194 religioni
2599 1129 2732 1183 estis
2752 1129 2954 1185 infesti.
2971 1117 3028 1186 Si
3046 1133 3189 1186 cnim
3215 1133 3348 1187 salvi
3373 1143 3531 1189 erunt
3557 1126 3723 1206 aliqui

2133 1211 2253 1272 sine
2295 1213 2534 1280 Christo,
2575 1228 2631 1272 et
2671 1217 3042 1287 justiﬁcantur
3089 1223 3257 1292 aliqui
3311 1225 3431 1279 sine
3471 1225 3719 1293 Christo;

2131 1317 2263 1376 ergo
2283 1303 2534 1362 Christus
2563 1310 2740 1380 gratis
2763 1319 3012 1368 mortuus
3031 1323 3134 1368 est.
3160 1313 3294 1368 Erat
3322 1315 3466 1370 enim
3495 1325 3550 1370 et
3583 1315 3726 1372 alius

2131 1395 2343 1470 modus,
2378 1397 2519 1454 sicut
2546 1399 2734 1466 vultis,
2765 1401 2820 1456 in
2863 1411 3080 1470 natura,
3108 1403 3164 1458 in
3190 1403 3364 1460 libero
3393 1407 3638 1470 arbitrio,
3665 1405 3721 1462 in

2128 1469 2246 1542 lege
2287 1478 2541 1542 naturali,
2573 1479 2684 1535 sive
2712 1484 3013 1552 conscripta
3037 1469 3192 1555 ,uno
3243 1499 3460 1556 possent
3503 1469 3637 1544 salvi
3667 1499 3722 1546 et

2123 1561 2252 1632 justi
2297 1579 2420 1622 esse
2464 1569 2554 1638 qui
2599 1571 2817 1626 vellent.
2849 1573 3026 1628 Justus
3057 1587 3237 1632 autem
3287 1578 3543 1648 imagines
3588 1580 3718 1648 Dei,

2126 1655 2246 1724 quis
2273 1656 2374 1711 nisi
2418 1658 2644 1730 injustus
2674 1663 2984 1734 prohiberet
3021 1682 3054 1721 a
3090 1681 3255 1738 regno
3296 1670 3424 1726 Dei?
3455 1671 3549 1729 llic
3586 1673 3721 1728 forte

2126 1742 2261 1803 dicis
2287 1764 2302 1801 :
2326 1747 2431 1804 Sed
2455 1751 2658 1807 facilius
2687 1769 2781 1824 per
2801 1755 3094 1812 Christum.
3121 1753 3386 1826 Numquid
3411 1776 3514 1816 non
3541 1771 3722 1832 posset

2124 1839 2286 1895 etiam
2315 1840 2382 1898 de
2418 1843 2534 1914 lege
2573 1845 2678 1900 diei
2702 1863 2716 1900 :
2743 1847 2838 1902 Est
2867 1865 2963 1918 per
2991 1849 3165 1922 legem
3189 1851 3426 1922 justitia,
3457 1854 3550 1910 sed
3593 1854 3720 1910 laci-

2123 1928 2228 1986 lius
2262 1947 2358 2002 per
2387 1931 2694 1992 Christum?
2725 1928 2792 1992 Et
2841 1947 3020 1996 tamen
3049 1942 3125 1996 ait
3168 1943 3493 2012 Apostolus,
3527 1945 3590 2000 Si
3627 1961 3720 2016 per

2123 2020 2281 2094 legem
2292 2023 2519 2096 justitia,
2537 2027 2902 2098 ergo-Christus
2917 2033 3078 2102 gratis
3095 2043 3324 2088 mortuus
3341 2046 3410 2088 est
3435 2035 3627 2106 (Galut.
3657 2053 3714 2101 ιι,

2119 2113 2234 2186 21).
2264 2115 2379 2170 Non
2407 2127 2491 2173 est
2515 2118 2694 2190 itaque
2723 2131 2920 2191 praeter
2947 2139 3109 2178 unum
3153 2124 3502 2182 mediatorem
3534 2126 3626 2182 Dei
3653 2137 3708 2183 et

2121 2203 2398 2262 hominum
2421 2249 2436 2275 ,
2469 2208 2740 2266 hominem
2777 2209 3048 2268 Christum
3073 2214 3254 2270 Jesum
3285 2215 3326 2287 (I
3363 2215 3494 2271 Tim.
3525 2233 3584 2285 ιι,
3613 2219 3670 2290 5)
3695 2257 3712 2285 ,

2121 2295 2263 2353 aliud
2289 2315 2486 2356 nomen
2533 2302 2635 2357 sub
2667 2305 2842 2374 cmlo,
2875 2303 2927 2360 in
2957 2321 3063 2376 quo
3093 2317 3338 2378 oporteat
3379 2309 3558 2364 salvos
3600 2309 3714 2366 ﬁeri

2119 2404 2221 2446 nos
2245 2390 2378 2464 (Act.
2407 2409 2483 2461 tv,
2510 2393 2616 2468 12).
2643 2397 2708 2451 Ει
2735 2397 2855 2454 ideo
2879 2398 3077 2454 dictum
3106 2409 3207 2466 est,
3235 2399 3299 2455 In
3321 2399 3520 2457 Christo
3541 2413 3714 2456 omnes

2119 2481 2816 2556 vivificabuntur:quoniam
2855 2491 2909 2544 in
2948 2491 3042 2544 illo
3083 2491 3224 2546 Deus
3267 2491 3510 2548 deﬁnivit
3551 2493 3712 2548 ﬁdem

2117 2574 2370 2630 amnibus
2393 2617 2408 2642 ,
2439 2577 2705 2633 suscitans
2751 2579 2902 2634 illum
2943 2595 2972 2634 a
3014 2582 3238 2636 mortuis
3287 2581 3399 2654 (Id.
3432 2601 3560 2652 xvn,
3593 2585 3708 2658 51).

2121 2663 2369 2720 Vestrum
2409 2676 2588 2722 autem
2627 2668 2819 2740 dogma
2852 2671 2902 2725 id
2932 2668 3256 2742 persuadere
3294 2684 3536 2741 conatur,
3568 2679 3714 2731 velut

2119 2756 2403 2828 inculpata:
2457 2761 2836 2830 prmdieatione
2878 2773 3116 2832 naturae,
3164 2775 3218 2820 et
3263 2769 3514 2836 petentia:
3557 2764 3711 2825 liberi

2115 2845 2352 2916 arbitrii,
2382 2860 2437 2905 et
2466 2851 2596 2921 legis
2623 2853 2734 2908 sive
2765 2855 3022 2912 naturalis
3045 2857 3158 2912 sive
3191 2872 3283 2928 per
3305 2859 3522 2930 Moysen
3546 2861 3706 2922 datze,

2119 2947 2253 2997 utet
2279 2941 2323 2996 si
2351 2957 2486 3013 opus
2515 2943 2606 3010 sit,
2638 2961 2860 3004 necesse
2890 2955 3066 3004 tamen
3098 2965 3204 3004 non
3235 2950 3305 3005 sit
3329 2951 3396 3005 ad
3436 2951 3708 3009 Christum

2116 3045 2218 3101 pro
2257 3039 2458 3089 aeterna
2507 3037 2678 3092 salute
2710 3038 2936 3095 transire
2959 3057 2973 3092 :
2997 3055 3062 3094 eo
3091 3039 3230 3110 quod
3265 3057 3360 3112 per
3395 3058 3708 3098 sacramen-

2116 3129 2230 3176 tum
2269 3126 2458 3180 mortis
2493 3135 2549 3182 ct
2588 3129 2999 3184 resurrectionis
3029 3129 3145 3200 ejus
3175 3131 3240 3202 (si
3271 3140 3448 3188 tamen
3478 3133 3559 3188 vel
3603 3133 3706 3190 huc

2115 3217 2334 3288 putatis)
2361 3219 2695 3274 commodior
2723 3221 2807 3276 via
2847 3221 2952 3288 sit,
2982 3237 3087 3278 non
3130 3223 3271 3294 quod
3316 3226 3420 3280 alia
3463 3227 3547 3280 via
3577 3241 3700 3282 esse

2115 3321 2224 3362 non
2284 3309 2469 3378 possit.
2522 3308 2674 3366 Unde
2715 3321 2970 3382 quantum
3021 3329 3118 3368 vos
3163 3314 3420 3370 detestari
3474 3315 3706 3372 debeant

2114 3395 2400 3452 Christiani
2422 3399 2847 3470 considerantes,
2877 3404 3182 3460 renuntiate
3207 3405 3222 3436 ⁸
3254 3401 3404 3460 vobis
3429 3405 3588 3462 etiam
3620 3417 3702 3461 ta-

2113 3489 2356 3544 centibus
2387 3491 2562 3544 nobis.

2184 3579 2412 3636 CAPUT
2449 3579 2616 3636 XXV.
2645 3611 2716 3622 —
2741 3578 2831 3638 82.
2871 3579 3022 3651 Quod
3061 3599 3190 3640 vero
3227 3599 3403 3641 causa:
3444 3595 3550 3643 tua:
3598 3603 3698 3658 po.

2113 3680 2370 3728 strenuum
2399 3680 2452 3728 et
2475 3675 2623 3743 quasi
2654 3673 2998 3728 fortiSsiqun
3021 3673 3439 3744 ﬁrmamentum,
3469 3677 3702 3750 prophc‘

2121 3763 2281 3817 ticum
2311 3763 2670 3818 testimonium
2703 3779 2822 3820 esse
2847 3760 3091 3832 voluisti,
3127 3766 3214 3822 ubi
3245 3783 3342 3838 per
3366 3769 3702 3826 Ezechielein

2112 3855 2310 3910 dictum
2341 3855 2602 3925 legimus,
2635 3855 2786 3924 Quod
2827 3869 2934 3910 non
2965 3857 3068 3910 erit
3103 3859 3351 3928 parabole
3373 3901 3388 3926 ,
3417 3877 3520 3932 qua
3558 3861 3704 3918 dicc-

2114 3944 2260 4013 bant,
2289 3955 2540 4018 parentes
2566 3961 2697 4002 uvas
2727 3947 2950 4003 acerbas
2973 3947 3182 4016 edisse,
3209 3960 3264 4006 et
3299 3950 3490 4008 dentes
3517 3953 3703 4008 obsto-

2112 4039 2330 4109 puisse’
2357 4040 2620 4106 liliorutn;
2657 4055 2756 4096 nec
2791 4041 3050 4098 morietur
3078 4041 3218 4098 [ilius
3256 4042 3308 4098 in
3352 4053 3574 4114 peccato
3600 4061 3702 4117 pa-

2113 4131 2226 4197 tris,
2261 4147 2361 4187 ncc
2393 4139 2544 4201 pater
2578 4132 2632 4188 in
2665 4143 2886 4204 peccato
2917 4133 3010 4188 lilii
3031 4174 3046 4201 ,
3079 4133 3175 4189 sed
3216 4135 3394 4191 anima
3429 4151 3547 4207 qua:
3579 4153 3705 4205 pet;-

2109 4231 2196 4278 cat
2216 4223 2237 4254 ³
2264 4224 2376 4293 ipsa
2409 4223 2668 4279 morietur
2695 4222 2912 4293 (Ezech.
2944 4241 3090 4291 xvnt,
3123 4223 3244 4296 2-4)
3270 4243 3283 4278 :
3307 4239 3413 4281 non
3449 4224 3702 4297 intelligis

2113 4315 2250 4370 hanc
2279 4331 2400 4372 esse
2445 4316 2850 4386 promissionem
2880 4311 3210 4372 Testameull
3242 4317 3409 4386 Novi,
3441 4327 3498 4375 et
3539 4319 3699 4388 spiri-

2111 4408 2268 4464 tualis
2293 4405 2621 4463 inuredilatis
2645 4408 2712 4462 ad
2738 4409 2962 4463 alterum
2992 4411 3250 4465 saeculum
3280 4413 3617 4481 pertinentis.
3643 4411 3700 4468 l-J
3799 4486 3810 4494 _

2108 4502 2252 4556 enim
2277 4501 2388 4572 agit
2413 4502 2579 4573 gratia
2607 4501 3005 4572 Redemptoris,
3031 4513 3090 4558 ut
3113 4513 3393 4575 paternum
3423 4506 3699 4580 chirogra-

2108 4592 2272 4664 phum
2311 4591 2487 4648 deleat
2517 4592 2740 4662 (Colass.
2771 4608 2842 4659 ιι,
2873 4591 2964 4661 14)
2987 4635 3003 4662 ,
3035 4603 3090 4650 et
3119 4596 3481 4668 unusquisque
3518 4613 3614 4673 prp
3641 4615 3702 4655 se

2109 4685 2374 4739 rationem
2404 4683 2610 4738 reddat.
2640 4684 2913 4740 Caeterum
2941 4699 3101 4756 quam
3141 4687 3309 4742 multa
3353 4688 3461 4743 sint
3487 4676 3700 4743 divina-

2107 4793 2227 4834 rum
2261 4777 2560 4833 testimonia
2585 4776 2908 4834 Litterarum
2929 4819 2944 4844 ,
2976 4794 3096 4850 qum
3141 4789 3420 4850 parentum
3466 4783 3701 4853 peccatis

2106 4869 2346 4942 obligant
2374 4868 2533 4933 lilios,
2565 4883 2851 4924 numerare
2876 4865 2996 4938 quis
3025 4870 3235 4940 possit?
3265 4871 3374 4926 Cur
3396 4873 3544 4926 enim
3570 4888 3700 4944 pec-

2107 4961 2249 5016 cavit
2272 4957 2460 5029 Cham,
2483 4969 2538 5015 et
2563 4960 2615 5016 in
2637 4959 2753 5030 ejus
2772 4956 2934 5014 lilium
2955 4960 3208 5016 Chanaan
3235 4960 3465 5018 vindicta
3494 4963 3699 5034 prolata

2108 5063 2192 5107 est
2222 5051 2369 5124 (Gen.
2403 5069 2478 5120 ix,
2505 5053 2596 5119 22,
2620 5052 2712 5118 24,
2737 5051 2867 5126 25)?
2891 5052 3000 5124 Cu;
3025 5067 3121 5123 pro
3148 5064 3370 5124 peccato
3394 5053 3700 5114 Salomonis

2109 5146 2247 5200 ﬁlius
2275 5147 2393 5216 ejus
2414 5144 2767 5200 diminutione
2782 5145 2929 5216 regni
2954 5146 3170 5216 punitus
3194 5155 3277 5202 est
3305 5145 3397 5217 (Ill
3422 5147 3549 5222 Reg.
3573 5149 3700 5220 xu)?

2109 5237 2220 5294 Cur
2244 5247 2590 5308 peccatorum
2621 5235 2808 5292 Achab
2846 5237 2985 5307 regis
3013 5237 3174 5294 Israel
3219 5238 3272 5294 in
3313 5240 3430 5311 ejus
3453 5253 3698 5315 posteros

2108 5345 2264 5402 pretia
2292 5331 2451 5385 dilata
2503 5337 2586 5384 est
2633 5328 2746 5399 (Id.
2777 5329 2931 5400 nt)?
2958 5329 3155 5402 thuid
3181 5331 3375 5403 legitur
3414 5334 3467 5389 in
3498 5337 3700 5394 sanctis

2107 5423 2304 5484 Libris,
2339 5421 2574 5476 Reddeus
2599 5431 2804 5492 peccata
2844 5431 3046 5492 patrum
3073 5423 3128 5476 in
3155 5423 3324 5478 sinum
3361 5424 3586 5493 ﬁliorum
3613 5445 3699 5481 eo-

2107 5531 2220 5569 rum
2239 5493 2358 5584 post
2387 5529 2469 5567 eos
2499 5511 2711 5582 (Jercm.
2739 5528 2917 5582 xxxu,
2952 5513 3038 5586 18)
3064 5529 3078 5581 ;
3106 5525 3181 5584 et,
3226 5515 3463 5574 Reddcus
3489 5531 3694 5590 peccata

2173 5703 2188 5735 ³
2209 5702 2282 5750 sic
2304 5707 2408 5750 Mss.
2428 5703 2484 5748 Αι
2507 5697 2644 5754 editi,
2667 5698 2957 5750 renuntiant.

2171 5765 2263 5832 {tu
2301 5770 2404 5810 ηδε.
2424 5795 2439 5818 ,
2474 5758 2788 5832 obstipuisse;
2831 5772 2881 5814 et
2928 5760 3047 5814 intra
3068 5795 3082 5822 ,
3130 5759 3474 5827 obstipuerunt.

2177 5826 2198 5858 ⁸
2223 5833 2338 5877 tres
2355 5832 2480 5887 uss,
2502 5826 2784 5889 peccaverit.

1917 6493 2512 6520 ‘-A4“_
