4122 6518
530 356 636 411 875
1706 361 1771 416 IN
1811 361 2063 419 LIBRUM
2103 363 2648 433 SUBSEQUE'NTEM
3719 378 3808 434 8.76

985 504 1875 686 AUGUSTINIS
1957 583 2172 686 AD
2302 583 3348 699 VALENTINUM

1636 769 1704 810 ΕΤ
1740 769 1845 810 CUI
1885 770 2002 812 11.ιο
2040 772 2314 814 ιιοΝΑειιοε
2351 775 2722 819 ADBUIETINOS

519 866 1044 931 EPISTOLIE
1105 867 1316 932 DUJE
1365 867 1666 932 SIMUL
1711 867 1907 933 CUM
1949 869 2648 948 SUBSEQUENTE
2707 875 3698 948 LIBROTRANSMISSE.
3796 875 3800 882 ’

1937 993 2408 1044 -ο-θ-Η-οθοεε-ο-ο-

1481 1110 1734 1153 ευιετοιιι
1770 1111 1946 1162 PRIOR,
1987 1114 2150 1154 INTER
2187 1115 2601 1158 AUGUSTINMNAS
2637 1116 2811 1158 CCXIV.

521 1189 748 1247 Domino
772 1189 1141 1260 dilectissimo,
1170 1197 1226 1247 et
1251 1190 1304 1246 in
1331 1187 1530 1246 Christi
1551 1191 2142 1247 membris-honorando
2163 1194 2308 1248 fratri
2339 1193 2670 1264 VALENTINO,
2699 1204 2754 1252 et
2775 1196 3027 1254 fratribus
3047 1200 3139 1270 qui
3170 1207 3344 1257 tecum
3367 1211 3510 1272 sunt,
3547 1209 3798 1264 Ausum-

1825 1299 1942 1350 NUS,
1975 1286 2025 1340 in
2054 1287 2278 1341 Domino
2306 1288 2552 1344 salutem.

584 1376 612 1432 1
663 1375 938 1434 Venerunt
957 1375 1022 1431 ad
1051 1390 1150 1431 nos
1173 1375 1281 1431 duo
1305 1375 1552 1446 juvenes,
1581 1371 1902 1430 Cresconius
1931 1385 1982 1430 et
2012 1375 2186 1443 Felix,
2211 1377 2280 1433 de
2309 1386 2483 1433 vestra
2515 1381 2927 1451 congregatione
2969 1398 3030 1439 se
3070 1399 3190 1441 esse
3231 1385 3490 1452 dicentes,
3529 1391 3618 1460 qui
3649 1393 3796 1450 nobis

514 1469 832 1536 retulerunt,
862 1467 1248 1524 monasterium
1275 1476 1508 1522 vestrum
1527 1466 1781 1520 nonnulla
1807 1465 2143 1524 dissensione
2173 1467 2465 1534 turbatum,
2493 1485 2553 1524 (ο
2585 1471 2726 1540 quod
2755 1471 2968 1542 quidam
2999 1475 3050 1528 in
3074 1476 3226 1532 vobis
3249 1478 3328 1532 sic
3353 1479 3578 1548 gratiam
3603 1484 3793 1550 prendi-

509 1569 654 1630 σθηῑν
682 1570 740 1617 Ill
769 1569 962 1632 negent
983 1559 1215 1616 hominis
1254 1573 1374 1616 esse
1401 1559 1629 1614 liberum
1658 1557 1972 1624 arbitrium;
2003 1568 2079 1626 et,
2110 1561 2249 1632 quod
2277 1570 2361 1616 est
2385 1563 2619 1632 gravius,
2649 1565 2846 1629 dicant,
2875 1567 3017 1637 quod
3047 1567 3100 1622 in
3129 1568 3215 1623 die
3235 1569 3418 1640 judicii
3447 1588 3554 1628 non
3583 1575 3652 1630 sit
3671 1576 3790 1632 red-

509 1653 716 1710 diturus
737 1655 880 1709 Deus
909 1653 1196 1723 unicuique
1235 1649 1530 1706 secundum
1569 1664 1730 1719 Opera
1764 1649 1879 1720 ejus
1911 1650 2125 1722 (Matth.
2150 1668 2266 1718 xvi,
2306 1652 2410 1717 27;
2441 1653 2591 1709 Rom.
2625 1671 2680 1722 ιι,
2725 1656 2805 1730 6).
2839 1659 3009 1713 Etiam
3054 1658 3156 1714 hoc
3185 1671 3361 1716 tamen
3403 1664 3786 1734 indicaverunt,

507 1744 647 1814 quod
677 1744 856 1816 plures
874 1751 1109 1800 vestrum
1141 1757 1248 1798 non
1278 1743 1350 1796 ita
1377 1742 1630 1809 sentiant,
1658 1740 1752 1797 sed
1797 1741 2022 1797 liberum
2063 1745 2338 1800 arbitrium
2389 1746 2628 1816 adjuvari
2671 1748 2936 1805 fateantur
2986 1767 3082 1821 per
3124 1753 3215 1808 Dei
3256 1756 3503 1825 gratiam,
3550 1768 3606 1814 ut
3647 1771 3789 1818 recta

505 1839 774 1909 sapiamus
809 1847 972 1908 atque
998 1835 1289 1900 faciamus;
1316 1843 1375 1889 ut
1400 1849 1520 1890 cum
1549 1833 1756 1890 venerit
1782 1833 2041 1891 Dominus
2079 1835 2304 1892 reddere
2334 1837 2618 1909 unicuique
2643 1841 2934 1896 secundum
2975 1858 3136 1913 opera
3175 1844 3311 1914 ejus,
3356 1846 3588 1904 inveniat
3629 1867 3786 1922 opera

505 1943 682 1985 nostra
709 1929 882 1994 bona,
923 1944 1044 2000 qua:
1093 1925 1410 1998 praeparavit
1461 1927 1602 1982 Deus
1642 1935 1700 1982 ut
1735 1926 1790 1982 in
1834 1927 1941 1982 illis
1983 1927 2316 1985 ambulemus
2341 1929 2360 2002 (
2387 1929 2576 2002 Ephes.
2611 1947 2685 1999 ιι,
2715 1931 2843 2008 10).
2877 1934 2988 1991 lloc
3029 1936 3118 2007 qui
3159 1939 3438 2009 sentiunt,
3489 1942 3628 2000 bene
3661 1960 3788 2002 scn-

502 2023 660 2078 tiunt.

565 2115 622 2171 2.
655 2113 872 2170 Obsecro
895 2115 1072 2186 itaque
1099 2129 1206 2178 vos,
1236 2117 1438 2184 fratres,
1465 2114 1599 2169 sicut
1621 2109 1932 2170 Corinthios
1959 2115 2256 2170 obsecravit
2295 2116 2603 2187 Apostolus,
2639 2135 2730 2188 per
2757 2135 2936 2176 nomen
2977 2120 3184 2178 Doritini
3213 2126 3374 2180 nostri
3403 2125 3555 2182 Jesus
3577 2125 3782 2195 Christi,

499 2213 554 2258 ut
580 2207 801 2278 idipsam
827 2206 1010 2260 dicatis
1033 2219 1224 2270 onmes,
1247 2213 1292 2260 et
1315 2221 1416 2260 non
1431 2205 1530 2260 sint
1555 2205 1607 2258 in
1633 2205 1770 2260 vobis
1795 2206 2067 2260 schismata
2095 2205 2142 2277 (ι
2160 2205 2277 2262 Cor.
2303 2222 2338 2271 ι,
2375 2209 2486 2280 10).
2518 2209 2698 2266 Primo
2725 2213 2868 2266 enim
2901 2213 3156 2270 Do’oinus
3179 2215 3355 2284 Jesus,
3375 2219 3510 2274 sicut
3530 2221 3782 2293 scriptum

497 2308 578 2351 est
603 2299 655 2352 in
685 2297 976 2369 Evangelio
999 2297 1222 2353 Joannis
1251 2298 1498 2366 apostoli,
1533 2313 1633 2350 non
1655 2297 1787 2351 venit
1812 2305 1866 2350 ut
1887 2297 2142 2367 judicare!
2167 2299 2432 2366 mundum,
2464 2301 2554 2355 sed
2573 2311 2627 2355 ut
2651 2304 2932 2358 salvaretur
2967 2307 3188 2361 mundus
3209 2325 3298 2378 per
3325 2310 3490 2381 ipsum
3510 2311 3686 2383 (Joan.
3705 2330 3780 2382 ιιι,

499 2389 611 2460 17).
642 2391 830 2445 Postea
862 2403 1009 2456 vero,
1043 2389 1180 2454 sicut
1204 2388 1387 2444 scribit
1413 2387 1687 2456 apostolus
1715 2386 1931 2452 Paulus,
1957 2386 2215 2456 judicabit
2247 2389 2384 2444 Deus
2407 2391 2661 2446 mundum
2692 2392 2870 2463 (Rom.
2909 2409 2986 2461 ιιι,
3016 2393 3072 2466 6)
3097 2437 3112 2462 ,
3143 2397 3356 2466 quando
3391 2409 3648 2457 venturus
3679 2415 3780 2471 ρει,

501 2485 634 2538 sicut
660 2493 767 2538 tota
808 2483 1046 2538 Ecclesia
1076 2482 1128 2538 in
1160 2481 1415 2554 Symbolo
1440 2479 1747 2546 confitetur,
1783 2478 2026 2548 judicare
2062 2477 2212 2534 vivos
2240 2487 2296 2534 et
2334 2490 2596 2537 mortuos.
2639 2483 2694 2538 Si
2727 2483 2886 2554 igitur
2912 2501 3016 2541 non
3045 2497 3126 2542 est
3157 2488 3250 2543 Dei
3288 2491 3478 2560 gratia,
3515 2493 3781 2563 quomodo

502 2577 666 2632 salvat
695 2576 986 2632 mundum?
1011 2585 1064 2630 et
1107 2576 1150 2630 si
1180 2589 1285 2630 non
1307 2582 1390 2629 est
1422 2573 1647 2628 liberum
1673 2571 1974 2638 arbitrium,
2019 2571 2289 2654 quomodo
2328 2571 2531 2642 judicat
2577 2574 2872 2630 mundum?
2903 2577 3134 2633 Proinde
3172 2579 3365 2635 librum
3393 2582 3478 2638 vel
3503 2585 3781 2653 epistolam

495 2664 689 2736 meam,
720 2687 878 2742 quam
905 2685 1086 2726 secum
1120 2669 1185 2724 ad
1215 2683 1316 2723 nos
1344 2665 1632 2738 supradicti
1658 2665 1966 2728 attulerunt,
1993 2663 2284 2719 secundum
2316 2664 2452 2720 hanc
2491 2664 2650 2722 fidem
2672 2668 2969 2740 intelligite,
2997 2679 3057 2724 ut
3083 2686 3258 2741 neque
3300 2673 3504 2743 negetis
3543 2675 3632 2730 Dei
3657 2691 3783 2746 gra-

495 2766 642 2831 tiam,
674 2780 848 2834 neque
878 2763 1100 2819 liberum
1131 2761 1410 2817 arbitrium
1439 2759 1518 2814 sic
1541 2757 1864 2836 defendatis,
1889 2755 1948 2812 ut
1973 2770 2005 2811 a
2027 2755 2122 2810 Dei
2150 2757 2318 2826 gratia
2347 2760 2632 2827 separetis,
2665 2767 2916 2830 tanquam
2945 2762 3062 2816 sine
3092 2763 3178 2817 illa
3211 2762 3294 2818 vel
3328 2765 3562 2835 cogitare
3584 2766 3780 2838 aliquid

493 2857 572 2911 vel
598 2871 757 2926 agere
785 2855 1074 2910 secundum
1117 2853 1284 2909 Deum
1331 2852 1437 2906 ulla
1481 2849 1692 2906 ratione
1737 2848 2026 2920 possimus,
2072 2845 2216 2916 quod
2243 2850 2464 2925 omnino
2496 2867 2603 2906 non
2633 2867 2938 2922 possumus.
2972 2854 3197 2926 Propter
3223 2855 3324 2912 hoc
3351 2858 3492 2913 enim
3525 2857 3782 2916 Dominus

491 2965 610 3004 cum
640 2949 708 3004 de
732 2945 906 3003 fructu
929 2946 1149 3016 justitia:
1179 2944 1504 3017 loqueretur,
1536 2941 1610 2996 ait
1637 2940 1912 3011 discipulis
1935 2938 2066 3005 suis,
2095 2937 2222 2994 Sine
2248 2955 2331 3010 me,
2356 2940 2488 2996 nihil
2517 2943 2723 3014 potestis
2749 2942 2915 3012 facere
2943 2944 3124 3016 (Joan.
3148 2961 3242 3012 xv,
3271 2946 3353 3017 5).

558 3043 613 3097 5.
637 3039 792 3098 Unde
819 3009 1176 3108 supradictam
1207 3009 1486 3106 epistolam
1517 3032 1585 3088 ad
1613 3009 1819 3088 Sixtum
1863 3030 2118 3085 Romana:
2156 3009 2410 3086 EccleSia:
2446 3009 2815 3104 presbyterum
2941 3009 3126 3089 contra
3168 3009 3336 3092 novos
3375 3034 3656 3093 haereticos
3675 3037 3779 3094 Pe-

488 3133 722 3204 lagianos
747 3130 1003 3186 noveritis
1029 3144 1147 3184 esse
1175 3125 1554 3197 conscriptam,
1582 3123 1672 3195 qui
1711 3122 1894 3178 dicunt
1921 3121 2144 3193 gratiam
2173 3120 2269 3175 Dei
2307 3123 2600 3178 secundum
2631 3124 2820 3180 merita
2861 3137 3044 3182 nostra
3083 3125 3220 3192 dari,
3268 3137 3327 3182 ut
3363 3129 3455 3199 qui
3502 3129 3776 3200 gloriatur,

487 3242 592 3282 non
623 3225 674 3280 in
704 3224 950 3288 Domino,
979 3221 1072 3276 sed
1102 3221 1153 3274 in
1179 3235 1238 3274 se
1265 3219 1380 3288 ipso
1405 3217 1683 3288 glorietur,
1713 3214 1814 3270 hoc
1841 3221 1944 3280 est,
1983 3213 2038 3267 in
2081 3211 2322 3281 homine,
2373 3229 2479 3269 non
2518 3215 2570 3270 in
2609 3215 2854 3272 Domino.
2886 3217 3040 3284 Quod
3084 3219 3330 3288 prohibet
3357 3221 3663 3290 Apostolus,
3691 3221 3779 3277 di-

485 3334 638 3383 cens,
665 3315 830 3372 Nemo
856 3314 1096 3385 glorietur
1115 3313 1166 3367 in
1189 3311 1390 3366 homine
1417 3308 1600 3380 (lCor.
1635 3323 1712 3374 ιιι,
1742 3307 1858 3380 21).
1902 3305 1970 3359 Et
1993 3303 2098 3357 alio
2143 3303 2282 3372 loco,
2322 3305 2425 3374 Qui
2465 3306 2734 3378 gloriatur,
2767 3309 2958 3380 inquit,
2987 3311 3042 3365 in
3059 3309 3278 3365 Domino
3318 3312 3562 3383 glorietur
3595 3312 3710 3384 (Id.
3735 3329 3776 3382 ι,

485 3411 596 3486 bl).
629 3411 703 3466 llli
730 3424 860 3466 vero
891 3407 1128 3462 harretici
1159 3421 1218 3460 se
1249 3409 1391 3474 ipsos
1421 3417 1451 3456 a
1481 3417 1538 3456 se
1567 3401 1696 3472 ipsis
1722 3401 1893 3470 justos
1923 3399 2038 3454 fierl
2067 3408 2332 3470 putantes,
2363 3401 2513 3470 quasi
2542 3401 2642 3454 hoc
2667 3401 2746 3456 eis
2775 3417 2879 3456 non
2931 3401 3142 3458 dederit
3172 3403 3332 3468 Deus,
3373 3403 3467 3458 sed
3511 3405 3611 3476 ipsi
3652 3407 3775 3472 sibi,

485 3521 589 3560 non
612 3503 792 3574 utique
818 3501 870 3556 in
897 3499 1144 3566 Domino,
1167 3495 1261 3552 sed
1293 3497 1344 3550 in
1366 3493 1668 3563 semetipsis
1699 3493 2010 3564 gloriantur.
2035 3490 2254 3546 Talibus
2279 3491 2420 3547 enim
2447 3491 2574 3548 dicit
2603 3493 2907 3571 Apostolus,
2945 3494 3070 3560 Quis
3094 3495 3228 3548 enim
3249 3505 3296 3550 te
3319 3496 3556 3552 discernit
3573 3499 3600 3552 .’
3624 3498 3778 3565 Quod

486 3601 606 3655 ideo
626 3598 776 3664 dicit,
801 3595 926 3667 quia
955 3595 1022 3650 de
1061 3607 1232 3648 massa
1264 3590 1403 3645 illius
1428 3587 1741 3658 perditionis
1765 3601 1884 3656 qua:
1911 3584 2047 3640 facta
2077 3591 2159 3640 est
2183 3600 2248 3640 ex
2281 3585 2472 3651 Adam,
2509 3600 2616 3641 non
2641 3585 2896 3642 discernit
2935 3585 3228 3654 hominem,
3259 3595 3317 3642 ut
3350 3603 3471 3644 eum
3502 3587 3660 3644 faciat
3685 3607 3778 3646 vas

485 3693 541 3747 in
589 3693 874 3757 honorem,
902 3702 1006 3742 non
1039 3687 1090 3741 in
1116 3681 1516 3747 contumeliam,
1549 3679 1650 3734 nisi
1683 3679 1842 3734 Deus.
1870 3677 1976 3733 Sed
2006 3676 2254 3748 quoniam
2283 3677 2444 3732 homo
2485 3679 2714 3734 carnalis
2749 3686 2806 3734 et
2842 3679 3069 3766 inaniter
3103 3679 3316 3736 inflatus
3354 3697 3475 3736 cum
3511 3683 3774 3752 audisset,

485 3784 614 3850 Quis
639 3784 770 3838 enim
796 3790 844 3835 te
868 3777 1149 3834 discernit?
1177 3782 1358 3846 posset
1383 3773 1710 3844 respondere
1734 3771 1816 3826 vel
1843 3784 1976 3824 voce
2000 3769 2081 3824 vel
2111 3769 2450 3840 cogitatione,
2481 3779 2538 3826 et
2565 3771 2764 3837 dicere,
2794 3771 3062 3830 Discernit
3083 3789 3169 3829 me
3199 3773 3332 3830 fides
3356 3791 3496 3843 mea,
3520 3776 3780 3832 discernit

480 3878 571 3930 tne
597 3874 769 3930 oratio
797 3885 935 3936 mea,
957 3868 1214 3924 discernit
1241 3881 1328 3921 me
1354 3865 1557 3935 jnstitia
1584 3878 1738 3925 mea;
1769 3877 1892 3916 mox
1924 3858 2208 3930 Apostolus
2235 3861 2463 3916 occurrit
2489 3862 2897 3933 cogitationibus
2923 3863 3061 3933 ejus,
3092 3873 3148 3919 et
3172 3863 3327 3929 dixit,
3360 3865 3498 3930 Quid
3525 3868 3656 3921 enim
3681 3868 3778 3922 ha-

484 3971 566 4024 bes
586 3967 722 4038 quod
747 3983 848 4021 non
883 3961 1159 4036 accepisti?
1211 3961 1272 4017 Si
1305 3970 1472 4014 autem
1525 3957 1782 4029 accepisti,
1819 3953 1942 4027 quid
1979 3951 2212 4025 gloriaris
2243 3955 2389 4023 quasi
2423 3972 2524 4010 non
2558 3957 2813 4026 acceperis
2857 3953 2978 4030 (Id.
3011 3973 3088 4022 tv,
3132 3958 3230 4030 7)?
3257 3957 3347 4014 Sic
3388 3969 3566 4015 autem
3609 3962 3778 4032 glori-

484 4072 646 4116 antur
669 4059 819 4129 quasi
849 4073 956 4113 non
979 4054 1306 4125 acceperint,
1336 4051 1424 4123 qui
1455 4067 1514 4106 se
1543 4067 1572 4104 a
1601 4064 1660 4105 se
1689 4048 1818 4120 ipsis
1837 4043 2118 4117 justiticari
2150 4052 2366 4115 putant;
2405 4061 2468 4103 ac
2496 4063 2594 4118 per
2621 4047 2800 4133 boc'in
2831 4049 3154 4120 semetipsis,
3187 4065 3292 4106 non
3321 4051 3376 4106 in
3407 4051 3632 4108 Domino
3659 4053 3778 4124 glo-

483 4155 710 4208 riantur.

554 4248 610 4304 .4.
639 4247 863 4315 Propter
887 4241 1028 4314 quod
1050 4257 1149 4313 ego
1175 4239 1230 4296 in
1261 4239 1362 4294 hac
1385 4237 1629 4308 cpistola,
1654 4253 1771 4308 quae
1797 4236 1862 4292 ad
1893 4254 1986 4293 vos
2012 4239 2272 4309 pervenit,
2308 4237 2524 4308 probavi
2557 4251 2651 4306 per
2687 4236 2992 4293 testimonia
3019 4244 3324 4294 sanctarum
3350 4236 3774 4310 Scripturarum,

475 4356 603 4412 qua:
630 4339 701 4395 ibi
723 4337 945 4409 potestis
969 4335 1256 4405 inSpicere,
1289 4340 1342 4388 et
1371 4332 1507 4388 bona
1536 4345 1700 4400 opera
1732 4339 1933 4394 nostra,
1963 4342 2015 4386 et
2038 4335 2150 4404 pias
2185 4333 2476 4397 orationes,
2505 4338 2558 4386 et
2585 4339 2786 4384 rectam
2817 4329 2974 4384 fidem
3014 4329 3162 4385 nullo
3191 4330 3352 4386 modo
3391 4331 3443 4385 in
3473 4331 3628 4388 nobis
3655 4347 3780 4388 esse

483 4431 742 4503 potuisse,
772 4429 872 4486 nisi
899 4428 1016 4484 haec
1035 4426 1402 4497 acciperemus
1426 4422 1495 4478 ab
1522 4422 1634 4488 illo,
1664 4422 1732 4478 de
1764 4439 1870 4494 quo
1895 4423 2022 4478 dicit
2051 4423 2326 4494 apostolus
2351 4423 2602 4488 Jacobus,
2639 4420 2800 4498 Omne
2828 4422 3003 4476 datum
3037 4423 3302 4493 optimum,
3339 4432 3389 4478 et
3419 4439 3565 4478 onute
3587 4425 3776 4480 donum

481 4523 758 4594 perfectum
781 4521 1047 4576 desursum
1074 4527 1168 4585 est,
1197 4517 1504 4572 descendens
1523 4531 1556 4568 a
1584 4513 1740 4569 Patre
1762 4514 2008 4570 luminum
2031 4514 2232 4586 (Jacobi
2255 4531 2294 4581 ι,
2332 4516 2454 4585 17);
2487 4529 2554 4569 ne
2577 4515 2856 4586 quisquam
2881 4513 3024 4570 dicat
3049 4515 3257 4570 mcritis
3282 4526 3501 4586 operum
3529 4531 3776 4585 suorum,

485 4616 568 4670 vel
611 4613 816 4669 meri-tis
844 4611 1146 4668 orationum
1166 4623 1404 4672 suarum,
1435 4606 1522 4662 vel
1541 4605 1746 4662 meritis
1773 4605 1899 4661 ﬁdei
1917 4620 2050 4676 suae,
2073 4607 2174 4662 sibi
2204 4607 2450 4662 traditam
2481 4607 2574 4662 Dei
2612 4607 2860 4678 gratiam,
2895 4615 2954 4662 et
2999 4615 3210 4676 putetur
3247 4623 3431 4663 verum
3472 4623 3594 4664 esse
3632 4609 3780 4679 quod

485 4710 559 4764 illi
588 4706 824 4763 haeretici
847 4705 1048 4769 dicunt,
1078 4702 1305 4774 gratiam
1337 4699 1431 4755 Dei
1461 4698 1754 4756 secundum
1784 4699 1975 4755 merita
2001 4707 2183 4755 nostra
2211 4699 2355 4766 dari;
2386 4698 2528 4770 quod
2557 4699 2776 4754 omnino
2813 4696 3157 4756 falsissimum
3187 4707 3270 4754 est
3298 4719 3311 4752 :
3343 4713 3449 4754 non
3487 4700 3610 4770 quia
3650 4701 3777 4755 nul-

485 4804 594 4853 lum
619 4809 700 4853 est
726 4796 978 4853 meritum
1001 4835 1016 4859 ,
1046 4792 1128 4847 vel
1158 4791 1355 4846 bonum
1384 4789 1614 4861 piorum,
1633 4787 1717 4844 vel
1745 4789 1944 4845 malum
1969 4789 2288 4862 impiorum;
2319 4788 2572 4862 (alioquin
2605 4789 2874 4859 quomodo
2896 4787 3157 4858 judicabit
3179 4789 3316 4844 Deus
3341 4787 3654 4859 mundum?)
3683 4789 3778 4844 sed

533 469 3799 506 mum—W—

485 4891 849 4948 tnisericordia
876 4896 932 4945 et
957 4887 1126 4959 gratia
1159 4885 1248 4941 Dei
1273 4883 1535 4939 convertit
1555 4883 1847 4949 hominem,
1877 4882 1946 4938 de
1970 4898 2073 4953 qua
2101 4883 2348 4939 Psalmus
2376 4879 2697 4968 dicit,_Deas
2717 4897 2877 4945 meus,
2909 4881 3256 4936 misericordia
3276 4882 3386 4952 ejus
3405 4883 3670 4954 prmeniet
3698 4899 3782 4938 use

484 4984 660 5052 (f’sal.
689 4999 836 5048 LVIII,
861 4981 974 5050 il);
1004 4987 1062 5034 ut
1080 4977 1403 5050 justificetur
1431 4975 1646 5046 impius,
1677 4973 1779 5030 hoc
1799 4983 1902 5042 est,
1922 4989 1988 5030 ex
2018 4975 2183 5046 impio
2205 4975 2294 5030 fiat
2315 4975 2512 5044 justus,
2544 4983 2600 5030 et
2636 4973 2857 5044 incipiat
2883 4973 3081 5030 habere
3102 4974 3351 5030 meritum
3387 4977 3609 5043 bonum,
3633 4975 3777 5046 quod

490 5078 746 5135 Dominus
771 5073 1068 5139 coronabit,
1097 5070 1312 5144 quando
1335 5068 1664 5140 judicabitur
1691 5067 1942 5124 mundus.

559 5175 613 5230 5.
636 5172 795 5228 Multa
819 5177 972 5225 erant
990 5183 1109 5238 qua:
1135 5165 1286 5220 vobis
1314 5163 1528 5218 mittere
1549 5160 1848 5231 cupiebam,
1876 5159 2068 5232 quibus
2094 5161 2268 5228 lectis,
2300 5169 2464 5216 totam
2503 5161 2671 5232 ipsam
2699 5173 2913 5215 causam
2953 5175 3072 5230 qua:
3109 5160 3351 5216 conciliis
3383 5158 3779 5230 episcopalibus

486 5275 606 5321 acta
635 5271 720 5320 est
737 5261 998 5316 adversus
1021 5255 1240 5313 eosdem
1273 5254 1590 5325 Pelagianos
1616 5251 1919 5319 haereticos,
1956 5252 2260 5324 diligentius
2288 5261 2340 5308 et
2371 5251 2578 5322 plenius
2623 5265 2783 5306 nosse
2807 5251 3072 5321 possetis;
3122 5250 3215 5306 sed
3255 5249 3639 5306 festinaverunt
3667 5249 3777 5305 fra-

485 5367 618 5425 tres,
644 5354 734 5425 qui
761 5368 833 5410 ex
859 5363 1087 5408 numero
1109 5357 1289 5405 vestro
1313 5346 1378 5402 ad
1407 5360 1507 5402 nos
1534 5351 1833 5412 venerunt;
1865 5359 1961 5415 per
1989 5358 2122 5415 quos
2164 5344 2316 5400 vobis
2362 5359 2467 5400 non
2511 5343 2880 5413 rescripsimus
2923 5343 3044 5412 ista,
3091 5343 3186 5399 sed
3220 5344 3552 5415 scripsimus.
3591 5343 3777 5400 Nullas

483 5453 626 5506 enim
655 5448 724 5504 ad
749 5463 849 5502 nos
880 5453 1074 5499 vestrae
1103 5441 1392 5498 Charitatis
1413 5439 1621 5495 litteras
1649 5437 1940 5493 attulerunt
1967 5455 1980 5492 :
2011 5441 2190 5494 tamen
2215 5437 2546 5508 suscepimus
2575 5451 2693 5504 eos,
2715 5438 2969 5508 quoniam
2998 5438 3309 5510 simplicitas
3331 5453 3518 5496 eorum
3545 5439 3676 5501 satis
3697 5440 3781 5494 inc
3873 5487 3894 5498 ,

485 5539 732 5606 dicabat}
746 5536 876 5594 nihil
901 5535 1022 5591 illos
1043 5533 1197 5588 nobis
1225 5521 1462 5603 potuisse
1481 5530 1804 5599 confingere.
1836 5526 1961 5584 Ideo
1989 5537 2168 5584 autem
2201 5529 2602 5611 festinaverunt,
2638 5536 2697 5582 ut
2735 5527 2876 5598 apud
2901 5543 2995 5585 vos
3021 5537 3239 5600 agerent
3268 5523 3495 5600 Pascha,
3521 5547 3625 5603 quo
3649 5545 3777 5600 pos-

484 5636 554 5692 sit
579 5633 864 5703 adjuvante
893 5626 1118 5684 Domino
1143 5633 1249 5678 tam
1275 5630 1492 5678 sanctus
1515 5621 1632 5676 dies
1659 5629 1891 5677 vestram
1923 5634 2108 5690 pacem
2137 5635 2296 5691 quam
2327 5619 2718 5678 dissensionem
2741 5621 2920 5692 potius
2944 5621 3205 5679 invenire.

571 5751 623 5808 ιι)
656 5723 772 5797 vide
795 5741 1052 5808 Epistolam
1075 5738 1419 5808 posteriorem,
1440 5748 1489 5784 ιι.
1525 5735 1572 5785 2.

571 5751 623 5808 ιι)
656 5751 772 5797 \‘ide
795 5751 1052 5808 Epistolam
1075 5751 1419 5807 mmemorem,
1440 5751 1489 5784 ιι.
1525 5751 1556 5785 z

549 5751 622 5870 ib)
657 5810 861 5872 Epistula
891 5803 994 5864 194,
1019 5805 1146 5851 inter
1174 5806 1556 5860 Angustiaunas.
