4122 6522
359 392 461 449 87]
1301 340 1311 348 -
1844 381 2198 438 EPISTOIJE
3543 379 3606 431 87
3617 379 3647 429 8

435 526 492 580 6.
520 524 705 578 Melius
733 533 909 577 autem
937 522 1138 578 facietis
1168 521 1330 592 (quod
1363 521 1584 575 multum
1613 518 1786 590 rogo),
1824 520 1866 572 si
1899 519 2069 587 ipsum
2091 533 2120 570 a
2146 531 2252 587 quo
2281 515 2461 570 dicunt
2496 529 2555 568 se
2585 514 2744 568 fuisse
2774 511 3036 578 turbatos,
3065 510 3132 566 ad
3176 526 3262 565 me
3291 511 3505 566 mittere
3533 527 3638 565 non

369 615 684 689 gravemini.
720 617 824 669 Aut
849 617 989 670 enim
1019 629 1122 668 non
1156 613 1401 683 intelligit
1438 613 1629 667 librum
1663 627 1859 677 meum,
1907 617 1997 663 aut
2024 610 2159 664 forte
2209 609 2323 677 ipse
2360 621 2465 662 non
2494 605 2826 676 intelligitur,
2857 604 3069 674 quando
3092 603 3457 658 difficillimam
3485 619 3636 674 quaa-

363 710 594 762 stionem
621 715 675 760 et
703 705 883 774 paucis
910 703 1295 773 intelligibilem
1323 703 1538 758 solvere
1553 711 1712 772 atque
1737 701 1970 757 enodare
1994 708 2236 754 conatur.
2267 695 2382 769 Ipsa
2409 704 2491 752 est
2515 697 2659 752 enim
2690 695 2912 766 quaestio
2931 694 3000 750 de
3022 694 3190 765 gratia
3219 693 3334 759 Dei,
3365 708 3485 765 quae
3514 693 3640 750 fecit

361 812 420 856 ut
445 801 688 855 homines
713 816 818 854 non
847 800 1202 870 intelligentes
1225 807 1474 869 putarent
1501 799 1799 869 apostolum
1828 796 2049 851 Paulum
2077 794 2292 851 dicere:
2329 791 2601 846 Faciamus
2626 790 2782 856 mala,
2811 797 2867 844 ut
2894 790 3093 844 veniant
3114 789 3243 842 bona
3262 788 3440 858 (Rom.
3466 787 3641 859 111,8).

365 894 511 950 Unde
539 894 815 963 apostolus
844 893 1030 948 Petrus
1059 894 1110 947 in
1141 891 1375 948 secunda
1401 890 1635 961 Epistula
1656 903 1772 954 sua,
1805 887 2148 960 Quapropter,
2179 884 2370 954 inquit,
2397 882 2704 948 charissimi,
2734 882 2844 935 haec
2867 890 3212 951 exspectantes
3237 880 3450 951 satagite
3477 880 3644 934 invio-

365 985 450 1042 lati
479 995 525 1040 et
551 985 864 1039 immaculuti
890 985 1166 1054 apudeum
1191 983 1402 1052 reperiri
1431 984 1483 1036 in
1511 996 1673 1054 pace;
1701 991 1748 1034 et
1775 979 1983 1034 Domini
2011 978 2170 1034 nostri
2207 976 2502 1047 patientiam
2535 973 2753 1028 salutem
2790 973 3069 1027 existimate
3110 973 3281 1026 :sicut
3307 981 3352 1026 et
3381 971 3646 1026 dilectissin

361 1091 469 1132 tuus
493 1081 652 1146 frater
679 1085 847 1129 noster
871 1074 1066 1129 Paulus
1083 1075 1356 1128 secundum
1377 1089 1489 1126 eam
1507 1087 1620 1141 qua:
1646 1072 1766 1124 data
1786 1080 1858 1124 est
1877 1072 1924 1125 ei
1951 1069 2272 1140 sapientiam,
2290 1065 2491 1136 scripsit
2507 1064 2663 1129 vobis,
2679 1073 2732 1118 ut
2756 1073 2802 1118 et
2827 1065 2879 1117 in
2907 1063 3136 1117 omnibus
3152 1062 3418 1133 Epistolis,
3437 1063 3648 1131 loquens

362 1167 411 1224 in
437 1169 505 1222 eis
533 1168 595 1221 de
615 1167 725 1233 Itis;
753 1166 1002 1237 inquibus
1026 1174 1144 1220 sunt
1167 1166 1398 1236 quadam
1421 1163 1645 1235 difﬁcilia
1672 1161 1949 1227 intellectu,
1966 1176 2088 1235 qua:
2112 1159 2302 1212 indocti
2335 1169 2380 1212 et
2407 1156 2664 1212 instabiles
2685 1155 2911 1210 homines
2939 1164 3222 1226 pervertunt
3237 1156 3364 1210 sicut
3379 1164 3644 1210 etcwteras

358 1257 670 1327 Scripturas,
698 1258 766 1310 ad
791 1258 1054 1329 proprium
1082 1273 1229 1310 suum
1254 1255 1507 1309 interitum
1534 1254 1600 1325 (ΙΙ
1629 1252 1774 1308 Petr.
1793 1270 1872 1320 111,
1895 1253 2106 1322 iii-'16).

429 1351 480 1402 7.
509 1348 705 1404 Cavete
734 1365 862 1418 ergo
887 1348 1024 1419 quod
1054 1358 1227 1403 tantus
1250 1347 1524 1417 apostolus
1553 1357 1663 1401 tam
1695 1347 2003 1402 terribiliter
2025 1345 2182 1411 dicit;
2214 1354 2270 1400 et
2311 1343 2399 1398 ubi
2445 1342 2654 1398 sentitis
2680 1356 2777 1396 vos
2807 1356 2913 1396 non
2941 1341 3256 1412 intelligere,
3281 1341 3494 1396 interim
3522 1356 3641 1395 crc-

357 1439 467 1494 dite
493 1439 687 1494 divinis
733 1439 979 1509 eloquiis,
1008 1438 1132 1508 quia
1161 1451 1214 1493 et
1252 1438 1476 1492 liberum
1503 1445 1587 1493 est
1610 1437 1842 1491 hominis
1869 1436 2167 1500 arbitrium,
2201 1444 2254 1490 et
2289 1434 2456 1505 gratia
2486 1433 2602 1498 Dei,
2639 1433 2754 1487 sine
2782 1431 2934 1502 cujus
2959 1431 3223 1501 adjutorio
3273 1432 3496 1486 liberum
3552 1447 3643 1485 ar-

357 1534 577 1590 bitrium
605 1549 705 1589 nec
733 1534 971 1588 converti
994 1543 1172 1604 potest
1199 1533 1267 1588 ad
1294 1534 1482 1601 Deum,
1510 1549 1609 1589 nec
1636 1533 1896 1604 prolicere
1922 1535 1974 1589 in
2004 1535 2132 1589 Deo.
2163 1532 2388 1603 thuod
2411 1533 2495 1602 pie
2518 1531 2754 1597 creditis,
2783 1533 3021 1587 utetiam
3049 1532 3318 1602 sapienter
3338 1534 3647 1604 intelligatis

362 1639 534 1684 orate.
562 1629 629 1682 Et
653 1627 720 1682 ad
749 1628 850 1682 hoc
878 1628 1051 1697 ipsmn
1081 1627 1248 1694 enim,
1285 1627 1335 1682 id
1363 1637 1467 1695 est,
1498 1635 1556 1682 ut
1579 1628 1848 1696 sapienter
1873 1627 2252 1699 intelligamus,
2283 1635 2365 1681 est
2394 1625 2574 1694 utique
2601 1625 2824 1680 liberum
2853 1625 3150 1681 arbitrium.
3173 1626 3284 1682 Nisi
3307 1628 3448 1682 enim
3479 1630 3646 1685 libero

354 1722 577 1777 arbitrio
598 1721 1015 1792 intelligeremus
1041 1729 1200 1790 atque
1230 1735 1561 1790 saperemus,
1595 1737 1701 1774 non
1733 1721 1886 1775 nobis
1924 1721 2303 1790 praeciperetur
2343 1718 2552 1774 dicente
2579 1718 2853 1787 Scriptura
2895 1735 2909 1770 :
2958 1717 3231 1791 Intelligite
3255 1737 3374 1791 ergo
3402 1722 3490 1792 qui
3517 1724 3646 1778 iusi-

358 1816 550 1884 pientes
576 1815 693 1868 estis
713 1814 766 1868 in
793 1813 1002 1884 papula,
1026 1823 1071 1867 et
1101 1813 1243 1867 stulti
1271 1813 1548 1880 aliquando
1574 1813 1736 1883 sapite
1763 1811 1932 1881 (Psal.
1960 1828 2107 1876 xcut,
2139 1810 2215 1883 δ).
2245 1811 2324 1864 Eo
2351 1809 2466 1879 ipso
2492 1811 2688 1880 quippe
2716 1824 2822 1880 quo
2853 1819 3176 1880 prmceptum
3223 1818 3308 1884 οι-
3325 1811 3645 1882 imperatum

355 1880 456 1972 est,
492 1917 546 1959 ut
569 1880 924 1975 intelligamus
951 1914 1110 1975 atque
1130 1905 1422 1975 sapiamus,
1453 1880 1968 1960 obedientianostra
2001 1880 2304 1973 requiritur,
2329 1917 2448 1971 quae
2474 1901 2618 1955 nulla
2658 1907 2832 1970 potest
2871 1915 2990 1955 esse
3033 1901 3150 1956 sine
3187 1880 3364 1957 libe'ro
3399 1880 3644 1959 arbitrio.

359 1999 462 2054 Sed
495 1999 536 2052 si
567 2008 744 2067 posset
777 1997 880 2052 hoc
914 1998 1086 2066 ipsum
1116 1997 1230 2051 sine
1256 1995 1522 2062 adjutorio
1551 1995 1643 2049 Dei
1678 1995 1864 2064 gratia:
1895 1994 2008 2050 fieri
2039 2009 2131 2064 per
2157 1992 2380 2046 liberum
2411 1990 2709 2053 arbitrium,
2739 1999 2798 2043 ut
2837 1989 3256 2061 intelligeremus
3293 1999 3455 2062 atque
3493 2006 3650 2062 sape-

356 2103 565 2151 remus;
593 2105 695 2141 non
727 2088 997 2141 diceretur
1020 2087 1149 2152 Deo,
1177 2086 1254 2139 Da
1275 2085 1400 2140 mihi
1423 2084 1750 2148 intellectum,
1780 2094 1826 2140 et
1851 2085 2042 2140 discam
2068 2083 2307 2138 mandata
2331 2096 2420 2138 tua
2448 2081 2616 2153 (Psal.
2644 2097 2836 2149 cxvm,
2869 2080 3023 2154 125);
3061 2098 3235 2154 neque
3278 2083 3330 2138 in
3358 2084 3648 2156 Evangelio

357 2180 616 2248 scriptum
646 2186 808 2244 esset,
841 2177 984 2231 Tunc
1011 2178 1207 2248 aperuit
1234 2176 1338 2232 illis
1361 2192 1582 2244 sensum,
1611 2186 1665 2230 ut
1693 2176 2030 2248 intelligerent
2057 2176 2352 2247 Scripturas
2373 2175 2524 2245 (Luc.
2552 2190 2703 2241 χειν,
2731 2176 2858 2244 45);
2890 2189 2988 2230 nec
3023 2175 3253 2231 Iacobus
3272 2177 3544 2247 apostolus
3561 2179 3646 2233 di-

352 2279 520 2332 ceret,
552 2267 613 2322 Si
637 2268 748 2337 qnis
775 2277 940 2320 autem
971 2276 1187 2322 uestrum
1213 2267 1400 2338 indiget
1420 2266 1691 2336 sapientia,
1720 2270 1936 2337 postulet
1962 2283 1995 2320 a
2034 2266 2164 2332 Deo,
2187 2267 2275 2340 qui
2294 2267 2382 2320 dat
2407 2267 2637 2321 omnibus
2673 2267 2951 2338 afﬂuenter,
2987 2276 3035 2320 et
3084 2283 3186 2322 non
3225 2269 3555 2342 improperat,
3600 2284 3649 2326 et

353 2361 558 2414 dabitur
582 2361 625 2414 ei
649 2359 849 2429 (Jacobi
873 2377 909 2423 1,
939 2361 1013 2430 5).
1049 2360 1246 2415 Potens
1273 2369 1356 2415 est
1378 2371 1556 2416 autem
1591 2361 1844 2416 Dominus
1883 2362 1973 2432 qui
2005 2370 2061 2418 et
2089 2362 2240 2418 vobis
2263 2363 2430 2419 donet
2457 2373 2510 2418 et
2541 2364 2714 2430 nobis,
2748 2373 2808 2418 ut
2843 2364 2911 2421 de
2935 2377 3112 2421 vestra
3148 2381 3280 2438 pace
3318 2377 3372 2422 et
3409 2367 3494 2438 pia
3520 2382 3648 2422 con-

353 2453 831 2506 sensione-nuntiis
851 2454 1156 2509 celerrimis
1188 2454 1538 2524 gaudeamus.
1567 2454 1752 2509 Saluto
1791 2469 1908 2522 vos,
1946 2471 2051 2510 non
2079 2455 2252 2511 solum
2281 2470 2405 2511 meo
2434 2455 2671 2519 nomine,
2723 2455 2816 2510 sed
2863 2457 3026 2513 etiam
3071 2457 3290 2513 fratrum
3319 2458 3408 2530 qui
3439 2474 3647 2515 mecum

352 2554 496 2609 sunt,
525 2555 578 2601 et
606 2562 736 2616 rogo
768 2555 823 2600 ut
852 2562 947 2616 pro
977 2547 1128 2601 nuhis
1153 2547 1492 2604 concorditer
1512 2556 1670 2617 atque
1698 2547 1960 2602 instanter
1985 2545 2172 2601 oretis.
2201 2547 2282 2602 Sit
2308 2547 2585 2602 vobiscum
2616 2547 2893 2605 Dominus.

1283 2673 1534 2713 EPISTOLA
1574 2672 1882 2724 POSTERIOR,
1925 2673 2086 2712 INTER
2123 2673 2538 2714 AUGUSTINIANAS
2565 2673 2727 2716 CCXV.

357 2770 580 2824 Domino
607 2769 976 2838 dilectissimo,
1005 2780 1056 2826 et
1089 2772 1138 2825 in
1169 2771 1366 2826 Christi
1399 2771 1655 2827 membris
1680 2771 1992 2826 honorando
2023 2770 2172 2826 fratri
2198 2771 2526 2840 VALENTINO,
2551 2782 2606 2829 et
2635 2772 2890 2831 fratribus
2916 2776 3003 2846 qui
3047 2785 3222 2833 tecum
3265 2785 3415 2846 sunt,
3460 2780 3646 2840 AUGU-

1585 2876 1787 2929 sruvus,
1818 2862 1872 2917 in
1901 2861 2128 2918 Domino
2158 2863 2404 2919 salutem.

426 2981 479 3035 1.
511 2979 879 3047 Cresconium,
908 2979 1163 3045 Felicem,
1187 2987 1240 3036 et
1267 2979 1429 3034 alium
1456 2979 1710 3046 Felicem,
1736 2978 1829 3034 Dei
1860 2993 2067 3043 servos,
2087 2979 2176 3050 qui
2206 2993 2272 3035 ex
2297 2987 2472 3035 vestra
2498 2981 2909 3052 congregatione
2930 2981 2999 3037 ad
3029 2997 3128 3040 nos
3155 2995 3433 3052 venerunt,
3467 2987 3651 3044 nobis-

354 3086 475 3126 cum
504 3071 678 3140 egisse
711 3070 914 3125 Pascha
939 3070 1146 3125 noverit
1177 3070 1423 3125 Charitas
1457 3078 1653 3126 vestra.
1683 3069 1829 3136 Quos
1855 3068 1978 3125 ideo
2004 3071 2268 3125 tenuimus
2293 3070 2563 3140 aliquanto
2591 3071 2814 3139 diutius,
2831 3082 2894 3128 ut
2919 3074 3288 3132 instructiores
3309 3076 3379 3134 ad
3405 3093 3502 3136 vos
3521 3081 3650 3138 red-

356 3162 495 3217 irent
521 3161 777 3217 adversus
807 3177 973 3216 novos
1021 3160 1304 3217 haereticos
1333 3162 1666 3232 Pelagianos,
1697 3162 1750 3216 in
1797 3177 2026 3231 quorum
2077 3176 2317 3217 errorem
2339 3163 2501 3230 cadit,
2550 3163 2640 3231 qui
2692 3173 2841 3234 putat
2883 3166 3177 3223 secundum
3233 3170 3410 3241 aliqua
3459 3176 3648 3229 merita

357 3253 587 3307 humana
610 3251 722 3307 dari
749 3255 972 3323 gratiam
1003 3252 1117 3319 Dei,
1147 3252 1409 3322 thmﬁola
1440 3251 1709 3331 hominem
1733 3251 1923 3307 liberat
1952 3266 2046 3320 per
2074 3252 2354 3307 Dominum
2382 3262 2620 3308 nostrum
2637 3253 2826 3323 Jesum
2853 3255 3143 3314 Christum.
3171 3257 3279 3317 Sed
3306 3277 3518 3319 rursum
3546 3265 3640 3337 qui

357 3353 530 3415 putat,
562 3343 774 3414 quando
803 3344 1143 3414 adjudicium
1175 3345 1432 3398 Dominus
1458 3344 1684 3410 venerit,
1726 3359 1830 3398 non
1850 3343 2078 3414 judicari
2105 3343 2373 3399 hominem
2402 3345 2695 3401 secundum
2725 3362 2885 3417 opera
2915 3363 3032 3416 sua,
3059 3351 3146 3420 qui
3168 3351 3279 3422 jam
3311 3369 3408 3424 per
3434 3365 3648 3413 nitatem

356 3437 432 3491 uti
464 3438 632 3507 potuit
657 3437 825 3492 libero
852 3437 1137 3491 voluntatis
1159 3436 1397 3498 arbitrio,
1428 3435 1774 3490 nihilominus
1802 3436 1854 3490 in
1878 3450 2066 3492 errore
2109 3444 2210 3490 est.
2237 3435 2350 3490 Soli
2375 3436 2517 3492 enim
2545 3438 2772 3506 parvuli,
2819 3440 2911 3510 qui
2951 3441 3186 3498 nondum
3235 3444 3432 3502 habent
3481 3464 3646 3520 opera

357 3529 594 3601 propria,
628 3527 711 3583 vel
732 3528 868 3583 bona
891 3528 976 3583 vel
1001 3528 1160 3593 mala,
1179 3527 1471 3582 secundum
1499 3528 1672 3582 solum
1698 3527 1956 3597 originale
1981 3537 2254 3597 peccatum
2282 3528 2696 3596 damnabantur,
2716 3530 2908 3601 quibus
2938 3548 3033 3602 per
3058 3534 3326 3592 lavacrum
3354 3554 3647 3611 regenera-

358 3622 522 3677 tionis
541 3636 648 3675 non
679 3620 925 3676 subvenit
944 3621 1111 3691 gratia
1141 3619 1459 3676 Salvatoris.
1488 3619 1680 3674 Czeteri
1709 3631 1890 3674 autem
1930 3635 2137 3687 omnes,
2169 3622 2257 3690 qui
2282 3621 2391 3690 jam
2422 3629 2630 3678 utentes
2666 3623 2839 3680 libero
2859 3626 3083 3684 arbitrio
3104 3671 3119 3696 ,
3153 3646 3246 3684 sua
3276 3635 3490 3703 propria
3517 3650 3648 3707 pec-

355 3722 475 3770 cata
507 3713 749 3784 originali
775 3722 996 3783 peccato
1024 3712 1243 3781 insuper
1267 3711 1604 3778 addiderunt,
1637 3711 1679 3766 si
1709 3711 1776 3766 de
1805 3720 2068 3782 potestate
2115 3712 2452 3768 tenebrarum
2501 3729 2596 3784 per
2647 3717 2869 3787 gratiam
2902 3719 2995 3774 Dei
3047 3736 3153 3776 non
3205 3734 3485 3795 eruuntur,
3537 3745 3640 3786 nec

360 3806 758 3863 transferuntur
801 3806 868 3860 ad
915 3821 1135 3875 regnum
1157 3803 1377 3870 Christi,
1418 3819 1522 3859 non
1557 3805 1731 3859 solum
1773 3804 2066 3859 secundum
2093 3805 2332 3876 originis,
2357 3821 2541 3862 verum
2581 3809 2742 3866 etiam
2770 3812 3067 3868 secundum
3097 3816 3327 3887 propria:
3355 3820 3642 3880 voluntatis

357 3899 570 3964 merita,
595 3896 853 3967 judicium
882 3897 1248 3965 reportabant.
1276 3895 1404 3949 Boni
1445 3910 1571 3950 vero
1596 3895 1755 3949 etiam
1786 3895 1885 3965 ipsi
1910 3894 2124 3965 quidem
2151 3897 2443 3951 secundum
2469 3912 2580 3956 sua:
2615 3899 2768 3954 bonae
2794 3902 3079 3960 voluntatis
3113 3908 3302 3964 merita
3361 3913 3637 3980 praemium

357 3996 778 4056 consequentur,
809 3986 926 4076 ised
969 3986 1130 4040 etiam
1164 3987 1330 4055 ipsam
1377 3985 1567 4038 bonam
1597 3985 1921 4040 voluntatem
1959 4001 2054 4055 per
2087 3986 2175 4039 ltei
2221 3987 2445 4054 gratiam
2499 3991 2773 4044 consecuti
2821 4000 2982 4050 sunt:
3010 4009 3074 4051 ac
3102 3997 3181 4053 sic
3214 3998 3467 4070 impletur
3503 4007 3644 4076 quod

358 4078 616 4150 scriptum
639 4086 723 4134 est
752 4095 765 4130 :
798 4075 888 4130 Ira
913 4087 957 4131 et
982 4077 1285 4148 indignatio,
1316 4077 1574 4130 tribulatio
1595 4086 1641 4130 et
1659 4077 1897 4148 angustia
1925 4078 1976 4131 in
2007 4095 2205 4132 onmem
2225 4079 2450 4133 animam
2476 4081 2693 4136 hominis
2721 4087 2978 4154 operantis
2996 4090 3398 4158 malumJudaei
3424 4075 3643 4168 primum

359 4178 404 4223 et
429 4168 591 4224 Gra’ci
618 4185 638 4222 :
665 4167 830 4239 gloria
853 4177 1040 4233 autem,
1071 4177 1116 4220 et
1143 4167 1323 4230 Itonor,
1355 4177 1401 4220 et
1422 4183 1526 4236 pax
1552 4168 1691 4221 omni
1715 4169 1946 4238 aperanti
1971 4169 2176 4234 bonum,
2207 4167 2394 4224 Judazo
2424 4172 2643 4240 primum
2668 4183 2716 4228 et
2741 4174 2916 4232 Greco
2942 4179 3118 4252 (Rom.
3150 4199 3206 4247 11,
3240 4183 3294 4248 9,
3321 4167 3430 4257 10).

431 4262 486 4316 2.
527 4262 602 4316 De
631 4275 732 4330 qua
763 4259 1074 4362 difﬁcglima
1100 4259 1415 4352 quaestione,
1439 4259 1540 4314 hoc
1569 4267 1672 4321 est,
1699 4258 1767 4314 de
1789 4259 2061 4315 voluntate
2103 4269 2157 4314 et
2178 4259 2348 4330 gratia
2373 4301 2388 4325 ,
2419 4277 2526 4316 non
2575 4279 2708 4333 opus
2748 4265 2909 4323 habui
2947 4271 3133 4325 etiam
3161 4271 3214 4327 iu
3273 4275 3372 4332 hac
3421 4279 3646 4348 epistola

359 4352 557 4408 diutius
584 4350 1162 4422 diSputare;Fjuonia111
1190 4350 1245 4405 ct
1269 4350 1424 4404 aliam
1448 4350 1559 4420 jam
1586 4351 1663 4405 eis
1684 4351 1956 4416 dederam,
2007 4359 2258 4421 tanquam
2299 4353 2454 4408 citius
2500 4354 2770 4412 redituris.
2820 4359 2886 4413 Et
2931 4362 3119 4433 scripsi
3145 4365 3211 4419 ad
3245 4382 3338 4422 vos
3367 4371 3526 4426 etiam
3583 4374 3634 4427 ιί.

358 4447 516 4502 brum
535 4443 634 4516 (a),
655 4458 812 4514 quem
839 4442 906 4509 si,
934 4443 1220 4511 adjuvante
1241 4439 1486 4508 Domino,
1507 4441 1789 4508 diligenter
1820 4442 2074 4510 lcgeritis,
2106 4444 2825 4517 etvivaciterintellexeritis,
2847 4451 3018 4506 nullas
3038 4455 3289 4514 existimo
3305 4459 3443 4515 inter
3462 4478 3556 4518 vos
3582 4466 3649 4520 de

362 4538 464 4593 hac
494 4553 553 4594 re
580 4538 945 4592 dissensiones
970 4535 1190 4590 ulterius
1215 4535 1319 4604 jam
1353 4533 1579 4589 futuras.
1607 4535 1828 4590 Portant
1851 4545 2027 4591 autem
2059 4552 2241 4591 secum
2267 4547 2320 4592 et
2348 4539 2471 4606 alia,
2501 4555 2620 4610 qua:
2645 4542 2795 4597 vobis
2827 4543 3105 4616 dirigenda
3136 4565 3255 4606 esse
3282 4554 3608 4613 credidimus
3633 4603 3648 4624 ,

363 4630 556 4700 quibus
583 4629 917 4700 cognoscatis
944 4626 1392 4698 quemadmodum
1422 4627 1684 4684 catholica
1712 4629 1972 4696 Ecclesia,
2002 4631 2052 4684 in
2085 4630 2178 4685 Dei
2208 4631 2592 4703 misericordia,
2627 4636 2922 4710 Pelagianae
2947 4641 3166 4703 haeresis
3200 4663 3400 4705 venena
3435 4655 3648 4724 repule-

365 4724 451 4778 rit.
481 4721 634 4790 Quod
660 4722 801 4776 enim
832 4720 1088 4791 scriptum
1117 4729 1199 4775 est
1231 4721 1296 4775 ad
1324 4735 1515 4791 papam
1553 4719 1919 4776 Innocentium
1947 4721 2202 4778 Romana:
2227 4724 2371 4779 urbis
2402 4727 2729 4799 episcopum,
2763 4731 2831 4786 de
2859 4735 3088 4790 concilio
3111 4741 3395 4807 provincia:
3423 4719 3651 4801 Cartha-

363 4813 618 4884 ginensis,
649 4821 702 4868 et
733 4811 801 4868 de
827 4812 1056 4868 concilio
1079 4810 1342 4866 Numidiae
1363 4852 1379 4879 ,
1408 4819 1462 4867 et
1486 4813 1756 4881 aliquanto
1774 4812 2077 4882 diligentius
2101 4828 2131 4868 a
2157 4815 2390 4885 quinque
2416 4817 2705 4887 episcopis,
2739 4829 2792 4874 et
2815 4837 2935 4892 qua:
2964 4823 3089 4894 ipse.
3105 4826 3170 4882 ad
3201 4829 3298 4884 tria
3333 4831 3435 4888 ista
3461 4836 3653 4891 rescri-

363 4907 496 4976 psit;
527 4907 653 4961 item
684 4904 824 4977 quod
846 4920 994 4975 papze
1019 4904 1233 4960 Zosimo
1255 4904 1321 4958 de
1339 4903 1588 4959 Africano
1613 4903 1842 4958 concilio
1869 4905 2124 4976 scriptum
2157 4915 2266 4972 est,
2300 4906 2522 4977 ejusque
2560 4910 2874 4980 rescriptum
2901 4915 2969 4969 ad
3004 4917 3280 4976 universos
3307 4923 3468 4981 totius
3507 4909 3654 4984 orbis

363 5000 644 5070 episcopos
671 4999 929 5064 missum;
951 4997 1166 5068 etquod
1193 4996 1474 5067 posteriori
1503 4997 1732 5053 concilio
1760 4997 2000 5068 plenario
2026 4997 2188 5052 totius
2213 4998 2403 5053 Africae
2430 5007 2616 5054 contra
2639 5001 2810 5070 ipsum
2838 5019 3076 5063 errorem
3109 5009 3344 5068 breviter
3368 5019 3654 5074 constitui-

363 5108 515 5157 mus;
539 5101 592 5146 et
611 5105 772 5160 supra
798 5098 1150 5146 memoratum
1176 5090 1368 5180 librum
1399 5104 1598 5157 meum,
1626 5104 1784 5160 quem
1812 5089 1974 5144 modo
2003 5089 2069 5145 ad
2095 5104 2192 5146 vos
2223 5090 2410 5161 scripsi
2436 5110 2448 5145 :
2483 5091 2598 5148 lucc
2624 5094 2803 5150 omnia
2833 5105 2888 5154 et
2913 5098 2966 5154 in
2996 5105 3246 5170 praesenti
3274 5106 3502 5180 legimus
3529 5127 3652 5170 cum

364 5182 516 5253 ipsis,
544 5191 598 5237 et
615 5196 708 5252 per
729 5196 824 5237 eos
844 5181 1090 5236 misimus
1119 5179 1288 5234 vobis.

435 5277 489 5331 ὅ.
532 5275 786 5346 Legimus
809 5274 888 5330 eis
913 5275 1075 5330 etiam
1099 5274 1292 5366 librum
1322 5272 1615 5330 beatissimi
1642 5275 1890 5347 martyris
1912 5273 2164 5350 Cypriani
2190 5274 2256 5331 de
2275 5274 2526 5333 Oratione
2547 5279 2841 5348 Dominica,
2869 5292 2926 5341 et
2950 5288 3280 5347 ostendimus
3306 5297 3657 5366 quemadmo-

371 5368 490 5424 dum
511 5367 785 5459 docuerit,
817 5367 995 5459 omnia
1023 5381 1143 5459 quae
1166 5365 1236 5422 ad
1260 5378 1436 5422 mores
1465 5375 1679 5439 nostros
1709 5368 2008 5459 pertinent,
2044 5369 2236 5439 quibus
2263 5379 2407 5427 recte
2431 5373 2660 5430 vivimus
2680 5416 2694 5439 ,
2721 5392 2752 5431 a
2779 5377 2938 5437 Patre
2967 5392 3153 5446 nostro
3177 5388 3265 5459 qui
3294 5365 3346 5445 in
3367 5393 3520 5450 caelis
3549 5405 3632 5452 est

363 5471 486 5512 esse
516 5455 780 5524 poscenda
806 5473 822 5522 ;
847 5472 915 5511 ne
946 5455 1014 5511 de
1053 5456 1225 5511 libero
1250 5437 1637 5526 praesumentes
1665 5458 1908 5524 arbitrio,
1940 5473 1969 5513 a
1997 5437 2176 5514 divina
2206 5461 2374 5531 gratia
2399 5437 2730 5522 decidamus.
2782 5469 2883 5526 Ubi
2934 5437 3654 5544 una};

364 5546 634 5618 quomodo
663 5547 1000 5602 admonuerit
1020 5547 1160 5602 idem
1187 5547 1606 5637 gloriosissimus
1627 5547 1846 5620 Martyr,
1878 5550 2038 5604 etiam
2069 5566 2164 5621 pro
2189 5551 2417 5610 inimicis
2447 5557 2664 5623 nostris,
2693 5562 2784 5629 qui
2815 5563 3051 5621 nondum
3092 5531 3455 5630 in

366 5637 586 5704 derunt,
613 5653 713 5693 nos
734 5647 794 5693 ut
813 5638 1036 5693 credant
1060 5651 1216 5692 orare
1245 5636 1443 5693 debere
1473 5655 1488 5692 :
1519 5637 1660 5709 quod
1686 5639 1869 5708 utique
1898 5640 2127 5698 inaniter
2158 5642 2341 5712 ﬁeret,
2374 5645 2477 5703 nisi
2507 5648 2738 5708 Ecclesia
2774 5655 3034 5726 crederet,
3085 5662 3244 5720 etiam
3285 5667 3452 5726 malas
3499 5679 3662 5744 atque

432 5751 504 5813 (a)
539 5749 930 5814 Subsequentem
953 5748 1130 5800 librum
1151 5749 1215 5799 de
1235 5749 1389 5800 Gratia
1415 5755 1467 5799 et
1484 5749 1656 5800 Libero
1679 5750 1900 5802 Arbitrio.
