4098 6524
509 392 615 448 879
1409 388 1470 443 ΙΝ
1513 389 1763 447 LIBRUM
1803 389 2346 457 SUUSEQUENTEM
2389 391 2766 448 EPISTUL/E.
3694 398 3801 453 8&9

509 505 754 559 intideles
800 503 1073 559 hominum
1115 504 1414 559 voluntates
1456 520 1551 573 per
1590 504 1679 557 Dei
1706 504 1928 574 gratiam
1961 505 2012 557 in
2051 504 2246 558 bonum
2276 516 2433 573 posse
2461 504 2721 560 converti.
2766 504 2870 560 Sed
2913 506 3049 559 httnc
3089 505 3280 560 librum
3318 507 3482 561 sancti
3520 506 3793 578 Cypriani,

507 598 629 669 quia
658 598 907 654 dixerunt
939 599 1097 653 etiam
1135 596 1242 653 illic
1279 595 1419 668 apud
1451 612 1543 650 vos
1573 612 1709 660 esse,
1744 613 1846 650 non
1869 596 2131 650 misimus.
2163 595 2333 651 Meam
2362 611 2575 667 quoque
2604 596 2883 666 epistolam
2912 596 2976 651 ad
3008 597 3212 652 Sixtum
3241 596 3492 652 Romamn
3532 596 3789 653 Ecclesia

511 687 879 760 presbyterum
915 686 1116 753 datam,
1143 703 1303 757 quam
1325 701 1510 745 secum
1532 688 1598 742 ad
1623 702 1723 743 nos
1757 688 2072 750 attulerunt,
2106 686 2331 758 legimus
2353 703 2475 742 cum
2502 688 2615 753 eis;
2648 697 2703 744 et
2730 689 3062 745 ostendimus
3086 688 3345 745 adversus
3384 705 3479 745 eos
3507 705 3629 745 esse
3669 706 3788 744 cott-

507 780 759 851 scriptam
786 782 875 853 qui
908 780 1115 846 dicunt,
1143 781 1370 850 gratiam
1396 782 1487 837 Dei
1516 780 1812 837 secundum
1836 782 2023 837 merita
2048 790 2227 835 nostra
2258 781 2397 851 dari,
2425 782 2527 838 hoc
2547 794 2649 850 est,
2673 782 2929 840 adversus
2954 783 3173 841 eosdem
3204 784 3539 855 Pelagianos.

577 876 632 928 4.
672 874 937 943 Quantum
969 890 1096 945 ergo
1126 876 1414 945 potuimus,
1443 874 1649 944 egimus
1688 889 1811 931 cum
1858 874 1974 929 istis
1999 884 2053 930 et
2083 875 2276 931 vestris
2297 884 2353 930 et
2376 876 2579 932 nostris
2606 876 2880 940 fratribus,
2918 887 2977 932 ut
3003 876 3058 932 in
3089 876 3194 932 ﬁde
3218 891 3344 931 sana
3375 876 3635 942 catholica
3664 892 3786 947 per-

506 978 755 1024 severent
783 986 798 1024 :
828 984 946 1039 qua:
972 983 1147 1039 neque
1170 968 1397 1024 liberum
1426 968 1704 1024 arbitrium
1731 976 1908 1039 negat,
1942 967 2053 1022 sive
2086 968 2138 1023 in
2167 968 2329 1022 vitam
2368 968 2562 1023 malam
2593 968 2705 1024 sive
2733 969 2787 1023 in
2817 968 3010 1024 bonam
3030 1008 3047 1036 ,
3075 976 3248 1039 neque
3275 976 3479 1024 tantum
3499 968 3547 1024 ei
3581 969 3783 1030 tribuit,

494 1074 563 1116 1tl
591 1063 707 1117 sine
734 1063 903 1133 gratia
930 1062 1024 1117 Dei
1047 1062 1223 1117 valeat
1248 1061 1469 1132 aliquid,
1495 1061 1610 1117 sive
1633 1070 1692 1116 ut
1719 1076 1784 1116 ex
1816 1062 1959 1117 malo
1991 1071 2338 1117 conversatur
2364 1062 2418 1116 in
2444 1062 2663 1129 bonum,
2701 1062 2820 1118 sive
2849 1071 2908 1117 ut
2939 1062 2994 1117 in
3027 1061 3170 1117 bono
3201 1073 3608 1132 perseveranter
3633 1064 3789 1133 prttll-

505 1146 632 1222 eiut,
655 1155 767 1210 sive
797 1163 852 1209 ut
873 1153 940 1209 ab
960 1153 1156 1210 bonum
1182 1155 1568 1223 sempiternum
1592 1154 1890 1225 perveniat,
1918 1154 2007 1207 ubi
2027 1153 2138 1223 jam
2159 1168 2266 1208 non
2298 1154 2484 1209 timeat
2512 1170 2581 1209 ne
2605 1153 2837 1209 deficiat.
2866 1152 2972 1210 Vos
3004 1168 3236 1225 quoque,
3281 1152 3603 1222 cbarissimi,
3632 1155 3790 1210 etiam

507 1252 561 1302 in
588 1250 686 1302 hac
714 1247 935 1317 epistola
967 1247 1240 1313 exhortor,
1271 1246 1410 1316 quod
1439 1261 1536 1301 nos
1561 1261 1750 1301 omnes
1774 1245 2087 1301 exhortatur
2110 1244 2419 1314 Apostolus,
2449 1261 2551 1300 non
2579 1244 2695 1315 plus
2719 1262 2931 1316 sapere,
2962 1261 3115 1315 quam
3137 1253 3335 1315 oportet
3358 1261 3573 1314 sapere;
3603 1247 3692 1300 sed
3714 1263 3795 1299 sa-

509 1355 624 1408 νιτε
649 1338 717 1393 ad
746 1338 1145 1410 temperantiam,
1167 1338 1293 1392 sicut
1320 1339 1588 1406 unicuique
1603 1337 1740 1395 Deus
1770 1338 1983 1408 partitus
2012 1346 2085 1391 est
2107 1354 2390 1393 mensuram
2419 1337 2540 1404 ﬁdei
2567 1336 2743 1411 (Rom.
2774 1353 2868 1405 ιιι,
2898 1338 2976 1409 5).

577 1431 632 1485 5.
675 1430 949 1485 Attendite
977 1430 1103 1500 quid
1134 1446 1226 1501 per
1248 1429 1589 1485 Salomonem
1616 1441 1830 1485 moneat
1856 1428 2087 1500 Spiritus
2115 1439 2331 1487 sanctus
2356 1448 2369 1485 :
2400 1429 2582 1486 Raetos
2606 1447 2802 1495 cursus,
2849 1432 3040 1502 inqttit,
3081 1435 3163 1505 fac
3184 1432 3392 1503 pedibus
3436 1431 3558 1497 tuis,
3603 1441 3649 1486 et
3691 1433 3798 1489 eius

509 1534 623 1579 tuas
655 1521 817 1593 dirige
844 1537 865 1575 :
895 1538 958 1575 ne
976 1520 1195 1575 declines
1221 1521 1274 1575 in
1300 1522 1591 1587 dexteram,
1621 1538 1781 1593 neque
1800 1523 1851 1576 in
1872 1522 2166 1588 sinistram;
2196 1533 2362 1577 averte
2388 1522 2557 1577 autem
2578 1523 2753 1593 pedem
2782 1532 2924 1578 tuum
2948 1541 2980 1577 a
3015 1524 3096 1579 via
3127 1525 3282 1580 mala.
3320 1523 3441 1578 Vias
3466 1526 3597 1578 enim
3620 1542 3732 1596 que
3763 1541 3793 1577 a

507 1614 702 1668 dextris
751 1622 890 1680 sunt,
930 1613 1063 1667 nouit
1105 1611 1357 1669 Dominus
1385 1628 1404 1667 :
1437 1629 1682 1685 perversae
1715 1630 1828 1669 vero
1854 1623 1991 1677 sunt,
2022 1630 2135 1682 qua:
2170 1631 2199 1666 a
2226 1615 2445 1669 sinistris
2485 1623 2620 1669 sunt.
2672 1613 2794 1686 Ipse
2832 1625 2997 1670 autent
3044 1626 3205 1671 rectos
3230 1616 3379 1689 faciet
3424 1632 3600 1671 cursus
3639 1627 3749 1671 tuos
3776 1661 3790 1682 ,

507 1707 690 1761 itinera
704 1717 873 1761 autem
895 1716 982 1761 tua
1010 1706 1062 1760 in
1092 1723 1216 1778 pace
1242 1708 1482 1777 producet
1522 1707 1706 1779 (Prov.
1740 1724 1813 1773 tv,
1844 1708 1934 1773 26,
1970 1707 2081 1779 27).
2112 1707 2167 1763 In
2195 1707 2279 1763 bis
2307 1708 2483 1762 verbis
2501 1717 2699 1764 sanctte
2720 1708 3009 1779 Scriptura:
3033 1709 3387 1775 considerate,
3413 1708 3629 1775 fratres,
3661 1712 3783 1780 quia

505 1800 548 1855 si
578 1816 681 1855 non
704 1809 848 1857 esset
875 1801 1099 1857 liberum
1120 1802 1417 1869 arbitrium,
1439 1817 1542 1858 non
1564 1801 1850 1863 diceretur,
1883 1801 2064 1856 Rectos
2086 1818 2261 1857 cursus
2291 1801 2375 1868 [ac
2410 1802 2619 1873 pedibus
2644 1803 2762 1865 tuis,
2792 1813 2837 1855 et
2876 1802 2981 1857 vias
3013 1812 3125 1857 tuas
3145 1802 3341 1873 dirige:
3384 1818 3446 1856 ne
3486 1804 3699 1857 declines
3727 1804 3778 1857 in

504 1894 782 1958 dexteram,
811 1910 969 1965 neque
992 1895 1046 1948 in
1069 1893 1329 1949 sinistram
1359 1910 1380 1949 :
1407 1903 1461 1950 et
1482 1903 1658 1949 tamen
1682 1895 1799 1949 sine
1844 1895 1933 1950 Dei
1964 1894 2130 1964 gratia
2163 1895 2206 1948 si
2234 1903 2414 1964 posset
2442 1894 2543 1949 hoc
2566 1894 2699 1962 fieri,
2739 1910 2845 1949 non
2894 1905 3077 1965 postea
3126 1894 3412 1973 diceretur,
3447 1894 3566 1964 Ipse
3615 1908 3784 1950 autent

504 1997 661 2041 rectos
687 1986 835 2057 faciet
853 2003 1032 2044 cursus
1053 1997 1185 2065 tuos,
1215 1999 1262 2043 et
1298 1988 1480 2043 itinera
1510 1999 1597 2043 tua
1624 1988 1677 2043 in
1704 2004 1825 2059 pace
1842 1986 2125 2058 producet.'

576 2079 631 2134 6.
671 2078 845 2137 Nolite
874 2096 1002 2152 crgo
1026 2080 1297 2137 declinare
1322 2082 1378 2136 in
1400 2080 1693 2148 dexteram,
1721 2097 1891 2150 neque
1919 2081 1971 2135 in
2000 2082 2300 2145 sinistram;
2334 2082 2576 2150 quamvis
2609 2081 2890 2137 laudentur
2923 2082 3020 2137 via:
3067 2096 3185 2153 qua:
3233 2098 3262 2136 a
3308 2082 3509 2138 dextris
3552 2094 3693 2144 sunt,
3739 2093 3793 2137 et

504 2174 871 2243 vituperemur
898 2188 1019 2245 quas
1049 2183 1173 2229 sunt
1206 2188 1238 2229 a
1259 2173 1512 2230 sinistris.
1545 2173 1657 2230 lloc
1682 2182 1765 2228 est
1792 2173 1932 2226 enim
1963 2182 2179 2242 propter
2208 2172 2345 2241 quod
2372 2171 2592 2236 addidit,
2622 2174 2801 2227 Averte
2818 2182 2987 2227 autem
3012 2173 3186 2243 pedem
3205 2184 3387 2229 tuuma
3408 2176 3486 2228 via
3514 2174 3668 2234 mala,
3691 2175 3791 2227 hoc

502 2274 607 2330 est,
634 2280 664 2319 a
684 2264 901 2320 sinistra
930 2282 943 2316 :
977 2264 1119 2335 quod
1143 2263 1449 2319 manifestat
1478 2265 1530 2318 itt
1559 2264 2029 2333 consequentibus,
2061 2262 2265 2327 dicens,
2300 2261 2417 2316 Vias
2439 2264 2568 2318 enini
2589 2279 2703 2335 qua:
2739 2280 2769 2316 a
2807 2263 2998 2318 dextris
3018 2274 3156 2328 sunt,
3185 2265 3317 2319 novit
3358 2263 3601 2319 Dominus
3627 2282 3644 2318 :
3675 2283 3795 2333 per—

503 2370 658 2409 verste
679 2370 792 2409 vero
827 2364 977 2420 sunt,
1016 2370 1130 2422 qua:
1154 2371 1187 2409 a
1214 2355 1433 2409 sinistris
1459 2363 1598 2409 sunt.
1631 2355 1735 2410 Eas
1762 2356 1940 2425 utique
1971 2356 2083 2409 vias
2106 2355 2379 2410 ambulare
2406 2356 2682 2422 debemus,
2716 2371 2849 2426 quas
2897 2357 3042 2411 novit
3088 2356 3371 2419 Dominus;
3409 2357 3476 2411 de
3516 2358 3706 2427 quibus
3741 2359 3791 2411 iu

506 2444 712 2513 psalmo
739 2444 948 2515 legitur,
982 2443 1135 2499 Novit
1154 2443 1408 2500 Dominus
1427 2446 1556 2499 viam
1568 2447 1845 2517 justornnt,
1871 2456 1915 2498 et
1940 2446 2019 2500 via
2048 2445 2321 2515 impiorum
2352 2447 2528 2517 peribit
2558 2446 2728 2520 (Psal.
2757 2462 2794 2512 ι,
2823 2446 2900 2517 6).
2928 2447 3073 2502 llanc
3094 2448 3238 2503 enim
3286 2462 3388 2502 non
3428 2449 3574 2502 nom
3621 2449 3797 2502 Domi-

511 2539 710 2605 miuus,
741 2536 864 2609 quia
888 2537 1101 2592 sinistra
1122 2547 1205 2593 est
1234 2555 1246 2592 :
1278 2540 1414 2593 sicut
1446 2538 1687 2594 dicturus
1706 2548 1788 2594 est
1813 2540 1971 2594 etiam
2003 2540 2106 2594 illis
2126 2539 2190 2593 ad
2222 2539 2491 2594 sinistram
2529 2542 2850 2607 consumtis,
2889 2539 3008 2595 Non
3037 2542 3151 2595 novi
3179 2557 3263 2595 vos
3284 2540 3495 2613 (Matth.
3538 2556 3659 2606 xxv,
3695 2539 3794 2594 ης

521 2631 643 2682 an.
675 2644 788 2693 xm,
818 2627 932 2701 27).
958 2627 1091 2697 Quid
1115 2639 1198 2684 est
1221 2639 1400 2685 autem
1425 2629 1569 2700 quod
1598 2630 1685 2685 ille
1724 2645 1828 2684 non
1870 2632 2036 2696 novit,
2074 2630 2163 2701 qui
2211 2631 2390 2701 utique
2431 2632 2578 2686 novit
2606 2633 2803 2698 omnia,
2851 2631 2966 2687 sive
2994 2631 3133 2691 bona
3166 2633 3459 2698 hominum,
3491 2633 3601 2688 sive
3626 2634 3799 2688 mala?

503 2721 610 2775 Sed
638 2721 763 2792 quid
793 2729 895 2789 est,
950 2720 1065 2777 Non
1087 2738 1171 2777 vos
1197 2724 1351 2789 novi;
1387 2722 1509 2789 nisi,
1538 2723 1669 2779 tales
1691 2738 1783 2777 vos
1818 2739 1917 2794 ego
1942 2739 2046 2777 non
2081 2724 2219 2777 feci?
2258 2724 2719 2790 Quemadmodmn
2765 2724 2916 2792 illttd,
2947 2724 3089 2797 quod
3116 2725 3317 2779 dictum
3354 2725 3525 2780 estde
3555 2726 3669 2798 ipso
3699 2727 3798 2781 Do-

506 2814 652 2870 iaiuo
683 2813 807 2870 Iesu
832 2812 1067 2883 Christo,
1096 2816 1218 2887 quia
1250 2832 1350 2870 non
1380 2826 1583 2871 noverat
1612 2826 1871 2886 peccatum
1904 2816 1970 2889 (ll
2001 2815 2117 2871 Cor.
2138 2832 2191 2880 v,
2213 2816 2342 2886 2i);
2390 2818 2512 2889 quid
2543 2829 2645 2885 est,
2690 2836 2791 2874 non
2822 2828 3047 2884 noverat,
3093 2819 3215 2881 nisi,
3257 2820 3379 2890 quia
3423 2835 3524 2874 non
3556 2819 3797 2876 fecerat!

504 2909 583 2961 Ae
616 2921 714 2978 per
755 2907 857 2963 hoc
881 2907 1022 2978 quod
1047 2907 1245 2963 dictum
1286 2917 1388 2971 est,
1431 2907 1549 2963 Vias
1587 2924 1701 2979 qua:
1734 2926 1765 2962 a
1795 2909 1983 2963 dextris
2021 2919 2156 2973 sunt,
2203 2909 2336 2963 novit
2370 2908 2638 2977 Dominus,
2668 2911 2937 2982 quomodo
2977 2911 3373 2981 intelligendum
3410 2922 3509 2976 est,
3539 2914 3635 2967 υἰπί
3676 2918 3797 2981 quia

507 3002 623 3070 ipse
660 2999 782 3056 fecit
810 3001 922 3054 vias
944 2998 1183 3068 dextras,
1217 3000 1267 3055 id
1288 3009 1390 3068 est,
1418 3001 1531 3056 vias
1558 3000 1844 3071 jnstorum,
1884 3017 2003 3071 qua:
2028 3009 2152 3055 sunt
2174 3001 2356 3071 utique
2384 3016 2545 3071 opera
2584 3003 2720 3058 bona
2743 3046 2757 3070 ,
2792 3019 2906 3075 qua:
2953 3004 3256 3074 prtvpttravt't
3294 3003 3445 3071 Dens,
3500 3007 3631 3060 sicut
3672 3009 3799 3065 dicit

506 3084 814 3162 Apostolus,
842 3099 895 3145 ut
921 3091 974 3147 in
1000 3092 1104 3148 illis
1125 3092 1439 3149 ambulemus
1463 3091 1675 3166 (Epltes.
1705 3111 1760 3160 ιι,
1790 3094 1919 3166 ΙΟ)⁶2
1954 3093 2076 3149 V’ias
2099 3102 2276 3148 autem
2305 3095 2547 3149 sinistras
2569 3111 2866 3166 perversas,
2898 3096 2948 3152 id
2979 3107 3061 3154 est
3080 3096 3223 3162 ,vias
3247 3098 3542 3169 impiorum,
3573 3118 3674 3156 non
3699 3107 3799 3156 uti‘

505 3204 611 3257 que
642 3190 807 3258 novit,
838 3190 961 3261 quia
1005 3202 1111 3245 non
1138 3201 1231 3244 eas
1274 3187 1387 3257 ipse
1417 3185 1540 3242 fecit
1562 3185 1784 3251 homini,
1813 3185 1908 3241 sed
1932 3186 2091 3242 homo
2113 3187 2215 3244 sibi
2241 3206 2253 3243 :
2280 3198 2496 3260 propter
2518 3188 2657 3260 quod
2679 3188 2828 3257 dicit,
2862 3188 3011 3244 Odiri
3057 3204 3223 3249 autent
3270 3212 3362 3268 ego
3398 3212 3650 3260 pervorsus
3694 3199 3797 3250 vias

508 3283 783 3354 malorum,
808 3285 931 3357 ipsa?
947 3293 1064 3339 sunt
1083 3299 1115 3336 a
1133 3282 1370 3339 sinistris.

576 3383 631 3437 7.
671 3381 777 3438 Sed
809 3380 1162 3451 respondetur
1187 3378 1343 3435 nobis
1362 3420 1376 3443 ,
1401 3377 1511 3434 Cur
1536 3392 1664 3449 ergo
1693 3377 1845 3442 dixit,
1883 3376 1966 3432 Ne
1996 3377 2215 3434 declines
2244 3378 2295 3431 in
2322 3378 2600 3444 dexteram,
2639 3394 2795 3450 neque
2835 3380 2886 3433 in
2913 3380 3202 3448 sinistram;
3233 3398 3352 3437 cum
3396 3386 3567 3454 potius
3615 3384 3795 3440 dicere

507 3475 759 3532 debuisse
781 3477 1041 3537 videatur,
1069 3475 1218 3529 Tene
1243 3473 1539 3538 dexteram,
1568 3480 1625 3529 ct
1652 3486 1720 3527 ne
1745 3472 1982 3528 declines
2008 3472 2060 3526 in
2089 3471 2396 3537 sinistram;
2425 3472 2467 3527 si
2499 3471 2654 3528 bonae
2682 3484 2807 3528 sunt
2836 3473 2933 3529 vite
2970 3491 3088 3545 qua:
3129 3492 3159 3531 a
3203 3477 3403 3534 dextris
3454 3480 3619 3535 sunt?
3667 3479 3794 3545 Cur,

506 3578 776 3640 putamus,
816 3569 930 3625 nisi
975 3568 1095 3640 quia
1127 3568 1195 3621 ita
1223 3570 1321 3621 via:
1357 3573 1484 3621 sunt
1504 3565 1657 3620 bona!
1681 3580 1799 3636 qua:
1831 3580 1859 3618 a
1889 3564 2094 3621 dextris
2127 3575 2272 3630 sunt,
2306 3576 2362 3621 ut
2393 3565 2447 3622 in
2482 3565 2755 3621 dexteram
2790 3576 2964 3623 tamen
3004 3567 3274 3628 declinare
3305 3589 3410 3627 non
3439 3575 3508 3628 sit
3555 3574 3747 3629 bonum
3774 3575 3797 3627 2

506 3661 784 3715 Declinare
811 3662 1007 3731 quippe
1048 3660 1134 3715 ille
1164 3667 1246 3714 est
1276 3657 1655 3729 intelligendus
1688 3656 1741 3710 in
1784 3655 2082 3723 dexteram,
2116 3656 2207 3727 qui
2247 3656 2382 3712 bona
2411 3657 2522 3726 ipsa
2549 3672 2709 3727 Opera
2737 3674 2856 3729 qua:
2884 3658 2947 3714 ad
2972 3661 3083 3716 vias
3110 3662 3357 3718 dexteras
3387 3666 3667 3735 pertinent.
3695 3668 3796 3722 sibi

505 3754 617 3809 vult
639 3753 934 3825 assignare,
966 3769 1069 3808 non
1101 3752 1228 3808 Deo.
1254 3751 1319 3806 Et
1345 3749 1466 3805 ideo
1488 3763 1609 3803 cum
1636 3748 1877 3813 dixisset,
1922 3746 2041 3801 Vias
2061 3748 2192 3803 enim
2232 3764 2345 3818 quae
2368 3765 2399 3801 a
2428 3748 2619 3803 dextris
2649 3758 2765 3804 sunt
2792 3752 2926 3805 novit
2951 3751 3216 3821 Dominus,
3241 3771 3485 3824 perversis
3501 3766 3663 3811 autem
3680 3768 3797 3811 sunt

502 3860 666 3913 (petra
687 3843 904 3899 sinistris
924 3853 1040 3899 sunt
1063 3858 1082 3907 ;
1109 3851 1357 3913 tanquam
1386 3840 1657 3896 diceretur
1675 3837 1761 3905 ei,
1783 3836 2066 3906 Quomodo
2088 3853 2215 3910 ergo
2247 3855 2350 3893 non
2390 3841 2469 3894 vis
2497 3853 2557 3896 ut
2580 3839 2909 3898 declinemus
2934 3843 2999 3897 ad
3027 3843 3344 3901 dexteram?
3364 3858 3577 3904 secutus
3608 3849 3796 3920 adjun-

507 3940 601 3999 λιι,
628 3936 750 4007 Ipse
768 3945 937 3991 autent
966 3945 1130 3990 rectos
1159 3933 1310 4006 faciet
1330 3947 1504 4010 cursus
1525 3939 1672 3996 tuos;
1697 3930 1882 3984 itinera
1907 3939 2076 3984 autent
2112 3940 2199 3984 tua
2224 3931 2279 3984 in
2309 3946 2433 3997 pace
2460 3932 2718 4003 producet.
2746 3931 2834 3987 Sic
2864 3949 2992 4005 ergo
3030 3934 3262 4005 intelligo
3291 3938 3431 4008 quod
3468 3939 3557 3994 tibi
3586 3955 3787 4009 pr.ecc-

508 4037 655 4095 ptum
691 4036 792 4092 est,
826 4024 1009 4081 Rectos
1048 4039 1229 4078 cursus
1259 4025 1342 4094 [ac
1369 4018 1577 4092 pedibus
1606 4020 1726 4086 tuis,
1754 4030 1801 4075 et
1829 4021 1935 4075 vias
1967 4030 2081 4076 tuas
2104 4021 2285 4093 dirige,
2314 4024 2622 4089 utnoveris,
2655 4039 2775 4077 cum
2805 4025 2907 4081 hoc
2930 4026 3077 4093 facis,
3105 4043 3134 4081 a
3164 4028 3388 4085 Domino
3414 4031 3522 4087 Deo
3547 4031 3636 4087 tibi
3660 4049 3798 4102 pra:-

506 4118 636 4173 stari
666 4126 721 4173 ιιι
746 4117 851 4174 hoc
880 4116 1078 4181 facias;
1107 4123 1161 4171 ct
1192 4129 1296 4169 non
1321 4110 1616 4169 declinabis
1644 4110 1710 4165 ad
1729 4110 2025 4175 dexteram,
2054 4113 2297 4182 quamvis
2328 4112 2567 4168 ambules
2604 4113 2655 4168 in
2684 4115 2782 4169 viis
2798 4114 3033 4183 .dextris,
3067 4133 3172 4172 non
3215 4118 3488 4175 conlidens
3522 4121 3575 4175 in
3604 4124 3797 4178 virtute

507 4227 592 4264 tua
624 4228 638 4266 :
670 4218 724 4265 ct
746 4210 860 4280 ipse
879 4208 981 4265 erit
1005 4207 1174 4263 virtus
1200 4213 1309 4269 tua,
1341 4203 1431 4275 qui
1456 4210 1616 4258 rectos
1642 4202 1792 4276 faciet
1810 4218 1988 4259 cursus
2004 4212 2137 4270 tuos,
2160 4214 2207 4257 et
2239 4203 2422 4259 itinera
2454 4213 2538 4258 tua
2558 4205 2610 4259 in
2635 4222 2757 4274 pace
2785 4208 3048 4279 producet.

580 4303 634 4359 8.
674 4304 1035 4373 Quapropter,
1053 4297 1408 4364 dilectissimi,
1436 4297 1757 4367 quicumque
1780 4295 1929 4362 dicit,
1957 4293 2215 4351 Voluntas
2245 4311 2359 4351 mea
2384 4296 2512 4352 mihi
2538 4297 2731 4353 suflicit
2753 4298 2818 4353 ad
2847 4298 3083 4356 facienda
3109 4318 3269 4372 opera
3306 4305 3462 4369 bona,
3486 4306 3709 4362 declinat
3742 4309 3798 4362 in

504 4397 800 4450 dexteram;
850 4393 953 4449 Sed
983 4390 1307 4456 rursus-illi,
1339 4388 1430 4460 qui
1461 4395 1648 4460 putant
1670 4388 1867 4443 bonam
1895 4388 2059 4442 vitam
2086 4402 2204 4443 esse
2229 4387 2602 4458 deserendum,
2632 4391 2846 4461 quando
2876 4393 3096 4449 audiunt
3125 4395 3202 4451 sic
3232 4396 3325 4452 Dei
3351 4400 3571 4468 gratiam
3602 4402 3793 4472 prandi-

505 4488 640 4552 i-ari,
693 4496 749 4541 ut
798 4485 1049 4541 credatur
1084 4492 1139 4540 et
1188 4482 1519 4553 intelligatur
1543 4481 1848 4538 voluntates
1872 4480 2147 4538 hominum
2177 4482 2289 4552 ipsa
2321 4500 2385 4538 cx
2417 4483 2571 4539 malis
2592 4484 2762 4541 bonas
2788 4486 2983 4556 facere,
3013 4491 3126 4558 ipsa
3149 4491 3307 4546 etiam
3336 4510 3467 4563 quas
3494 4497 3669 4550 let-erit
3699 4514 3794 4551 cu-

508 4581 729 4645 stodire,
759 4589 813 4637 et
841 4590 1120 4650 propterea
1152 4576 1358 4642 dicunt,
1386 4573 1658 4630 Faciamus
1677 4574 1831 4638 mala,
1865 4584 1920 4628 ut
1942 4574 2139 4629 veniant
2163 4575 2294 4629 bona
2321 4574 2498 4642 (Rom.
2528 4592 2606 4643 tn,
2651 4578 2707 4646 8)
2734 4596 2747 4643 ;
2785 4578 2838 4633 in
2867 4579 3134 4636 sinistram
3167 4582 3455 4639 declinant.
3493 4587 3613 4643 ldvo
3648 4590 3794 4644 vobis

514 4676 664 4740 dixit,
691 4672 813 4730 Non
826 4671 1099 4727 «declinetis
1124 4671 1176 4724 in
1199 4662 1476 4733 dexteram,
1502 4684 1660 4737 neque
1677 4668 1733 4721 in
1753 4666 2029 4731 sinistram,
2061 4666 2163 4721 hoc
2190 4676 2287 4732 est,
2316 4682 2420 4721 non
2452 4667 2530 4723 sic
2557 4668 2853 4725 defendatis
2885 4672 3108 4727 liberum
3154 4675 3430 4731 arbitrium
3458 4721 3471 4741 ,
3497 4688 3549 4732 ut
3573 4682 3619 4733 ei
3659 4682 3785 4735 bona

506 4782 670 4838 opera
695 4767 811 4822 sine
832 4764 925 4821 Dei
954 4762 1121 4834 gratia
1151 4761 1435 4826 tribuatis;
1466 4774 1563 4814 nec
1591 4758 1670 4815 sic
1704 4757 1998 4813 defendatis
2023 4757 2267 4828 gratiam,
2296 4768 2353 4812 ut
2378 4761 2529 4829 quasi
2556 4760 2623 4816 de
2662 4760 2747 4815 illa
2768 4763 2964 4829 securi,
2996 4765 3132 4819 mala
3165 4781 3325 4834 opera
3352 4767 3579 4839 diligatis
3612 4771 3793 4841 :qunu

508 4862 622 4928 ipsa
647 4858 817 4930 gratia
849 4856 941 4912 Dei
969 4862 1177 4910 avertat
1202 4868 1232 4907 a
1265 4852 1437 4907 vobis.
1466 4852 1675 4908 Talium
1697 4853 1895 4923 quippe
1923 4852 2083 4907 verba
2127 4849 2225 4905 sibi
2253 4866 2557 4922 proponens
2583 4853 2872 4924 Apostolus
2897 4898 2912 4924 ,
2944 4855 3016 4911 ait
3049 4875 3063 4911 :
3094 4857 3229 4925 Quid
3256 4876 3374 4931 ergo
3399 4862 3657 4917 dicemus?
3685 4883 3772 4929 μετ

507 4952 816 5006 manebimus
840 4949 893 5002 in
915 4956 1140 5017 peccato,
1171 4956 1227 4999 ut
1255 4945 1422 5016 gratia
1446 4944 1713 4999 abundet?
1744 4947 1916 5014 Atque
1951 4943 2033 4998 his
2059 4942 2237 4996 verbis
2270 4942 2544 5000 hominum
2581 4947 2877 5001 errantium
2901 4958 2955 5004 et
2986 4949 3076 5004 Dei
3102 4951 3326 5021 gratiam
3356 4968 3459 5007 non
3493 4954 3777 5024 intelligen-

512 5044 643 5096 tium
672 5039 953 5111 respondit
979 5047 1035 5093 ut
1058 5037 1262 5105 debuit,
1290 5037 1510 5093 dicens:
1533 5037 1692 5091 Absit.
1721 5035 1781 5092 Si
1805 5036 1938 5090 enini
1966 5034 2150 5088 mortui
2174 5050 2348 5090 sumus
2370 5046 2594 5105 peccato,
2621 5040 2870 5109 quomodo
2905 5040 3123 5096 vivemus
3161 5042 3215 5095 in
3246 5059 3304 5097 eo
3349 5042 3459 5112 (Id.
3489 5061 3559 5112 vt,
3610 5047 3657 5114 l,
3701 5048 3788 5115 9.γὶ

513 5134 651 5189 Nihil
676 5133 845 5204 potuit
864 5130 970 5187 dici
989 5130 1204 5186 brevius
1224 5138 1278 5186 et
1299 5129 1508 5185 melius.
1537 5128 1675 5196 Quid
1701 5127 2016 5183 enimnobis
2040 5126 2208 5197 gratia
2234 5125 2331 5184 Dei
2360 5129 2540 5185 utilius
2567 5129 2776 5187 confert
2796 5132 2849 5186 in
2879 5131 2983 5188 hoc
3011 5137 3257 5203 praesenti
3288 5137 3484 5193 saeculo
3525 5140 3792 5210 maligno;

511 5223 691 5282 nisiut
719 5225 1010 5281 moriamur
1033 5223 1286 5295 peccato?
1325 5222 1404 5278 Ac
1433 5238 1527 5292 per
1549 5221 1650 5277 hoc
1679 5221 1777 5292 ipsi
1808 5221 1993 5292 gratia:
2034 5220 2302 5276 invenitur
2332 5221 2592 5295 ingratus,
2616 5225 2703 5295 qui
2736 5237 2952 5298 propter
2978 5228 3121 5283 illam
3143 5228 3256 5284 vult
3284 5231 3462 5288 vivere
3484 5233 3533 5287 in
3556 5244 3792 5303 peccatu,

511 5337 607 5388 per
631 5335 791 5391 quam
819 5318 1079 5373 morimur
1102 5326 1342 5389 peccato.
1370 5315 1514 5371 Deus
1535 5323 1710 5369 autem
1737 5314 1826 5385 qui
1856 5314 2004 5369 dives
2031 5322 2115 5369 est
2149 5312 2201 5367 in
2231 5314 2592 5371 misericordia
2613 5358 2627 5380 ,
2655 5317 2746 5373 det
2767 5319 2917 5374 vobis
2944 5329 2997 5376 ct
3024 5336 3210 5377 sanum
3240 5338 3448 5393 sapere,
3472 5334 3527 5381 et
3548 5341 3709 5397 usque
3743 5327 3793 5381 iu

514 5417 671 5468 linem
700 5409 1040 5482 proficienter
1068 5409 1121 5462 in
1148 5407 1289 5463 bono
1318 5407 1592 5477 proposito
1611 5422 1945 5478 permanere.
1980 5406 2093 5462 Hoc
2119 5420 2215 5475 pro
2243 5407 2414 5475 vobis,
2458 5408 2557 5463 hoc
2596 5425 2692 5481 pro
2717 5412 2891 5478 nobis,
2924 5413 3024 5469 hoc
3060 5430 3155 5485 pro
3194 5417 3441 5472 omnibus
3473 5420 3559 5489 qui
3590 5436 3679 5474 vos
3706 5421 3792 5472 di-

514 5503 702 5573 ligunt,
726 5513 779 5557 ct
809 5491 903 5571 pra
928 5502 1007 5556 eis
1034 5500 1127 5571 qui
1152 5514 1248 5553 vos
1276 5500 1521 5563 oderunt,
1552 5500 1811 5555 instanter
1833 5500 1882 5552 in
1916 5512 2044 5569 pace
2071 5497 2301 5557 fraterna
2326 5510 2379 5555 et
2406 5501 2682 5572 vigilanter
2708 5515 2873 5561 orate.
2904 5505 3012 5561 Deo
3053 5508 3256 5562 vivatis.
3301 5510 3352 5563 Si
3380 5511 3505 5582 quid
3536 5513 3601 5567 de
3646 5516 3797 5569 vobis

518 5610 751 5665 mereor,
783 5595 960 5650 veniat
989 5593 1054 5647 ad
1085 5609 1168 5648 me
1195 5592 1357 5647 frater
1391 5590 1611 5650 Flurus.’

516 5717 533 5742 ο
