4122 6500
507 343 614 398 885

502 459 782 527 Quomodo
804 458 936 516 dicit
959 458 1345 516 inexcusabiles
1364 502 1380 528 ,
1412 459 1514 514 nisi
1537 458 1606 516 de
1631 458 1721 514 illa
1746 455 2088 512 excusatione

501 570 604 626 qua
643 553 782 609 solet
821 552 1002 610 dicere
1045 552 1276 610 humana
1315 552 1562 624 superbia
1587 593 1602 617 ,
1630 551 1686 607 Si
1714 549 1932 606 scissem
1955 589 1971 612 ,
2007 545 2088 604 fc-

499 645 696 701 cissem
722 660 738 710 ;
767 644 894 700 ideo
913 661 1020 700 non
1046 644 1145 700 feci
1169 686 1183 708 ,
1210 645 1333 716 quia
1365 643 1604 700 nescivi?
1627 651 1718 698 aut
1741 685 1755 708 ,
1777 640 1832 698 Si
1854 641 2048 696 scirem
2065 679 2082 706 ,

501 737 728 792 facerem
753 752 769 800 ;
800 736 920 791 ideo
949 752 1055 790 non
1083 736 1221 792 facio
1239 778 1252 803 ,
1281 735 1402 806 quia
1429 735 1648 790 nescio?
1669 733 1794 788 Ihec
1817 733 1897 788 eis
1923 745 2084 786 excu-

499 829 636 884 satio
663 828 866 882 tollitnr
891 869 908 894 ,
937 825 1148 897 quando
1173 834 1497 897 praeceptum
1522 824 1678 880 datur
1700 865 1716 892 ,
1749 823 1830 878 vel
1859 821 2083 876 scientia

498 935 602 975 non
632 917 888 991 peccandi
913 917 1302 973 manifestatur.

565 1010 620 1066 5.
651 1007 756 1066 Sed
784 1017 910 1064 sunt
929 1007 1174 1064 homines
1201 1008 1472 1080 quietiam
1515 1007 1584 1063 de
1618 1007 1733 1077 ipso
1757 1005 1870 1061 Deo
1898 1019 1956 1060 se
1984 1018 2084 1059 ex-

495 1115 686 1158 cusare
727 1110 1026 1166 conantur,
1075 1101 1269 1172 quibus
1316 1101 1446 1156 dicit
1489 1099 1760 1170 apostolus
1807 1097 2081 1153 Iacobus:

497 1191 667 1248 Nemo
689 1211 805 1248 cum
829 1203 1052 1248 tentatur
1074 1236 1089 1260 ,
1131 1195 1305 1259 dicat,
1345 1193 1598 1260 Quoniam
1632 1209 1666 1248 a
1703 1192 1811 1248 Deo
1853 1201 2016 1246 lentor
2039 1190 2080 1244 ¹.

495 1283 638 1338 Deus
664 1284 794 1338 enint
819 1285 1092 1338 intentator
1121 1285 1368 1339 malorum
1412 1293 1485 1338 est
1514 1299 1534 1338 :
1573 1284 1682 1354 ipse
1714 1293 1881 1336 autem
1921 1281 2102 1340 nemi-_

411 1363 416 1372 ’
497 1392 614 1430 nem
642 1385 817 1430 tentat.
852 1375 1202 1447 Unusquisque
1227 1391 1343 1430 vero
1369 1385 1590 1430 tentatur
1617 1393 1649 1430 a
1676 1374 2084 1446 concupiscentia

491 1484 586 1522 sua
613 1467 891 1524 abstractus
929 1479 976 1523 et
1013 1469 1211 1524 illectus
1237 1486 1258 1524 :
1303 1468 1483 1522 deinde
1518 1467 1921 1538 concupiscentia
1965 1482 2080 1519 cum

493 1561 812 1630 conceperit,
845 1560 982 1628 parit-
1008 1570 1311 1631 peceatum;
1345 1568 1606 1631 peccatum
1649 1575 1764 1612 vero
1810 1573 1926 1611 cum
1959 1573 2078 1611 con-

491 1662 800 1706 summatam
827 1653 980 1723 fuerit
1003 1695 1016 1718 ,
1039 1661 1246 1724 generat
1286 1661 1496 1708 mortem
1528 1652 1746 1726 (Jacobi
1770 1669 1788 1707 ι
1808 1695 1822 1718 ,
1851 1652 2013 1708 15-15
2035 1649 2076 1722 ).

493 1741 623 1800 Item
653 1743 724 1800 de
747 1745 868 1815 ipso
893 1745 1008 1800 Deos
1026 1761 1085 1800 se
1108 1759 1366 1800 excusare
1394 1744 1696 1799 volentibus
1722 1785 1737 1810 ,
1787 1744 2078 1813 respondet

492 1835 626 1891 liber
652 1836 1065 1891 Proverbiorum
1089 1835 1392 1892 Salomonis
1415 1853 1429 1890 :
1473 1834 1776 1908 [nsipientia
1803 1835 1898 1888 viri
1925 1835 2080 1888 violat

489 1927 596 1980 vias
620 1927 731 1997 ejus
753 1967 768 1990 ,
797 1923 962 1981 Deum
989 1937 1156 1981 autem
1181 1935 1419 1981 causatur
1446 1927 1500 1980 in
1528 1925 1680 1981 corde
1715 1943 1826 1980 suo.
1869 1923 1891 1997 (
1919 1923 2076 1979 Prov.

488 2035 584 2074 snt
606 2061 621 2083 ,
653 2019 687 2073 5
713 2017 756 2090 ).
789 2019 856 2072 Ει
879 2017 1015 2074 liber
1051 2017 1455 2074 Ecclesiastieus
1502 2017 1632 2072 dicit
1659 2034 1672 2071 :
1724 2015 1809 2071 Ne
1844 2017 2033 2070 dixeris
2057 2056 2072 2081 ,

490 2109 624 2176 Quia
665 2119 872 2181 pr0pter
917 2109 1196 2165 Dominum
1233 2109 1457 2164 recessi:
1492 2125 1605 2179 qua:
1641 2109 1773 2162 enim
1821 2109 1926 2161 odit
1973 2123 2075 2161 non

489 2203 666 2270 facias.
705 2199 786 2254 Ne
808 2202 996 2256 dixeris
1021 2243 1036 2268 ,
1068 2199 1200 2268 Quia
1236 2203 1346 2272 ipse
1387 2217 1467 2256 me
1507 2199 1753 2255 induxit:
1797 2215 1898 2252 non
1941 2199 2076 2251 enim

491 2308 620 2360 opus
645 2291 789 2344 habet
815 2291 922 2344 viro
971 2301 1246 2360 peccatore.
1296 2289 1456 2345 Omne
1500 2298 1925 2344 exsecramentum
1969 2289 2074 2341 odit

491 2367 777 2446 Dominus,
805 2391 852 2436 et
882 2399 982 2436 non
1007 2391 1080 2436 est
1107 2379 1326 2435 amabile
1353 2379 1639 2434 timentibus
1667 2380 1835 2433 illum.
1863 2377 1988 2447 Ipse
2013 2378 2074 2430 ab

489 2473 634 2527 initio
679 2473 796 2544 fecit
821 2474 1111 2536 hominem,
1147 2481 1194 2528 et
1221 2473 1422 2542 reliquit
1445 2488 1558 2526 eum
1603 2472 1656 2524 in
1675 2499 1678 2502 -
1697 2487 1850 2524 manu
1877 2469 2076 2524 consilii

487 2565 587 2619 sui.
618 2563 680 2619 Si
707 2563 923 2618 volueris
948 2605 964 2632 ,
989 2562 1304 2618 conservabis
1327 2561 1568 2616 mandata
1590 2602 1605 2627 ,
1637 2571 1682 2615 et
1707 2559 1860 2630 fidem
1891 2559 2074 2612 bonam

489 2655 682 2722 placiti.
709 2655 934 2725 Apponit
963 2653 1051 2708 tibi
1079 2655 1245 2725 ignem
1270 2661 1314 2707 et
1341 2669 1524 2724 aquam
1547 2667 1566 2716 ;
1613 2653 1680 2704 ad
1726 2651 2076 2721 quodcumque

483 2746 700 2799 volueris
739 2745 950 2799 extende
988 2759 1196 2798 manum
1237 2753 1394 2796 tuam.
1437 2739 1508 2796 In
1545 2750 1814 2810 conspectu
1855 2740 2072 2794 hominis

485 2837 586 2891 vita
638 2845 686 2890 et
735 2851 870 2891 mors
892 2875 908 2901 ,
981 2844 1027 2888 et
1075 2834 1423 2906 quodcumque
1474 2832 1718 2903 placuerit
1773 2829 1977 2885 dabitur
2027 2830 2073 2884 ei

487 2926 696 2996 (Eceli.
729 2941 822 2994 sv,
856 2925 1084 2998 11-18).
1127 2925 1268 2980 Ecce
1313 2924 1650 2995 apertissime
1689 2921 1932 2978 videmus
1979 2937 2071 2976 ex-

486 3033 727 3087 pressum
758 3019 982 3074 liberum
1016 3018 1260 3072 humana:
1289 3016 1576 3070 voluntatis
1601 3013 1904 3068 arbitrium.

553 3113 608 3165 4.
637 3110 771 3178 Quid
803 3110 929 3166 illud
949 3151 962 3176 ,
991 3110 1130 3181 quod
1157 3117 1265 3163 tam
1304 3108 1489 3163 multis
1535 3107 1667 3162 locis
1702 3105 1880 3159 omnia
1923 3119 2072 3158 inan-

481 3203 604 3259 data
633 3220 726 3258 sua
755 3203 1012 3259 custodiri
1043 3211 1096 3258 et
1122 3203 1234 3259 fieri
1270 3201 1422 3272 jubet
1461 3200 1645 3256 Deus?
1687 3198 1956 3270 quomodo
1977 3199 2068 3269 ju-

485 3296 574 3350 bet
597 3336 612 3357 ,
643 3295 688 3350 si
717 3310 822 3348 non
851 3305 932 3358 est
961 3295 1187 3352 liberum
1214 3291 1535 3346 arbitrium?
1562 3291 1697 3357 Quid
1729 3292 1916 3345 beatus
1943 3291 2032 3344 ille
2052 3331 2065 3354 ,

482 3387 550 3440 de
576 3401 683 3456 quo
705 3385 949 3440 Psaltnus
969 3385 1130 3452 dicit,
1161 3383 1304 3455 quod
1327 3385 1377 3436 in
1403 3383 1513 3453 lege
1533 3381 1741 3436 Domini
1767 3381 1864 3452 fuit
1890 3379 2070 3434 volun-

482 3489 560 3532 tas
581 3479 690 3546 ejus
719 3475 908 3546 (Psal.
939 3491 994 3545 ι,
1019 3477 1057 3531 2
1077 3473 1124 3550 )‘I
1163 3489 1340 3530 nonne
1375 3475 1507 3530 satis
1557 3473 1754 3529 indicat
1796 3473 2070 3528 voluntate

481 3583 578 3624 sua
617 3568 886 3622 hominem
925 3567 978 3622 in
1026 3567 1145 3638 lege
1194 3567 1288 3620 Dei
1337 3563 1674 3620 consistere?
1719 3563 1918 3618 Deinde
1961 3571 2070 3616 tam
2117 3597 2120 3600 ν

483 3661 650 3716 multa
679 3661 926 3715 mandata
953 3699 970 3726 ,
993 3675 1112 3730 qua:
1131 3660 1301 3730 ipsam
1321 3657 1552 3728 quodam
1573 3657 1734 3711 modo
1757 3655 2068 3711 nominatim

481 3751 808 3808 conveniunt
833 3752 1160 3806 voluntatem
1186 3791 1203 3816 ,
1233 3751 1371 3804 sicut
1397 3759 1480 3804 est
1502 3789 1519 3816 ,
1565 3747 1694 3803 Noli
1721 3748 1850 3802 vinci
1877 3765 1908 3801 a
1933 3745 2070 3800 malo

483 3841 504 3912 (
531 3841 682 3898 Rom.
709 3859 782 3897 xu
809 3885 823 3908 ,
854 3842 918 3896 21
949 3839 968 3912 )
997 3859 1012 3896 :
1039 3849 1096 3896 et
1121 3839 1222 3894 alia
1261 3840 1453 3894 similia
1479 3881 1494 3904 ,
1539 3840 1678 3894 sicut
1696 3847 1820 3892 sunt
1839 3879 1856 3902 ,
1895 3837 2072 3890 Nolite

485 3937 598 4004 ﬁeri
621 3937 752 3988 sicut
779 3951 935 4006 equus
975 3942 1020 3986 et
1059 3933 1228 3986 mulus
1251 3971 1268 3998 ,
1309 3929 1488 4000 quibus
1531 3946 1632 3983 non
1674 3939 1746 3984 est
1786 3928 2069 3982 intellectus

485 4025 678 4098 (Psal.
724 4042 847 4080 xxx:
873 4065 888 4091 ,
917 4023 1028 4096 9);
1055 4031 1144 4088 et,
1193 4021 1318 4076 Noli
1359 4019 1602 4093 repellere
1644 4021 1856 4074 consilia
1891 4020 2070 4074 matris

479 4129 582 4174 tute
605 4119 624 4190 (
652 4117 803 4172 Prov.
831 4133 846 4172 ι
869 4157 884 4182 ,
905 4117 940 4172 8
965 4117 1004 4187 );
1031 4123 1086 4170 οι
1109 4155 1124 4179 ,
1147 4113 1276 4168 Noli
1299 4129 1406 4168 esse
1423 4113 1626 4183 sapiens
1644 4110 1784 4184 apud
1803 4121 1850 4166 te
1867 4111 2069 4186 ipsum;

479 4217 536 4265 et
556 4251 572 4275 ,
605 4208 731 4264 Noli
757 4209 972 4278 deﬁcere
995 4225 1026 4260 a
1049 4206 1320 4278 disciplina
1354 4205 1560 4258 Domini
1581 4220 1602 4269 ;
1631 4213 1720 4269 et,
1754 4202 1880 4258 Noli
1903 4203 2068 4272 negli-

477 4319 596 4374 gere
624 4303 780 4374 legem
804 4319 824 4368 ;
855 4311 908 4356 et
931 4342 946 4366 ,
983 4299 1106 4354 Noli
1134 4299 1382 4353 abstinere
1404 4299 1526 4352 bene
1550 4300 1716 4369 facere
1740 4296 1902 4366 egenti
1924 4311 1945 4360 ;
1973 4305 2028 4350 et
2050 4336 2064 4360 ,

479 4394 605 4448 Noli
636 4394 886 4465 fabricare
909 4393 962 4447 in
993 4393 1212 4446 amicum
1241 4403 1382 4460 tuum
1405 4390 1542 4444 mala
1583 4389 1603 4462 (
1628 4388 1715 4443 Id.
1748 4405 1846 4456 ιιι,
1877 4390 1931 4454 7,
1957 4389 2018 4441 11
2047 4429 2064 4454 ,

515 4487 568 4554 7,
592 4486 662 4540 29
685 4484 726 4558 );
755 4495 809 4540 et
829 4527 844 4550 ,
875 4483 1002 4538 Noli
1025 4482 1282 4538 intendere
1301 4480 1477 4552 fallaci
1503 4480 1704 4535 mulieri
1726 4478 1746 4552 (
1768 4479 1853 4532 Id.
1885 4493 1941 4544 γ,
1968 4478 2004 4532 2
2024 4479 2064 4547 );

473 4589 529 4634 et
553 4620 567 4643 ,
600 4577 780 4632 Noluit
803 4576 1084 4646 intelligere
1107 4583 1158 4628 ut
1185 4574 1306 4628 bene
1333 4583 1503 4644 ageret
1539 4572 1559 4644 (
1583 4571 1732 4627 Psal.
1765 4587 1932 4634 xxxv.
1961 4573 1994 4626 4
2023 4571 2064 4640 );

475 4680 526 4724 et
553 4710 572 4736 ,
613 4668 902 4724 Noluerunt
946 4667 1174 4736 accipere
1217 4663 1540 4736 disciplinam
1587 4663 1606 4734 (
1635 4662 1788 4717 Prov.
1821 4679 1873 4726 ι,
1901 4662 1972 4716 29
2000 4662 2016 4732 )
2047 4679 2062 4716 :

477 4769 532 4814 et
559 4759 970 4814 innumerabilia
995 4758 1116 4812 talia
1149 4758 1202 4812 in
1235 4756 1505 4812 veteribus
1548 4755 1723 4809 Libris
1761 4753 2062 4808 divinorum

473 4851 806 4921 eloquiorum
847 4849 972 4920 quid
1007 4849 1336 4914 ostendunt,
1377 4847 1480 4900 nisi
1523 4847 1746 4901 liberum
1787 4845 2064 4899 arbitrium

473 4943 764 4996 voluntatis
790 4940 1078 4996 humanm?
1103 4941 1158 4994 In
1184 4939 1362 4994 Libris
1380 4927 1548 4992 etiam
1568 4937 1718 4991 noVis
1744 4936 2064 5004 evangelicis

473 5041 530 5086 et
579 5033 888 5100 apostolicis
935 5031 1062 5101 quid
1111 5030 1256 5085 aliud
1305 5029 1641 5092 ostenditur,
1691 5027 1778 5081 ubi
1831 5028 2062 5090 dicitur,

476 5123 650 5180 Nolite
679 5124 813 5178 vobis
849 5125 1060 5178 condere
1081 5125 1340 5178 thesauros
1361 5123 1414 5176 in
1435 5131 1568 5174 terra
1589 5119 1806 5190 (Matth.
1833 5136 1905 5182 γι,
1933 5117 2060 5188 I9);

473 5227 526 5270 et
553 5257 565 5278 .
601 5213 776 5270 Nolite
803 5215 976 5268 timere
998 5231 1082 5269 eos
1107 5215 1193 5284 qui
1217 5214 1448 5268 occidunt
1469 5228 1654 5281 corpus
1675 5209 1693 5282 (
1715 5209 1802 5262 Id.
1835 5225 1864 5262 π
1891 5249 1904 5272 ,
1935 5208 2060 5276 28);

473 5317 522 5361 et
551 5350 566 5372 ,
599 5307 698 5372 Qui
725 5307 832 5360 vult
857 5307 1022 5360 pertire
1049 5317 1159 5376 post
1189 5323 1267 5359 me
1291 5347 1308 5372 ,
1349 5311 1558 5374 abneget
1583 5303 1903 5373 semetipsum
1927 5301 1944 5370 (
1971 5299 2060 5354 Id.

473 5415 564 5452 XVI
587 5439 604 5465 ,
635 5399 706 5452 94
727 5397 771 5467 );
799 5408 852 5452 et
875 5438 892 5464 ,
925 5395 1044 5452 Pas:
1072 5398 1124 5450 in
1153 5406 1284 5450 terra
1310 5395 1596 5449 hominibus
1622 5393 1766 5447 bontc
1792 5391 2064 5446 voluntatis

473 5493 642 5561 (Luc.
687 5507 726 5544 tt
755 5532 770 5553 ,
829 5488 976 5560 Il):
1027 5497 1082 5543 et
1129 5487 1268 5558 quod
1323 5488 1452 5541 dicit
1501 5487 1772 5556 apostolus
1823 5483 2062 5548 Paulus,

473 5581 624 5648 Quod
650 5581 754 5635 vult
783 5580 940 5652 faciat
961 5621 974 5644 ,
1005 5597 1105 5633 non
1133 5587 1304 5649 peccat
1329 5577 1374 5630 si
1399 5575 1552 5630 nubat
1577 5578 1598 5610 ³
1623 5593 1636 5630 :
1659 5576 1744 5645 qui
1765 5585 1932 5628 autem
1959 5584 2060 5626 sta-

535 5718 550 5746 t
579 5716 747 5764 Plures
765 5719 894 5768 Mss.
914 5716 1135 5761 tentatur.
1155 5717 1319 5758 Cnseo
1337 5715 1430 5764 est,
1457 5705 1762 5769 peiz'ammei.

531 5786 552 5810 ἰ
580 5784 684 5826 Mss.
710 5776 784 5823 l-ic
811 5784 858 5823 (τι
885 5767 1002 5822 in'ia
1027 5781 1323 5820 c-uzstantur.
1351 5783 1440 5817 non
1459 5767 1646 5830 peccat,
1673 5773 1848 5830 nubat;
1884 5767 2059 5814 omissa

465 5837 724 5894 porticula.
740 5839 800 5896 si,
822 5851 928 5898 qua:
949 5851 1036 5886 nec
1057 5845 1128 5884 (‘bl
1155 5838 1200 5883 in
1227 5845 1402 5895 glauco.

1291 342 1380 400 DE
1416 342 1676 402 GRATIA
1709 339 1798 398 ET
1835 337 2092 396 ΗΒΕΒο
2127 337 2469 408 ARBITRIO,
2509 339 2566 398 S.
2605 340 2978 402 AUGUSTINI

3665 352 3784 410 8'84

2195 474 2289 528 tuit
2315 475 2367 530 in
2397 477 2550 532 corde
2585 494 2677 533 suo
2700 519 2715 545 ,
2755 495 2858 535 non
2900 480 3088 536 habens
3131 483 3474 540 necessitatem
3499 528 3514 553 ,
3557 497 3782 558 potesta-

2192 577 2292 622 tem
2335 579 2504 622 autem
2543 569 2728 626 habens
2774 589 2881 628 sua
2925 574 3228 644 voluntatis,
3281 587 3326 631 et
3371 579 3467 632 hoc
3506 583 3681 652 statuit
3728 583 3781 637 in

2193 661 2343 714 corde
2363 678 2456 716 suo
2483 705 2498 730 ,
2529 680 2727 718 servare
2751 665 2990 736 virginem
3011 685 3159 722 suam
3181 711 3197 738 ,
3227 670 3351 724 bene
3405 670 3528 741 facit
3569 673 3588 744 (
3615 673 3632 726 I
3657 673 3778 728 Cor.

2191 767 2264 806 vn
2284 793 2299 816 ,
2327 753 2395 808 56
2415 794 2429 818 ,
2460 755 2526 808 3'7
2553 754 2594 826 ).
2626 755 2752 810 Item
2781 757 2909 812 dicit
2936 800 2949 824 ,
2975 757 3037 813 Si
3062 771 3231 814 autem
3249 761 3420 816 volens
3447 804 3463 828 ,
3486 763 3582 817 hoc
3611 765 3779 833 facio,

2191 847 2468 900 mercedem
2495 849 2653 902 habeo
2679 849 2696 918 (
2725 847 2812 903 Id.
2845 866 2897 904 ιι
2927 893 2942 918 ,
2976 851 3083 924 17)
3113 869 3126 906 :
3169 863 3224 908 et
3261 854 3370 908 alio
3407 855 3526 909 loco
3545 897 3559 919 ,
3609 855 3779 910 Sobrn

2187 949 2340 994 estote
2355 941 2494 1011 juste
2513 983 2528 1008 ,
2555 949 2600 994 et
2625 943 2780 996 nolite
2801 959 3006 1014 peccare
3031 943 3158 1016 (Id.
3183 961 3270 1012 xv,
3299 945 3402 1018 51)
3433 965 3446 1001 :
3475 956 3528 1002 et
3549 948 3738 1002 iterum
3761 989 3776 1014 ,

2193 1029 2260 1086 Ut
2283 1033 2706 1099 quemadmodum
2731 1043 2994 1104 promptus
3029 1046 3102 1090 est
3139 1037 3341 1092 animus
3367 1036 3638 1092 voluntatis
3662 1080 3676 1103 ,
3703 1040 3778 1092 ita

2185 1123 2251 1176 sit
2273 1133 2316 1176 et
2343 1123 2637 1194 perﬁciendi
2663 1123 2744 1196 (II
2778 1122 2898 1180 Cor.
2927 1142 3016 1180 vtu
3042 1167 3058 1194 ,
3101 1128 3162 1182 11
3195 1126 3238 1196 ).
3265 1128 3328 1182 Ει
3349 1129 3413 1182 ad
3437 1129 3776 1185 Timotheum

2186 1215 2316 1270 dicit
2334 1257 2348 1279 ,
2401 1215 2528 1270 Cum
2567 1217 2699 1270 enim
2727 1217 2780 1272 in
2811 1216 3008 1272 deliciis
3031 1219 3222 1288 egerint
3249 1219 3302 1272 in
3329 1219 3528 1274 Christo
3547 1261 3560 1284 ,
3593 1219 3778 1274 nubere

2184 1309 2358 1362 volunt
2387 1305 2446 1380 (I
2478 1307 2608 1362 Tim.
2639 1324 2695 1375 v,
2731 1309 2788 1363 ll
2819 1309 2838 1382 )
2871 1317 2963 1364 :et
2987 1309 3109 1364 alibi
3135 1351 3151 1375 ,
3184 1308 3290 1364 Sed
3314 1320 3362 1364 et
3385 1327 3557 1365 omnes
3583 1312 3668 1382 qui
3693 1313 3777 1382 pie

2182 1399 2357 1452 volunt
2386 1399 2544 1452 vivere
2571 1399 2624 1452 in
2655 1398 2855 1454 Christo
2882 1397 3009 1453 Jesu
3032 1439 3048 1464 ,
3089 1401 3484 1470 persecutionem
3518 1403 3776 1472 patientur

2187 1490 2206 1563 (
2233 1488 2274 1542 Il
2308 1489 2438 1556 Tim,
2469 1506 2564 1557 ιιι,
2597 1491 2664 1544 12
2691 1489 2749 1562 ):
2783 1501 2835 1544 et
2865 1491 2965 1560 ipsi
2995 1491 3278 1547 TimOtIteo
3301 1533 3316 1557 ,
3358 1491 3485 1546 Noli
3523 1493 3774 1566 negligere

2181 1583 2406 1652 gratiam
2430 1599 2542 1652 quae
2569 1583 2622 1636 in
2653 1592 2700 1636 te
2740 1593 2812 1638 est
2853 1581 2912 1654 (Ι
2939 1582 3070 1636 Tim.
3103 1599 3174 1646 tv,
3209 1584 3275 1638 14
3296 1585 3339 1656 ).
3392 1584 3460 1638 Ει
3502 1585 3568 1639 ad
3599 1585 3773 1641 Phile-

2179 1689 2393 1728 monem
2425 1692 2438 1728 :
2469 1671 2554 1728 Ne
2583 1675 2766 1728 bonum
2794 1685 2935 1728 tuum
2955 1676 3087 1729 velut
3111 1692 3173 1729 ea:
3191 1677 3480 1730 necessitate
3497 1687 3622 1730 esset
3644 1718 3659 1744 ,
3681 1677 3775 1731 sed
3827 1723 3840 1732 .

2179 1783 2244 1821 ea:
2266 1765 2522 1822 voluntate
2575 1767 2594 1838 (
2625 1766 2841 1822 Philem.
2872 1769 2938 1823 14
2962 1767 3005 1840 ).
3035 1767 3237 1824 Servos
3271 1769 3429 1824 etiam
3471 1769 3612 1841 ipsos
3657 1785 3771 1825 mo-

2180 1865 2308 1924 net,
2350 1865 2410 1912 ut
2433 1857 2662 1912 dominis
2691 1859 2804 1913 suis
2829 1874 2894 1912 ex
2920 1859 3091 1912 animo
3127 1861 3346 1913 serviant
3383 1877 3498 1912 cum
3531 1861 3660 1913 bona
3683 1877 3772 1915 vo-

2178 1949 2371 2003 luntate
2399 1949 2630 2022 (Ephes.
2662 1965 2715 2004 γι
2737 1989 2754 2016 ,
2801 1949 2895 2020 6).
2927 1949 3057 2004 Item
3093 1949 3363 2014 Jacobus',
3403 1949 3576 2004 Nolite
3603 1951 3772 2021 itaque

2176 2055 2348 2093 errare
2369 2080 2384 2102 ,
2419 2043 2602 2108 fratres
2631 2039 2764 2102 mei,
2792 2047 2838 2094 et
2864 2039 3018 2092 nolite
3042 2040 3094 2092 in
3127 2053 3452 2104 personarum
3482 2041 3772 2109 acceptione

2177 2129 2358 2183 habere
2374 2129 2528 2198 fidem
2549 2128 2757 2184 Domini
2781 2131 2941 2184 nostri
2962 2129 3088 2184 Iesu
3109 2129 3299 2184 Christi
3327 2129 3545 2204 (Jacobi
3571 2146 3606 2186 ιι
3624 2173 3640 2196 ,
3673 2132 3696 2184 1
3719 2130 3763 2201 ):

2177 2229 2230 2274 et
2253 2262 2267 2286 ,
2301 2219 2476 2274 Nolite
2502 2220 2762 2275 detrahere
2807 2220 2870 2274 de
2907 2222 3152 2274 alterutro
3203 2219 3221 2288 (
3253 2219 3336 2273 Id.
3367 2236 3440 2286 Iv,
3473 2221 3534 2274 11
3567 2221 3606 2290 ).
3635 2221 3765 2275 Item

2173 2310 2406 2366 Joannes
2437 2311 2490 2365 in
2522 2310 2758 2380 Epistula
2801 2325 2895 2366 sua
2921 2352 2936 2378 ,
2985 2310 3158 2364 Nolite
3195 2311 3404 2382 diligere
3436 2311 3679 2364 mundum
3702 2310 3766 2380 (I

2174 2403 2332 2456 Joan.
2365 2419 2402 2456 ιι
2426 2443 2443 2470 ,
2477 2403 2543 2458 15
2567 2403 2586 2474 )
2613 2421 2627 2458 :
2655 2412 2706 2457 et
2734 2412 2926 2458 αιτιοι-ει
2953 2403 3278 2474 hujusmodi.
3301 2403 3503 2473 Nempe
3527 2404 3614 2458 ubi
3638 2403 3768 2458 dici-

2177 2502 2264 2546 tur
2285 2533 2298 2558 ,
2331 2491 2452 2548 Noli
2479 2491 2582 2548 hoc
2605 2534 2621 2560 ,
2651 2501 2708 2548 et
2732 2495 2838 2548 noli
2871 2493 2998 2548 illud
3025 2535 3040 2560 ,
3085 2503 3138 2549 et
3174 2493 3268 2548 ubi
3303 2494 3370 2549 ad
3413 2494 3612 2564 aliquid
3641 2495 3658 2526 ¹
3689 2494 3766 2548 fa-

2173 2582 2421 2637 ciendum
2451 2583 2534 2637 vel
2565 2599 2668 2636 non
2701 2583 2997 2638 faciendum
3045 2585 3095 2638 in
3144 2583 3337 2639 divinis
3379 2586 3592 2640 monitis
3631 2600 3768 2656 opus

2174 2673 2463 2728 voluntatis
2493 2674 2721 2744 exigitur
2741 2717 2754 2742 ,
2783 2679 2912 2730 satis
2945 2675 3172 2751 liberum
3202 2676 3600 2750 demonstratur
3625 2677 3768 2730 arbi-

2175 2765 2356 2820 trium.
2386 2763 2553 2819 Nemo
2579 2779 2706 2836 ergo
2734 2766 2899 2820 Deum
2930 2771 3177 2820 causet‘ur
3223 2767 3274 2820 in
3312 2765 3476 2821 corde
3501 2781 3598 2820 suo
3625 2809 3638 2830 ,
3667 2765 3764 2820 sed

2173 2856 2272 2911 sibi
2301 2855 2523 2926 imputet
2551 2857 2772 2927 quisque
2791 2897 2808 2924 ,
2833 2872 2954 2911 cum
2983 2867 3186 2928 peccat.
3215 2858 3400 2929 Neque
3418 2874 3539 2930 cum
3565 2857 3762 2928 aliquid
3801 2877 3808 2888 ε

2173 2945 2464 3000 secundum
2497 2946 2660 3000 Deum
2686 2957 2937 3016 operatur
2961 2989 2974 3014 ,
3006 2949 3203 3003 alicnet
3242 2925 3638 3022 Ιιοςᾟτορτίει
3666 2951 3761 3004 i'o-

2173 3035 2392 3091 Iuntate.
2425 3037 2650 3104 Quando
2670 3038 2811 3092 enim
2833 3039 3016 3093 volens
3045 3037 3200 3106 facit,
3227 3023 3659 3095 tunc-dicendum
3681 3041 3794 3094 estl

2173 3143 2306 3196 opus
2335 3129 2532 3184 bonum
2557 3171 2573 3196 ,
2605 3137 2733 3184 tunc
2761 3131 3022 3200 speranda
3060 3139 3142 3184 est
3179 3129 3306 3186 boni
3343 3131 3520 3202 operis
3555 3145 3763 3186 merces

2172 3219 2239 3273 ab
2276 3235 2342 3274 eo
2367 3260 2382 3286 ,
2412 3219 2478 3275 de
2505 3235 2610 3291 quo
2638 3221 2836 3276 dictum
2868 3229 2952 3275 est
2974 3263 2988 3287 ,
3035 3221 3134 3287 Qui
3163 3221 3336 3276 reddet
3375 3222 3642 3294 unicuique
3679 3237 3760 3276 sc-

2171 3313 2392 3364 cundum
2421 3329 2576 3383 opera
2601 3329 2694 3366 sua
2721 3312 2739 3384 (
2765 3311 2954 3366 Matth.
2987 3329 3075 3367 xv:
3102 3354 3116 3377 ,
3144 3314 3213 3368 27
3232 3310 3273 3383 ).

2242 3399 2466 3457 CAPUT
2495 3401 2582 3456 Ill.
2612 3429 2684 3443 —-
2719 3403 2772 3458 5.
2801 3404 2900 3470 Qui
2939 3419 3066 3473 ergo
3106 3412 3371 3458 noverunt
3401 3403 3578 3458 divina
3603 3419 3757 3457 man-

2171 3493 2312 3562 data,
2353 3495 2593 3551 aufertur
2634 3495 2714 3550 eis
2757 3496 3050 3562 excusatio,
3092 3513 3249 3566 quam
3293 3497 3468 3552 solent
3513 3496 3764 3552 homines

2173 3584 2370 3650 habere
2400 3587 2468 3642 de
2495 3588 2812 3658 ignorantia.
2842 3588 2947 3644 Sed
2989 3605 3086 3656 nec
3115 3587 3214 3659 ipsi
3244 3591 3360 3646 sine
3395 3605 3550 3660 poma
3578 3599 3756 3658 erunt,

2171 3678 2262 3747 qui
2293 3678 2462 3748 legem
2495 3679 2588 3733 Dei
2627 3680 2889 3734 nesciunt.
2942 3679 3039 3746 Qui
3079 3681 3212 3734 enim
3239 3681 3346 3735 sine
3385 3679 3494 3752 lege
3527 3697 3762 3750 peccave-

2171 3769 2314 3834 runt;
2329 3771 2444 3826 sine
2461 3772 2568 3842 lege
2593 3771 2824 3842 peribunt
2851 3789 2870 3826 :
2896 3773 2982 3844 qui
3007 3783 3173 3826 autem
3199 3774 3250 3826 in
3273 3771 3381 3844 lege
3405 3783 3758 3843 peccaverunt,

2172 3881 2262 3934 per
2285 3865 2441 3935 legem
2459 3864 2828 3935 judicabuutur
2855 3864 3044 3935 (Rom.
3069 3880 3124 3930 ιι,
3159 3864 3226 3920 12
3323 3865 3477 3930 Quod
3501 3865 3628 3918 mihi
3651 3879 3766 3918 non

2123 4007 2130 4016 ,,
2170 3955 2382 4009 videtur
2410 3957 2695 4024 Apostolus
2724 3955 2794 4009 ita
2819 3955 3050 4022 dixisse,
3084 3965 3332 4025 tanquam
3378 3955 3531 4026 pejus
3558 3955 3762 4025 aliquid

2169 4046 2545 4115 significaverit
2579 4061 2700 4102 esse
2727 4061 2980 4116 passuros
3003 4087 3018 4112 ,
3060 4048 3153 4118 qui
3208 4047 3376 4116 legem
3421 4047 3667 4104 nesciunt
3703 4047 3756 4100 in
3781 4081 3798 4112 έ

2173 4139 2404 4207 peccatis
2432 4138 2542 4192 suis
2567 4179 2582 4205 ,
2614 4154 2772 4207 quam
2803 4139 2922 4193 illos
2948 4139 3035 4209 qui
3077 4141 3272 4194 sciunt.
3324 4140 3480 4208 Pejus
3505 4141 3647 4195 enim
3681 4141 3758 4193 vi-

2169 4228 2326 4283 detur
2351 4241 2482 4283 esse
2511 4229 2687 4299 perire
2711 4270 2724 4292 ,
2753 4245 2909 4298 quam
2949 4225 3177 4298 judicari
3207 4215 3223 4282 ἐ
3257 4229 3349 4284 sed
3390 4245 3511 4284 cum
3545 4230 3643 4284 hoc
3689 4229 3758 4284 de

2169 4319 2428 4374 Gentibus
2456 4327 2510 4374 et
2534 4318 2600 4373 de
2629 4318 2826 4374 Iudaeis
2855 4319 3164 4389 loqueretur
3183 4361 3198 4386 ,
3230 4321 3353 4390 quia
3393 4321 3466 4374 illi
3498 4321 3614 4374 sine
3645 4321 3758 4389 lege

2172 4420 2313 4474 sunt,
2339 4410 2425 4464 isti
2453 4417 2629 4465 autem
2658 4410 2828 4479 legem
2850 4419 3200 4479 acceperunt;
3228 4411 3348 4480 quis
3363 4409 3557 4465 audeat
3575 4409 3758 4464 dicere

2167 4499 2381 4556 JUdIBOS
2405 4501 2495 4570 qui
2527 4499 2578 4554 in
2609 4501 2726 4570 lege
2755 4509 2999 4570 peccant,
3031 4515 3136 4554 non
3169 4515 3289 4556 esse
3317 4501 3612 4571 perituros,
3633 4514 3754 4554 cum

2168 4592 2221 4646 in
2239 4591 2508 4646 Christum
2537 4606 2644 4646 non
2663 4591 2988 4645 crediderint
3014 4601 3065 4656 tl;
3099 4590 3526 4662 quandoquidem
3551 4590 3618 4644 de
3649 4589 3754 4644 illis

2167 4683 2368 4739 dictum
2416 4693 2500 4738 est
2519 4725 2532 4749 ,
2566 4700 2654 4756 per
2683 4685 2840 4754 legem
2874 4684 3287 4754 jadicabuntur?
3325 4683 3452 4740 Sine
3479 4683 3584 4738 ﬁde
3611 4684 3754 4738 enim

2165 4774 2360 4830 Christi
2402 4789 2560 4828 nemo
2587 4774 2798 4830 liberari
2840 4783 3043 4843 potest;
3086 4789 3149 4828 ac
3177 4789 3273 4844 per
3297 4773 3400 4828 hoc
3431 4775 3502 4828 ita
3541 4774 3751 4844 judica-

2167 4869 2363 4923 buntur
2389 4876 2444 4922 ut
2469 4877 2713 4937 pereant.
2737 4866 2868 4921 Nam
2896 4867 2938 4920 si
2967 4867 3116 4936 pejor
3132 4875 3216 4922 est
3234 4867 3470 4922 conditio
3504 4868 3744 4921 nescicnc

2168 4963 2295 5016 lium
2335 4977 2494 5031 quam
2540 4959 2820 5015 scientiam
2873 4959 3043 5029 legem
3087 4961 3218 5026 Dei,
3265 4961 3534 5030 quomodo
3567 4975 3748 5014 verum

2165 5055 2266 5108 erit
2295 5053 2435 5123 quod
2481 5053 2737 5106 Dominus
2766 5052 2816 5106 in
2860 5053 3144 5122 Evangelio
3171 5052 3245 5106 ait
3269 5094 3284 5120 ,
3335 5051 3522 5106 Servus
3554 5051 3640 5120 qui
3665 5067 3754 5104 ne-

2167 5146 2258 5199 scit
2284 5147 2584 5199 voluntatem
2611 5144 2803 5196 domini
2825 5143 2921 5204 sui,
2956 5151 3003 5197 et
3027 5143 3150 5213 facit
3171 5143 3327 5213 digna
3355 5141 3520 5212 plagis
3545 5185 3558 5206 ,
3585 5159 3754 5212 vapu-

2168 5235 2290 5291 labit
2315 5253 2475 5304 pauca
2505 5251 2523 5288 :
2551 5251 2720 5288 servus
2765 5243 2928 5286 autem
2967 5234 3054 5304 qui
3082 5233 3176 5287 scit
3219 5234 3529 5286 voluntatem
3559 5232 3752 5286 domini

2167 5329 2266 5393 sui,
2293 5336 2338 5379 et
2365 5325 2486 5396 facit
2507 5325 2660 5396 digna
2677 5325 2859 5394 plagis,
2882 5324 3136 5394 vapulabit
3163 5323 3326 5376 multa
3355 5321 3504 5394 (Luc.
3539 5338 3632 5386 xtl,
3657 5323 3754 5386 l8,
3821 5383 3824 5386 j

2168 5420 2234 5473 47
2264 5419 2320 5486 )‘l
2371 5418 2506 5471 Ecce
2555 5416 2642 5470 ubi
2693 5417 2925 5470 ostendit
2969 5415 3180 5485 gravius
3213 5399 3778 5490 peccareltotninenr
3825 5455 3828 5458 .

2167 5510 2421 5564 scientem
2472 5523 2628 5577 quam
2662 5507 3010 5562 nescientem.
3040 5505 3148 5560 Nec
3192 5513 3368 5560 tamen
3399 5506 3516 5558 ideo
3561 5503 3752 5558 conlu-

2233 5644 2397 5696 ιιιδςη
2441 5639 2519 5689 ubi
2554 5638 2770 5702 aliquid;
2802 5640 2996 5700 omisso,
3017 5639 3099 5690 ad.
3120 5639 3210 5689 Sed
3231 5653 3294 5690 ex
3317 5639 3391 5688 lus
3411 5635 3624 5688 nonnulli
3647 5649 3757 5696 ιρι-ο,

2165 5703 2376 5762 aliquid.
2408 5705 2578 5751 lini-mut
2590 5738 2603 5758 ,
2630 5702 2840 5763 uliqtoi.

2232 5760 2253 5797 ι’
2273 5769 2405 5816 Hliti.
2432 5778 2538 5812 cum
2559 5765 2604 5812 in
2623 5760 2860 5812 fluuium
2887 5777 2976 5812 mm
3019 5763 3348 5814 crediderim.
3379 5760 3598 5810 tteliores
3623 5767 3752 5812 διεδ,

2171 5842 2260 5876 non
2288 5828 2420 5875 cred:
2440 5831 2599 5874 (crint.
