4122 6550
401 358 507 413 883

399 466 649 538 giendum
689 476 770 523 est
798 468 864 531 ad
902 465 1213 542 ignorantia:
1257 464 1504 531 tenebras
1525 506 1538 530 ,
1568 471 1622 517 ιιι
1652 461 1812 535 iocis
1838 463 1983 543 quis-

1477 624 1621 646 Μ

356 604 357 609 η
398 575 502 627 que
525 559 760 629 requirat
787 550 1208 614 excusationem.
1253 556 1408 611 Aliud
1430 564 1512 629 est
1549 555 1690 629 enim
1723 555 1979 625 nescisse,

398 575 502 627 que
525 559 760 629 requirat
787 557 1208 614 excusationem.
1253 557 1408 611 Aliud
1430 557 1690 646 esi'gnim
1723 557 1979 625 nescisse,
2004 557 2024 713 Ι

360 662 361 665 ‘
399 650 543 721 aliud
586 650 724 705 seire
748 648 1001 704 noluisse.
1030 649 1287 704 Voluntas
1308 647 1502 718 quippe
1529 647 1579 700 in
1615 646 1680 701 eo
1718 642 1982 716 arguitur,

401 722 467 796 de
491 734 843 812 (meditatur,
871 739 1052 796 Noluit
1072 740 1355 811 intelligere
1380 747 1432 794 ut
1459 739 1581 793 bene
1603 746 1769 809 ageret
1800 735 1985 809 (Psal.

402 850 569 899 xxxv,
615 833 703 905 4).
747 832 852 888 Sed
894 843 948 888 et
975 832 1062 887 illa
1090 831 1385 902 ignorantia
1413 846 1531 901 qua:
1558 843 1663 883 non
1689 837 1985 884 esteorum

400 927 491 997 qui
512 926 650 981 scire
681 925 890 992 nolunt,
937 924 1032 980 sed
1066 940 1252 981 eorum
1279 924 1366 994 qui
1396 933 1645 993 tanquam
1674 922 1992 994 simpliciter

403 1018 683 1082 nesciunt,
738 1018 1113 1093 nemignemgsic
1148 1024 1386 1099 excusat,
1416 1023 1474 1068 ut
1502 1013 1988 1099 sempiternoﬂigne

342 1092 353 1182 ἶ
366 1112 371 1131 ί
400 1124 504 1163 non
530 1107 737 1174 ardeat,
753 1092 1123 1178 “Sidi-rgpterea
1162 1092 1276 1161 non
1301 1104 1535 1160 credidit
1550 1092 1877 1182 ξῖιιιζ-ᾁλιξρᾖ
1894 1118 1989 1158 au-

372 1201 528 1255 divit
572 1201 792 1257 omnino
830 1201 958 1271 quid
990 1202 1005 1233 ¹
1029 1200 1303 1264 crederet;
1335 1198 1430 1255 sed
1462 1199 1687 1275 fortasse
1710 1206 1767 1253 ut
1807 1198 2014 1258 mitius

395 1278 605 1363 ardeat.
650 1284 774 1347 Non
816 1288 958 1346 enim
1004 1277 1120 1346 sine
1165 1306 1324 1347 causa
1371 1290 1573 1345 dictum
1617 1298 1718 1352 est,
1761 1287 1992 1357 Effunde

397 1374 531 1436 nisi
554 1393 695 1437 tuam
714 1383 765 1436 in
790 1392 963 1454 gentes
977 1398 1090 1452 quae
1114 1390 1161 1437 te
1174 1398 1274 1436 non
1291 1391 1535 1435 noverunt
1560 1378 1733 1451 (Psal.
1760 1395 1985 1446 Lxxvtu,

400 1472 478 1541 6)
512 1481 611 1529 :et
654 1473 785 1528 illud
842 1472 986 1543 quod
1036 1472 1111 1528 ait
1159 1472 1471 1542 Apostolus,
1526 1468 1655 1526 Cum
1705 1471 1897 1525 venerit
1936 1471 1989 1524 in

397 1564 608 1632 ﬂamma
657 1564 789 1635 ignis
861 1563 985 1619 dare
1049 1564 1321 1617 vindictam
1370 1563 1426 1617 in
1482 1578 1567 1616 eos
1617 1562 1703 1632 qui
1750 1563 1987 1633 ignorant

397 1653 565 1707 Deum
587 1654 605 1723 (
628 1653 668 1708 ll
701 1653 877 1709 Thess.
905 1670 944 1722 ι,
977 1654 1077 1718 8).
1117 1640 1498 1709 Verumtamen
1529 1663 1587 1707 ut
1617 1653 1906 1708 habeamus
1930 1658 1991 1708 et

401 1745 572 1816 ipsam
593 1746 891 1809 scientiam,
924 1762 990 1801 ne
1015 1746 1156 1801 diczit
1187 1747 1551 1816 unusquisque
1574 1788 1588 1812 ,
1610 1744 1846 1823 Nescivi,
1870 1760 1984 1821 non

399 1834 603 1902 audivi,
655 1852 757 1890 non
787 1837 1055 1901 intellexi;
1090 1837 1333 1891 voluntas
1375 1822 1693 1895 convenitur
1728 1822 1982 1903 humana,

394 1924 737 2003 ubi~dicitur,
768 1926 944 1982 Nolite
982 1944 1087 1981 esse
1130 1928 1257 1981 sicut
1282 1943 1437 1999 equus
1476 1938 1522 1981 et
1562 1928 1750 1994 mulus,
1803 1927 1985 1999 quibus

395 2002 613 2071 nonest
657 2019 938 2072 intellectus
972 2017 1160 2090 (Psul.
1215 2034 1337 2073 xxxi
1360 2060 1373 2082 ,
1405 2016 1480 2087 9)
1511 2037 1524 2072 :
1561 2020 1806 2088 quamvis
1832 2018 1986 2088 pejor

392 2119 666 2178 appareat,
695 2109 763 2164 de
782 2125 886 2179 quo
913 2111 1109 2164 dictum
1141 2116 1244 2174 est,
1289 2109 1461 2163 Verbis
1491 2126 1591 2163 non
1622 2111 1979 2166 emendabitur

392 2215 563 2253 sm'vus
602 2199 797 2263 durus;
827 2201 870 2254 si
896 2201 1029 2254 enim
1059 2200 1381 2265 intellexerit,
1410 2217 1510 2255 non
1536 2201 1770 2255 obaudiet
1797 2200 1980 2271 (Prov.

393 2290 659 2366 “13,19).
671 2292 893 2361 Quando
908 2304 1084 2348 autem
1101 2293 1231 2349 dicit
1244 2293 1424 2360 homo,
1441 2292 1554 2348 Non
1574 2309 1788 2364 possum
1808 2293 1984 2350 facere

392 2385 534 2453 quod
565 2385 905 2455 praecipitur,
952 2385 1201 2455 quoniam
1232 2385 1661 2455 concupiscentia
1707 2401 1825 2441 mea
1866 2388 1982 2441 vin-

392 2491 488 2530 cor
516 2494 529 2529 :
557 2476 667 2546 jam
689 2477 902 2547 quidem
935 2477 1322 2561 deignofrautia
1352 2493 1455 2553 non
1495 2478 1653 2533 habet
1675 2455 1999 2539 excusatio-l

393 2583 535 2633 nem,
591 2583 688 2624 uec
726 2570 893 2624 Deum
930 2562 1181 2625 causatur
1218 2571 1270 2625 in
1309 2571 1471 2625 corde
1492 2586 1628 2639 suo,
1658 2566 1753 2627 sed
1782 2562 2007 2628 nialuml

389 2668 543 2715 suum
574 2661 627 2715 in
654 2676 714 2716 se
751 2663 1023 2731 cognoscit
1050 2670 1103 2715 et
1129 2661 1305 2728 dolet;
1344 2662 1429 2716 cui
1462 2672 1639 2716 tamen
1667 2662 1794 2718 dicit
1831 2665 1978 2733 Apo-

390 2750 580 2815 stolus,
615 2748 737 2804 Noli
764 2751 893 2805 vinci
931 2768 962 2803 a
998 2751 1154 2817 malo,
1205 2737 1296 2805 sed
1337 2752 1480 2805 vince
1522 2753 1574 2805 in
1619 2753 1747 2807 bona
1786 2757 1978 2808 malum

390 2838 576 2911 (Rom.
609 2857 707 2906 xu,
735 2840 797 2895 21
825 2840 866 2913 ).
899 2841 963 2895 Et
985 2842 1164 2910 utique
1186 2841 1270 2894 cui
1300 2841 1494 2896 dicitur
1514 2885 1529 2909 ,
1554 2840 1681 2895 Noli
1705 2843 1836 2897 vinci
1852 2886 1866 2908 ,
1892 2861 1980 2898 ar-

390 2931 605 2987 bitrium
637 2932 920 2988 voluntatis
950 2933 1065 3001 ejus
1105 2934 1221 2988 sine
1262 2933 1427 2988 dubio
1456 2935 1793 2990 convenitur.
1831 2933 1979 2992 Velle

388 3024 530 3077 enim
558 3012 774 3079 ethblle
802 3023 1031 3095 propria:
1059 3022 1344 3079 voluntatis
1372 3034 1474 3080 est.
1556 3076 1617 3109 Μ
1638 3072 1739 3109 ηρ,
1796 3042 1945 3109 110

1542 3104 1592 3153 μ’
1660 3104 1685 3137 ι’
1760 3104 1951 3149 m1...”

458 3152 684 3213 CAPUT
723 3155 812 3211 IV.
867 3186 942 3200 --
975 3157 1029 3214 6.
1075 3158 1180 3214 Sed
1235 3152 1582 3215 metuendum
1626 3169 1711 3217 est
1754 3176 1823 3218 ne
1871 3162 1972 3219 ista

390 3250 567 3304 omnia
592 3250 771 3306 divina
816 3252 1115 3307 testimonia
1138 3294 1151 3316 ,
1181 3262 1235 3307 et
1273 3268 1623 3324 quaecumque
1668 3255 1772 3309 alia
1813 3267 1972 3324 sunt,

387 3354 508 3408 qua:
552 3340 670 3395 sine
718 3341 1051 3398 dubitatione
1095 3352 1221 3398 sunt
1266 3343 1518 3414 plurima,
1567 3344 1622 3399 in
1663 3345 1975 3411 defensioue

397 3426 804 3495 liberiarhitrii.
830 3434 908 3489 sic
948 3435 1309 3505 intelligantur
1328 3476 1342 3501 ,
1370 3443 1431 3490 ut
1454 3436 1521 3491 ad
1546 3417 1705 3491 vitam
1750 3439 1889 3507 piam
1920 3449 1974 3495 et

396 3521 587 3575 bonam
611 3525 1070 3581 conversationem
1100 3568 1114 3590 ,
1150 3526 1237 3581 cui
1264 3541 1473 3581 merces
1500 3537 1699 3582 mterna
1726 3528 1970 3595 debetur,

390 3612 657 3682 adjutorio
688 3623 743 3670 et
786 3617 971 3685 gratiae
1018 3616 1110 3671 Dei
1151 3617 1297 3670 locus
1340 3633 1444 3673 non
1498 3617 1863 3688 relinquatur;
1919 3628 1975 3675 et

396 3705 588 3760 audeat
619 3707 783 3761 miser
808 3706 997 3773 homo,
1030 3708 1242 3777 quando
1270 3708 1406 3763 bene
1433 3709 1561 3763 vivit
1588 3717 1643 3764 et
1678 3710 1817 3765 bene
1841 3724 1971 3780 ope-

384 3804 569 3860 ratur,
606 3798 686 3851 vel
725 3799 899 3867 potius
928 3799 1065 3854 bene
1110 3800 1291 3854 vivere
1331 3808 1383 3855 et
1425 3799 1565 3856 bene
1617 3802 1828 3871 operari
1871 3802 1974 3857 sibi

386 3889 616 3957 videtur,
646 3891 696 3944 in
720 3907 779 3946 se
807 3892 923 3960 ipso
942 3934 956 3958 ,
989 3908 1095 3946 non
1124 3893 1175 3947 in
1206 3893 1432 3947 Domino
1461 3894 1706 3964 gloriari,
1739 3901 1793 3947 et
1819 3909 1969 3965 spem

384 3991 532 4036 recte
575 3982 783 4037 vivendi
827 3985 881 4036 in
928 3998 988 4038 se
1030 3984 1146 4052 ipso
1176 3999 1397 4052 ponere,
1448 3993 1504 4037 ut
1547 3996 1803 4055 sequatur
1845 4001 1967 4039 eum

384 4072 1002 4129 maledictum'Jeremia:
1048 4075 1321 4144 prophetae
1350 4074 1611 4141 dicentis,
1665 4075 1969 4132 Maledictus

383 4164 537 4218 homo
564 4165 651 4236 qui
669 4181 812 4237 spem
840 4165 986 4220 habet
1015 4167 1068 4220 iu
1087 4166 1317 4234 homine,
1345 4176 1392 4220 et
1414 4168 1585 4236 ﬁrmat
1615 4183 1819 4220 carnem
1847 4166 1968 4221 bra-

381 4255 485 4309 chii
505 4256 605 4321 sui,
634 4266 681 4309 et
720 4273 752 4311 a
792 4255 1015 4311 Domino
1054 4257 1263 4311 discedit
1305 4274 1393 4312 cor
1425 4259 1535 4329 ejus
1564 4256 1787 4333 (Jerem.
1819 4273 1927 4320 xvu
1948 4300 1963 4323 ,

380 4346 415 4400 5
433 4351 477 4417 ).
501 4347 802 4419 lntelligite,
833 4348 1043 4416 fratres,
1063 4348 1167 4404 hoc
1185 4348 1553 4420 propheticum
1574 4349 1962 4403 testimonium.

388 4436 520 4504 Quia
553 4439 695 4493 enim
724 4454 833 4493 non
862 4439 994 4493 dixit
1026 4440 1317 4509 propheta,
1348 4437 1656 4495 lllaledictus
1687 4439 1846 4494 homo
1875 4441 1964 4508 qui

380 4524 532 4597 spem
561 4529 723 4585 habet
758 4530 809 4583 in
845 4544 905 4585 se
931 4530 1079 4599 ipso;
1132 4539 1313 4599 posset
1340 4530 1497 4585 alicui
1537 4530 1702 4585 videri
1736 4530 1855 4584 ideo
1878 4530 1964 4583 di-

375 4629 521 4675 ctum
546 4635 685 4687 esse,
710 4620 1016 4676 Maledictus
1032 4622 1181 4676 homo
1203 4621 1291 4691 qui
1316 4637 1457 4692 spem
1473 4618 1624 4674 habet
1650 4621 1705 4674 in
1734 4620 1956 4695 homine,

378 4720 438 4765 ut
486 4725 645 4764 nemo
691 4710 882 4766 haheat
919 4724 1068 4780 Spem
1101 4710 1153 4764 in
1184 4710 1353 4765 altero
1378 4709 1595 4764 homine
1619 4752 1634 4774 ,
1666 4709 1760 4765 sed
1802 4712 1852 4765 in
1878 4725 1959 4765 se.

381 4799 453 4856 Ut
494 4817 622 4870 ergo
650 4802 958 4856 ostenderet
996 4801 1073 4855 sic
1112 4815 1170 4855 se
1199 4800 1540 4855 admonuisse
1570 4799 1838 4854 hominem
1862 4841 1878 4865 ,
1907 4810 1964 4855 ut

375 4906 477 4946 nec
506 4891 560 4947 in
574 4907 634 4946 se
661 4896 774 4963 ipso
793 4892 1012 4947 haberet
1051 4907 1234 4961 spem;
1260 4901 1541 4961 propterea
1563 4906 1685 4946 cum
1715 4892 1958 4959 dixisset,

372 4980 680 5059 Maledictus
735 4983 882 5038 homo
932 4983 1019 5055 qui
1064 4998 1206 5053 spem
1259 4982 1407 5036 habet
1461 4982 1513 5036 in
1568 4982 1788 5047 homine,
1835 4998 1960 5039 mox

371 5075 598 5142 addidit,
624 5084 671 5131 et
696 5078 868 5146 ﬁrmat
917 5092 1123 5130 carnem
1162 5074 1356 5129 brachii
1400 5075 1500 5129 sui.
1551 5073 1832 5129 Brachium
1859 5091 1958 5145 pro

373 5170 611 5239 potentia
650 5172 825 5243 posuit
871 5170 1149 5241 operaudi.
1186 5169 1245 5226 1n
1289 5171 1505 5227 nomine
1547 5181 1724 5225 autem
1778 5173 1958 5240 carnis

381 5258 729 5331 intelligenda
752 5270 835 5316 est
862 5260 1090 5316 humana
1122 5260 1398 5334 fragilitas.
1423 5262 1502 5318 Ac
1531 5277 1625 5332 per
1649 5262 1751 5317 hoc
1776 5262 1956 5318 ﬁrmat

367 5365 587 5405 carnem
617 5351 819 5407 brachii
846 5352 950 5418 sui,
979 5354 1067 5422 qui
1092 5354 1382 5423 potentiam
1406 5352 1643 5425 fragilem
1670 5364 1831 5425 atque
1859 5355 1951 5409 ιιι-

363 5443 622 5511 validam,
650 5444 701 5499 id
732 5454 815 5501 est
840 5446 1146 5510 humanam,
1174 5446 1273 5501 sibi
1301 5446 1547 5503 sufficere
1569 5446 1633 5502 ad
1668 5447 1802 5503 bene
1826 5463 1954 5518 ope-

367 5535 589 5591 randum
643 5545 829 5607 putat,
883 5552 983 5594 nec
1027 5536 1350 5609 adjutorium
1406 5550 1587 5611 Sperat
1632 5555 1662 5595 a
1703 5539 1948 5596 Domino.

427 5779 443 5807 ⁸
470 5778 605 5838 ιείάιιὶ,
623 5777 768 5843 quod.
797 5788 922 5842 5153.,
957 5780 1092 5842 quid.

1819 347 2017 403 LIBER
2058 348 2261 409 UNUS.

3587 356 3690 411 885

2106 462 2391 535 Propterea
2435 465 2667 537 subjecit
2694 467 2735 534 ',
2788 477 2833 521 ct
2868 483 2901 521 a
2940 464 3160 521 Domino
3196 467 3406 523 discedit
3436 452 3526 522 cor
3554 471 3689 541 ejus.

2101 554 2244 611 Talis
2275 566 2356 612 est
2404 557 2622 613 haeresis
2670 558 2952 630 Pelagiana
2976 600 2992 624 ,
3027 573 3131 613 non
3158 559 3370 629 antiqua
3397 599 3414 626 ,
3443 557 3537 614 sed
3567 568 3692 616 ante
3764 569 3767 571 ’

2102 663 2206 701 non
2245 649 2467 704 multum
2517 658 2728 720 tempus
2768 658 2951 705 exorta
2987 666 3001 704 :
3041 658 3226 704 centra
3253 663 3409 719 quam
3440 646 3689 705 ha-resim

2100 753 2219 796 cum
2264 740 2450 797 fuisset
2489 740 2689 796 diutius
2737 740 3099 812 disputatum,
3150 739 3310 794 etiam
3351 738 3419 795 ad
3463 740 3685 794 concilia

2099 832 2422 903 episcopalis
2475 833 2764 888 novissima
2820 832 3142 888 necessitate
3211 840 3525 902 perventum
3571 839 3689 896 est;

2099 924 2243 979 unde
2280 922 2453 989 vobis,
2502 930 2623 979 non'
2654 922 2867 995 quidem
2903 921 3108 990 omnia,
3147 920 3242 977 sed
3289 930 3469 977 tamen
3513 921 3688 991 aliqua

2099 1015 2322 1086 legenda
2359 1016 2558 1071 direxi.
2596 1014 2706 1070 Nos
2734 1030 2864 1086 ergo
2908 1013 2975 1068 ad
3013 1014 3152 1069 bene
3179 1013 3509 1084 operandum
3538 1027 3688 1083 spent

2098 1120 2205 1160 non
2251 1105 2539 1160 habeamus
2569 1104 2622 1158 in
2654 1103 2870 1159 homine
2896 1146 2912 1172 ,
2942 1104 3214 1159 firmantes
3237 1117 3453 1159 carnem
3484 1101 3687 1158 brachii

2099 1198 2267 1253 n0stri
2296 1216 2310 1252 :
2342 1214 2440 1253 nec
2467 1213 2497 1251 a
2525 1197 2752 1252 Domino
2797 1196 3042 1254 discedat
3078 1212 3173 1252 eor
3198 1206 3481 1263 nostrum;
3511 1197 3605 1252 sed
3636 1197 3685 1251 ei

2097 1290 2259 1356 dicat,
2288 1290 2507 1363 Adjutor
2519 1307 2658 1345 meus
2678 1299 2801 1356 esto,
2830 1306 2894 1344 ne
2921 1289 3243 1361 derelinquas
3269 1307 3348 1343 me
3367 1331 3381 1356 ,
3405 1306 3564 1361 neque
3590 1289 3685 1343 de-

2098 1382 2285 1454 spicias
2311 1399 2408 1449 me,
2438 1380 2578 1436 Deus
2604 1381 2846 1436 salutaris
2872 1398 3011 1436 meus
3034 1379 3053 1454 (
3079 1380 3224 1435 Psal.
3256 1395 3412 1448 xm,
3440 1380 3473 1436 9
3497 1379 3537 1453 ).

2171 1475 2222 1528 7.
2251 1473 2505 1542 Proinde,
2528 1474 2849 1539 charissimi,
2881 1475 3019 1530 sicut
3048 1474 3416 1544 superioribus
3444 1472 3686 1530 testimo-

2097 1566 2202 1622 niis
2241 1576 2545 1622 sanctarum
2581 1567 2977 1638 Seripturarum
3028 1568 3406 1637 probavimus,
3440 1567 3509 1637 ad
3538 1566 3679 1639 bene
3718 1616 3726 1645 ..

2096 1659 2381 1714 vivendum
2404 1668 2458 1715 et
2499 1669 2645 1714 recte
2671 1659 2933 1730 agendum
2961 1675 3085 1717 esse
3115 1659 3167 1714 in
3207 1659 3424 1715 homine
3453 1659 3680 1715 liberum
3710 1650 3720 1709 ἑ

2095 1752 2381 1827 voluntatis
2407 1738 2716 1818 arbitrium;
2760 1752 2837 1806 sic
2867 1752 3027 1807 etiam
3074 1748 3141 1805 de
3184 1750 3352 1822 gratia
3396 1750 3531 1819 Dei,
3565 1751 3683 1806 sino

2094 1834 2357 1922 qua'uihil
2384 1842 2508 1898 boni
2539 1858 2699 1915 agere
2738 1857 3024 1914 possumus
3044 1883 3059 1909 ,
3100 1856 3218 1912 qua:
3265 1840 3373 1897 sint
3400 1841 3578 1896 divina
3606 1850 3683 1897 te-

2094 1920 2344 1991 stimonia
2367 1935 2659 1992 videamus.
2686 1937 2762 1992 Ac
2787 1934 3018 2006 primum
3039 1933 3108 1990 de
3125 1935 3238 2006 ipsa
3264 1945 3440 1990 vestra
3473 1932 3681 2005 profes—

2098 2028 2250 2083 sione
2296 2027 2495 2098 aliquid
2538 2028 2734 2082 dicam.
2774 2026 2959 2097 Neque
3011 2026 3153 2080 enim
3196 2034 3550 2096 congregaret
3579 2038 3679 2079 vos

2092 2120 2190 2175 ista
2219 2119 2465 2186 societas,
2495 2118 2547 2173 in
2593 2134 2695 2189 qua
2740 2117 3080 2174 continenter
3108 2117 3290 2171 vivitis
3318 2118 3365 2184 ³,
3389 2115 3492 2171 nisi
3522 2117 3679 2171 volu-

2090 2220 2288 2282 ptatem
2331 2210 2663 2281 eonjugalem
2694 2210 3129 2266 contemneretis.
3176 2209 3310 2264 lliuc
3337 2219 3517 2263 autem
3562 2208 3676 2262 Do-

2090 2301 2236 2356 mino
2277 2301 2509 2372 loquenti
2554 2316 2674 2354 eum
2701 2299 2964 2356 dixissent
3000 2298 3268 2370 discipuli,
3327 2299 3389 2354 Si
3431 2298 3548 2353 talis
3595 2310 3672 2354 est

2089 2408 2242 2446 causa
2275 2390 2493 2445 hominis
2528 2407 2642 2443 cum
2695 2406 2887 2456 uxore,
2946 2406 3048 2443 non
3087 2388 3289 2460 expedit
3322 2387 3548 2452 nubere;
3594 2404 3679 2443 re-

2087 2482 2304 2554 spondit
2325 2482 2403 2537 eis
2434 2522 2450 2549 ,
2484 2481 2605 2536 Non
2632 2497 2803 2536 omnes
2830 2481 3040 2552 capiunt
3066 2481 3269 2535 verbum
3298 2480 3422 2548 hoc,
3448 2480 3539 2535 sed
3560 2482 3676 2552 qui-

2087 2575 2178 2630 bus
2222 2574 2394 2627 datum
2422 2582 2493 2628 est
2537 2573 2555 2644 (
2582 2571 2770 2627 Matth.
2819 2588 2909 2627 xix
2935 2614 2949 2636 ,
2981 2571 3049 2627 10
3073 2613 3088 2638 ,
3123 2573 3183 2627 ll
3207 2569 3248 2645 ).
3271 2570 3538 2642 Numquid
3569 2586 3674 2625 non

2086 2665 2311 2720 liberum
2352 2664 2632 2719 arbitrium
2663 2663 2931 2719 Timothei
2962 2674 3043 2719 est
3080 2663 3394 2719 exhortatus
3440 2664 3674 2733 Aposto-

2085 2757 2168 2812 lus
2194 2757 2398 2823 dicens,
2428 2754 2639 2811 Contine
2658 2764 2706 2810 te
2730 2756 2898 2826 ipsum
2923 2754 2941 2827 (
2964 2754 2980 2808 l
3005 2753 3142 2810 Tim.
3164 2770 3219 2821 v,
3240 2754 3371 2825 22)?
3401 2755 3465 2809 Et
3492 2755 3544 2809 in
3575 2753 3675 2808 hac

2085 2865 2145 2905 re
2176 2860 2491 2921 potestatem
2532 2848 2824 2905 voluntatis
2868 2848 3137 2915 ostendit,
3185 2848 3273 2903 ubi
3302 2848 3407 2915 ait,
3450 2864 3551 2903 non
3581 2848 3672 2902 ha-

2084 2941 2204 2995 bens
2231 2940 2598 3006 necessitatem,
2622 2948 2920 3012 potestatem
2940 2949 3107 2995 autem
3137 2938 3325 2994 habens
3347 2955 3452 2994 suae
3482 2940 3663 2994 volun-

2084 3033 2222 3102 tatis,
2245 3041 2301 3087 ut
2330 3041 2486 3087 servet
2527 3032 2770 3104 virginem
2796 3048 2960 3086 suam.
2990 3031 3060 3087 Et
3088 3041 3263 3087 tamen
3291 3074 3306 3100 ,
3351 3048 3452 3086 non
3492 3047 3666 3086 omnes

2082 3128 2294 3198 capiunt
2336 3125 2536 3181 verbum
2582 3126 2698 3193 hoc,
2748 3125 2836 3180 sed
2881 3125 3064 3199 quibus
3108 3125 3285 3180 datum
3313 3135 3406 3179 est.
3463 3124 3669 3192 Quibus

2082 3220 2226 3275 enim
2270 3235 2376 3273 non
2414 3225 2497 3273 est
2533 3216 2737 3283 datum,
2770 3225 2861 3270 aut
2913 3216 3102 3270 nolunt
3131 3259 3145 3281 ,
3178 3209 3265 3270 aut
3294 3232 3399 3271 non
3446 3215 3671 3286 implent

2082 3311 2221 3382 quod
2249 3310 2430 3364 volunt
2462 3326 2475 3364 :
2503 3307 2696 3379 quibus
2725 3316 2902 3362 autem
2933 3307 3113 3361 datum
3145 3317 3247 3373 est,
3280 3307 3358 3363 sic
3388 3306 3574 3362 volunt
3607 3316 3664 3362 ut

2082 3402 2337 3470 impleant
2364 3398 2507 3470 quod
2537 3399 2741 3453 volunt.
2768 3399 2967 3468 Itaque,
3000 3408 3058 3453 ut
3098 3399 3200 3453 hoc
3226 3399 3453 3453 verbum
3476 3440 3491 3466 ,
3518 3399 3660 3470 quod

2081 3508 2187 3547 non
2231 3492 2299 3547 ab
2337 3491 2586 3546 omnibus
2628 3491 2853 3559 ‘capitur,
2884 3490 2953 3545 ab
2999 3490 3264 3560 aliquibus
3309 3491 3584 3561 capiatur,
3612 3500 3667 3546 et

2081 3586 2173 3641 Dei
2201 3585 2398 3640 donum
2426 3592 2535 3649 est,
2566 3592 2620 3638 et
2645 3583 2868 3639 liberum
2899 3582 3200 3639 arbitrium.

2151 3678 2203 3734 8.
2242 3680 2312 3732 De
2348 3679 2457 3748 ipa
2489 3692 2700 3748 quoque
2730 3677 2979 3745 pudicitia
3008 3675 3274 3747 conjugali
3300 3692 3493 3748 nempe
3515 3678 3664 3743 Apo-

2078 3776 2246 3824 sto‘us
2287 3770 2394 3833 ait,
2454 3767 2604 3835 Quod
2658 3766 2762 3821 vult
2802 3768 2992 3838 faciat,
3044 3784 3145 3822 non
3195 3776 3365 3840 peccat
3414 3768 3461 3823 si
3511 3767 3664 3822 nubat

2079 3864 2129 3934 (Ι
2150 3861 2266 3917 Cor.
2293 3878 2385 3923 vn,
2420 3862 2510 3925 '57,
2535 3858 2641 3932 56)
2677 3878 2689 3915 :
2722 3870 2775 3915 et
2819 3870 2995 3914 tamen
3023 3860 3182 3915 etiam
3214 3860 3315 3916 hoc
3345 3860 3437 3916 Dei
3464 3860 3662 3915 donum

2077 3964 2178 4019 est,
2221 3954 2430 4009 dicente
2469 3952 2764 4023 Scriptura,
2823 3952 2868 4007 A
2918 3952 3133 4007 Domino
3174 3954 3412 4025 jungitur
3467 3954 3651 4007 mulier

2077 4045 2182 4098 viro
2211 4040 2398 4116 (Ριοόυ.
2428 4059 2520 4098 XIX
2543 4085 2558 4109 ,
2586 4042 2697 4116 Η).
2730 4042 2852 4100 Ideo
2878 4043 3074 4101 Doctor
3098 4042 3346 4100 Gentium
3379 4053 3431 4098 et
3455 4043 3660 4113 pudici-

2078 4136 2202 4190 tiam
2249 4135 2584 4205 conjugaletn
2630 4149 2724 4205 per
2747 4150 2907 4206 quam
2937 4151 3044 4191 non
3099 4131 3232 4191 fiunt
3259 4135 3546 4203 adulteria,
3598 4144 3654 4192 et

2076 4225 2450 4298 perfectiorem
2475 4227 2859 4283 continentiam
2886 4241 2985 4299 per
3008 4242 3169 4299 quam
3197 4228 3377 4284 nullus
3403 4229 3654 4284 concubi-

2075 4329 2161 4376 tus
2208 4321 2487 4392 qnaaritur,
2517 4334 2771 4376 sermone
2819 4334 2918 4376 suo
2944 4321 3331 4377 commendans
3351 4363 3364 4387 ,
3397 4329 3451 4378 et
3478 4320 3577 4376 hoc
3605 4332 3657 4377 et

2074 4411 2200 4467 illud
2230 4411 2429 4467 donum
2452 4411 2547 4467 Dei
2578 4426 2698 4467 esse
2725 4410 3081 4477 monstravit,
3110 4411 3350 4467 scribens
3383 4411 3450 4467 ad
3477 4410 3663 4468 Corin-

2073 4504 2237 4572 thios,
2260 4503 2624 4560 etadmonens
2649 4502 2904 4575 coniuges
2925 4519 2994 4561 ne
3031 4520 3092 4560 se
3122 4505 3349 4562 invicem
3375 4504 3655 4572 fraudent:

2070 4610 2205 4667 quos
2233 4611 2353 4651 cum
2379 4594 2778 4661 admonuisset,
2805 4595 3021 4666 adjecit,
3056 4593 3248 4651 Vellem
3277 4606 3444 4651 autem
3486 4614 3657 4651 omnes

2070 4687 2296 4742 homines
2337 4703 2445 4742 esse
2478 4688 2606 4742 sicut
2660 4695 2707 4741 et
2759 4703 2840 4741 me
2884 4687 3053 4759 ipsum
3072 4675 3259 4758 {quia
3313 4689 3496 4758 utique
3541 4687 3656 4759 ipse

2069 4779 2137 4834 ab
2182 4779 2328 4833 omni
2371 4779 2657 4834 concubitu
2704 4780 3009 4835 continebat
3058 4796 3073 4833 :
3126 4787 3181 4835 et
3219 4779 3475 4835 continuo
3520 4783 3653 4837 sub-

2062 4870 2258 4941 juuxit,
2289 4867 2395 4926 Sed
2416 4869 2755 4940 unusquisque
2779 4869 3043 4942 proprium
3059 4869 3248 4925 donum
3271 4868 3417 4927 habet
3445 4888 3477 4926 a
3502 4870 3649 4936 Deo;

2067 4962 2198 5017 alius
2223 4963 2313 5022 sic.
2343 4960 2476 5016 alius
2501 4971 2666 5015 autem
2686 4962 2759 5016 sic
2791 4960 2843 5035 (Ι
2867 4961 2984 5017 Cor.
3011 4977 3107 5029 vu,
3136 4964 3225 5035 7).
3249 4962 3516 5035 Numquid
3541 4975 3646 5021 tam

2066 5053 2230 5106 multa
2255 5067 2374 5122 qua:
2397 5051 2775 5121 przecipiuntur
2798 5051 2850 5106 in
2875 5051 2993 5123 lege
3021 5052 3135 5118 Dei,
3166 5070 3233 5109 ne
3270 5053 3657 5113 fornicationes

2066 5153 2118 5198 et
2142 5143 2395 5197 adulteria
2426 5143 2827 5198 committantur
2849 5184 2864 5211 ,
2890 5143 3126 5200 indicant
3160 5145 3305 5202 aliud
3336 5163 3494 5218 quam
3521 5147 3643 5206 libe-

2065 5254 2182 5291 rum
2237 5224 2549 5290 arbitiium?
2603 5234 2789 5306 Neque
2838 5237 2981 5292 enim
3040 5238 3493 5310 praaciperentur,
3553 5242 3643 5297 nis

2064 5326 2226 5381 homo
2279 5325 2499 5381 haberet
2545 5326 2814 5396 propriam
2877 5327 3244 5396 voluntatem,
3299 5346 3402 5402 qua
3455 5332 3648 5388 divinis

2063 5418 2342 5487 pra-ceptis
2384 5416 2643 5472 obedirrt.
2696 5416 2764 5472 Et
2799 5425 2974 5474 tamen
3024 5419 3119 5477 Dei
3163 5420 3362 5477 donum
3392 5432 3495 5490 est,
3527 5424 3645 5481 sine

2061 5525 2165 5579 quo
2192 5508 2390 5562 servari
2417 5508 2676 5563 castitatis
2698 5520 2960 5581 prrecepta
2994 5527 3099 5566 non
3126 5521 3366 5584 possunt.
3398 5511 3552 5572 Unde
3573 5519 3648 5571 ait

2123 5638 2280 5707 {miti
2300 5676 2312 5698 ,
2350 5645 2553 5707 Ifroptcr
2591 5638 2679 5707 hoc
2708 5653 2836 5707 enim
2868 5641 3083 5701 subierit.
3136 5631 3506 5707 Antiq'trissimus
3533 5652 3647 5700 Cor-

2059 5700 2276 5751 bcicnsis
2298 5700 2456 5750 codex
2470 5707 2520 5750 et
2516 5701 2735 5811 0quidam
2758 5704 2836 5752 alii
2868 5700 2996 5762 Mss},
3020 5700 3275 5767 tuaptercu
3300 5709 3518 5767 subjecit.

2123 5764 2143 5793 ²
2163 5764 2467 5811 (:orhr-iensis
2488 5775 2515 5811 c
2582 5777 2641 5811 ex
2670 5775 2781 5811 ante
2810 5775 3079 5811 nnneentus
3106 5767 3181 5811 ιρι
3205 5767 3335 5811 ttulit:
3361 5782 3511 5811 annm

2123 5764 2143 5793 ²
2163 5764 2467 5827 (:orhr-iensis
2488 5764 2653 5827 codex
2670 5775 2781 5814 ante
2810 5775 3079 5827 nongentos
3106 5764 3181 5816 ιρι
3205 5767 3335 5817 nullo
3361 5764 3511 5818 annos
3531 5773 3645 5821 551'

2064 5833 2191 5885 ltus,
2218 5825 2501 5875 t'tmliztcnlcs
2526 5824 2692 5876 t'ittlts.
2746 5832 2759 5841 ⁸
