4098 6530
234 1098 243 1113 δ

102 1122 211 1187 Γ.

377 422 479 485 839

376 568 437 603 ne
464 551 515 601 in
547 564 758 602 vacuum
803 556 1018 618 gratiam
1067 540 1157 598 Dei
1196 542 1481 612 suscipiatis
1510 539 1576 610 (ιι
1624 537 1742 593 Cor.
1774 552 1846 603 \‘t,
1882 537 1958 606 1).

300 686 303 713 ε
380 640 569 711 I'tquid
601 639 741 693 enim
786 653 881 693 eos
924 646 1107 708 rogat,
1138 636 1180 689 si
1211 634 1435 705 gratiam
1474 633 1551 687 sic
1590 636 1963 699 susceperunt,

176 734 245 795 λ,
301 718 429 785 ἶν’ῗῖι
473 731 738 801 propriatn
783 728 1066 799 perderent
1094 725 1455 780 voluntatem?
1494 723 1694 797 Tamen
1742 738 1810 791 ne
1852 720 1967 788 ipsa

94 816 115 845 μ
162 804 175 827 1

202 868 207 873 ,
280 814 302 883 ξ’
362 823 619 901 uoluntas
659 820 1369 903 singggitiaubeiputctur
1394 815 1745 897 honi‘aliquitl
1786 829 1962 883 posse,

350 890 1060 987 lt~rttliﬁu7E£ﬁTdixisset.
1106 894 1424 979 Gratiaeﬁts
1466 910 1518 961 in
1561 925 1637 960 me
1666 906 1824 959 vacua
1854 906 1964 958 ‘non

430 990 561 1002 ἡμμ,
610 982 741 997 ...α-Ἢ

348 990 495 1075 ῩῙιίῖιξ
518 990 1021 1073 ἶὲάηιᾙῗοῖιύιῑὺειδ
1056 1003 1157 1059 illis
1197 1003 1459 1066 laboravi;
1493 1000 1765 1070 subjunsit
1807 1011 1967 1069 atque

298 1086 315 1104 ⁵
373 1099 468 1163 ait,
502 1096 624 1152 Non
654 1114 743 1167 ego
770 1107 956 1161 autem,
988 1096 1076 1151 sed
1113 1096 1279 1167 gratia
1307 1093 1402 1148 Dei
1431 1110 1625 1147 mecum
1653 1091 1697 1165 (Ι
1725 1090 1844 1146 Cor.
1874 1107 1963 1157 xv,

195 1202 275 1257 ,1)
340 1191 426 1255 Ὃ,
464 1191 548 1259 Ιυ)
575 1207 588 1243 :
632 1190 679 1243 id
707 1198 810 1253 cst,
846 1204 950 1242 non
980 1188 1146 1251 solus,
1176 1186 1266 1242 sed
1294 1186 1462 1256 gratia
1494 1184 1585 1239 Dei
1616 1199 1824 1237 meeum
1860 1200 1873 1235 :
1904 1198 1967 1238 ac

378 1300 468 1351 per
498 1281 598 1336 hoc
631 1297 727 1335 nec
757 1281 925 1350 gratia
968 1280 1058 1335 Dei
1088 1279 1223 1345 Sola,
1252 1294 1350 1333 nec
1380 1278 1491 1347 ipse
1523 1277 1690 1342 solus,
1724 1274 1818 1330 sed
1849 1290 1969 1345 gra-

376 1378 445 1430 tia
475 1375 569 1429 Dei
600 1390 718 1427 cum
748 1374 856 1428 illo.
888 1372 956 1429 Ut
982 1382 1158 1426 autem
1186 1371 1253 1426 de
1278 1371 1416 1426 cmlo
1443 1380 1742 1433 vocaretur,
1774 1377 1829 1423 et
1859 1378 1967 1422 tam

376 1482 565 1536 magna
587 1464 956 1521 efﬁcacissima
981 1464 1257 1518 vocatione
1279 1470 1683 1518 converteretur
1704 1462 1839 1533 (Act.
1867 1459 1961 1530 Ix),

373 1561 540 1628 gratia
583 1558 676 1613 Dei
703 1568 820 1613 erat
858 1559 1005 1624 sola;
1051 1558 1173 1625 quia
1203 1559 1391 1612 merita
1418 1556 1533 1625 ejus
1561 1566 1713 1611 erant
1753 1571 1963 1626 magna,

375 1650 469 1706 sed
500 1651 656 1704 tnala.
692 1650 928 1720 Denique
956 1659 1011 1705 et
1036 1650 1160 1703 alibi
1188 1650 1315 1703 dicit
1340 1649 1405 1703 ad
1433 1648 1777 1704 Timotheum
1804 1666 1816 1701 :
1849 1647 1967 1704 Col-

376 1743 548 1795 labora
580 1739 854 1814 Evangelia
877 1734 1152 1796 secundum
1178 1744 1407 1795 virtutem
1440 1740 1536 1795 Dei
1565 1740 1733 1795 salvos
1762 1758 1851 1796 nos
1881 1746 1965 1812 fa-

375 1834 570 1899 cientis,
600 1845 644 1887 et
672 1835 895 1888 vocantis
921 1834 1184 1887 vocatione
1208 1850 1302 1887 sua
1326 1844 1538 1897 sancta;
1567 1850 1668 1888 non
1692 1835 1967 1886 secundant

376 1944 532 1994 opera
573 1937 765 1990 nostra,
804 1926 893 1982 sed
929 1926 1204 1981 secundum
1242 1943 1389 1980 suum
1429 1926 1740 1995 propositum
1771 1936 1815 1980 et
1843 1943 1966 1996 gra-

376 2022 517 2086 tiam,
551 2036 663 2089 qua:
688 2019 808 2073 data
837 2029 911 2074 est
939 2018 1080 2074 nobis
1105 2020 1157 2073 in
1185 2016 1384 2074 Christo
1412 2017 1534 2072 Jesu
1565 2016 1631 2091 (ll
1662 2017 1792 2070 Tim.
1828 2033 1840 2071 ι
1864 2060 1876 2079 ,
1909 2019 1963 2085 8,

377 2113 454 2181 ti).
488 2112 614 2166 Item
648 2113 835 2167 merita
869 2127 984 2174 sua,
1028 2111 1123 2167 sed
1156 2111 1296 2166 mala
1322 2126 1752 2166 cotmnemorans
1792 2112 1920 2166 dicit
1949 2130 1962 2166 :

380 2201 595 2256 Fuimus
610 2204 740 2256 enim
765 2203 907 2257 stulti
931 2212 978 2256 et
1007 2220 1099 2257 nos
1122 2203 1397 2273 aliquando
1423 2214 1469 2257 et
1497 2204 1765 2268 increduli,
1793 2221 1967 2256 erran-

378 2304 470 2360 tes,
500 2294 765 2348 servientes
791 2294 1057 2350 desideriis
1080 2303 1127 2348 et
1165 2294 1504 2365 voluptatibus
1532 2295 1703 2360 variis,
1736 2296 1788 2348 in
1820 2295 1968 2348 mali-

379 2388 448 2439 tia
485 2397 531 2441 et
562 2388 751 2441 invidia
791 2399 1016 2465 agentes,
1046 2389 1405 2443 abominabiles
1426 2432 1440 2455 ,
1482 2390 1691 2443 invicem
1725 2390 1841 2442 odio
1877 2390 1970 2443 Iut-

379 2480 561 2532 bentcs.
593 2479 727 2545 Quid
759 2481 872 2534 istis
906 2490 1015 2535 tam
1045 2481 1200 2535 malis
1231 2482 1433 2536 meritis
1474 2482 1574 2535 nisi
1603 2497 1757 2550 plena
1789 2482 1969 2551 utique

377 2569 709 2624 debebatur?
747 2570 852 2625 Sed
901 2572 1010 2625 Deo
1051 2571 1310 2626 reddente
1352 2572 1490 2626 bona
1533 2587 1630 2641 pro
1670 2572 1842 2631 malis.
1876 2588 1970 2640 per

376 2662 601 2729 gratiam
628 2678 745 2731 qua:
776 2678 879 2716 non
910 2662 1203 2718 secundum
1245 2663 1434 2718 merita
1462 2672 1642 2717 nostra
1670 2662 1844 2728 datur,
1888 2662 1968 2715 fa-

377 2761 520 2805 ctum
548 2761 631 2807 est
669 2752 812 2823 quod
838 2752 1032 2809 deinde
1057 2754 1327 2825 subjungit
1355 2763 1408 2809 et
1438 2755 1565 2809 dicit
1595 2771 1609 2809 :
1662 2772 1682 2807 ι
1714 2753 1845 2809 Cum
1876 2770 1971 2808 au-

380 2856 483 2899 tetn
517 2845 815 2917 benignitas
844 2857 897 2902 et
925 2847 1228 2903 humanitas
1269 2847 1443 2901 illuxit
1473 2842 1771 2902 salvatoris
1800 2846 1967 2901 nostri

379 2940 491 3003 Dei,
535 2954 639 2993 non
671 2954 733 2993 ex
766 2937 1019 3009 operibus
1040 2938 1259 3007 justitia:
1298 2954 1418 3009 qua:
1449 2938 1670 2993 fecimus
1702 2954 1833 3005 nos;
1875 2939 1968 2994 sed

379 3031 674 3085 secundum
704 3045 854 3084 suam
896 3031 1318 3085 miscricordiam
1359 3032 1533 3085 salvos
1559 3047 1657 3085 nos
1704 3030 1843 3094 fecit,
1880 3047 1973 3100 per

379 3123 643 3176 lavacrum
686 3122 1105 3191 regenerationis
1132 3132 1186 3177 et
1211 3122 1572 3177 rcuovationis
1596 3121 1825 3193 Spiritus
1850 3137 1974 3177 san-

378 3213 481 3277 cti,
530 3230 687 3283 quem
733 3214 995 3268 ditissitne
1036 3214 1225 3268 ctl‘ndit
1275 3230 1436 3283 super
1487 3230 1602 3278 nos,
1654 3231 1748 3284 per
1789 3214 1968 3270 Jesum

377 3302 645 3357 (llo-istum
694 3305 1024 3360 Salvatorem
1070 3315 1333 3366 nostrum,
1387 3317 1441 3358 ut
1490 3305 1761 3373 justilieati
1805 3306 1972 3376 ipsius

376 3394 565 3464 gratia,
623 3394 863 3461 hauedcs
928 3396 1225 3449 cfticiamur
1277 3395 1570 3449 secundum
1643 3411 1794 3466 Spem
1847 3397 1971 3451 vita:

377 3498 591 3540 :eterna-
618 3485 745 3559 (Tit.
771 3503 847 3553 nt,
876 3488 1022 3555 5-7).

449 3579 678 3635 CAPUT
707 3578 793 3634 Vl.
821 3611 891 3621 -
919 3582 1005 3636 l5.
1042 3580 1134 3635 llis
1168 3591 1223 3636 et
1261 3581 1453 3636 talibus
1482 3583 1798 3639 testimoniis
1832 3583 1971 3638 clivi-

382 3670 465 3724 nis
495 3671 769 3740 probatur,
795 3671 1021 3749 gratiam
1054 3672 1143 3726 Dei
1183 3688 1288 3727 nou
1331 3673 1621 3727 secundum
1651 3676 1840 3729 merita
1871 3689 1970 3749 no-

336 3772 343 3795 ‘
380 3772 489 3817 stra
519 3762 631 3817 dari
658 3780 672 3818 :
698 3748 1127 3836 quandoquidem
1156 3779 1261 3818 non
1291 3758 1464 3818 solum
1496 3765 1653 3818 nullis
1681 3765 1854 3829 bonis,
1883 3748 1971 3819 ve-

380 3871 496 3910 rum
525 3856 684 3911 etiam
730 3855 912 3911 nmltis
936 3856 1140 3912 meritis
1183 3857 1337 3913 malis
1368 3858 1795 3927 prtcccdentibus
1820 3858 1968 3914 vide-

280 3930 297 4029 iv
362 3964 499 4029 ’mus
523 3948 723 4014 datam,
754 3950 1069 4025 et'quotitlie
1094 3949 1208 4004 dari
1241 3949 1505 4015 videmus.
1536 3950 1641 4005 Sed
1668 3951 1825 4021 plane
1846 3966 1981 4031 cuni

354 4040 501 4094 *tlata
529 4040 686 4117 fuerit
709 4081 724 4107 ,
755 4041 1013 4117 incipiunt
1041 4056 1162 4096 esse
1185 4042 1345 4096 etiam
1375 4030 1774 4097 riterimndstra
1803 4030 1965 4111 bona,

382 4108 655 4217 [rem
692 4114 923 4187 tamen“:
955 4120 1077 4187 nam
1118 4134 1161 4187 si
1202 4150 1260 4187 se
1306 4134 1394 4187 illa
1430 4124 1775 4201 subtraxerit,
1830 4118 1971 4191 cadit

332 4282 339 4287 ,
378 4216 982 4305 ὺιῇῑᾷῗῖτὸῐῖἑὶοροιυε,
1011 4226 1104 4281 sed
1135 4227 1695 4297 prmcipitatuslibero
1720 4232 1965 4286 arbitrio.

377 4319 710 4387 Quapropter
735 4332 835 4372 nec
873 4319 1085 4388 quando
1111 4319 1337 4391 coeperit
1359 4319 1520 4375 homo
1549 4319 1751 4377 habere
1778 4324 1967 4378 merita

378 4411 534 4475 bona,
561 4410 720 4465 debet
742 4408 842 4467 sibi
873 4412 1105 4467 tribucre
1138 4412 1224 4465 illa
1244 4455 1258 4479 ,
1288 4412 1385 4467 sed
1411 4413 1540 4483 Deo,
1570 4413 1656 4468 cui
1686 4414 1885 4491 dicitur
1914 4417 1965 4472 iu

382 4500 593 4554 l‘salmo
617 4541 629 4563 ,
661 4499 880 4566 Adiutor
903 4518 1046 4555 meus
1074 4513 1207 4566 esto,
1244 4519 1305 4557 ne
1328 4503 1650 4574 derelinquas
1675 4522 1755 4560 me
1792 4504 1967 4576 (Psal.

380 4608 531 4658 xxvr,
563 4591 641 4665 9).
674 4593 931 4660 Dicendo,
960 4610 1021 4647 ne
1048 4595 1368 4666 derelinquas
1394 4611 1490 4661 me,
1514 4598 1751 4652 ostendit
1773 4600 1897 4669 quia
1924 4601 1977 4653 si'

375 4688 664 4742 derelictus
692 4686 869 4753 fuerit,
897 4687 1025 4742 nihil
1053 4688 1174 4741 boni
1204 4690 1341 4742 valet
1363 4690 1475 4759 ipse
1503 4706 1595 4759 per
1620 4706 1679 4746 se
1707 4710 1721 4746 :
1751 4693 1891 4747 unde
1915 4703 1972 4748 et

379 4780 468 4834 ille
496 4781 566 4834 ait
594 4820 609 4845 ,
642 4778 751 4849 Ego
780 4779 890 4833 dixi
914 4781 965 4833 in
1001 4779 1314 4833 abundantia
1339 4798 1447 4835 mea
1467 4823 1483 4849 ,
1509 4781 1627 4837 Non
1656 4784 1888 4838 movebar
1915 4786 1970 4839 in

374 4881 640 4924 retentum.
681 4870 964 4926 Putavcrat
992 4871 1135 4925 enim
1185 4887 1339 4927 suum
1369 4870 1534 4927 fuisse
1564 4873 1758 4928 bonum
1779 4916 1795 4942 ,
1826 4876 1970 4946 quod

376 4964 426 5018 ei
466 4964 545 5019 sic
572 4964 912 5031 abundabat,
948 4976 1003 5019 ut
1044 4981 1148 5019 non
1182 4974 1526 5019 moveretur:
1577 4965 1673 5021 sed
1705 4975 1761 5020 ut
1787 4976 1969 5022 osten-

375 5058 595 5112 deretur
620 5057 694 5111 illi
719 5099 734 5122 ,
758 5058 911 5125 cujus
938 5058 1083 5111 esset
1114 5056 1244 5111 illud
1270 5058 1311 5122 ⁸,
1339 5056 1408 5111 de
1434 5074 1540 5127 quo
1588 5068 1840 5128 tanquam
1871 5074 1971 5115 suo

375 5158 618 5219 eruperat
644 5150 890 5220 gloriari,
925 5150 1192 5219 paululum
1221 5150 1387 5219 gratia
1418 5148 1701 5205 descrente
1728 5152 1747 5182 ³
1778 5150 1968 5206 admo-

377 5243 522 5296 nitus
545 5242 674 5296 dicit
698 5284 711 5307 ,
738 5238 989 5306 Domine,
1016 5242 1067 5295 in
1094 5241 1349 5297 voluntate
1372 5251 1460 5296 tua
1488 5243 1764 5313 prwstitisti
1796 5245 1967 5298 deceri

375 5350 486 5387 meo
527 5334 799 5400 virtutem;
848 5334 1071 5388 avertisti
1114 5343 1282 5387 autem
1312 5334 1495 5405 [aciem
1538 5345 1675 5388 tuam
1703 5353 1734 5389 a
1761 5354 1875 5403 me,
1921 5350 1970 5393 et

374 5431 541 5497 tactus
587 5441 699 5479 sunt
743 5423 1066 5478 conturbatus
1097 5422 1270 5496 (Psal.
1303 5439 1469 5489 xxix,
1513 5426 1564 5485 7.
1612 5426 1690 5493 8).
1729 5426 1850 5481 Ideo
1876 5445 1971 5483 ne-

374 5519 667 5593 cessarium
698 5526 781 5572 cst
819 5517 1039 5581 homini,
1074 5528 1129 5570 ut
1153 5518 1322 5586 gratia
1353 5517 1442 5571 Dei
1472 5535 1574 5571 non
1605 5520 1775 5573 solum
1803 5518 1968 5589 justi-

377 5609 567 5664 flector
595 5609 808 5680 impius,
837 5609 885 5663 id
914 5618 995 5663 est
1016 5651 1029 5673 ,
1058 5625 1120 5663 ex
1156 5608 1318 5678 impio
1349 5610 1437 5663 liat
1459 5609 1634 5679 justus
1653 5652 1667 5676 ,
1694 5626 1816 5666 cum
1850 5612 1970 5666 red-

407 5787 413 5793 _
443 5726 460 5755 ²
483 5723 622 5775 hliti.
658 5722 795 5785 cujus
831 5730 950 5773 esset
996 5720 1119 5771 illud
1153 5720 1340 5772 bonum.
1383 5722 1542 5775 Aha-st.
1582 5722 1773 5783 bonum,
1808 5739 1834 5773 a
1861 5724 1967 5787 plc-

375 5799 543 5834 I'i‘tlﬂ.‘
571 5794 672 5834 διὲκ.

446 5806 456 5829 t
482 5800 543 5832 It.“
572 5800 672 5834 .\i~‘\.

444 5800 624 5901 "Idm,
666 5846 824 5910 qrulitt
864 5855 945 5897 Dt‘t
980 5850 1225 5896 llt"(i't'lllt.'
1288 5848 1448 5897 .tlnM,
1498 5846 1598 5905 tft'i,
1640 5851 1782 5896 etiam
1808 5864 1833 5897 a
1862 5850 1965 5911 [lc-

378 5924 541 5970 rtapu'
570 5912 918 5971 nzamzscriptis.

1786 413 1982 474 Lllllﬁll
2024 416 2222 475 UNL'S,

3562 418 3670 477 890

2074 536 2269 591 duntur
2293 539 2337 594 ci
2369 538 2504 593 bona
2551 556 2643 606 pro
2678 539 2858 604 malis;
2884 538 2975 593 sed
3007 540 3074 593 eti
3095 556 3164 593 un
3194 557 3312 593 ru.n
3354 540 3512 597 luerit
3537 540 3654 610 jam

2068 628 2387 695 justtﬁcatns
2412 631 2615 696 (avlide,
2645 630 3016 685 atnlmlett-nm
3050 631 3135 683 illo
3157 633 3345 702 gratia,
3378 641 3431 687 et
3454 648 3663 687 mcunv

2073 722 2161 773 lml
2187 739 2346 790 super
2373 722 2539 792 ip-am
2570 738 2635 777 ne
2662 722 2835 778 cadat.
2872 723 3102 792 PrOpter
3131 723 3232 780 hoc
3274 727 3531 796 scriptum
3577 733 3661 780 est

2073 813 2123 866 in
2152 814 2371 869 Cantico
2400 816 2726 871 canticorum
2758 816 2825 871 de
2852 816 2963 886 ipsa
2997 817 3229 872 Ecclesia
3264 836 3276 870 ε
3314 817 3439 885 Qua:
3465 828 3536 872 est
3566 819 3657 872 ista

2071 920 2183 973 qutv
2201 904 2424 959 ascendit
2442 907 2692 969 dealbata.
2714 908 3001 962 incumbens
3027 926 3183 979 super
3204 908 3495 980 [ratruelem
3510 926 3651 964 suun.

2079 996 2247 1066 (Cant.
2285 1015 2396 1061 \‘ltl,
2428 999 2481 1071 ii)
2503 1000 2525 1053 ?
2551 1000 2803 1055 Dealhata
2835 1010 2916 1056 est
2948 1002 3090 1056 cnim
3120 1019 3237 1067 qua:
3275 1017 3370 1072 per
3398 1018 3455 1057 sc
3496 1002 3662 1073 ipsam

2071 1091 2186 1144 alba
2214 1108 2333 1146 esse
2374 1107 2480 1147 non
2526 1103 2725 1163 posset.
2762 1094 2828 1147 Ει
2848 1112 2875 1144 a
2904 1112 3009 1165 quo
3037 1094 3277 1147 tit-albata
3309 1104 3422 1160 est,
3468 1094 3569 1149 nisi
3594 1094 3661 1150 ab

2073 1182 2179 1244 illo,
2204 1182 2289 1251 qui
2320 1199 2413 1251 per
2443 1184 2754 1254 prophetam
2787 1186 2937 1252 dicit,
2973 1184 3031 1241 ει
3054 1185 3244 1251 fuerint
3270 1195 3473 1253 peccata
3501 1195 3664 1239 vestra

2073 1284 2125 1326 ut
2175 1274 2498 1345 plttenit'ium,
2552 1277 2678 1332 sicut
2732 1278 2892 1331 nivem
2948 1277 3190 1332 dealbabo
3230 1276 3384 1349 (lsai.
3436 1294 3474 1340 ι.
3524 1277 3657 1347 18)?

2071 1365 2294 1431 Quando
2336 1383 2464 1437 ergo
2509 1367 2752 1423 dealbata
2801 1379 2901 1431 est,
2954 1368 3083 1423 nihil
3132 1370 3256 1425 boni
3300 1369 3608 1425 merebatur
3649 1388 3663 1423 ε

2066 1458 2176 1527 jam
2210 1475 2334 1513 wro
2360 1462 2477 1515 alba
2506 1459 2665 1527 facta,
2699 1462 2831 1516 bene
2859 1462 3134 1526 ambulat;
3162 1462 3256 1518 sed
3283 1464 3326 1519 si
3354 1479 3515 1533 super
3543 1478 3665 1517 eum

2071 1566 2100 1604 a
2127 1566 2231 1619 quo
2264 1552 2506 1606 tltralbata
2543 1562 2644 1620 est,
2681 1565 3091 1625 perseveranter
3120 1554 3409 1609 incumbat.
3446 1554 3670 1624 Propter

2071 1642 2211 1710 quod
2256 1653 2310 1697 ct
2350 1645 2460 1713 ipse
2488 1644 2664 1712 .lesus,
2698 1661 2857 1714 super
2899 1663 3056 1717 quem
3099 1647 3357 1701 incumbit
3397 1647 3666 1710 dealbata,

2071 1735 2199 1788 dixit
2220 1735 2493 1806 discipulis
2516 1737 2647 1802 suis,
2676 1737 2799 1792 Sine
2822 1755 2897 1791 me
2920 1739 3047 1791 nihil
3068 1739 3273 1810 potestis
3293 1743 3460 1810 facere
3480 1737 3664 1808 (Joan.

2073 1840 2163 1891 xv,
2196 1824 2273 1895 ὅ).
3372 1894 3377 1901 ι

2149 1920 2236 1972 Η.
2281 1917 2423 1989 Ergo
2457 1920 2738 1974 redeamus
2783 1919 2846 1974 ad
2890 1920 3186 1990 apostolum
3216 1919 3457 1987 Paulum,
3508 1936 3669 1990 quem

2072 2018 2217 2065 ccrtc
2262 2010 2562 2064 invenimus
2606 2011 2722 2065 sine
2764 2012 2887 2065 ullis
2935 2012 3140 2065 meritis
3184 2012 3360 2076 bonis,
3404 2011 3510 2066 into
3545 2027 3665 2065 cum

2073 2102 2256 2158 multis
2300 2103 2503 2157 meritis
2540 2105 2715 2169 malis,
2759 2104 2847 2159 Dei
2887 2104 3112 2175 gratiam
3154 2114 3499 2159 consecutum
3543 2104 3669 2157 rvd-

2072 2193 2247 2248 dcntis
2274 2195 2409 2249 bona
2443 2212 2538 2265 pro
2566 2196 2718 2251 malis
2750 2214 2761 2249 :
2793 2178 3070 2251 videamus
3110 2198 3235 2267 quid
3265 2198 3404 2252 dicat
3437 2214 3531 2251 sua
3555 2198 3666 2267 jam

2076 2291 2463 2359 propinquante
2496 2290 2763 2359 passione,
2796 2291 3038 2347 scribens
3066 2291 3130 2345 ad
3163 2290 3526 2347 'l'imothcnm.
3558 2290 3670 2363 Ego

2073 2382 2205 2434 enim
2232 2382 2347 2451 j..m
2378 2382 2629 2447 innnolor,
2668 2382 2857 2453 inquit,
2890 2394 2936 2437 et
2976 2394 3168 2453 tempus
3196 2383 3516 2438 resolutionis
3547 2400 3672 2439 metu

2071 2474 2248 2528 instat.
2292 2473 2494 2528 Bonum
2534 2486 2783 2530 certamen
2827 2478 3032 2544 certavi,
3064 2494 3267 2532 cursum
3303 2480 3667 2544 consummavi,

2073 2566 2226 2635 [idem
2256 2568 2469 2621 servavi.
2502 2568 2603 2621 Ista
2635 2569 2819 2638 utique
2845 2569 2954 2639 jam
2988 2570 3176 2623 merita
3208 2584 3301 2624 sua
3339 2570 3478 2625 bona
3518 2585 3665 2625 com-

2076 2670 2367 2726 memorat;
2400 2671 2455 2715 ut
2484 2672 2602 2731 post
2628 2662 2764 2716 bona
2798 2664 2986 2717 merita
3009 2674 3368 2733 consequatur
3391 2678 3668 2730 coronam.

2073 2752 2161 2822 qui
2206 2762 2325 2822 post
2354 2752 2543 2807 merita
2585 2754 2722 2807 mala
2752 2763 3074 2809 consecutus
3111 2765 3193 2809 est
3220 2755 3468 2825 gratiam.
3503 2754 3668 2810 Deni-

2074 2859 2177 2914 que
2206 2843 2463 2899 attendite
2500 2844 2625 2915 quid
2665 2854 2960 2915 sequatur:
2995 2844 3271 2916 Superest,
3318 2845 3517 2917 inquit,
3548 2846 3675 2899 mild
3733 2852 3738 2858 '

2075 2954 2262 2991 corona
2288 2938 2527 3008 justititv,
2556 2955 2705 3008 quant
2735 2940 2909 2994 reddet
2936 2939 3061 2993 mihi
3101 2937 3354 2993 Dominus
3381 2939 3434 2993 in
3471 2939 3564 2994 illa
3588 2938 3673 2992 die

2064 3030 2239 3100 justus
2258 3029 2422 3099 judex
2454 3030 2519 3099 (ll
2549 3029 2681 3084 Tim.
2714 3047 2787 3096 tv,
2834 3030 2978 3103 6-8).
3007 3030 3103 3087 Cui
3136 3032 3382 3087 redderet
3408 3046 3665 3087 Coronam

2070 3120 2246 3189 justus
2270 3120 2453 3189 jutlex,
2484 3120 2527 3175 si
2561 3136 2665 3176 non
2707 3121 2957 3177 donasset
2982 3123 3208 3193 gratiam
3246 3123 3552 3179 misericors
3581 3138 3674 3193 pa-

2078 3214 2199 3267 ter?
2237 3213 2303 3268 Et
2343 3214 2613 3285 quomodo
2674 3225 2817 3271 esset
2860 3216 2960 3270 ista
3004 3230 3202 3271 corona
3254 3215 3513 3285 justitim,
3565 3215 3669 3271 nisi

2075 3308 2441 3377 pra'eessissct
2466 3306 2634 3377 gratia
2665 3324 2782 3378 qua:
2808 3306 3062 3377 justilicat
3102 3307 3356 3376 impium?
3383 3305 3667 3376 Quomodo

2078 3400 2174 3452 ista
2209 3398 2389 3453 debita
2422 3398 2762 3467 redderetur,
2797 3399 2897 3453 nisi
2935 3399 3082 3469 prius
3116 3398 3205 3453 illa
3242 3399 3467 3469 gratuita
3498 3397 3668 3453 dona-

2076 3490 2264 3544 retur?

2150 3582 2239 3636 13.
2267 3581 2370 3636 Sed
2397 3596 2515 3635 cum
2544 3581 2726 3636 dicunt
2762 3580 3028 3652 Pelagiani
3058 3580 3195 3635 hanc
3220 3594 3339 3636 esse
3367 3580 3533 3635 solam
3564 3595 3671 3635 non

2076 3673 2367 3729 secundum
2398 3673 2587 3727 merita
2617 3681 2798 3727 nostra
2829 3673 3071 3744 gratiam,
3096 3688 3199 3743 qua
3223 3671 3421 3727 homini
3452 3674 3669 3742 peccata

2075 3765 2447 3827 dimittuntur;
2479 3764 2624 3818 illam
2655 3779 2783 3819 vero
2829 3779 2949 3834 qua:
2978 3762 3136 3818 datur
3164 3763 3217 3818 in
3250 3763 3358 3819 line
3384 3804 3399 3830 ,
3452 3763 3505 3819 id
3543 3774 3627 3821 est
3650 3804 3669 3829 ,

2075 3870 2331 3913 aeternam
2353 3857 2537 3925 vitam,
2570 3858 2774 3912 meritis
2806 3858 3002 3911 nostris
3026 3855 3454 3927 praecedentibus
3480 3855 3668 3912 reddi:

2075 3950 2504 4022 respondendum
2533 3958 2616 4006 est
2642 3951 2743 4006 eis.
2771 3950 2824 4006 Si
2851 3950 2993 4004 enim
3028 3951 3216 4005 merita
3253 3958 3435 4005 nostra
3475 3949 3554 4005 sic
3584 3949 3671 4005 in-

2079 4044 2396 4114 telligerent,
2418 4051 2475 4097 ut
2500 4042 2660 4097 etiam
2687 4042 2800 4113 ipsa
2827 4041 2968 4097 dona
2996 4041 3088 4097 Dei
3116 4055 3235 4097 esse
3258 4050 3670 4113 cognoscerent,

2028 4175 2037 4183 .
2077 4152 2182 4191 non
2213 4145 2354 4191 esset
2386 4134 2713 4205 rcprohanda
2743 4136 2760 4166 ί
2796 4135 2895 4190 ista
2929 4136 3193 4190 sententia
3220 4153 3234 4189 :
3265 4134 3516 4205 quoniam
3541 4148 3675 4188 vero

2077 4228 2267 4284 merita
2308 4227 2538 4281 lmmana
2565 4224 2643 4281 sic
2670 4226 2981 4296 prtedieant,
3007 4235 3144 4281 utea
3171 4240 3240 4281 ex
3266 4225 3555 4295 semetipso
3577 4224 3674 4279 ha-

2077 4321 2204 4376 bere
2233 4321 2504 4376 hominem
2546 4319 2747 4387 dicant,
2792 4334 3015 4391 prorsus
3049 4319 3351 4375 rectissime
3380 4316 3675 4389 respondet

2076 4414 2386 4485 Apostolus,
2434 4414 2560 4480 Quis
2599 4415 2731 4469 enim
2772 4424 2821 4469 te
2856 4412 3137 4468 discernit?
3163 4412 3301 4480 Quid
3326 4423 3495 4467 autem
3520 4411 3673 4466 babes

2076 4508 2212 4579 quod
2240 4524 2343 4562 non
2369 4507 2606 4578 occepisti
2622 4506 2648 4561 .9
2678 4506 2740 4561 Si
2762 4515 2929 4560 autem
2958 4515 3007 4561 et
3034 4505 3293 4577 accepisti,
3323 4504 3448 4576 quid
3476 4504 3670 4577 gloria-

2075 4601 2147 4653 ris
2174 4599 2319 4670 quasi
2365 4615 2467 4653 non
2512 4598 2765 4669 acceperis
2791 4596 2847 4667 (1
2890 4595 3009 4659 Cor.
3051 4613 3123 4664 tv,
3153 4596 3250 4669 7)?
3292 4596 3521 4652 Prorsus
3545 4596 3667 4650 talia

2077 4690 2328 4761 cogitanti
2354 4691 2634 4745 verissime
2661 4689 2854 4745 dicitur
2890 4707 2905 4743 :
2935 4689 3080 4744 Dona
3112 4704 3205 4742 sua
3236 4694 3461 4743 coronat
3485 4687 3625 4741 Deus
3654 4727 3669 4752 ,

2076 4799 2183 4837 non
2208 4784 2398 4837 merita
2424 4794 2546 4846 tua;
2570 4783 2613 4838 si
2640 4783 2782 4839 tibia
2812 4792 2863 4837 te
2890 4783 3027 4852 ipso,
3058 4798 3165 4836 non
3195 4781 3379 4837 abillo
3406 4790 3531 4836 sunt
3557 4797 3673 4837 mc-

2076 4874 2177 4929 rita
2206 4883 2312 4928 tua.
2339 4873 2464 4928 llaec
2489 4874 2631 4929 enim
2660 4872 2702 4927 si
2727 4873 2847 4926 talia
2874 4882 3016 4939 sunt,
3042 4873 3176 4927 mala
3201 4880 3352 4934 sunt;
3379 4888 3500 4943 qua:
3520 4873 3540 4904 ²
3563 4889 3668 4928 non

2076 4976 2299 5020 coronat
2326 4966 2469 5020 Deus
2502 4982 2516 5019 :
2545 4964 2588 5019 si
2626 4975 2805 5019 autem
2834 4964 2974 5019 bona
3006 4973 3161 5029 sunt,
3207 4963 3299 5017 Dei
3333 4963 3471 5018 dona
3498 4972 3625 5018 sunt
3653 4981 3669 5029 ;

2076 5059 2198 5129 quia
2226 5057 2362 5111 sicut
2385 5056 2515 5112 dicit
2538 5054 2816 5126 apostolus
2843 5054 3095 5119 Jacohus,
3131 5053 3295 5110 Omne
3316 5052 3493 5110 datum
3529 5065 3667 5127 optt-

2078 5169 2215 5205 ntnm
2237 5194 2251 5219 ,
2293 5160 2337 5205 et
2367 5168 2512 5204 omne
2542 5150 2729 5204 donum
2755 5153 3029 5222 perfectum
3061 5149 3323 5204 desursum
3347 5158 3439 5212 est,
3463 5149 3671 5202 descen-

2077 5244 2200 5298 dens
2242 5262 2273 5296 a
2319 5242 2474 5297 Patre
2519 5242 2765 5296 lum'num
2805 5239 3005 5315 (Jacobi
3043 5257 3081 5302 I.
3130 5242 3239 5312 i7).
3278 5239 3429 5296 Unde
3456 5240 3583 5295 dicit
3615 5254 3671 5298 et

2075 5338 2310 5393 Joannes
2331 5349 2628 5407 praecorsor
2658 5335 2891 5400 Domini,
2927 5333 3047 5388 Non
3077 5344 3235 5404 potest
3264 5333 3414 5387 Itomo
3434 5333 3666 5402 accipere

2076 5430 2369 5502 quidquam,
2403 5429 2501 5483 nisi
2527 5429 2677 5500 fuerit
2707 5428 2942 5481 eidutum
2973 5428 3035 5481 de
3063 5429 3187 5481 ewlo
3221 5424 3396 5496 (Joan.
3427 5441 3503 5489 tn,
3526 5424 3591 5479 Ξῖ
3604 5436 3622 5492 )
3653 5444 3667 5480 :

2078 5524 2257 5593 utique
2283 5523 2349 5577 de
2373 5522 2531 5585 CtL'io,
2563 5520 2703 5577 unde
2743 5522 2902 5575 etiam
2948 5521 3093 5574 venit
3138 5519 3366 5589 Spiritus
3407 5526 3624 5572 sanctus
3649 5556 3666 5578 ,

2077 5613 2287 5684 quando
2313 5612 2467 5667 Jcsus
2494 5610 2733 5666 ascendit
2764 5613 2813 5666 in
2844 5612 3008 5665 altntn
3029 5655 3041 5676 ,
3074 5611 3354 5680 raptivavit
3384 5608 3576 5675 captni
3604 5625 3660 5660 a-

2142 5794 2153 5823 ¹
2186 5799 2288 5839 3N5.
2319 5791 2541 5840 Valia‘nzti.
2566 5789 2722 5837 (lallit'i
2754 5799 2799 5838 ut
2830 5789 3023 5844 ﬂt'Liu'i,
3051 5786 3267 5848 rrprt'l'tt.

2141 5858 2158 5884 ²
2180 5862 2190 5899 l
2209 5856 2327 5899 Ilttto
2354 5865 2422 5899 \nt
2450 5890 2460 5899 .
2486 5868 2592 5907 τμη·
2620 5860 2742 5898 sunt.
2794 5860 2863 5897 lt‘.
2889 5862 2932 5898 t'l
2973 5861 3053 5897 Im
3088 5846 3111 5906 ,γ
3144 5861 3253 5910 qua:
3289 5846 3417 5894 malit
3471 5853 3570 5892 aut!
3618 5853 3669 5894 ιέ)

2079 5925 2182 5965 lix.
2207 5932 2319 5974 tum,
2341 5925 2445 5962 wn!
2489 5918 2592 5962 nulla
2623 5930 2707 5973 ta;
2734 5930 2849 5967 :l“~‘,
2868 5928 2911 5959 ιιι
2932 5926 3012 5960 .Lt.
