4098 6514
501 358 600 418 891

398 514 404 519 ~
501 487 641 541 tem,
672 472 819 529 dedit
847 471 985 528 dona
1013 467 1317 526 hominibus
1357 463 1530 538 (Psal.
1569 478 1732 527 mtvn,
1767 460 1867 523 l9;
1895 457 2084 528 Ephes.

400 602 404 608 -
502 586 579 638 tv,
609 568 687 642 8).
720 567 775 623 Si
809 582 935 636 ergo
966 564 1060 619 Dei
1094 564 1231 618 dona
1268 570 1390 615 sunt
1430 559 1565 613 bona
1605 554 1790 610 merita
1832 562 1939 616 tua,
1982 565 2089 604 non

402 702 409 727 ς
502 661 645 716 Dens
670 668 891 714 coronat
921 658 1109 711 merita
1133 665 1219 710 tua
1239 664 1485 724 tanquam
1515 650 1699 730 merita
1726 656 1833 715 tua,
1857 645 1950 701 scd
1975 654 2091 698 tan—

499 769 663 824 quam
693 752 830 806 dona
857 766 974 806 sua.

572 842 797 900 CAPUT
827 842 935 898 Vll.
961 873 1033 882 —
1051 840 1135 896 lﬁ.
1161 838 1389 895 Proinde
1409 835 1812 892 consideremus
1832 832 1942 902 ipsa
1971 845 2087 885 me-

498 935 599 989 rita
646 935 870 1004 apostoli
920 933 1086 997 Pauli,
1129 931 1320 1002 quibus
1359 929 1491 985 dixit
1525 942 1778 983 coronam
1820 924 2041 995 justitia:
2068 922 2085 955 ί

501 1025 827 1081 redditurum
855 1024 1088 1096 judicem
1113 1023 1315 1094 justum
1335 1064 1351 1089 ,
1382 1029 1434 1075 et
1460 1019 1732 1074 videamus
1768 1026 1945 1071 utrum
1974 1030 2089 1070 me-

496 1116 597 1170 rita
630 1115 795 1186 ipsius
827 1125 1073 1186 tanquam
1115 1114 1313 1185 ipsius,
1363 1111 1414 1166 id
1446 1122 1558 1176 est,
1590 1125 1655 1165 ex
1685 1109 1802 1179 ipso
1828 1108 1901 1162 illi
1932 1122 2084 1162 com-

497 1216 703 1277 parata,
732 1223 799 1262 an
829 1206 968 1262 dona
1011 1206 1118 1262 sint
1168 1205 1282 1261 Dei.
1321 1203 1542 1269 Bonum,
1594 1201 1785 1271 inquit,
1836 1208 2085 1253 certamen

498 1299 704 1366 certavi,
730 1315 932 1353 cursum
958 1295 1329 1362 consummavi,
1366 1294 1518 1365 [idem
1545 1292 1755 1348 servavi.
1786 1290 1964 1345 Primo
1988 1290 2086 1343 ista

499 1388 639 1443 bona
665 1403 824 1459 opera
847 1431 862 1456 ,
899 1389 943 1443 si
979 1403 1083 1442 non
1109 1402 1169 1441 ea
1198 1385 1595 1456 praxcessissent
1618 1381 1962 1452 cogitationes
1987 1379 2085 1434 bo-

499 1495 606 1545 na},
640 1479 783 1533 nulla
808 1486 1006 1533 essent.
1038 1477 1307 1532 Attendite
1334 1475 1509 1545 itaque
1535 1473 1660 1545 quid
1690 1472 1757 1528 de
1785 1472 1913 1543 ipsis
1939 1471 2087 1541 cogi-

504 1568 793 1623 lotionibus
813 1569 953 1623 dicat
981 1586 993 1622 :
1022 1568 1094 1622 ait
1114 1568 1254 1622 enim
1276 1567 1514 1622 scribens
1529 1564 1594 1620 ad
1618 1563 1939 1629 Corinthios,
1966 1562 2086 1617 Non

497 1662 621 1730 quia
651 1662 820 1716 idonei
860 1678 1035 1716 sumus
1069 1661 1288 1732 cogitare
1316 1659 1508 1730 aliquid
1536 1676 1568 1711 a
1593 1657 1734 1712 nobis
1762 1658 1813 1723 ⁸,
1848 1665 2087 1729 tanquam

499 1768 562 1806 ea:
603 1751 1002 1821 nobismetipsis;
1052 1753 1140 1806 sed
1183 1751 1477 1822 sufﬁcientia
1527 1759 1701 1804 nostra
1747 1765 1812 1804 ea:
1854 1747 1963 1802 Deo
2014 1756 2087 1802 est

499 1844 578 1914 (Il
606 1844 722 1900 Gor.
753 1862 829 1908 nt,
854 1847 935 1917 5).
966 1845 1164 1900 Deinde
1189 1845 1394 1916 singula
1423 1844 1766 1914 inspiciamus
1799 1859 1811 1895 :
1840 1841 2037 1895 Bonum
2069 1882 2084 1907 ,

496 1935 689 2005 inquit,
715 1946 966 1989 certamen
986 1928 1191 1989 certavi.
1219 1935 1412 2001 Quer
1433 1948 1534 2004 qua
1561 1934 1755 1987 virtute
1781 1931 2085 1997 certaverit;

497 2034 677 2080 utrum
707 2041 825 2096 quae
854 2027 927 2080 illi
955 2042 1019 2081 ex
1050 2026 1341 2096 semetipso
1377 2023 1568 2088 fuerit,
1608 2038 1675 2078 an
1713 2038 1830 2094 quae
1858 2021 2088 2091 desuper

495 2113 617 2169 data
648 2115 737 2170 sit.
770 2115 873 2171 Sed
893 2116 1029 2170 absit
1046 2125 1103 2171 ut
1123 2123 1298 2170 tantus
1318 2114 1503 2169 doctor
1525 2112 1546 2145 ⁸
1568 2113 1886 2184 ignoraverit
1917 2113 2086 2184 legem

494 2204 613 2271 Dei,
657 2206 809 2276 cujus
854 2222 958 2260 vox
1008 2214 1091 2261 est
1142 2206 1193 2261 in
1240 2206 1697 2261 Deuteronomio:
1740 2203 1823 2258 Ne
1865 2204 2006 2258 dicas
2034 2205 2088 2258 in

499 2300 651 2353 corde
695 2309 802 2365 tuo,
847 2300 1119 2354 Fortitudo
1148 2317 1258 2353 mea
1286 2310 1330 2353 et
1357 2299 1581 2370 potentia
1616 2314 1796 2352 manus
1822 2314 1947 2352 mete
1972 2297 2089 2367 fecit

503 2391 630 2443 mihi
657 2392 890 2444 virtutem
918 2407 1153 2462 magnam
1181 2392 1313 2444 hanc
1342 2409 1361 2445 :
1401 2390 1490 2445 sed
1523 2388 1875 2444 memoraberis
1904 2389 2087 2443 Domi-

498 2482 554 2535 ni
610 2480 708 2535 Dei
754 2483 825 2534 tui
845 2524 859 2548 ,
890 2483 1007 2547 quia
1037 2482 1144 2551 ipse
1172 2482 1260 2536 tibi
1289 2482 1375 2535 dat
1404 2480 1749 2553 fortitudinem
1777 2484 1944 2551 facere
1983 2480 2087 2534 vir-

499 2583 656 2626 tutem
685 2572 859 2645 (Deut.
897 2590 1007 2641 \‘lll,
1048 2575 1142 2640 17,
1168 2574 1430 2645 18).Quid
1452 2583 1628 2628 autem
1653 2572 2085 2643 prodestbonum

499 2674 796 2730 certamen,
828 2665 926 2719 nisi
970 2676 1222 2735 sequatur
1252 2665 1511 2719 victoria?
1541 2665 1610 2719 Et
1635 2665 1754 2735 quis
1784 2665 1874 2718 dat
1921 2665 2090 2719 victo-

501 2755 660 2819 riam,
692 2756 791 2809 nisi
838 2756 929 2812 ille
968 2757 1035 2813 de
1070 2774 1172 2827 qua
1201 2756 1330 2812 dicit
1357 2758 1492 2827 ipse,
1524 2756 1727 2811 Gratias
1754 2756 1862 2811 Dea
1890 2758 1977 2828 qui
2001 2757 2088 2811 dat

501 2846 645 2899 nobis
675 2847 931 2900 vic:oriam
960 2846 1050 2918 per
1080 2846 1349 2902 Dominum
1375 2859 1599 2903 nostrum
1628 2849 1804 2904 Jesum
1835 2851 2088 2906 Christum

501 2936 553 3007 (Ι
589 2936 706 2991 Cor.
746 2954 832 3004 xv,
882 2939 1014 3010 57)?
1055 2941 1120 2994 Et
1157 2941 1262 2995 alio
1296 2941 1415 2995 loco
1454 2956 1575 2997 cum
1619 2952 2090 2999 commemorasset

502 3030 867 3085 testimonium
899 3032 965 3086 de
994 3032 1225 3099 Psalmo,
1260 3033 1509 3102 Quoniam
1531 3045 1737 3107 prapter
1756 3043 1802 3089 te
1816 3037 2091 3107 mortiﬁca-

500 3139 618 3175 mur
646 3132 749 3176 tota
775 3123 872 3187 die,
899 3125 1125 3196 deputati
1150 3142 1324 3181 sumus
1347 3127 1476 3181 velut
1497 3144 1611 3181 oves
1644 3128 1945 3193 occisionis;
1964 3130 2090 3184 sub-

496 3212 632 3282 jecit
657 3224 818 3284 atque
855 3216 962 3283 ait,
1005 3217 1109 3271 Sed
1132 3218 1183 3271 in
1219 3218 1297 3272 his
1322 3219 1552 3273 omnibus
1580 3220 1974 3290 supervincimus
2000 3238 2090 3291 per

500 3320 615 3358 cum
638 3306 723 3375 qui
749 3307 923 3360 dilexit
969 3325 1059 3362 nos
1103 3307 1277 3381 (Psal.
1307 3325 1455 3375 xuu,
1486 3309 1589 3377 22;
1633 3309 1784 3365 Rom.
1816 3326 1930 3376 vni,
1976 3312 2046 3367 56
2070 3353 2086 3378 ,

500 3394 592 3465 37)
624 3415 636 3449 :
666 3413 770 3451 non
798 3413 925 3469 ergo
957 3415 1051 3468 per
1092 3408 1207 3466 nos,
1240 3401 1333 3455 sed
1369 3417 1463 3471 per
1488 3416 1610 3457 eum
1638 3402 1728 3471 qui
1754 3401 1939 3457 dilexit
1968 3418 2086 3457 nos.

502 3488 706 3544 Deinde
735 3490 887 3555 dixit,
909 3490 1123 3546 Cursum
1146 3494 1488 3547 consummavi
1519 3510 1538 3547 :
1562 3494 1653 3549 sed
1685 3494 1774 3548 ille
1802 3494 1903 3550 hoc
1931 3495 2085 3563 dixit,

499 3580 591 3649 qui
620 3580 724 3670 alio
752 3582 868 3636 loco
893 3581 1042 3650 dicit,
1073 3582 1239 3655 Igitur
1277 3601 1375 3638 non
1399 3585 1611 3639 volentis
1630 3601 1790 3655 neque
1807 3586 2053 3639 currentis
2072 3626 2087 3651 ,

497 3671 591 3724 sed
625 3673 903 3727 miserentis
942 3683 1013 3728 est
1057 3674 1153 3729 Dei
1180 3675 1353 3746 (Rom.
1387 3691 1461 3740 ιιι,
1497 3673 1606 3748 16).
1648 3675 1777 3743 Quze
1825 3678 2090 3733 sententia

497 3764 650 3819 nullo
688 3765 846 3819 modo
872 3775 1047 3835 potest
1071 3767 1230 3821 etiam
1269 3769 1345 3822 sic
1372 3768 1610 3823 converti
1638 3779 1693 3823 ut
1716 3768 1943 3836 dicatur,
1974 3769 2091 3825 Non

498 3855 810 3911 suiscrentis
842 3857 954 3921 Dei,
982 3859 1074 3912 sed
1102 3841 1327 3912 violentis
1347 3867 1399 3912 et
1427 3858 1690 3913 currentis
1715 3866 1798 3913 est
1824 3858 2087 3915 hominis:

494 3947 745 4017 quisquis
783 3949 925 4003 enim
978 3949 1080 4004 hoc
1132 3966 1294 4005 ausus
1338 3949 1501 4006 fuerit
1548 3950 1747 4016 dicere,
1800 3961 1986 4022 aperte
2032 3968 2092 4009 se

496 4039 735 4095 ostendit
765 4041 1018 4110 Apostolo
1049 4042 1436 4098 contradicere.

578 4133 666 4187 17.
700 4133 976 4188 Postremo
1022 4132 1196 4198 dixit,
1241 4134 1424 4189 Fidem
1469 4136 1660 4203 servavi
1695 4149 1715 4192 :
1750 4137 1845 4193 sed
1876 4137 1963 4192 ille
1988 4136 2091 4193 hoc

498 4225 656 4292 dixit,
689 4226 777 4296 qui
805 4226 929 4281 alibi
960 4227 1071 4292 ait,
1121 4225 1525 4282 Misericordia»:
1555 4238 1847 4283 consecutus
1870 4245 2001 4293 sum,
2034 4238 2091 4283 ut

505 4316 671 4388 ﬁdelis
695 4334 849 4372 essem
881 4316 937 4391 (ἰ
961 4317 1079 4373 Cor.
1110 4335 1200 4386 vn,
1241 4318 1357 4389 25).
1396 4318 1509 4374 Non
1537 4319 1678 4373 enim
1707 4319 1859 4386 dixit,
1888 4319 2094 4375 Miseri-

498 4408 739 4464 cordiam
780 4419 1100 4466 consecutus
1125 4426 1264 4475 sum,
1296 4410 1417 4481 quia
1449 4410 1619 4465 ﬁdelis
1645 4426 1826 4477 eram;
1873 4411 1964 4465 sed
1988 4454 2001 4478 ,
2036 4420 2092 4465 ut

500 4482 671 4572 ﬁdelis
713 4518 871 4556 essem
898 4519 917 4556 :
946 4502 1071 4558 hinc
1095 4503 1385 4559 ostendens
1410 4504 1569 4559 etiam
1597 4504 1767 4574 ipsam
1804 4503 1962 4559 ﬁdem
1996 4504 2091 4559 ha-

500 4592 614 4649 beri
651 4593 751 4648 nisi
798 4594 905 4649 Deo
945 4594 1231 4651 miserante
1274 4610 1380 4650 non
1424 4608 1584 4666 posse
1607 4636 1622 4661 ,
1654 4603 1709 4650 et
1742 4609 1862 4650 esse
1888 4594 2087 4649 donum

502 4685 619 4741 Dei.
670 4685 821 4754 Quod
872 4686 1210 4757 apertissime
1261 4686 1435 4753 docet,
1494 4685 1696 4751 dicens,
1749 4683 1926 4741 Gratia
1962 4687 2092 4742 salvi

500 4777 626 4849 facti
645 4779 760 4833 estis
785 4796 873 4851 per
891 4780 1065 4850 ﬁdem,
1099 4780 1258 4834 ethoc
1278 4797 1379 4834 non
1406 4796 1467 4834 ea:
1491 4779 1647 4846 vobis,
1668 4780 1760 4836 sed
1780 4779 1876 4834 Dei
1899 4781 2091 4835 donum

500 4878 601 4926 est.
631 4871 857 4927 Possem
882 4873 1025 4928 enim
1053 4872 1268 4940 dicere,
1312 4871 1437 4927 Ideo
1486 4873 1790 4944 accepimus
1816 4872 2037 4942 gratiam
2069 4911 2087 4939 ,

502 4960 623 5030 quia
654 4961 978 5018 credidimus
1004 4962 1062 5029 ⁸;
1096 4971 1345 5034 tanquam
1393 4962 1494 5018 sibi
1547 4962 1705 5021 ﬁdem
1750 4962 2046 5018 tribuentes
2069 5004 2087 5031 ,

500 5050 722 5119 gratiam
759 5051 866 5106 Deo
896 5068 911 5106 :
945 5060 1162 5123 propter
1191 5052 1294 5108 hoc
1331 5053 1618 5122 Apostolus
1660 5067 1782 5108 cum
1827 5052 2086 5120 dixisset,

503 5157 595 5210 per
622 5141 773 5207 [idem
791 5150 881 5208 ;‘et
904 5143 1020 5211 hoc,
1044 5144 1236 5215 inquit,
1264 5162 1365 5199 non
1394 5161 1457 5199 ex
1486 5144 1643 5212 vobis,
1671 5142 1759 5198 sed
1782 5143 1877 5199 Dei
1901 5143 2092 5199 donum

502 5241 595 5287 est.
624 5232 831 5288 Bitrsus
849 5275 864 5301 ,
893 5250 962 5290 ne
990 5235 1229 5292 dicerent
1252 5236 1365 5293 suis
1388 5237 1640 5307 operibus
1673 5249 1733 5292 se
1760 5235 1960 5291 donum
1988 5235 2092 5291 tale

503 5325 785 5394 memisse,
813 5328 1066 5383 continuo
1091 5329 1336 5399 subjecit,
1366 5328 1488 5383 Non
1513 5346 1578 5385 ea:
1597 5330 1850 5400 operibus,
1874 5345 1936 5383 ne
1960 5330 2092 5401 forte

568 5464 585 5495 ί
612 5463 750 5526 Editi,
773 5463 1086 5533 diducoram
1108 5466 1449 5533 redditurum;
1488 5469 1689 5529 omisso,
1708 5466 1927 5532 juztitite,
1961 5466 2092 5532 quod

505 5537 570 5574 ex
596 5533 699 5575 Mss.
724 5530 1043 5578 restituimns.

569 5589 782 5663 {omnes
823 5598 948 5650 Mss,
977 5589 1189 5663 eqqitare
1218 5589 1404 5654 aliquid
1447 5597 1677 5657 tauquam
1698 5604 1764 5643 ea:
1842 5594 2093 5663 nobismet-

503 5648 659 5711 tpsis;
681 5654 878 5709 omisso,
903 5645 1108 5703 natabis.

570 5713 787 5781 {smnia
817 5724 870 5763 et
888 5714 1056 5777 plures
1083 5722 1210 5775 Mss,
1229 5725 1281 5766 ut
1302 5721 1460 5768 tantus
1483 5716 1647 5767 doctor
1662 5713 1879 5766 centium
1899 5714 2090 5779 iqnora-

526 5785 645 5822 't'ru.
671 5785 766 5822 ρῑε.

506 5780 645 5830 νισι-α,
671 5781 766 5824 etc.

552 5838 592 5864 ιδ
610 5836 683 5885 sic
703 5843 811 5888 Mss.
840 5836 978 5900 Fditi,
995 5834 1253 5889 credimus.

1286 346 1376 405 DE
1415 344 1670 405 GRATIA
1709 344 1799 401 ET
1836 340 2087 399 LlBERO
2123 339 2476 407 ARBITRIO,
2526 341 2586 398 S.
2626 341 2990 401 AUGUSTINI

3680 352 3789 409 89!

2199 455 2313 527 quis
2354 456 2624 511 extollatur
2661 456 2876 529 (Ephes.
2922 475 2979 527 ιι,
3020 459 3088 526 8,
3148 459 3226 530 9).
3256 460 3369 517 Non
3426 465 3548 534 quia
3574 467 3787 535 negavit

2195 555 2287 600 aut
2310 549 2585 602 evacuavit
2612 563 2772 618 opera
2800 550 2961 617 bona,
2992 566 3111 605 cum
3139 553 3281 607 dicat
3301 553 3467 608 Deum
3496 555 3784 626 unicuique

2195 637 2422 694 reddere
2446 632 2735 694 secundum
2771 656 2935 712 opera
2964 641 3078 712 ejus
3108 640 3282 716 (Rom.
3315 660 3372 712 ιι,
3400 644 3457 715 6)
3488 662 3503 701 :
3531 645 3626 701 sed
3660 649 3783 717 quia

2196 741 2357 798 Opera
2397 737 2520 785 sunt
2558 746 2626 786 ex
2665 731 2805 798 lide,
2854 748 2961 787 non
3007 749 3069 788 ex
3101 735 3349 804 operibus
3385 735 3551 803 ﬁdes;
3588 753 3650 792 ac
3688 753 3782 807 per

2196 817 2298 874 hoc
2333 820 2401 876 ab
2431 822 2520 876 illo
2550 832 2674 878 sunt
2714 825 2869 880 nobis
2904 840 3068 895 opera
3093 826 3331 897 iustitiae,
3360 844 3388 881 a
3419 843 3525 900 quo
3551 840 3632 883 est
3667 831 3779 899 ipse:

2195 910 2360 980 ﬁdes,
2400 913 2469 969 de
2504 929 2608 985 qua
2636 915 2834 972 dictum
2864 927 2979 986 est,
3018 916 3198 975 Justus
3241 936 3303 975 ea:
3340 921 3440 990 ﬁde
3481 922 3596 976 vivit
3645 920 3781 993 (IIu-

2193 1001 2301 1057 bac.
2335 1020 2373 1060 ιι
2394 1048 2408 1068 ,
2436 1004 2516 1079 4).
2814 1056 2887 1063 με

2266 1098 2351 1154 l8.
2379 1100 2631 1157 Homines
2652 1110 2829 1159 autem
2856 1119 2963 1159 non
2992 1105 3369 1177 intelligentes,
3399 1107 3539 1178 quod
3559 1109 3631 1162 ait
3660 1107 3779 1179 ipse

2194 1189 2500 1260 Apostolus,
2532 1192 2850 1249 Arbitramur
2880 1197 3165 1267 justiﬁcari
3213 1199 3461 1254 hominem
3498 1218 3588 1271 per
3623 1201 3780 1271 ﬁdem

2192 1281 2300 1336 sine
2327 1285 2560 1352 aperibus
2582 1285 2705 1357 legis
2729 1286 2905 1356 (Rom.
2930 1303 3007 1355 ιιι,
3033 1289 3162 1361 28);
3200 1298 3518 1361 putaverunt
3549 1308 3669 1347 cum
3696 1293 3778 1349 di-

2193 1388 2316 1428 cere
2344 1374 2591 1432 sul‘licere
2619 1377 2822 1432 homini
2854 1379 3044 1445 ﬁdem,
3090 1381 3299 1436 etiamsi
3348 1384 3487 1438 male
3530 1383 3673 1438 vivat
3721 1394 3778 1438 et

2193 1466 2329 1520 bona
2356 1480 2515 1535 opera
2547 1484 2653 1523 non
2683 1468 2893 1525 habeat.
2934 1471 3086 1539 Quod
3129 1473 3266 1527 absit
3302 1482 3358 1528 ut
3400 1474 3620 1529 sentiret
3664 1472 3775 1531 Vas

2193 1557 2469 1613 electionis
2498 1577 2511 1613 :
2539 1560 2767 1630 quicum
2790 1561 3012 1618 dixisset
3044 1565 3275 1634 quodam
3311 1564 3449 1630 loco,
3482 1564 3546 1619 In
3570 1566 3773 1622 Christo

2193 1648 2326 1700 enim
2351 1647 2477 1706 Iesu
2505 1667 2663 1721 neque
2685 1653 2999 1708 circumcisio
3025 1655 3217 1726 aliquid
3254 1656 3381 1711 valet
3397 1698 3415 1725 ,
3455 1675 3613 1730 neque
3636 1676 3773 1729 prc-

2194 1740 2566 1809 putium;mox
2595 1742 2829 1809 addidit,
2878 1744 2968 1799 sed
3004 1745 3132 1815 ﬁdes
3178 1763 3291 1819 qua:
3331 1764 3421 1817 per
3460 1749 3775 1804 dilectionem

2193 1840 2431 1908 operatur
2458 1831 2653 1903 (Galat.
2690 1850 2743 1901 v,
2787 1835 2867 1906 6).
2912 1835 3026 1906 Ipsa
3057 1846 3139 1893 est
3167 1838 3297 1893 ﬁdes
3323 1855 3441 1909 qua:
3470 1839 3651 1895 ﬁdeles
3679 1841 3772 1896 Dei

2193 1932 2407 1992 separat
2432 1925 2499 1979 ab
2528 1925 2814 1981 immundis
2841 1927 3175 1985 daemonibus
3206 1948 3220 1985 :
3249 1946 3370 1986 nam
3402 1940 3456 1987 et
3484 1932 3603 2003 ipsi,
3635 1934 3774 1990 sicut

2192 2013 2321 2068 dicit
2345 2018 2616 2086 apostolus
2643 2019 2896 2087 Iacobus,
2928 2022 3138 2076 credunt
3164 2032 3212 2077 et
3239 2027 3625 2081 contremiscunt
3651 2026 3769 2098 (Ja-

2191 2104 2301 2158 cobi
2346 2122 2403 2174 ιι,
2436 2105 2558 2181 l9);
2604 2109 2695 2164 sed
2727 2126 2834 2166 non
2862 2112 2999 2168 bene
3034 2122 3305 2182 Operatur.
3348 2115 3462 2171 Non
3502 2132 3628 2187 ergo
3673 2117 3772 2173 ha-

2191 2197 2318 2253 bent
2343 2199 2497 2254 istam
2529 2200 2686 2256 ﬁdem
2717 2218 2780 2258 ex
2810 2220 2911 2274 qua
2938 2205 3112 2274 justus
3133 2207 3278 2271 vivit,
3310 2207 3360 2261 id
3396 2218 3498 2275 est,
3524 2224 3642 2280 quae
3672 2225 3769 2277 per

2192 2289 2531 2348 dilectionem
2562 2303 2845 2363 operatur,
2878 2305 2934 2350 ut
2963 2297 3149 2351 reddat
3176 2298 3223 2353 ei
3253 2299 3391 2354 Deus
3421 2300 3579 2355 vitam
3607 2310 3768 2357 teter-

2192 2394 2312 2433 nam
2345 2382 2632 2437 secundum
2669 2400 2828 2454 opera
2870 2386 3005 2455 ejus.
3063 2387 3167 2443 Sed
3212 2391 3336 2460 quia
3383 2400 3438 2445 et
3481 2391 3590 2461 ipsa
3634 2392 3770 2448 bona

2192 2486 2352 2540 opera
2380 2474 2533 2529 nobis
2568 2490 2631 2529 ex
2667 2476 2774 2531 Deo
2801 2486 2945 2545 sunt,
2977 2493 3006 2532 a
3033 2494 3137 2549 quo
3164 2480 3317 2534 nobis
3345 2490 3399 2535 et
3422 2480 3551 2537 ﬁdes
3586 2493 3686 2549 est,
3715 2495 3773 2539 et

2168 2561 2427 2631 ‘dilectio,
2456 2574 2737 2635 prapterca
2776 2567 2915 2623 idem
2948 2569 3062 2638 ipse
3094 2570 3289 2624 Doctor
3314 2571 3582 2640 Gentium,
3608 2575 3768 2630 etiam

2191 2653 2359 2723 ipsam
2390 2655 2549 2709 vitam
2587 2666 2838 2712 retentam
2866 2661 3090 2729 gratiam
3113 2663 3452 2732 nuncupavit.

2260 2742 2485 2800 CAPUT
2524 2746 2656 2801 Vlll.
2683 2778 2757 2788 —
2787 2749 2872 2804 19.
2902 2750 2971 2804 Εῑ
2996 2752 3011 2783 ⁸
3042 2753 3276 2806 nascitur
3305 2754 3425 2809 inde
3462 2770 3566 2809 non
3607 2772 3768 2828 parva

2190 2838 2434 2906 quaestio,
2475 2852 2592 2908 qute
2633 2839 2857 2894 Domino
2882 2841 3113 2898 donante
3142 2844 3393 2899 solvenda
3422 2856 3521 2901 est.
3548 2846 3600 2903 Si
3628 2850 3770 2904 enim

2189 2930 2296 2982 vita
2324 2940 2526 2985 aeterna
2547 2931 2700 2987 bonis
2721 2933 2971 3004 operibus
2997 2935 3257 3003 redditur,
3286 2939 3420 2994 sicut
3441 2942 3772 3008 apertissime

2190 3018 2319 3074 dicit
2346 3020 2639 3092 Scriptura,
2671 3023 2933 3092 Quoniam
2977 3026 3118 3082 Deus
3164 3028 3339 3082 reddet
3382 3031 3646 3102 unicuique
3688 3051 3769 3087 se-

2192 3112 2413 3166 cundant
2455 3130 2609 3184 opera
2643 3117 2751 3185 ejus
2778 3115 2990 3190 (Matth.
3018 3134 3125 3182 xvr,
3148 3118 3240 3191 27)
3271 3136 3284 3174 :
3314 3122 3579 3190 quomodo
3601 3126 3767 3193 gratia

2192 3214 2271 3259 est
2299 3206 2402 3259 vita
2430 3216 2647 3273 adorna,
2678 3224 2798 3262 eum
2829 3210 2996 3279 gratia
3039 3225 3144 3265 non
3175 3213 3428 3281 operibus
3471 3214 3718 3270 reddatur
3746 3258 3763 3281 ,

2193 3296 2286 3350 sed
2309 3299 2475 3367 gratis
2502 3297 2678 3364 detur,
2711 3300 2827 3370 ipso
2852 3302 3109 3370 Apostolo
3140 3302 3369 3368 dicente,
3403 3303 3468 3359 Ei
3486 3306 3568 3376 qui
3591 3324 3770 3377 opera-

2194 3397 2296 3454 tur,
2325 3405 2510 3443 nterces
2536 3406 2633 3444 non
2666 3392 2946 3461 imputatur
2981 3393 3255 3448 seumdum
3283 3398 3538 3468 gratiam,
3573 3398 3661 3450 sed
3690 3415 3769 3452 se-

2194 3478 2414 3532 cundum
2441 3479 2661 3534 debitum
2690 3482 2711 3513 ²
2739 3482 2913 3552 (Rom.
2946 3499 3017 3549 tv,
3058 3484 3112 3556 4)
3136 3484 3158 3537 ?
3181 3494 3234 3541 et
3260 3486 3474 3553 iterum,
3506 3488 3765 3558 Reliquia',

2194 3572 2387 3641 inquit,
2418 3591 2507 3643 per
2532 3574 2820 3628 electionem
2843 3576 3023 3646 gratim
3040 3576 3193 3631 salva:
3219 3581 3369 3651 factm
3391 3589 3506 3634 sunt
3527 3595 3547 3635 :
3565 3589 3617 3635 ct
3645 3596 3763 3637 mox

2194 3664 2416 3732 addidit,
2447 3666 2508 3721 Si
2534 3676 2698 3720 autem
2726 3652 2912 3739 gratia,
2935 3669 3050 3740 jam
3070 3687 3168 3725 non
3191 3688 3253 3727 ea:
3273 3674 3528 3743 aperibus;
3548 3674 3766 3745 alioquin

2194 3758 2360 3828 gratia
2380 3758 2495 3829 jam
2529 3775 2627 3813 non
2667 3770 2738 3814 est
2763 3761 2928 3831 gratia
2958 3760 3064 3833 (Id.
3101 3779 3172 3830 xv,
3200 3766 3255 3829 5,
3282 3763 3358 3838 6).
3390 3765 3662 3832 Quomodo
3688 3779 3768 3823 est

2194 3862 2321 3917 ergo
2352 3850 2518 3919 gratia
2548 3851 2653 3904 vita
2681 3861 2899 3917 :eterna,
2942 3867 3063 3923 quae
3101 3869 3166 3909 ex
3216 3857 3463 3924 operibus
3497 3859 3765 3912 sumitur?

2195 3939 2275 3993 An
2304 3939 2439 3995 forte
2466 3942 2623 3995 vitam
2655 3952 2905 3997 :cternam
2936 3959 3040 3998 non
3066 3945 3500 4016 dixitApostolus
3521 3950 3765 4020 gratiam!

2196 4030 2307 4085 Ιιιιο
2332 4046 2460 4086 vero
2490 4032 2565 4087 sic
2589 4031 2753 4099 dixit,
2782 4044 2837 4088 ut
2866 4036 3049 4105 negari
3077 4037 3293 4091 omnino
3318 4054 3423 4093 non
3450 4041 3645 4109 possit;
3671 4056 3767 4096 nec

2194 4123 2576 4178 intellectorcm
2605 4133 2839 4193 acutum,
2871 4126 2964 4181 sed
2992 4129 3358 4185 tantummodo
3389 4132 3644 4187 intentum
3667 4133 3764 4188 de-

2192 4214 2392 4270 sideret
2427 4214 2741 4271 auditorem.
2782 4216 2913 4272 Cum
2954 4218 3096 4273 enim
3143 4220 3402 4287 dixisset,
3448 4222 3764 4293 Stipendium

2196 4304 2408 4375 peccati,
2449 4316 2583 4359 m‘ors
2606 4320 2626 4370 ;
2669 4306 2922 4361 continuo
2947 4308 3198 4376 subdidit,
3233 4308 3410 4365 Gratia
3437 4322 3600 4366 autem
3625 4312 3722 4367 Dei
3746 4358 3763 4382 ,

2193 4395 2294 4449 vita
2317 4404 2524 4461 (eterna,
2552 4397 2607 4450 in
2631 4395 2830 4451 Christo
2852 4397 2976 4452 Iesu
2999 4398 3220 4455 Domino
3234 4412 3404 4456 nostro
3426 4402 3534 4475 (Id.
3557 4421 3628 4471 vt,
3650 4404 3763 4477 25).

2264 4485 2355 4542 20.
2403 4486 2505 4541 ista
2553 4502 2681 4558 ergo
2721 4490 2945 4558 quazstio
2990 4491 3135 4545 nullo
3186 4492 3345 4547 modo
3388 4494 3518 4549 mihi
3565 4494 3761 4551 videtur

2174 4595 2354 4650 posse
2388 4579 2645 4647 dissolvi,
2695 4580 2797 4635 nisi
2842 4582 3199 4654 intelligamus
3224 4593 3279 4639 et
3303 4585 3414 4655 ipsa
3444 4586 3577 4641 bona
3608 4602 3761 4658 oper:

2195 4678 2377 4725 nostra
2420 4670 2614 4741 quibus
2641 4679 2840 4726 aeterna
2886 4672 3124 4727 redditur
3147 4673 3254 4728 vita
3275 4716 3290 4740 ,
3329 4674 3395 4730 ad
3428 4675 3519 4729 Dei
3548 4677 3762 4741 gratiam

2195 4761 2481 4833 pertinere,
2517 4772 2734 4831 prepter
2754 4762 2882 4818 illud
2903 4764 3042 4835 quod
3072 4766 3146 4820 ait
3171 4765 3424 4820 Dominus
3449 4767 3619 4828 Jesus.
3646 4769 3770 4824 Sine

2194 4871 2275 4908 me
2302 4854 2431 4907 nihil
2461 4854 2665 4923 potestis
2685 4857 2852 4925 facere
2876 4853 3058 4925 (Joan.
3098 4873 3187 4921 xv,
3214 4857 3289 4928 5).
3323 4857 3389 4912 Et
3411 4859 3521 4927 ipse
3544 4861 3768 4927 Aposto-

2196 4945 2279 5000 lus
2303 4960 2424 5000 cum
2457 4945 2696 5009 dixisset,
2724 4945 2901 4999 Gratia
2938 4946 3066 5001 salvi
3103 4949 3227 5020 facti
3263 4950 3381 5003 estis
3418 4967 3507 5020 per
3532 4951 3701 5019 ﬁdem,
3725 4967 3770 5004 et

2196 5036 2291 5090 hoc
2319 5052 2418 5089 non
2438 5052 2501 5090 ea:
2519 5035 2676 5103 vobis,
2718 5037 2807 5090 sed
2830 5036 2923 5090 Dei
2943 5039 3135 5091 donum
3162 5049 3232 5094 est
3254 5057 3274 5107 ;
3299 5057 3398 5095 non
3418 5058 3482 5095 ex
3501 5042 3728 5111 operibus
3750 5082 3766 5106 ,

2196 5143 2260 5181 ne
2282 5131 2413 5198 forte
2434 5126 2544 5197 quis
2568 5126 2841 5181 extollatur
2870 5142 2891 5182 :
2917 5127 3048 5183 vidit
3071 5129 3252 5200 utique
3280 5140 3465 5200 putare
3486 5147 3637 5200 posse
3663 5131 3765 5186 ho-

2197 5218 2369 5285 mines
2390 5217 2492 5271 hoc
2518 5218 2585 5270 ita
2612 5216 2834 5285 dictum,
2857 5220 3005 5289 quasi
3028 5222 3324 5277 necessaria
3351 5238 3455 5277 non
3482 5225 3585 5278 sint
3608 5238 3769 5293 Opera

2194 5311 2334 5367 bona
2386 5310 2725 5365 credentibus
2752 5352 2768 5377 ,
2823 5311 2916 5366 sed
2956 5313 3036 5368 eis
3084 5312 3216 5369 ﬁdes
3261 5315 3373 5370 sola
3416 5316 3667 5383 sufﬁciat;
3715 5326 3773 5372 et.

2196 5416 2382 5458 rursus
2407 5418 2566 5473 posse
2588 5403 2830 5459 homines
2855 5405 2922 5460 de
2950 5404 3105 5462 bonis
3129 5407 3381 5478 operibus
3406 5409 3605 5475 extolli,
3628 5409 3772 5464 velut

2196 5497 2263 5551 ad
2285 5512 2345 5550 ea
2374 5494 2611 5549 iacienda
2637 5494 2737 5548 sibi
2766 5495 2863 5565 ipsi
2887 5495 3145 5552 sufﬁciant
3166 5514 3182 5565 ;
3206 5513 3325 5553 mox
3353 5499 3527 5569 itaque
3549 5499 3766 5563 addidit,

2199 5589 2372 5659 Ipsius
2416 5589 2548 5642 enim
2586 5604 2762 5642 sumus
2798 5590 3120 5660 ﬁgmentum,
3147 5593 3301 5644 creati
3334 5592 3385 5645 in
3418 5590 3612 5647 Christo
3647 5590 3771 5644 Iesu

2200 5682 2250 5735 iu
2282 5681 2512 5749 operibus
2534 5680 2694 5748 bonis,
2718 5697 2831 5751 qua:
2859 5684 3159 5752 pra'paravit
3196 5682 3329 5739 Deus
3349 5725 3364 5749 ,
3387 5694 3440 5738 ut
3462 5685 3510 5737 in
3540 5684 3637 5737 illis
3662 5701 3771 5735 am-

2270 5776 2282 5803 ¹
2312 5780 2439 5829 I.ov.,
2464 5771 2572 5822 Sed.
2607 5781 2699 5821 Am.
2725 5779 2799 5819 t-tr.
2827 5780 2879 5822 et
2905 5780 3032 5831 Ms<.,
3056 5779 3117 5822 rt.

2270 5838 2287 5865 ²
2304 5845 2401 5883 Mil.
2431 5841 2501 5884 lar.
2528 5847 2572 5885 et
2605 5834 2766 5900 [iures
2792 5844 2913 5893 uss,
2939 5835 3174 5887 nu'ritum.
