4098 6512
899 389 915 425 l

331 425 436 486 895
827 375 962 498 ἰι
997 405 1020 476 1

329 535 774 610 bulemus(Ephes
833 553 892 601 ιι,
931 533 1115 609 8-10).
1161 532 1298 602 Quid
1335 540 1420 588 est
1469 531 1592 598 hoc,
1621 527 1763 602 quod
1791 546 1913 584 eum

331 633 426 688 Dei
453 633 680 705 gratiam
708 627 1094 685 commendans
1113 625 1368 690 dixisset,
1416 639 1515 678 non
1544 639 1608 678 ea:
1641 621 1874 692 operibus
1898 662 1914 687 ,

328 741 392 780 ne
420 728 551 796 forte
576 723 687 794 quis
706 722 1011 786 extollatur;
1037 736 1134 775 cur
1162 719 1264 774 hoc
1281 717 1478 774 dixerit
1501 717 1763 771 rationem
1791 714 1916 769 red-

327 815 479 880 dens,
511 812 686 886 Ipsius
707 813 838 867 enim
862 828 1058 877 sumus,
1099 809 1290 881 inquit,
1332 809 1650 880 figmentum,
1681 805 1836 860 creati
1863 803 1918 858 in

331 906 527 962 Christo
570 905 692 961 Jesu
732 906 786 960 in
819 903 1056 976 operibus
1105 903 1248 958 bonis
1269 903 1297 958 2
1333 901 1610 988 Quomodo
1637 913 1784 970 ergo,
1816 915 1918 952 non

329 1015 388 1053 τε
424 998 679 1066 operibus,
719 1014 782 1051 ne
803 999 935 1068 forte
959 997 1072 1068 quis
1101 993 1416 1050 extollatur?
1453 992 1558 1048 Sed
1586 990 1730 1056 audi,
1755 999 1810 1045 et
1837 989 1919 1044 in-

328 1090 504 1162 tellige
527 1133 543 1156 ,
597 1106 700 1144 non
744 1105 810 1144 ex
837 1088 1072 1159 operibus
1095 1087 1318 1152 dictum,
1352 1098 1603 1156 tanquam
1629 1083 1733 1138 tuis
1770 1097 1836 1136 ex
1865 1089 1918 1136 te

321 1180 442 1252 ipso
470 1180 564 1237 tibi
591 1181 966 1245 existentibus,
996 1178 1090 1236 sed
1119 1189 1366 1250 tanquam
1410 1177 1492 1232 his
1529 1177 1582 1232 in
1621 1175 1814 1246 quibus
1865 1181 1918 1230 te

325 1273 467 1330 Deus
499 1273 672 1338 ﬁnxit,
701 1273 755 1329 id
793 1282 877 1329 est
905 1272 1151 1328 formavit
1171 1281 1224 1328 et
1246 1271 1466 1326 ereavit.
1497 1269 1609 1325 [loc
1637 1268 1779 1324 enim
1804 1267 1874 1322 ait
1896 1308 1913 1336 ,

323 1364 499 1436 Ipsius
533 1383 709 1420 sumus
735 1367 1050 1438 ﬁgmentum,
1079 1364 1234 1419 creati
1253 1364 1304 1418 in
1325 1359 1525 1419 Christo
1545 1360 1672 1416 Iesu
1698 1361 1752 1415 in
1790 1377 1912 1431 ope-

325 1456 467 1512 ribus
493 1455 678 1521 bonis;
705 1473 810 1512 non
850 1457 940 1512 illa
970 1455 1242 1512 creatione
1269 1470 1372 1526 qua
1402 1453 1648 1509 homines
1675 1452 1798 1507 facti
1824 1467 1917 1508 su-

324 1563 464 1613 mus,
497 1547 591 1603 sed
618 1564 678 1605 ea
707 1549 774 1604 de
794 1564 897 1619 qua
924 1547 1014 1604 ille
1038 1546 1269 1615 dicebat,
1298 1545 1390 1618 qui
1412 1547 1593 1616 utique
1613 1545 1723 1616 jam
1753 1543 1915 1598 homo

323 1648 461 1706 erat,
484 1637 585 1694 Cor
609 1639 854 1693 mundum
879 1655 996 1694 crea
1029 1638 1084 1692 in
1110 1654 1208 1704 me,
1251 1636 1392 1692 Deus
1415 1634 1587 1710 (Psal.
1617 1652 1670 1702 ι,
1705 1635 1831 1706 19);
1859 1643 1915 1691 et

322 1729 392 1785 de
413 1745 514 1800 qua
541 1729 673 1785 dicit
708 1731 1018 1799 Apostolus,
1061 1729 1124 1786 Si
1157 1747 1256 1801 qua
1282 1729 1439 1802 igitur
1467 1731 1520 1783 in
1557 1727 1758 1784 Christo
1785 1743 1914 1782 nova

319 1828 571 1885 creatura,
594 1831 760 1876 vetera
779 1822 1108 1888 transierunt;
1129 1837 1240 1878 ecce
1259 1820 1395 1890 [acta
1417 1831 1535 1876 sunt
1557 1837 1684 1875 nova
1706 1836 1725 1875 :
1743 1823 1914 1876 omnia

319 1923 490 1968 autem
513 1930 577 1968 ea:
604 1913 710 1970 Deo
741 1913 807 1987 (Il
831 1912 952 1970 Cor.
983 1930 1044 1970 ν.
1079 1914 1166 1980 17,
1205 1912 1314 1986 18).
1349 1913 1622 1984 Fingimur
1657 1927 1817 1984 ergo,
1859 1910 1914 1967 id

319 2014 402 2061 est
445 2001 734 2060 lo'rmamur
767 2014 822 2060 et
841 2021 1093 2061 creamur
1115 2007 1168 2060 in
1196 2005 1431 2076 operibus
1457 2005 1618 2072 bonis,
1647 2019 1778 2076 quae,
1805 2019 1913 2058 non

319 2097 738 2167 praeparavimus
780 2111 900 2165 nos,
948 2097 1042 2153 sed
1075 2098 1382 2168 prteparavit
1422 2093 1580 2159 Deus,
1618 2105 1672 2148 ut
1711 2095 1768 2148 in
1808 2094 1913 2148 illis

318 2185 647 2241 ambulemus.
675 2185 877 2258 Itaque,
907 2186 1204 2242 charissimi
1245 2188 1284 2251 ⁸,
1327 2187 1370 2241 si
1413 2185 1516 2240 vita
1547 2187 1681 2240 bona
1729 2194 1910 2240 nostra

317 2278 448 2334 nihil
487 2279 634 2334 aliud
673 2289 756 2336 est
793 2295 952 2350 quam
995 2281 1088 2336 Dei
1129 2281 1322 2352 gratia,
1363 2281 1480 2336 sine
1511 2279 1674 2334 dubio
1703 2288 1759 2334 et
1801 2279 1910 2332 vita

317 2380 538 2436 interna,
570 2386 691 2442 qua:
729 2370 883 2425 bona:
921 2371 1044 2426 vite
1083 2371 1346 2437 redditur,
1377 2370 1470 2424 Dei
1501 2369 1670 2440 gratia
1702 2380 1784 2424 est
1811 2385 1824 2421 :
1853 2375 1912 2424 et

316 2461 432 2533 ipsa
469 2463 612 2517 enim
655 2461 820 2532 gratis
865 2462 1058 2528 datur,
1109 2461 1230 2533 quia
1272 2461 1439 2532 gratis
1461 2461 1580 2514 data
1605 2468 1688 2514 est
1715 2459 1802 2514 illa
1824 2458 1912 2514 cui

315 2554 494 2609 datur.
531 2554 637 2610 Sed
678 2555 765 2609 illa
797 2555 883 2610 eui
927 2555 1085 2610 datur
1107 2596 1124 2620 ,
1172 2554 1540 2630 tantummodo
1581 2553 1748 2623 gratia
1783 2561 1910 2607 est:

316 2645 435 2702 hmc
473 2657 652 2703 autem
681 2664 800 2718 qua:
831 2649 906 2702 illi
944 2649 1138 2716 datur,
1175 2649 1426 2720 quoniam
1470 2647 1750 2718 prazmium
1789 2645 1906 2715 ejus

314 2745 418 2804 est,
441 2739 608 2809 gratia
635 2748 718 2794 est
743 2755 836 2810 pro
861 2739 1048 2810 gratia,
1071 2749 1319 2810 tanquam
1341 2753 1550 2794 merces
1570 2736 1904 2808 projustitia;

315 2837 372 2882 ut
401 2844 582 2884 rerum
605 2829 694 2897 sit,
723 2829 973 2900 quoniam
995 2845 1178 2884 verum
1209 2837 1313 2897 est,
1335 2829 1458 2900 quia
1488 2827 1676 2884 reddet
1693 2826 1902 2882 unicui-

313 2934 417 2992 que
443 2921 584 2975 Deus
615 2921 906 2976 secundum
937 2937 1098 2992 opera
1125 2923 1261 2990 ejus.

383 3011 611 3069 CAPUT
627 3011 717 3066 IX.
735 3012 912 3068 -21.
935 3013 1122 3069 Utrum
1148 3022 1326 3077 autem
1350 3011 1634 3083 legerimus
1660 3011 1712 3066 in
1734 3009 1910 3066 Libris

313 3104 534 3173 sanctis,
575 3104 796 3176 gratiam
847 3120 940 3174 pro
977 3104 1200 3176 gratia,‘
1230 3103 1451 3158 forsitan
1495 3102 1754 3172 quaeritis.
1799 3099 1907 3157 Sed

313 3194 521 3252 habetis
555 3197 901 3268 Evangelinzn
946 3197 1240 3253 secundum
1290 3195 1550 3252 Joannem
1598 3204 1739 3250 tanta
1786 3194 1906 3250 luce

313 3287 690 3354 clarissimum,
721 3287 808 3341 ubi
837 3279 1072 3343 Joannes
1099 3287 1334 3356 Baptista
1358 3285 1426 3341 de
1451 3285 1674 3340 Domino
1693 3283 1906 3338 Christo

310 3377 462 3442 dicit,
491 3376 603 3432 Nos
629 3387 797 3432 autem
835 3395 898 3432 ex
921 3377 1233 3449 plenitudine
1257 3379 1368 3450 ejus
1388 3377 1692 3445 accepimus,
1718 3385 1765 3430 et
1789 3392 1910 3447 gra-

311 3469 435 3522 tiam
469 3485 564 3538 pro
601 3471 774 3540 gratia
805 3467 984 3542 (Ioan.
1009 3485 1046 3536 ι,
1074 3470 1190 3541 lli).
1222 3469 1300 3523 Ex
1327 3469 1442 3538 ejus
1472 3474 1656 3538 itaque
1673 3467 1905 3538 plenilu—

311 3559 438 3613 dine
459 3560 768 3629 accepimus
787 3575 882 3630 pro
899 3547 1116 3616 modnld
1137 3570 1323 3616 nostro
1350 3568 1601 3630 tauquam
1621 3559 1907 3630 particulas

312 3661 524 3706 nostras
547 3661 605 3706 ut
630 3652 767 3708 bene
794 3653 1056 3720 vivamus,
1083 3655 1213 3708 sicut
1246 3652 1382 3706 Deus
1407 3653 1624 3723 partitus
1659 3661 1728 3707 est
1759 3668 1905 3706 men-

309 3760 484 3799 suram
512 3745 633 3814 ﬁdei
659 3745 834 3816 (Rom.
867 3761 960 3810 xu,
1005 3747 1097 3816 '5);
1125 3746 1247 3816 quia
1272 3747 1614 3816 unusquisque
1643 3745 1904 3817 proprium

311 3835 507 3890 donum
546 3837 694 3891 habet
728 3853 760 3890 a
796 3836 922 3904 Deo,
954 3837 1088 3892 alius
1116 3839 1210 3905 sic,
1251 3839 1382 3893 alius
1419 3848 1586 3892 autent
1611 3839 1682 3892 sic
1703 3839 1752 3908 (I
1781 3837 1900 3892 Cor.

315 3941 414 3993 vn,
438 3928 530 3996 7);
557 3928 753 3999 et'ipsa
788 3938 868 3984 est
898 3930 1064 4000 gratia
1097 3947 1112 3984 :
1141 3929 1233 3984 sed
1263 3930 1482 3998 insuper
1501 3930 1824 4000 accipiemus
1849 3937 1903 3985 et

307 4018 533 4086 gratiam
567 4019 854 4089 progratia
873 4060 888 4084 ,
916 4019 1130 4089 quando
1159 4019 1311 4074 nobis
1342 4020 1446 4074 vita
1473 4031 1674 4075 aeterna
1707 4019 1900 4076 redde-

307 4117 426 4176 tur,
463 4109 533 4165 de
569 4127 674 4180 qua
704 4110 843 4166 dixit
883 4113 1192 4182 Apostolus,
1235 4112 1414 4168 Gratia
1453 4123 1623 4168 autem
1660 4112 1762 4168 Dei
1799 4114 1902 4168 vita

305 4209 497 4255 caterua
533 4201 588 4255 in
627 4199 828 4256 Christo
864 4202 992 4258 Jesu
1047 4203 1269 4260 Domino
1311 4215 1483 4260 nostro
1519 4221 1539 4260 :

311 4291 560 4360 dixisset,
595 4293 919 4365 Stipendium
965 4297 1188 4366 peccati,
1231 4313 1386 4350 mors.
1418 4295 1609 4352 Merito
1633 4297 1774 4352 enim
1806 4299 1902 4352 sti-

309 4383 564 4455 pendium
587 4427 601 4451 ,
639 4387 760 4456 quia
791 4386 996 4440 militia:
1022 4387 1304 4442 diabolica:
1341 4403 1488 4442 mors
1533 4397 1733 4443 azterna
1779 4398 1898 4444 tan-

304 4490 467 4546 quam
500 4475 736 4530 debitum
782 4475 1040 4532 redditur.
1081 4477 1185 4534 Ubi
1228 4493 1348 4532 cum
1396 4487 1574 4548 posset
1611 4479 1810 4544 dicere,
1841 4488 1898 4535 et

306 4576 457 4623 recte
479 4566 682 4634 dicere,
714 4567 1050 4637 Stipendium
1081 4579 1259 4624 autem
1295 4569 1513 4640 jUSlilltl?
1544 4571 1649 4626 vita
1671 4579 1895 4635 acterna;

304 4659 496 4714 maluit
530 4658 733 4726 dicere,
772 4658 951 4714 Gratia
976 4671 1145 4714 autem
1165 4659 1282 4725 Dei,
1315 4661 1414 4714 vita
1448 4672 1635 4716 (eterna
1655 4678 1674 4716 :
1697 4671 1754 4717 ut
1775 4663 1901 4718 hinc

304 4733 746 4820 intelligeremus,
780 4767 885 4805 non
925 4766 1023 4821 pro
1055 4752 1262 4806 meritis
1297 4753 1494 4806 nostris
1514 4752 1682 4807 Deum
1710 4769 1807 4808 uos
1831 4753 1898 4808 ad

303 4851 561 4896 :eternam
596 4842 781 4908 vitam,
808 4841 902 4898 sed
936 4858 1032 4912 pro
1072 4857 1164 4896 sua
1210 4842 1554 4898 miseratione
1583 4843 1895 4914 perducere.

305 4934 383 4988 De
411 4950 517 5004 quo
545 4935 594 4990 in
621 4936 838 4992 Psalmo
866 4935 997 4992 dicit
1031 4937 1194 4992 homo
1218 4939 1336 5006 ejus
1365 4935 1557 4992 anima:
1584 4952 1696 4991 sua:
1737 4953 1751 4990 :
1798 4936 1900 5002 Qui

303 5035 513 5078 coronat
538 5036 586 5080 te
611 5027 666 5081 in
693 5027 1013 5082 miseratione
1037 5037 1083 5082 et
1109 5029 1454 5083 misericordia
1496 5026 1665 5101 (Psal.
1689 5043 1782 5091 cu,
1814 5028 1895 5099 4).

304 5117 571 5188 Numquid
614 5136 719 5174 non
767 5135 966 5176 corona
1009 5120 1160 5176 bonis
1198 5121 1450 5190 operibus
1490 5121 1766 5175 redditur?
1793 5121 1898 5176 Sed

304 5207 431 5278 quia
465 5207 580 5278 ipsa
617 5210 752 5265 bona
782 5227 943 5281 opera
973 5211 1063 5266 ille
1090 5211 1142 5266 in
1167 5211 1321 5266 bouis
1345 5221 1597 5282 operatur
1626 5213 1668 5275 ³,
1697 5211 1766 5266 de
1792 5228 1898 5282 quo

305 5299 506 5354 dictum
534 5310 636 5366 est,
671 5299 802 5356 Deus
823 5311 895 5356 est
919 5319 1052 5356 enim
1076 5303 1161 5372 qui
1185 5313 1427 5374 aperatur
1450 5303 1504 5356 in
1524 5303 1660 5356 vobis
1695 5313 1743 5357 et
1773 5303 1900 5358 velle

305 5399 352 5443 et
380 5392 598 5460 aperari,
635 5408 728 5461 pro
769 5392 898 5448 bona
931 5393 1220 5458 voluntate;
1268 5394 1389 5449 ideo
1431 5394 1568 5448 dixit
1606 5394 1850 5448 Psalmus
1881 5434 1894 5458 ,

303 5480 526 5538 Corona:
555 5498 602 5538 te
638 5485 692 5537 in
729 5484 1052 5540 miseratione
1088 5494 1133 5539 et
1181 5486 1532 5541 misericordia
1565 5502 1584 5540 :
1625 5485 1745 5556 quia
1778 5485 1895 5554 ejus

303 5575 648 5631 miseratione
671 5576 806 5631 bona
833 5591 1138 5646 operantur,
1177 5579 1368 5648 quibus
1393 5593 1590 5633 corona
1627 5577 1889 5632 redditur.

369 5711 384 5737 ⁴
411 5717 548 5778 ΔΙογτ,
571 5717 756 5778 ttaque,
783 5713 961 5774 fratres
985 5712 1276 5765 charis-rimi.
1321 5715 1488 5776 Abest,
1508 5716 1707 5778 fratres,
1732 5730 1760 5766 a
1789 5726 1893 5767 Mss.

303 5781 350 5821 et
378 5775 440 5820 alt
467 5775 609 5822 editis
632 5786 730 5822 Atll.
766 5782 836 5822 [ἤι’.
1477 5775 1481 5776 ⁷
1509 5775 1538 5804 ’-

367 5837 961 5902 fﬁaltt'aniqtlalttvr315$.
1005 5845 1053 5888 et
1086 5839 1447 5902 antiquissimus
1468 5840 1807 5897 Corbeiensis,
1847 5839 1896 5890 in

300 5897 434 5944 stulti.»
459 5910 562 5959 "per
577 5905 696 5947 (tl-tr.

1761 412 1964 472 LIBER
2001 413 2204 474 UNUS.

1586 4221 1706 4260 cum
1755 4206 1902 4276 prius
1942 4266 1954 4281 ,

3509 425 3616 486 898

2023 529 2152 620 N331
2163 531 2328 598 cuitu,
2355 529 2478 602 quia
2501 529 2955 616 .di'sjiiyﬂmest
2977 537 3126 605 ,enim
3165 537 3250 610 qui
3289 548 3530 612 aperatur
3557 557 3637 620 ut;

2025 608 2228 709 radiat
2255 623 2381 706 velle
2407 608 2715 709 apparari;
2730 625 2982 709 probo-ua
3013 608 3287 698 voluntate,
3319 608 3440 704 ideo
3478 608 3648 708 liheoi

2024 699 2794 776 rum-arbitrium‘wabstulisse‘
2821 699 3092 788 putandus
3127 731 3230 776 est.
3266 699 3421 790 Quod
3463 723 3508 778 si
3540 723 3610 778 ita
3640 699 3656 742 ἓ

2024 817 2204 873 esset,
2242 823 2345 862 non
2376 811 2622 880 superius
2649 810 2895 881 dixisset,
2927 813 3053 868 Cum
3097 815 3276 871 timore
3308 827 3356 871 et
3399 827 3614 872 tremore

2023 908 2240 952 vestram
2273 900 2498 971 ipsorum
2534 902 2747 958 salutem
2767 906 3068 976 caper-omini
3104 905 3364 980 (Philipp.
3392 925 3428 965 ll
3448 952 3464 979 ,
3500 911 3566 966 15
3593 953 3610 979 ,

2026 988 2139 1062 12).
2167 989 2393 1058 Quando
2421 991 2566 1047 enim
2592 993 2812 1064 jubetur
2834 1005 2893 1052 ut
2921 1007 3230 1069 operentur,
3259 1001 3486 1058 liberum
3517 1018 3606 1059 eo-

2025 1098 2144 1137 rum
2187 1085 2504 1142 Convenitur
2529 1087 2811 1146 arbitrium
2844 1108 2858 1144 :
2887 1091 2982 1148 sed
3012 1092 3134 1150 ideo
3167 1108 3290 1150 cum
3331 1095 3520 1151 timore
3559 1107 3612 1152 et

2023 1182 2289 1242 tremore;
2319 1191 2386 1232 ne
2413 1177 2514 1233 sibi
2543 1178 2824 1237 tribuendo
2845 1181 2987 1253 quod
3021 1183 3160 1240 bene
3193 1194 3506 1256 operantur,
3541 1185 3612 1242 de

2024 1264 2178 1321 bonis
2227 1277 2475 1340 tanquam
2515 1271 2627 1327 suis
2664 1273 2990 1330 extollantur
3033 1276 3304 1347 operibus.
3335 1276 3612 1347 Tanquam

2022 1371 2151 1428 ergo
2172 1357 2593 1430 interrogaretur
2619 1364 2930 1434 Apostolus,
2959 1375 3014 1421 et
3045 1365 3320 1423 diceretur
3339 1368 3412 1435 ci,
3436 1370 3614 1434 Quare

2021 1448 2221 1517 dixisti,
2245 1449 2370 1506 Cum
2397 1453 2575 1508 timore
2600 1465 2648 1510 et
2678 1459 2932 1514 tremore?
2959 1457 3152 1514 horum
3191 1459 3479 1516 verborum
3521 1475 3613 1514 ra-

2023 1541 2220 1596 tionem
2256 1543 2488 1599 reddidit
2521 1545 2724 1612 dicens,
2753 1546 2893 1603 Deus
2919 1559 2992 1604 est
3015 1550 3148 1604 enim
3179 1551 3267 1622 qui
3301 1560 3542 1622 operatur
3559 1549 3614 1604 in

2021 1633 2178 1690 vobis.
2209 1633 2264 1690 Si
2284 1637 2424 1690 enim
2449 1637 2645 1692 timetis
2664 1649 2720 1696 et
2747 1641 2992 1706 tremitis,
3017 1657 3122 1698 non
3146 1642 3471 1699 estollimini
3493 1656 3605 1697 tan-

2021 1739 2179 1794 quam
2217 1725 2285 1782 de
2320 1731 2512 1784 vestris
2545 1731 2796 1800 operibus
2835 1734 3011 1801 bouis,
3057 1737 3180 1806 quia
3218 1735 3362 1792 Deus
3399 1745 3481 1792 est
3517 1735 3607 1807 qui
3652 1731 3660 1741 '

2019 1828 2271 1888 operatur
2305 1821 2358 1875 in
2401 1821 2572 1878 vobis.

2090 1911 2316 1968 CAPUT
2345 1913 2414 1968 Χ.
2458 1945 2532 1956 -—
2579 1914 2672 1971 22.
2712 1915 2928 1988 Itaque,
2971 1918 3200 1987 fratres,
3235 1919 3608 1988 ψώθιΜί-

2018 2003 2142 2060 dem
2191 2007 2598 2095 pervii-begun!”
2615 2009 2901 2089 arbitrium
2909 2083 2916 2089 _
2939 2026 3045 2066 non
3090 2011 3506 2095 _fae_c_re‘_n_l_alaﬂ,~
3553 2020 3612 2066 et

2017 2085 2600 2175 tagﬂagiffhog
2647 2101 2792 2156 enim
2842 2085 3021 2159 Baiis
3078 2103 3166 2159 lex
3200 2085 3612 2174 bei‘ﬁriﬁéipn

2017 2185 2073 2242 in
2099 2171 2276 2242 Libris
2321 2171 2708 2259 sanctisTsire
2753 2193 3043 2259 veteribus,
3087 2195 3200 2250 sive
3244 2195 3396 2250 novis
3444 2213 3458 2250 :
3507 2191 3604 2248 sed

2017 2277 2255 2349 legamus
2299 2289 2354 2335 et
2405 2281 2694 2352 adjuvante
2750 2283 2976 2338 Domino
3029 2283 3388 2354 intelligamus
3455 2284 3604 2354 Apo-

2016 2369 2211 2424 stolum
2241 2370 2528 2440 dicentem,
2563 2372 2696 2440 Quia
2723 2391 2823 2428 non
2835 2373 3201 2444 justiﬁcabitur
3225 2391 3288 2429 ea:
3310 2373 3417 2445 lege
3437 2374 3600 2428 onmis

2017 2477 2136 2516 caro
2161 2464 2445 2520 coramillo
2475 2481 2596 2534 :per
2624 2463 2782 2538 legem
2804 2467 2936 2521 enim
2961 2467 3181 2539 cognitio
3207 2468 3399 2540 peccati
3421 2465 3606 2537 (Rern.

2019 2568 2097 2618 tu,
2121 2553 2237 2626 20).
2268 2553 2684 2628 Cognitio|dixit;
2717 2575 2844 2627 non,
2873 2558 3247 2631 Consumptio.
3268 2559 3492 2628 Quando
3515 2576 3596 2615 au-

2020 2654 2124 2701 tem
2152 2649 2424 2716 cognoscit
2457 2647 2619 2706 homo
2650 2661 2952 2721 peccatum,
2983 2652 3028 2706 si
3060 2668 3164 2707 non
3195 2651 3413 2723 adjuvat
3433 2651 3606 2723 gratia

2018 2749 2078 2794 ut
2113 2740 2382 2809 cognitum
2405 2753 2675 2810 caveatur,
2711 2744 2828 2798 sine
2861 2744 3025 2800 dubio
3051 2745 3134 2800 lex
3167 2745 3300 2799 iram
3332 2754 3606 2814 operatur.

2017 2831 2170 2898 Quod
2201 2831 2304 2886 alio
2329 2833 2447 2888 loco
2469 2835 2580 2904 ipse
2610 2837 2894 2904 Apostolus
2918 2836 3066 2899 dicit,
3092 2837 3254 2908 ipsius
3275 2838 3417 2892 enim
3443 2836 3609 2891 verba

2019 2931 2143 2976 sunt
2171 2935 2187 2975 :
2220 2920 2326 2976 Lex
2366 2923 2494 2976 iram
2529 2935 2784 2994 operatur.
2829 2925 2938 2979 Hoc
2966 2935 3142 2980 autem
3174 2926 3328 2992 dixit,
3374 2927 3495 2994 quia
3525 2926 3602 2980 ira

2019 3010 2114 3066 Dei
2159 3013 2330 3081 major
2357 3026 2439 3068 est
2482 3013 2534 3068 in
2576 3016 3003 3084 prawarieatore,
3049 3017 3136 3086 qui
3180 3032 3276 3086 per
3306 3018 3476 3088 legem
3515 3031 3608 3071 co-

2017 3105 2222 3175 gitescit
2261 3114 2557 3174 peccatum,
2585 3117 2636 3160 et
2665 3115 2840 3160 tamen
2876 3106 2999 3160 facit
3027 3125 3040 3160 :
3073 3107 3192 3160 talis
3218 3107 3412 3177 quippe
3441 3107 3603 3161 homo

2017 3195 2395 3264 praevaricator
2432 3205 2513 3250 est
2557 3196 2724 3267 legis,
2770 3197 2906 3251 sicut
2941 3207 2995 3252 et
3044 3199 3093 3252 in
3144 3198 3248 3252 alio
3293 3198 3410 3252 loco
3452 3197 3604 3262 dicit,

2019 3281 2120 3340 Ubi
2170 3285 2305 3340 enim
2355 3285 2440 3340 lex
2493 3302 2595 3340 non
2646 3296 2719 3340 est
2745 3327 2762 3354 ,
2819 3305 2910 3340 nec
2960 3289 3313 3360 prwvaricatio
3365 3299 3437 3342 est
3487 3287 3602 3361 (Id.

2014 3388 2089 3443 ιν,
2132 3375 2241 3447 l5).
2291 3375 2518 3447 Propter
2563 3377 2667 3431 hoc
2709 3387 2764 3432 et
2807 3378 2932 3450 alibi
2975 3380 3071 3445 ait,
3117 3377 3186 3434 Ut
3229 3381 3502 3434 serviamus
3547 3380 3605 3435 in

2011 3465 2228 3520 novitate
2266 3466 2494 3537 spiritus,
2534 3477 2583 3521 et
2631 3485 2734 3522 non
2764 3469 2820 3522 in
2869 3477 3111 3524 vetustate
3139 3469 3319 3525 littera'
3368 3485 3388 3526 :
3425 3470 3599 3542 legem

2011 3555 2198 3611 volens
2244 3556 2466 3628 intelligi
2515 3557 2710 3614 litteras
2751 3568 3092 3628 vetustatem,
3141 3561 3434 3616 novitatem
3473 3578 3604 3619 vero

2011 3648 2230 3720 spiritus
2253 3647 2403 3720 quid,
2431 3650 2531 3705 nisi
2555 3651 2817 3722 gratiam?
2842 3652 2910 3707 Et
2933 3667 3001 3708 ne
3021 3661 3300 3724 putaretur
3319 3667 3602 3710 accusasse

2009 3743 2181 3813 legem
2245 3743 2332 3798 vel
2391 3744 2836 3814 reprehendisse;
2894 3745 3148 3800 continuo
3195 3745 3298 3800 sibi
3351 3747 3602 3816 opposuit

2008 3835 2378 3904 quaestionem,
2403 3843 2458 3890 et
2483 3835 2578 3900 ait,
2614 3835 2751 3904 Quid
2771 3853 2889 3908 ergo
2914 3835 3182 3890 dicemus?
3206 3835 3314 3892 Lex
3337 3848 3599 3908 peccatum

2008 3926 2123 3980 est?
2143 3925 2302 3980 Absit.
2323 3925 2523 3981 Deinde
2543 3925 2832 3998 subjunxit,
2845 3926 2956 3983 Sed
2970 3937 3228 3998 peccatum
3250 3945 3348 3982 non
3368 3929 3601 4000 cognovi,

2009 4015 2106 4069 nisi
2145 4033 2234 4088 per
2261 4017 2420 4088 legem
2449 4031 2468 4069 :
2512 4015 2613 4071 hoc
2639 4017 2887 4088 estquod
2913 4019 3142 4087 dixerat,
3186 4017 3292 4076 Per
3327 4020 3486 4093 legem
3517 4038 3605 4076 co-

2005 4106 2164 4178 gnitio
2181 4106 2390 4177 peccati.
2417 4105 2555 4161 Nam
2575 4109 3050 4179 concupiscentiam,
3080 4109 3270 4180 inquit,
3299 4109 3598 4177 nesciebant,

2007 4198 2104 4252 nisi
2129 4198 2213 4252 lea:
2245 4197 2452 4263 diceret,
2483 4196 2608 4252 Non
2635 4200 2978 4268 concupisces.
3015 4200 3292 4256 Occasione
3319 4211 3486 4256 autem
3515 4218 3603 4256 ac-

2005 4300 2170 4362 cepta,
2225 4301 2484 4362 peccatum
2535 4307 2625 4360 per
2675 4291 2971 4346 mandatum
3019 4302 3280 4364 operatum
3323 4303 3394 4348 cst
3427 4293 3481 4348 in
3523 4311 3606 4348 me

2005 4397 2206 4436 onmem
2257 4383 2717 4455 concupiscentiam
2772 4398 2792 4438 :
2845 4383 2955 4438 sine
3007 4383 3114 4456 lege
3157 4385 3292 4439 enim
3340 4397 3602 4456 peccatum

2004 4483 2259 4527 mortuum
2285 4484 2356 4528 est
2379 4475 2420 4526 ί.
2453 4472 2562 4546 Ego
2590 4485 2760 4530 autem
2781 4475 3058 4548 aliquando
3085 4476 3304 4531 vivebam
3329 4477 3436 4530 sine
3455 4478 3564 4548 lege
3581 4491 3602 4531 :

2005 4563 2298 4618 adveniente
2321 4573 2490 4618 autem
2511 4565 2771 4632 mandato,
2799 4577 3059 4635 peccatum
3088 4568 3283 4632 revixit,
3309 4585 3400 4639 ego
3433 4578 3602 4621 autem
3633 4553 3648 4564 ’

2003 4664 2230 4708 mortuus
2254 4671 2389 4723 sum,
2412 4665 2457 4708 et
2483 4655 2742 4711 inventum
2762 4665 2834 4710 est
2861 4657 2984 4710 milii
3011 4658 3303 4712 mandatum
3329 4657 3464 4727 quod
3489 4670 3597 4712 erat

2003 4745 2058 4799 in
2085 4745 2257 4813 vitam,
2285 4747 2378 4798 hoc
2403 4761 2510 4800 esse
2531 4745 2584 4798 in
2614 4755 2861 4812 mortem;
2890 4758 3150 4818 peccatum
3177 4749 3310 4801 enim
3339 4749 3601 4802 occasione

2003 4846 2210 4906 accepta
2248 4853 2337 4907 per
2364 4836 2658 4890 mandatum
2687 4836 2869 4907 fefellit
2907 4855 3006 4904 me,
3039 4849 3086 4892 et
3116 4856 3206 4910 per
3236 4839 3366 4892 illud
3393 4841 3597 4896 occidit.

2003 4925 2185 4999 Itaque
2206 4929 2288 4981 lea:
2305 4928 2504 4997 quidem
2525 4939 2720 4996 sancta,
2751 4939 2797 4983 et
2825 4931 3118 4984 mandatum
3147 4940 3393 4996 sanetum,
3422 4945 3468 4986 et
3507 4933 3606 5004 ju-

2009 5030 2162 5086 stum,
2187 5030 2232 5074 et
2261 5019 2468 5074 bonum.
2495 5020 2645 5088 Quod
2672 5039 2790 5093 ergo
2818 5023 3002 5076 bonum
3027 5034 3098 5076 est
3123 5066 3137 5090 ,
3166 5025 3291 5078 mihi
3319 5030 3504 5096 factum
3529 5039 3602 5082 est

2005 5115 2185 5170 mors?
2211 5115 2369 5169 Absit.
2405 5115 2511 5170 Sed
2539 5127 2798 5183 peccatum
2829 5128 2880 5170 ut
2911 5129 3155 5189 appareat
3185 5112 3478 5189 peccata-.7,
3511 5139 3602 5190 per

2005 5204 2190 5258 bonum
2223 5205 2348 5258 mihi
2376 5216 2638 5276 apemtum
2661 5219 2731 5260 cst
2759 5217 2988 5274 mortem,
3017 5219 3070 5261 ut
3095 5209 3185 5278 [iul
3212 5226 3367 5280 supra
3394 5197 3600 5266 modum

2005 5309 2236 5368 peccator
2254 5309 2340 5351 aut
2368 5309 2628 5368 peccatum
2656 5300 2677 5330 ⁸
2707 5316 2796 5369 per
2823 5301 3118 5354 mandatum
3147 5299 3257 5374 (Id.
3285 5319 3378 5369 vn,
3411 5303 3603 5378 6-15).

2005 5389 2072 5444 Et
2097 5389 2163 5443 ad
2202 5389 2416 5444 Galatas
2443 5388 2570 5444 dicit
2613 5407 2626 5442 :
2675 5391 2904 5446 Scientes
2930 5405 3097 5446 autent
3124 5395 3360 5463 qttoaiam
3386 5415 3488 5454 non
3505 5402 3603 5471 ja-

2001 5481 2255 5548 sti/ieatur
2293 5479 2442 5533 homo
2481 5496 2546 5534 cx
2586 5483 2818 5550 aperibus
2847 5485 2971 5555 legis
3005 5486 3103 5540 nisi
3149 5503 3238 5556 per
3265 5487 3424 5560 ﬁdem
3473 5491 3600 5545 Jesu

2125 2169 2477 2186 ww

2069 5595 2082 5624 ι
2112 5592 2250 5654 Editi,
2281 5600 2522 5644 mortuum
2553 5601 2676 5646 erat.
2718 5603 2826 5648 Mss.
2877 5607 3116 5650 mortuum
3145 5606 3236 5650 est.
3281 5611 3445 5652 Ct'u'cc
3492 5613 3602 5662 est.

2002 5667 2168 5705 ηρσνιι.

2069 5722 2088 5748 ³
2117 5727 2217 5766 Am.
2245 5724 2296 5766 et
2327 5723 2422 5774 Fr,
2461 5732 2610 5780 supra
2648 5719 2840 5769 modum
2868 5729 3134 5782 peceatum.
3176 5733 3304 5781 I.o\'.,
3329 5740 3475 5786 supra
3501 5739 3601 5772 δίω-

2003 5780 2122 5828 tlttttt
2164 5792 2364 5839 peccans
2411 5789 2675 5842 pt’ft‘tzlttm.
2717 5791 2821 5831 Μω.
2848 5780 2983 5848 (νιν.
3000 5801 3150 5848 supra
3174 5780 3363 5834 "torti-nr
3415 5797 3600 5834 ‹.ϊι·.,ευι’

2001 5849 2083 5890 aut
2131 5849 2376 5901 ptrccttltatt
2427 5855 2441 5891 .'
2486 5858 2648 5906 [auris
2695 5846 2944 5908 exet-(tis,
2995 5846 3077 5911 qui
3143 5849 3420 5908 κατάξαιμι
3496 5853 3602 5903 ut,

2003 5911 2322 5960 u'mtet‘cunt.
