4122 6530
452 378 557 435 895

453 494 634 546 tI/iristt
659 534 670 553 ,
702 501 747 544 rt
779 509 868 544 nos
899 492 947 542 in
981 488 1178 542 (‘lti'isto
1207 486 1330 540 Jesa
1364 486 1699 546 credidimus,
1732 495 1783 534 ut
1806 483 1983 553 justiti.
2005 499 2055 533 c-

390 640 395 645 _
454 605 566 638 mur
595 602 655 639 ea?
684 586 782 651 [ξιιμ
810 584 992 635 Christi
1022 624 1033 643 ,
1068 591 1110 634 cl
1143 598 1240 633 non
1279 597 1340 633 ex
1379 579 1611 647 oprrilrus
1641 576 1780 644 legis,
1815 574 2055 643 quoniam

453 696 516 729 ea:
563 677 794 745 operibus
839 676 959 744 ngis
1008 691 1105 725 non
1143 670 1507 743 justi/imbitur
1554 669 1715 720 omnis
1759 683 1876 718 curo
1929 662 2056 733 {lia-

455 776 545 821 lrt.
582 784 635 825 lt,
676 769 783 837 lli).

531 858 755 913 CAPUT
790 857 881 912 XI.
919 888 987 897 —
1030 856 1124 913 ‘25.
1177 854 1311 922 Quid
1341 863 1421 905 est
1452 867 1579 921 ergo
1605 850 1741 920 quod
1777 847 2047 900 vanissimi

461 952 702 1004 homines
726 959 777 1003 et
810 946 1197 1020 pervcrsissimi
1231 944 1498 1013 Pelagiani
1528 943 1696 1011 legem
1720 941 1905 993 dicunt
1932 951 2056 991 esse

472 1046 559 1094 ιιι-ι
592 1044 850 1112 gratiam,
895 1058 996 1111 qua
1024 1041 1273 1114 juvaninr
1296 1039 1358 1091 ad
1390 1052 1493 1090 non
1528 1032 1893 1105 peccandum?
1922 1030 2059 1100 Quid

460 1145 542 1187 mt
569 1135 746 1189 miseri
775 1134 912 1204 quod
943 1132 1144 1197 dicunt,
1176 1133 1262 1201 qui
1286 1129 1401 1183 sine
1431 1128 1531 1181 ulla
1559 1126 1890 1182 dubitatione
1909 1131 2060 1177 tanto

469 1227 725 1293 Apostolu
764 1224 1176 1282 contradicunt?
1207 1224 1296 1277 Ille
1325 1221 1452 1274 dii-it
1478 1229 1756 1290 peccatum
1798 1217 1935 1270 vires
1963 1213 2060 1267 ad-

465 1332 648 1370 versus
694 1316 962 1370 hominem
1012 1318 1283 1384 accepisse
1332 1327 1424 1382 per
1476 1312 1669 1379 legem,
1707 1317 1760 1361 et
1800 1324 1920 1361 curn
1969 1322 2063 1374 per

470 1406 799 1471 mandatum,
834 1405 1077 1476 quamvis
1132 1412 1373 1456 sanrtnm
1405 1409 1460 1455 et
1505 1402 1707 1469 jnsznni
1742 1409 1795 1452 et
1842 1398 2060 1457 bonum,

469 1507 644 1553 tamen
671 1500 933 1562 occidere,
966 1510 1017 1550 et
1050 1514 1141 1566 per
1171 1497 1366 1549 bonum
1394 1492 1602 1562 operari
1634 1493 1680 1543 ri
1716 1501 1965 1553 mortem,
1998 1488 2064 1541 de

469 1607 571 1657 qua
623 1610 725 1645 non
778 1591 1116 1650 liberaretur,
1172 1588 1272 1643 nisi
1313 1588 1601 1640 viviticaret
1653 1586 1869 1653 spiritus
1917 1599 2061 1644 eum,

470 1699 625 1750 quem
654 1685 821 1738 littera
854 1684 1121 1738 occiderat
1148 1683 1284 1736 sicut
1312 1681 1416 1735 alio
1443 1680 1559 1733 IUCt)
1585 1680 1733 1743 ιιίι-ιι,
1771 1676 1958 1730 Littera
1982 1692 2067 1729 oc-

472 1774 611 1837 ridit,
644 1776 852 1844 spiritus
879 1790 1042 1828 autem
1072 1776 1290 1839 viriﬁcut
1320 1772 1520 1843 (llCor.
1556 1789 1631 1835 ιιι,
1657 1772 1711 1842 6)
1744 1790 1756 1824 :
1788 1780 1838 1824 et
1871 1770 1954 1823 isti
1985 1769 2067 1823 iu-

474 1865 675 1920 dociles
702 1875 883 1919 contra
918 1868 1087 1920 lucem
1121 1864 1211 1918 Dei
1257 1865 1406 1925 czrci,
1451 1874 1502 1917 et
1552 1874 1735 1915 contra
1771 1876 1951 1914 vocem
1978 1860 2069 1913 Dei

476 1957 644 2020 surdi,
678 1960 1011 2013 occidentem
1043 1958 1271 2012 litteram
1304 1956 1572 2009 viviticare
1604 1956 1783 2009 dicunt
1808 1996 1822 2019 ,
1857 1961 1911 2006 et
1936 1952 2071 2005 vivi-

479 2049 655 2101 lieanli
683 2050 889 2119 spiritui
922 2050 1315 2103 cmdradicunt.
1362 2047 1499 2117 lii-go
1526 2088 1539 2108 ,
1570 2047 1753 2115 fratres
1776 2088 1788 2109 ,
1822 2055 1873 2097 ιιι
1909 2044 2073 2113 ipsius

478 2140 654 2208 potius
685 2143 921 2211 Apostoli
960 2141 1137 2197 verbis
1178 2156 1273 2195 vos
1318 2155 1587 2199 moneam.
1620 2138 1867 2191 debitores
1899 2153 2073 2189 smnus

476 2248 573 2284 nou
600 2232 763 2296 carui,
807 2241 859 2284 ut
887 2231 1164 2284 secundum
1192 2246 1401 2284 carnem
1442 2230 1686 2283 vivamus.
1734 2228 1795 2282 Si
1821 2229 1951 2280 enim
1992 2243 2076 2280 se-

476 2321 696 2374 ruudum
724 2338 925 2375 carnem
955 2322 1202 2385 vixeritis,
1244 2321 1530 2374 moriemini
1560 2335 1577 2373 :
1610 2321 1653 2372 si
1695 2331 1864 2371 autem
1894 2318 2077 2389 spiritu

477 2415 696 2467 actiones
745 2414 913 2466 carnis
959 2415 1410 2483 morti/ieareritis,
1449 2415 1640 2467 viretis.
1690 2412 1813 2465 "il‘C
1842 2412 1977 2477 dixi,
2026 2419 2081 2464 ut

480 2504 787 2571 apostolicis
824 2505 1001 2558 verbis
1028 2505 1271 2579 libertini
1296 2506 1849 2579 arbitriianﬂvestrum
1874 2519 1905 2556 a
1935 2505 2077 2556 nian

480 2596 831 2663 delert‘crrltl,
878 2606 932 2651 et
969 2597 1282 2650 exhortarer
1314 2582 1425 2650 ab“
1448 2574 1640 2651 aurium
1689 2614 1702 2651 :
1759 2611 1854 2649 nec
1904 2604 2078 2649 tamen

485 2688 603 2742 ideo
631 2672 1180 2752 debet‘isiiilititiiiiie,
1215 2690 1315 2743 liae
1336 2702 1437 2754 est,
1463 2691 1512 2743 in
1537 2689 1683 2743 rubis
1714 2689 1861 2758 ipsis,
1896 2704 1999 2742 non
2030 2689 2079 2741 in

487 2781 711 2833 Domino
745 2781 981 2851 gloriari,
1021 2781 1233 2851 quando
1278 2797 1381 2835 non
1417 2781 1708 2836 secundum
1742 2798 1958 2835 carnem
1993 2781 2074 2833 vi-

487 2871 622 2936 vitis,
655 2871 747 2925 sed
774 2872 961 2941 spiritu
992 2874 1228 2927 actiones
1259 2872 1435 2927 carnis
1465 2872 1815 2926 iiiortitiratis.
1852 2869 1916 2926 Ut
1936 2871 2080 2924 enim

488 2981 590 3018 non
624 2979 681 3018 se
711 2966 1029 3019 ωιιιιιιιιιϊιιι
1059 2967 1252 3034 quibus
1284 2967 1379 3018 ista
1422 2964 1634 3028 dicebat
1661 3008 1672 3026 .
1704 2964 2077 3019 existimantes

485 3072 544 3110 se
585 3071 684 3108 suo
725 3045 912 3125 spiritu
960 3065 1102 3109 tanta
1146 3056 1261 3110 lure
1311 3056 1446 3110 bona
1474 3071 1636 3125 opera
1682 3054 1857 3109 facere
1906 3070 2081 3123 posse,

487 3163 590 3199 non
644 3143 767 3212 Dei;
818 3156 1104 3214 propterea
1148 3161 1270 3200 cum
1312 3146 1558 3212 dixisset,
1601 3144 1662 3201 Si
1707 3156 1875 3198 autem
1905 3145 2086 3216 spiritu

484 3239 705 3290 actiones
738 3237 905 3290 carnis
931 3237 1369 3306 iiiorti/icuveritis,
1415 3238 1608 3305 vivetis,
1655 3239 1911 3292 enutinuo
1954 3238 2084 3291 sub-

480 3330 626 3396 jecit,
661 3328 912 3397 Quotquot
952 3331 1085 3384 enim
1117 3331 1301 3401 spiritu
1349 3330 1443 3385 Dei
1484 3340 1725 3403 aguntur,
1760 3331 1812 3384 lii
1852 3331 1946 3401 ﬁlii
1971 3340 2087 3385 sunt

487 3420 585 3475 Dei
619 3422 791 3493 (llam.
824 3440 937 3491 viii,
974 3423 1189 3496 12-”).
1218 3424 1441 3491 Quando
1468 3440 1597 3494 ergo
1629 3425 1816 3494 spiritu
1845 3425 2086 3478 actiones

486 3514 666 3567 curuis
696 3514 1026 3583 mortilicatis
1054 3524 1109 3569 ut
1145 3515 1354 3579 vivatis,
1406 3516 1553 3570 illum
1589 3516 1904 3585 glorilicate,
1936 3516 2084 3569 illum

488 3605 719 3670 laudate,
751 3606 824 3661 illi
853 3610 1051 3678 gratias
1073 3608 1236 3678 agite,
1269 3609 1422 3677 cujus
1449 3608 1639 3679 spiritu
1661 3609 1880 3679 agimini
1904 3620 1959 3663 ιιι
1984 3610 2087 3663 iS!a

489 3697 730 3763 valeatis,
773 3708 829 3753 ut
862 3715 954 3752 vos
985 3700 1121 3755 lilios
1165 3699 1258 3754 Dei
1286 3714 1406 3753 esse
1451 3702 1781 3755 iuonstretis.
1833 3700 2089 3768 Quotquot

489 3788 619 3841 enim
647 3789 828 3856 spiritu
857 3787 952 3843 Dei
985 3800 1226 3861 aguntur,
1257 3789 1311 3843 lii
1332 3791 1426 3857 ﬁlii
1450 3799 1566 3843 sunt
1595 3789 1706 3844 Dei.
1799 3771 1809 3780 ’

564 3877 790 3933 CAPUT
830 3877 945 3933 ΧΗ.
985 3908 1057 3918 -
1093 3878 1185 3933 24.
1228 3878 1497 3950 Quotquot
1527 3895 1654 3951 ergo
1682 3881 1932 3951 adjuncto
1972 3880 2090 3935 solo

492 3971 756 4038 adjutorio
789 3971 940 4041 legis,
973 3972 1089 4027 sine
1137 3972 1401 4041 adjutoriu
1422 3973 1632 4043 gratim,
1663 3974 1993 4030 conﬁdentes
2033 3973 2087 4028 in

497 4065 690 4118 virtute
733 4080 847 4130 sua,
896 4080 994 4118 suo
1037 4066 1223 4135 spiritu
1252 4075 1498 4136 aguntur,
1535 4082 1638 4121 non
1676 4076 1800 4122 sunt
1838 4068 1929 4123 lilii
1973 4067 2086 4122 Dei.

495 4155 651 4210 Tales
680 4166 804 4210 sunt
828 4157 893 4211 de
916 4157 1106 4228 quibus
1134 4157 1273 4213 idem
1300 4159 1429 4213 dicit
1453 4160 1748 4228 apostolus,
1776 4160 1916 4230 quod
1939 4162 2089 4231 igno-

494 4259 663 4304 rantes
696 4249 789 4304 Dei
804 4252 1079 4321 justitiam,
1108 4261 1154 4305 et
1173 4267 1319 4306 suam
1343 4251 1563 4306 volentes
1592 4254 1911 4317 constituere,
1931 4252 2093 4323 justi-

496 4344 584 4395 tiie
619 4342 715 4397 Dei
751 4360 850 4397 non
882 4353 998 4398 sunt
1025 4344 1237 4415 subjecti
1278 4344 1389 4413 t‘ld.
1424 4360 1479 4411 Χ,
1532 4344 1609 4415 5).
1659 4345 1731 4399 De
1761 4343 1961 4400 Judaiis
1991 4343 2093 4399 hoc

504 4433 660 4497 dixit,
694 4435 787 4503 qui
818 4434 885 4490 de
914 4451 971 4490 se
1001 4444 1387 4505 prmsumeutes
1411 4436 1632 4506 gratiam
1662 4435 2010 4506 repellebant,
2040 4444 2094 4491 et

502 4526 553 4579 in
601 4526 873 4581 Christum
912 4536 1194 4598 propterea
1240 4541 1347 4582 non
1395 4526 1708 4582 credebant.
1755 4526 1917 4583 Suam
1960 4542 2093 4583 vero

493 4618 757 4687 justitiam
801 4617 932 4672 dicit
965 4634 1059 4673 eos
1086 4618 1328 4674 volentes
1354 4617 1701 4679 constituere,
1745 4633 1865 4684 qum
1888 4617 2092 4687 justitia

498 4718 584 4764 est
605 4724 672 4765 ex
699 4708 855 4780 lege;
887 4723 992 4764 non
1020 4710 1139 4780 quia
1180 4710 1264 4765 lex
1289 4709 1357 4763 ab
1388 4709 1518 4779 ipsis
1549 4718 1630 4764 est
1656 4713 1967 4776 constituta,
1996 4709 2094 4765 sed

500 4803 553 4855 in
580 4802 694 4873 lege
722 4818 841 4873 qua:
868 4819 933 4857 ex
968 4803 1073 4857 Deo
1096 4810 1198 4869 est,
1224 4816 1375 4857 suam
1399 4801 1659 4872 justitiam
1682 4802 2091 4866 constituerant,

501 4894 715 4963 quando
746 4895 992 4950 eamdem
1022 4896 1193 4967 legem
1218 4895 1331 4950 suis
1362 4895 1563 4950 viribus
1600 4910 1659 4958 se
1688 4895 1911 4966 implere
1936 4910 2095 4965 posse

494 4986 786 5041 credebant
811 5004 823 5040 :
856 4987 1162 5057 ignorantes
1186 4988 1278 5042 Dei
1307 4987 1590 5058 justitiam,
1616 5003 1721 5042 non
1749 5003 1851 5058 qua
1875 4986 2083 5058 justitia

503 5077 843 5147 Densjustus
873 5089 974 5139 est.
1016 5080 1109 5135 sed
1141 5096 1261 5151 qua:
1286 5080 1489 5150 justitia
1519 5089 1601 5135 est
1631 5078 1834 5133 homini
1862 5095 1930 5134 ex
1962 5080 2090 5135 Deo.

504 5167 572 5222 Et
600 5178 658 5223 ut
682 5170 861 5225 sciatis
887 5171 1022 5225 hanc
1049 5172 1196 5226 illum
1227 5187 1413 5226 eorum
1439 5171 1638 5226 dixisse
1662 5171 1946 5240 justitiam,
1971 5186 2094 5240 qua:

502 5270 585 5315 est
613 5277 677 5316 ex
707 5263 858 5331 lege;
885 5262 1023 5318 hanc
1047 5276 1224 5320 autem
1251 5264 1367 5331 Dei,
1394 5281 1512 5335 quia
1535 5264 1736 5318 homini
1760 5274 1925 5319 estex
1951 5264 2093 5319 Deo:

505 5352 684 5408 audite
710 5355 837 5423 quid
863 5354 971 5410 alio
996 5355 1114 5411 loco
1138 5355 1282 5410 dieat
1306 5397 1319 5421 ,
1351 5371 1473 5410 cum
1500 5355 1566 5410 de
1596 5355 1810 5411 Christo
1840 5355 2095 5423 loquere-

503 5454 608 5497 tur.
646 5441 865 5514 Propter
888 5461 1034 5517 quem
1055 5446 1245 5511 omnia,
1278 5446 1468 5516 inquit,
1497 5463 1595 5499 non
1617 5446 1780 5501 solum
1799 5444 2096 5499 detrimenta

503 5553 609 5590 esse
627 5536 837 5601 credidi,
871 5553 1041 5591 rerum
1068 5548 1112 5591 et
1142 5548 1361 5591 stercora
1386 5539 1666 5592 existimavi
1696 5554 1822 5600 esse,
1857 5547 1909 5591 ut
1938 5537 2090 5589 Clari-

454 5678 460 5684 ,
506 5638 635 5679 stum
677 5627 1016 5696 luerifarimn,
1062 5639 1107 5681 et
1141 5630 1367 5682 inreniar
1398 5628 1448 5681 in
1476 5629 1564 5682 illo
1591 5647 1689 5682 non
1720 5629 1904 5681 habens
1937 5645 2098 5680 meum

498 5722 748 5789 justitiam
782 5738 893 5787 qua:
924 5739 985 5773 ex
1016 5721 1119 5790 lrgi'
1160 5734 1250 5783 (δ’,
1290 5723 1377 5772 sed
1420 5739 1529 5773 eam
1570 5739 1680 5789 qum
1714 5732 1786 5775 es!
1818 5740 1903 5787 per
1944 5723 2095 5788 [ἓιίινιιι

508 5818 523 5859 ι
552 5812 712 5867 luisti.
747 5828 858 5879 qum
885 5823 954 5863 rat
990 5830 1050 5864 ι·.τ
1082 5813 1183 5864 ltro
1213 5812 1473 5878 (Philipp.
1510 5829 1582 5875 In,
1618 5815 1693 5870 3).
1730 5813 1863 5879 Quid
1894 5822 1973 5865 est
2002 5830 2096 5863 au-

509 5909 638 5961 ‘.(’:n,
674 5921 768 5955 non
802 5905 983 5957 ἔμεινέ-ηε
1012 5923 1169 5957 meum
1192 5906 1449 5971 justitiam
1477 5920 1587 5971 ψιιυ
1614 5922 1662 5955 ra
1700 5906 1805 5971 lvgr
1833 5922 1860 5956 ε’
1892 5915 1936 5967 ';
1978 5922 2095 5955 cum

1244 372 1330 428 tit;
1370 372 1624 428 (ἒιιιτιι
1671 370 1755 425 [CT
1797 369 2046 424 LIDIRL)
2088 369 2430 434 Αιιξιιτξιιι),
2471 373 2524 425 s.
2573 360 2931 428 auuUSTiNt

2647 252 2761 361 (ἔφη
2799 303 2808 334 ,

2804 332 2823 359 λ

3648 366 3753 425 δεῖιῖ

2163 502 2255 537 sua
2306 503 2409 538 nun
2454 496 2597 540 esset
2639 485 2719 539 lex
2768 487 2901 553 ipsa,
2943 508 2967 538 s
3004 484 3035 537 d
3090 484 3178 539 Dei
3224 502 3236 537 :
3279 485 3398 550 nisi,
3431 486 3553 556 quia
3599 500 3749 542 suam

2160 575 2292 630 dixit
2319 576 2601 643 justitiam,
2642 578 2883 648 quamvis
2922 593 2988 631 ex
3033 576 3146 645 lege
3188 586 3346 638 esset,
3381 578 3501 647 quia
3532 593 3624 632 sua
3658 594 3751 630 vo-

2162 667 2359 721 luntate
2386 669 2553 739 legem
2586 684 2644 724 se
2667 685 2821 739 posse
2851 668 3068 739 putabat
3099 669 3112 699 ‘
3149 670 3369 737 implere
3396 672 3513 724 sine
3543 670 3738 740 adjutu-

2162 780 2240 817 rio
2268 764 2448 831 gratia:
2471 780 2588 833 qua:
2615 775 2695 818 est
2720 781 2811 834 per
2833 763 2988 818 ﬁdem
3017 763 3259 818 Christi?
3291 764 3413 818 ideo
3435 779 3558 818 cum
3588 764 3755 817 dixis-

2162 864 2263 919 set,
2292 872 2393 908 non
2421 855 2607 910 habens
2635 872 2797 909 meam
2816 856 3071 925 justitiam
3102 871 3215 925 quin
3237 871 3301 909 ea:
3325 853 3432 926 lege
3461 858 3569 919 est;
3596 871 3754 908 scen-

2163 955 2246 1000 tns
2276 945 2525 1015 adjuuxit
2547 988 2561 1011 ,
2591 946 2681 1000 sed
2709 963 2817 1000 eam
2844 962 2958 1015 qua:
2983 958 3054 1000 est
3087 963 3176 1018 per
3204 945 3356 1015 [idem
3396 944 3614 1009 Christi,
3644 960 3762 1015 qua'

2114 1032 2119 1037 ’
2158 1047 2233 1090 est
2258 1054 2319 1091 ea:
2348 1035 2476 1090 Deo.
2505 1036 2651 1091 llanc
2675 1038 3007 1109 ignorabant.
3032 1037 3097 1093 de
3122 1037 3313 1106 quibus
3334 1037 3429 1102 ait,
3460 1036 3751 1109 ignorante:

2164 1126 2259 1183 Dei
2278 1130 2532 1199 justitiam
2556 1170 2571 1196 ,
2600 1129 2649 1184 i.l
2678 1138 2779 1195 est,
2812 1146 2929 1202 qua!
2962 1139 3043 1185 est
3074 1145 3138 1185 ex
3174 1131 3281 1184 Deo
3311 1128 3474 1199 (lianc
3499 1132 3641 1184 enim
3667 1128 3756 1185 diu

2166 1238 2272 1277 non
2302 1223 2475 1277 littera
2500 1222 2773 1291 occidens,
2802 1227 2899 1279 sed
2929 1223 3201 1277 viviﬁcans
3226 1223 3472 1291 Spiritus)
3495 1240 3509 1289 ;
3536 1233 3584 1277 et
3611 1240 3755 1278 suun.

2165 1315 2384 1369 volentes
2408 1315 2729 1381 constituere,
2762 1332 2920 1384 quam
2944 1314 3076 1369 dixit
3103 1316 3218 1387 ipse
3244 1330 3310 1369 ex
3338 1314 3454 1386 lege
3474 1313 3760 1385 justitiam.

2166 1419 2285 1457 cum
2319 1405 2521 1460 diceret
2548 1449 2561 1471 ,
2591 1423 2690 1459 non
2719 1406 2904 1460 [iubens
2942 1398 3394 1474 nicam‘justitiam
3424 1422 3538 1475 qua:
3564 1421 3627 1460 ex
3655 1406 3764 1477 lege

2168 1507 2240 1552 est
2266 1514 2284 1551 :
2303 1498 2520 1569 justititv
2548 1498 2641 1552 Dei
2669 1517 2769 1553 non
2796 1511 2909 1551 sunt
2932 1498 3157 1571 subjecti,
3195 1499 3295 1551 hoc
3323 1508 3424 1563 est,
3459 1498 3640 1567 gratia:
3670 1497 3767 1552 Dei

2169 1607 2276 1644 non
2308 1599 2430 1645 sunt
2460 1592 2702 1658 subjecti.
2738 1592 2849 1645 Sub
2878 1592 2990 1659 lege
3013 1590 3154 1643 enim
3185 1597 3357 1655 erant,
3384 1605 3487 1642 non
3522 1588 3770 1658 subgra-

2171 1683 2272 1744 tia;
2303 1693 2356 1736 et
2388 1682 2509 1736 ideo
2536 1684 2614 1736 eis
2641 1683 3014 1735 dominabatur
3046 1692 3343 1752 peceatum,
3376 1697 3406 1733 a
3435 1680 3770 1752 tmgtiollit

2173 1772 2335 1826 homo
2363 1774 2496 1828 liber
2526 1774 2663 1844 lege,
2696 1774 2786 1827 sed
2812 1775 2995 1845 gratia
3034 1773 3263 1847 Prppter
3288 1764 3435 1844 quod
3458 1773 3580 1825 alibi
3612 1771 3767 1837 dicit,

2176 1863 2452 1919 tremum
2480 1860 2611 1919 enim
2644 1852 2779 1919 inibis
2812 1884 2911 1919 non
2949 1866 3328 1929 dominabitur;
3356 1881 3456 1919 non
3493 1865 3622 1917 enim
3650 1866 3773 1919 estis

2174 1957 2263 2011 sub
2292 1959 2398 2027 lege
2423 2000 2435 2020 ,
2467 1958 2552 2010 sed
2580 1958 2668 2010 sub
2695 1958 2857 2025 gratia
2888 1956 3065 2026 (Rom.
3100 1974 3169 2017 γι,
3210 1958 3293 2025 14)
3328 1972 3343 2010 :
3390 1971 3493 2011 ιιοιι
3526 1957 3648 2024 quia
3679 1957 3769 2010 lex

2177 2050 2311 2102 mala
2354 2060 2467 2115 est;
2503 2050 2595 2102 sed
2629 2050 2749 2121 quia
2782 2052 2882 2104 sub
2916 2051 3000 2103 illa
3033 2058 3157 2105 Sttnl.
3196 2065 3330 2118 quos
3376 2065 3493 2103 reos
3524 2049 3647 2102 facit
3679 2048 3773 2118 ju-

2176 2141 2373 2206 beudo,
2407 2157 2511 2195 non
2535 2142 2854 2211 adjuvandu.
2886 2141 3063 2197 Gratia
3090 2141 3286 2211 quippe
3310 2139 3523 2209 adjuvat
3552 2150 3607 2192 ut
3631 2141 3773 2211 legis

2177 2234 2403 2303 quisque
2448 2234 2517 2286 sit
2557 2234 2745 2297 laetor,
2778 2235 2893 2287 sine
2924 2250 3025 2304 qui
3070 2234 3237 2305 gratia
3280 2233 3380 2287 sub
3423 2233 3539 2303 lege
3572 2233 3776 2300 positus

2181 2325 2547 2381 tantummodo
2577 2327 2678 2381 erit
2718 2326 2852 2397 legis
2881 2326 3113 2381 auditor.
3156 2324 3375 2381 Talibus
3415 2324 3594 2395 itaque
3620 2324 3778 2391 dicit,

2185 2418 2285 2486 Qui
2337 2420 2387 2473 in
2441 2421 2547 2491 lege
2580 2421 2981 2493 justiﬁcumiui,
3039 2438 3070 2473 a
3120 2404 3286 2491 gratia
3337 2419 3596 2473 excidisti;
3646 2415 3781 2487 (Cu-

2180 2512 2272 2565 lat.
2295 2526 2349 2574 v,
2378 2510 2455 2581 4).

2252 2602 2480 2658 CAPUT
2499 2604 2809 2660 και-25.
2830 2604 2959 2674 Quis
2982 2604 3049 2677 ita
3071 2604 3137 2657 sit
3160 2603 3352 2658 surdus
3377 2602 3633 2658 adversus
3649 2618 3784 2671 apo-

2184 2695 2398 2749 stolieas
2424 2711 2602 2762 voces,
2632 2697 2751 2767 quis
2775 2698 2843 2750 ita
2872 2692 3119 2765 desipiat,
3146 2696 3253 2749 imo
3279 2694 3507 2749 insaniat
3535 2696 3783 2750 nesciens

2184 2785 2308 2856 quid
2334 2785 2597 2856 loquatur,
2632 2795 2687 2839 ut
2713 2788 2903 2841 audeat
2934 2786 3135 2851 dicere,
3177 2785 3345 2855 legem
3374 2800 3492 2839 esse
3529 2786 3782 2854 gratizmi,

2186 2894 2306 2933 cum
2335 2880 2527 2933 clamet
2568 2880 2658 2949 qui
2690 2880 2890 2934 sciebat
2918 2880 3043 2949 qttid
3092 2879 3421 2947 loqueretur,
3467 2877 3565 2944 Qui
3595 2877 3646 2931 in
3673 2878 3782 2948 lege

2175 2969 2554 3038 jnsti/icamini,
2584 2988 2613 3021 ιι
2639 2972 2803 3041 gratia
2830 2970 3085 3023 excidistis
3108 2967 3132 3022 ?
3164 2968 3218 3023 Si
3247 2977 3425 3022 autem
3460 2968 3540 3021 lex
3568 2981 3672 3020 non
3699 2976 3787 3022 est

2186 3062 2374 3130 gratia,
2403 3062 2521 3132 quia
2553 3074 2603 3115 ut
2636 3066 2746 3134 ipsa
2778 3064 2861 3116 lex
2890 3063 2977 3115 liat
3001 3104 3014 3127 ,
3055 3076 3159 3115 non
3189 3070 3365 3131 potest
3396 3060 3477 3114 lex
3507 3057 3784 3129 adjuvare,

2188 3154 2280 3209 διιιι
2309 3161 2508 3224 gratia;
2538 3155 2790 3225 numquid
2833 3164 3017 3209 natura
3053 3155 3156 3209 erit
3195 3152 3403 3224 gratia?
3449 3151 3579 3206 Nam
3601 3160 3656 3206 et
3682 3150 3790 3205 hoc

2190 3246 2452 3316 Pelagiani
2484 3248 2597 3301 ausi
2641 3258 2763 3301 sunt
2799 3247 2995 3312 dicere,
3029 3256 3253 3318 gratiam
3284 3261 3404 3301 esse
3432 3256 3698 3308 naturam,
3730 3246 3787 3302 iu

2189 3355 2293 3410 qua
2319 3341 2396 3395 sie
2421 3340 2588 3395 creati
2618 3356 2803 3394 sumus
2822 3382 2836 3405 ,
2875 3349 2931 3394 ut
2962 3341 3254 3395 habeamus
3285 3348 3516 3394 mentem
3546 3339 3789 3392 rationa-

2191 3432 2315 3498 lem,
2338 3448 2442 3503 qua
2474 3431 2769 3502 intelligere
2796 3433 3085 3498 valeamus,
3114 3430 3234 3486 facti
3260 3431 3327 3485 ad
3354 3432 3633 3501 iuiag‘nem
3661 3430 3783 3497 Dei,

2192 3534 2248 3578 ut
2286 3523 2626 3579 dominemur
2655 3525 2888 3595 piscibus
2924 3526 3112 3600 gnaris,
3144 3535 3198 3579 et
3223 3524 3527 3579 volucribus
3551 3525 3707 3591 (ξιιιιὶι
3731 3536 3789 3580 et

2190 3618 2438 3672 omnibus
2493 3618 2778 3688 pecoribus
2828 3634 2950 3689 qua:
2995 3628 3188 3688 repunt
3227 3632 3388 3688 super
3419 3626 3637 3673 terrain.
3673 3617 3784 3672 Sed

2192 3726 2299 3766 uon
2331 3710 2445 3765 brae
2475 3721 2554 3766 est
2580 3711 2749 3781 gratia
2770 3754 2786 3779 ,
2816 3727 2975 3781 quam
3002 3710 3344 3765 commendat
3370 3710 3659 3779 Apostolus
3691 3726 3788 3778 per

2194 3802 2351 3857 fidem
2399 3802 2525 3858 Jesu
2568 3801 2785 3857 Christi.
2829 3802 2977 3857 lianc
3019 3802 3163 3857 enim
3202 3809 3446 3855 naturam
3474 3801 3633 3855 etiam
3661 3815 3787 3854 cum

2194 3894 2375 3965 impiis
2415 3904 2469 3950 et
2512 3895 2816 3949 inlidelibns
2842 3904 3049 3949 eertum
3080 3904 3162 3949 est
3200 3893 3353 3948 nobis
3379 3907 3500 3948 esse
3538 3906 3793 3946 cominu-

2193 4000 2317 4041 nem
2350 4002 2363 4039 :
2393 3986 2562 4056 gratia
2592 4000 2717 4040 vero
2746 4001 2840 4055 per
2871 3984 3029 4040 fidem
3069 3984 3197 4040 .lesu
3225 3983 3427 4039 Christi
3452 3998 3638 4038 eorum
3666 3990 3792 4037 tan-

2196 4078 2467 4135 tummodo
2488 4087 2589 4142 est,
2611 4095 2834 4150 quorum
2857 4088 2940 4134 est
2962 4080 3073 4148 ipsa
3097 4077 3248 4134 ﬁdes.
3271 4075 3326 4132 Ν
3329 4095 3393 4132 ou
3415 4077 3545 4131 enim
3567 4076 3793 4153 omnium

2194 4182 2265 4226 est
2296 4171 2422 4239 ﬁdes
2444 4172 2509 4243 (ll
2532 4170 2710 4226 Thess.
2737 4189 2813 4234 iu,
2836 4171 2915 4242 Εἰ).
2954 4172 3193 4242 Denique
3216 4172 3355 4227 sicut
3376 4171 3455 4225 eis
3485 4170 3573 4241 qui
3599 4170 3793 4226 volen-

2201 4272 2280 4317 tes
2309 4262 2359 4317 in
2390 4262 2507 4333 lege
2534 4262 2837 4331 justilicari,
2890 4281 2917 4316 ιι
2949 4264 3115 4333 gratia
3147 4263 3482 4331 exciderunt,
3518 4263 3795 4318 verissime

2194 4354 2343 4418 dicit,
2387 4354 2449 4410 Si
2473 4371 2536 4409 ea:
2560 4356 2669 4426 lege
2695 4355 2904 4426 justitia
2924 4398 2937 4419 ,
2978 4372 3096 4428 ergo
3126 4354 3357 4411 Christus
3380 4356 3539 4427 gratis
3565 4365 3795 4410 mortuus

2195 4453 2266 4498 est
2295 4442 2493 4515 (Gulat.
2524 4460 2582 4508 ιι,
2610 4444 2702 4514 21)
2733 4462 2746 4498 :
2780 4445 2861 4501 sic
2895 4454 2949 4499 et
2977 4444 3059 4499 his
3087 4445 3174 4516 qni
3202 4446 3428 4516 gratiam
3454 4460 3613 4515 quam
3646 4460 3796 4499 coni.

2198 4534 2481 4589 inendatet
2512 4536 2734 4605 percipit
2761 4534 2890 4592 ﬁdes
2914 4534 3134 4601 Christi,
3170 4545 3354 4605 putant
3376 4551 3497 4591 esse
3523 4544 3792 4600 naturain,

2196 4628 2472 4683 verissime
2497 4628 2709 4693 dicitur,
2743 4630 2797 4685 Si
2827 4644 2889 4683 ex
2923 4640 3109 4683 natura
3136 4630 3363 4699 justitia,
3393 4644 3522 4699 ergo
3543 4629 3794 4684 Christus

2195 4721 2362 4791 gratis
2390 4730 2631 4777 mortuus
2652 4729 2756 4777 est.
2780 4720 2897 4777 Jain
2925 4720 3013 4777 hic
3037 4723 3179 4777 enim
3211 4732 3326 4777 erat
3355 4722 3458 4788 lex,
3494 4730 3549 4776 et
3578 4737 3683 4775 non
3707 4721 3798 4790 juo

2197 4812 2490 4875 stilicabat;
2517 4812 2626 4883 jam
2656 4813 2741 4867 hic
2771 4823 2886 4868 erat
2914 4823 2968 4868 et
2996 4825 3208 4879 natura,
3228 4824 3283 4867 et
3310 4828 3415 4868 non
3428 4811 3794 4884 justiﬁcaliat:

2198 4905 2319 4960 ideo
2349 4906 2595 4961 Christus
2634 4908 2943 4977 uou‘gratis
2984 4918 3226 4962 mortuus
3256 4917 3358 4973 est,
3392 4916 3449 4962 ut
3488 4917 3543 4963 et
3574 4907 3657 4961 lex
3695 4921 3798 4977 per

2198 5000 2345 5054 illum
2385 5000 2718 5070 impleretur,
2748 5002 2836 5071 qui
2872 5000 3025 5065 dixit,
3070 4998 3191 5055 Non
3236 5000 3345 5055 veni
3382 5001 3571 5055 solvere
3609 5001 3796 5070 legem,

2196 5094 2285 5147 sed
2310 5094 2519 5163 implere
2547 5094 2758 5164 (Matth.
2789 5110 2841 5159 v,
2882 5095 2973 5158 l7)
3005 5113 3018 5152 :
3058 5104 3112 5152 et
3140 5105 3327 5149 natura
3353 5111 3446 5165 per
3471 5093 3641 5149 Adam
3677 5111 3800 5164 per-

2198 5187 2328 5254 dita,
2358 5204 2450 5257 per
2476 5189 2624 5243 illum
2658 5199 3015 5259 repararetur,
3048 5190 3137 5260 qui
3166 5190 3293 5243 dixit
3332 5190 3542 5243 venisse
3570 5204 3629 5242 se
3652 5204 3798 5257 qua:-

2200 5298 2308 5333 rrre
2352 5291 2395 5333 et
2425 5280 2620 5335 salvurc
2657 5282 2791 5352 quod
2832 5292 3047 5353 perierat
3100 5280 3207 5351 (Id.
3258 5298 3408 5345 xvut,
3454 5282 3537 5343 ll,
3580 5291 3623 5334 et
3667 5278 3797 5335 Luc.

2204 5389 2313 5434 xix,
2344 5371 2463 5444 l0);
2496 5375 2545 5427 in
2568 5391 2723 5442 quem
2751 5384 3030 5427 venturum
3056 5371 3258 5443 antiqui
3281 5375 3439 5428 etiam
3470 5384 3647 5442 patres
3672 5387 3797 5425 cre-

2201 5465 2443 5519 diderant
2476 5467 2517 5529 θ,
2550 5468 2636 5534 qui
2666 5465 2955 5534 diligebant
2982 5467 3167 5519 Deum.

2273 5557 2360 5610 ἐϋ.
2408 5559 2595 5612 Dicunt
2634 5562 2791 5610 etiam
2835 5559 3054 5626 gratiam
3102 5558 3225 5619 Dei,
3254 5574 3369 5627 qua:
3412 5554 3530 5607 data
3583 5565 3659 5607 est
3697 5568 3793 5617 per

2206 5648 2359 5701 tidem
2388 5648 2509 5703 Jcstt
2538 5649 2736 5703 (ἶῖιιὶςιι
2764 5691 2776 5714 ,
2810 5666 2927 5717 qur.
2964 5665 3137 5717 neque
3169 5649 3247 5702 lex
3280 5658 3353 5700 est
3384 5663 3553 5715 neque
3588 5659 3797 5709 natura,

2270 5851 2280 5879 ¹
2323 5851 2391 5896 Sir
2416 5857 2519 5897 ηδς.
2549 5850 2661 5895 l-‘dili
2681 5885 2691 5903 ,
2714 5848 2956 5907 pt'tulvmt.

2268 5914 2285 5942 ¹
2322 5928 2389 5959 διε
2414 5923 2419 5929 '
2447 5927 2511 5959 ss.
2536 5912 2610 5958 ιιιι
2639 5927 2648 5959 ι
2677 5926 2809 5960 \et'u.
2838 5912 3147 5959 ιἰιίῐιιΐιίιιιηῑ
