4122 6496
354 349 453 404 89'!

351 467 414 518 at!
446 464 545 519 hoc
575 474 775 519 tantum
806 463 1003 530 valere,
1039 472 1093 517 ιιι
1124 469 1333 534 peccata
1369 459 1633 531 prteterita
1661 456 1935 512 dimittan-

351 567 452 621 tttr,
488 572 593 611 non
625 567 682 612 ttt
709 556 885 612 futura
910 557 1160 622 vitentur,
1190 555 1272 610 vel
1301 552 1651 623 repugnantia
1681 566 1942 620 superem

350 660 452 704 utr.
481 648 589 705 Sed
613 651 657 704 si
685 650 785 704 hoc
812 664 996 704 verum
1019 655 1182 713 esset,
1210 648 1390 716 utique
1416 646 1469 700 itt
1496 645 1738 700 oratione
1767 641 1939 696 domi-

349 742 467 797 nica
490 781 506 808 ,
536 755 657 796 cum
701 740 1024 796 dixissemus
1047 780 1062 803 ,
1093 737 1303 792 Dimitte
1344 737 1487 790 nobis
1526 734 1692 790 debita
1732 742 1938 797 nostra,

347 833 473 886 sicut
503 840 549 887 et
579 848 673 887 nos
701 831 1000 886 dimittimus
1041 829 1348 884 debitoribus
1375 828 1560 882 nostris
1579 868 1591 888 .
1636 843 1739 879 non
1770 823 1936 880 addc.

348 936 547 987 remus,
575 932 622 977 ct
652 939 714 977 ne
735 938 829 977 nos
855 919 1130 991 infcrasin
1153 921 1475 975 tentationem
1499 918 1713 992 (.liattlt.
1741 933 1814 981 vt,
1846 915 1935 983 12,

352 1011 458 1084 f5).
493 1013 622 1068 Illud
662 1014 806 1069 enim
836 1012 1063 1068 dicimus
1090 1021 1147 1067 ιιι
1175 1021 1393 1083 peccata
1432 1011 1801 1073 dimittantur;
1836 1006 1938 1061 hoe

348 1116 523 1159 autem
549 1112 611 1161 ut
632 1115 944 1170 caveantur,
967 1104 1081 1162 sive
1102 1104 1382 1159 vincantur
1406 1121 1421 1159 :
1444 1102 1585 1175 quod
1611 1117 1640 1155 a
1672 1102 1826 1155 l‘atre
1845 1100 1936 1171 qui

348 1196 397 1250 itt
427 1197 577 1252 oculis
605 1206 720 1264 est,
748 1196 890 1252 nulla
920 1197 1128 1252 ratione
1169 1205 1473 1267 peteremus
1493 1238 1508 1260 ,
1542 1195 1586 1251 si
1616 1195 1811 1249 virtute
1840 1207 1936 1247 vo-
1973 1210 1977 1214 '

349 1290 564 1344 ltttttatis
612 1290 859 1345 Itttntante
902 1291 1002 1345 hoc
1038 1304 1318 1361 possemus
1354 1289 1584 1345 efficere.
1612 1285 1941 1343 Commoneo

347 1391 523 1436 autem
551 1380 878 1437 Cltaritatem
925 1394 1157 1436 vestram
1180 1423 1195 1447 ,
1228 1390 1284 1438 et
1310 1382 1534 1437 multum
1573 1376 1849 1446 exhortor,
1884 1390 1942 1435 ut

352 1474 487 1528 beati
512 1472 763 1546 Cypriani
808 1473 1004 1529 librum
1034 1489 1189 1545 quem
1221 1472 1434 1543 scripsit
1459 1473 1527 1529 de
1556 1472 1810 1529 Oratione
1837 1472 1943 1527 Do-

351 1565 546 1621 minica
568 1607 584 1633 ,
612 1564 901 1636 diligenter
924 1566 1146 1638 legatis;
1177 1574 1232 1620 et
1261 1573 1516 1635 quantum
1556 1579 1652 1618 vos
1685 1564 1939 1618 Dominus

348 1657 629 1725 adjuverit,
664 1657 1007 1728 intelligatis,
1037 1657 1417 1729 memorimqtte
1445 1656 1728 1711 mandetis.
1758 1655 1835 1710 lbi
1863 1655 1943 1710 vi-

347 1750 539 1805 debitis
579 1749 1030 1822 quemadmodum
1074 1750 1151 1805 sic
1185 1750 1490 1820 alloquatur
1528 1749 1754 1805 liberum
1798 1749 1942 1804 arbi-

350 1842 508 1896 trium
535 1855 722 1896 eorum
744 1881 758 1904 ,
791 1855 926 1911 quos
956 1841 1347 1910 conscriptione
1377 1840 1460 1895 sui
1485 1841 1751 1895 sermonis
1776 1839 1943 1894 aedili-

345 1944 449 1997 cat,
482 1941 541 1987 ttt
563 1935 812 1990 ostendat
839 1944 1014 1991 tamen
1045 1949 1107 1989 ea
1130 1949 1249 2005 qua:
1276 1934 1541 2005 implenda
1564 1933 1821 2005 jubentur
1841 1936 1858 1967 ⁸
1886 1934 1937 1989 itt

350 2027 483 2094 lrge,
512 2026 563 2080 itt
594 2027 838 2082 oratione
873 2041 994 2082 esse
1034 2025 1320 2097 poscenda.
1357 2025 1511 2094 Quod
1553 2026 1739 2095 utique
1764 2026 1941 2080 vanis-

345 2120 479 2172 sime
516 2117 696 2185 fleret,
725 2118 769 2173 si
806 2117 873 2174 ad
916 2118 1000 2172 illa
1042 2118 1247 2189 agenda
1292 2118 1411 2174 sine
1453 2118 1635 2174 divino
1674 2118 1941 2189 adjutorio

345 2210 588 2264 Voluntas
618 2208 846 2264 humana
874 2209 1168 2267 sufficeret.

414 2301 640 2359 CAPUT
668 2301 806 2358 XIV.
831 2333 903 2344 —-
921 2304 1011 2358 27.
1039 2303 1145 2360 Sed
1171 2320 1290 2360 eum
1320 2304 1516 2360 fuerint
1542 2306 1770 2361 convicti
1790 2349 1804 2371 ,
1833 2322 1937 2361 non
1968 2326 1979 2336 ·

344 2393 677 2460 defensores,
709 2395 803 2450 sed
834 2395 1109 2451 ittflatorcs
1129 2404 1184 2452 et
1210 2396 1629 2468 praeeipitatores
1670 2396 1823 2452 liberi
1847 2412 1937 2452 ar-

348 2486 490 2539 bitrii
512 2528 526 2552 ,
553 2487 673 2557 quia
700 2504 871 2558 neque
894 2488 1115 2544 scientia
1144 2487 1336 2542 divina:
1360 2488 1511 2557 legis,
1537 2504 1709 2558 neque
1730 2498 1936 2555 natura,

347 2594 519 2650 neque
550 2580 659 2633 sola
701 2582 948 2635 remissio
981 2590 1319 2652 peccatorum
1352 2590 1435 2637 est
1472 2583 1559 2637 illa
1588 2582 1755 2653 gratia
1776 2621 1793 2649 ,
1822 2598 1939 2652 qttre

346 2687 443 2741 per
478 2672 659 2728 Jrsum
706 2672 976 2730 Christum
1026 2674 1307 2729 Doittinutn
1349 2685 1590 2729 nostrum
1638 2675 1811 2740 datur,
1844 2676 1938 2730 sed

346 2765 459 2843 ipsa
492 2765 614 2822 facit
659 2775 717 2821 ut
760 2766 846 2822 lex
893 2767 1195 2837 impleatur,
1241 2776 1301 2822 ut
1342 2776 1533 2821 natura
1563 2767 1837 2833 liberetur,
1871 2783 1938 2823 ne

346 2866 620 2924 peccatum
660 2856 1147 2914 dominetuncum
1187 2873 1315 2929 ergo
1344 2858 1397 2913 in
1437 2858 1517 2913 his
1551 2857 1784 2913 convicti
1827 2857 1940 2913 fue-

346 2950 476 3017 rint,
503 2950 570 3005 ad
598 2949 700 3005 boc
731 2966 791 3006 se
828 2960 1174 3017 convertunt,
1203 2961 1262 3005 ut
1286 2965 1621 3021 quocumque
1658 2950 1819 3005 modo
1842 2965 1937 3006 co-

346 3052 543 3097 nentur
561 3042 847 3098 ostendere
870 3044 1092 3113 gratiam
1116 3042 1208 3098 Dei
1232 3043 1522 3099 secundum
1545 3041 1734 3098 merita
1756 3052 1939 3098 nostra

343 3133 480 3188 dari.
509 3134 696 3189 Dicunt
715 3140 857 3191 enim
885 3154 899 3191 :
927 3154 948 3190 ι
984 3136 1095 3191 Etsi
1123 3151 1226 3188 non
1250 3134 1405 3189 datur
1425 3134 1715 3190 secundum
1748 3132 1939 3190 merita

344 3225 604 3279 benorutn
642 3239 864 3297 operum
890 3268 905 3294 ,
938 3227 1058 3297 quia
1099 3241 1197 3297 per
1236 3226 1405 3297 ipsam
1436 3227 1573 3282 bene
1611 3242 1937 3296 onerantur;

348 3326 526 3371 tamen
553 3319 845 3373 secundum
877 3320 1066 3374 merita
1103 3319 1259 3375 bona:
1283 3320 1573 3374 voluntatis
1598 3319 1755 3374 datur
1777 3338 1791 3374 :
1817 3320 1937 3395 quia

343 3407 479 3461 bona
510 3408 776 3474 voluntas,
812 3429 833 3461 ι
866 3410 1130 3482 inquiunt,
1164 3428 1183 3462 ι
1222 3409 1475 3481 ῃιωοοιίἰι
1501 3412 1738 3475 orantis,
1771 3427 1931 3482 quam

343 3501 615 3569 prmeessit
635 3502 880 3556 voluntas
900 3501 1188 3567 credentis,
1213 3511 1268 3555 ttt
1290 3501 1585 3557 secundum
1610 3501 1725 3557 hate
1750 3506 1936 3558 merita

342 3592 508 3660 gratia
539 3602 795 3663 se'utatur
822 3593 1158 3649 exaudientis
1187 3594 1301 3648 Dei.
1344 3612 1362 3647 ι

412 3684 503 3740 98.
544 3683 659 3740 Jam
686 3686 898 3755 quidem
926 3685 993 3740 de
1023 3685 1145 3749 fide,
1179 3686 1280 3741 hoc
1308 3695 1411 3753 est,
1439 3686 1506 3742 de
1528 3688 1801 3742 voluntate
1822 3702 1940 3743 cre-

346 3775 521 3831 dentis
560 3778 806 3847 superius
831 3777 1096 3848 disputavi
1123 3772 1349 3852 (Supra’,
1382 3796 1471 3833 nn.
1515 3778 1742 3852 lli-18),
1772 3795 1941 3851 usque

344 3867 479 3922 adeo
503 3883 620 3923 eam
649 3868 1024 3923 demonstrans
1048 3869 1112 3924 ad
1135 3870 1359 3940 gratiam
1384 3870 1650 3940 pertinere
1669 3915 1684 3937 ,
1714 3881 1771 3927 ιιι
1793 3873 1940 3941 Apo-

343 3960 513 4012 stolus
555 3942 909 4014 non'diceret
931 4002 946 4024 ,
975 3959 1390 4015 Misericordiam
1435 3970 1757 4016 consecutus
1780 3977 1896 4017 sum
1921 4003 1936 4027 ,

344 4050 472 4118 quia
519 4048 692 4107 fidelis
717 4064 902 4114 eram;
928 4050 1024 4106 sed
1053 4047 1284 4117 diceret,
1316 4051 1724 4106 Misericordiam
1765 4070 1940 4108 consc-

345 4151 492 4195 cutus
519 4157 665 4207 sunt,
710 4140 959 4211 ut'fidelis
995 4160 1153 4197 essent
1179 4144 1222 4215 (Ι
1267 4143 1384 4199 Car.
1412 4161 1484 4199 vtt
1510 4189 1523 4211 ,
1564 4144 1680 4216 25).
1714 4146 1849 4202 Sunt
1887 4156 1943 4201 et

345 4232 444 4284 alia
473 4232 796 4298 testimonia,
827 4233 880 4286 in
906 4234 1097 4302 quibus
1117 4243 1200 4290 est
1226 4235 1365 4305 quod
1388 4236 1480 4302 ait,
1508 4236 1688 4307 Sapite
1714 4237 1782 4291 ad
1817 4248 1942 4292 tem-

345 4325 650 4395 perantiam,
679 4325 809 4377 sicut
840 4324 1106 4396 unicuique
1133 4324 1270 4381 Deus
1302 4328 1519 4401 partitus
1544 4337 1614 4381 est
1654 4346 1940 4383 mensuram

345 4415 466 4483 fidei
495 4413 667 4484 (Rom.
702 4431 794 4482 xu,
822 4416 899 4485 5).
931 4416 993 4471 Et
1025 4416 1166 4486 quod
1190 4417 1300 4488 jam
1326 4421 1779 4475 commemoravi:
1806 4419 1942 4475 Gra-

346 4506 417 4558 tia
446 4507 576 4560 salvi
617 4507 744 4578 facti
768 4508 885 4562 estis
918 4525 1004 4577 per
1029 4508 1211 4578 fidem,
1245 4509 1408 4564 ethoc
1433 4524 1534 4565 non
1562 4528 1625 4565 ea:
1652 4512 1788 4565 vobis
1806 4555 1821 4578 ,
1852 4513 1943 4566 sed

345 4596 444 4651 Dei
464 4600 654 4651 donum
687 4607 764 4651 est
792 4598 1005 4670 (lfpltes.
1039 4616 1095 4664 ιι,
1126 4600 1203 4669 8).
1231 4600 1297 4655 Et
1320 4601 1445 4657 illud
1470 4603 1609 4672 quod
1637 4606 1849 4674 scripsit
1875 4605 1940 4660 ad

349 4689 648 4757 Ephesios:
680 4690 795 4745 Pax
842 4690 1086 4763 fratribus
1129 4702 1176 4746 et
1222 4693 1444 4746 charitas
1483 4711 1598 4747 cum
1646 4696 1748 4763 ﬁde
1774 4713 1805 4748 a
1834 4695 1940 4751 Deo

352 4782 507 4835 Patre
549 4791 598 4836 et
636 4781 857 4837 Domino
885 4782 1010 4838 Jcsu
1039 4783 1240 4839 Christo
1272 4784 1381 4855 (Id.
1409 4802 1461 4841 γι
1484 4827 1500 4852 ,
1528 4788 1642 4859 25).
1680 4788 1743 4842 Et
1778 4790 1937 4852 illud,

353 4874 437 4927 ubi
468 4875 576 4927 ait:
607 4873 738 4942 Quia
768 4876 902 4928 vobis
924 4874 1168 4930 donatum
1199 4886 1270 4930 est
1296 4893 1388 4947 pro
1415 4877 1633 4942 Christo,
1655 4895 1753 4933 non
1776 4882 1938 4934 solum

346 4975 401 5018 ut
431 4966 646 5019 credatis
684 4968 735 5021 in
780 4983 926 5034 eam,
957 4973 1127 5022 verum
1166 4970 1316 5022 etiam
1357 4981 1414 5024 ut
1458 4972 1721 5040 patiamini
1760 4991 1852 5043 pro
1882 4992 1940 5028 eo

348 5058 614 5129 (Philipp.
646 5076 681 5121 ι.
712 5060 825 5126 99).
860 5059 1155 5132 Utrumque
1185 5078 1311 5133 ergo
1340 5063 1407 5118 ad
1436 5064 1527 5119 Dei
1554 5066 1775 5135 gratiam
1817 5082 1939 5136 per-

347 5155 403 5207 tit
427 5164 502 5217 et,
533 5162 586 5207 et
631 5153 761 5208 fides
791 5154 1159 5220 credentium,
1192 5165 1245 5211 et
1275 5156 1551 5212 tolerantia
1594 5159 1900 5225 patientium
1922 5201 1937 5226 ,

345 5245 469 5314 quia
500 5256 782 5316 mrumquc
809 5244 940 5300 dixit
965 5261 1084 5301 esse
1113 5246 1386 5302 donatum.
1431 5249 1497 5304 Et
1529 5250 1656 5305 illttd
1687 5253 1936 5319 maxime,

346 5338 435 5391 ubi
490 5337 617 5390 dfcit
667 5356 679 5391 :
728 5336 983 5393 [labentes
1030 5349 1197 5393 autem
1255 5342 1484 5395 eumdem
1530 5343 1763 5411 spiritum
1820 5344 1941 5414 fidei

345 5425 414 5497 (tl
444 5425 559 5481 Cor.
592 5430 663 5489 tv,
700 5426 809 5497 13).
843 5428 957 5483 Non
988 5428 1128 5482 enim
1162 5430 1271 5495 ait,
1299 5430 1585 5486 Scientiant
1615 5432 1770 5497 fidei;
1803 5434 1936 5501 sed,

344 5519 582 5584 spiritum
626 5518 947 5587 fidei:quod
989 5530 1267 5590 prepterea
1311 5522 1477 5586 dixit,
1523 5530 1579 5575 ttt
1617 5522 1940 5592 intelligere-

342 5626 486 5670 ntus,
518 5611 638 5678 quia
663 5610 793 5665 fides
812 5622 864 5665 et
895 5627 997 5664 nott
1024 5612 1183 5681 petita
1211 5613 1545 5677 conceditur,
1579 5623 1633 5667 ut
1660 5615 1707 5668 ei
1735 5617 1934 5683 petenti

344 5703 447 5758 alia
476 5701 858 5757 concedantur.
891 5702 1157 5769 Quomodo
1187 5705 1329 5757 enim
1360 5704 1661 5760 invocabant
1685 5750 1699 5774 ,
1732 5707 1932 5778 inquit,

413 5816 430 5848 ⁸
468 5826 565 5866 am.
593 5821 665 5865 Er.
694 5823 745 5866 et
777 5816 1001 5885 plerique
1028 5824 1152 5878 δίει,
1180 5816 1417 5868 ridentur.

1747 339 1949 396 LIBER
1988 338 2188 397 UNUS.
2256 328 2279 340 “

3545 340 3646 392 ΒἯ

2049 453 2102 506 in
2131 469 2274 523 quem
2302 468 2402 507 non
2430 452 2749 506 crediderunt
2775 451 2949 522 (Rom.
2987 469 3040 517 τι,
3082 454 3202 519 ll)?
3237 455 3378 526 Ergo
3414 460 3644 526 spiritus

2052 542 2237 614 gratia:
2282 541 2406 598 facit
2439 552 2494 597 ut
2526 544 2814 598 habeamus
2845 542 2999 598 fidem
3022 586 3037 611 ,
3067 554 3122 600 ut
3152 560 3247 616 per
3272 547 3434 603 fidem
3475 550 3645 619 impe-

2051 645 2252 692 tremus
2293 637 2498 692 orando
2524 680 2537 701 ,
2587 646 2645 693 ιιι
2688 638 2955 708 possimus
3004 637 3180 695 facere
3223 657 3342 711 qtae
3371 641 3641 711 jttbemar.

2047 727 2176 784 Ideo
2199 730 2313 801 ipse
2341 730 2627 799 Apostolus
2647 729 2858 785 assidue
2880 729 2980 800 legi
3009 731 3447 801 prteponittidem
3475 747 3645 803 :qutt-

2047 822 2189 876 niam
2215 823 2354 893 quod
2384 823 2465 877 lex
2488 822 2660 892 jubet.
2691 822 2864 879 facere
2896 840 3000 877 non
3024 824 3299 893 valemus,
3328 826 3429 880 nisi
3455 842 3552 896 per
3580 826 3643 881 fi-

2045 916 2167 969 dem
2195 916 2432 985 rogando
2464 920 2831 985 impetremus,
2860 928 2919 971 ut
2943 916 3117 974 facere
3143 920 3438 975 valeamus.

2116 1007 2206 1063 29.
2249 1009 2378 1063 Nam
2421 1009 2463 1062 si
2508 1008 2639 1064 fides
2681 1010 2830 1064 liberi
2869 1020 2950 1064 est
2983 1008 3351 1066 taalummodo
3391 1011 3637 1077 arbitrii,

2046 1115 2147 1155 nec
2172 1100 2327 1154 datur
2349 1116 2377 1154 a
2408 1102 2537 1165 Deo,
2569 1111 2789 1172 prepter
2815 1101 2940 1172 qttid
2964 1117 3059 1171 pro
3084 1103 3162 1157 eis
3190 1102 3281 1173 qui
3309 1105 3498 1159 nolunt
3520 1118 3644 1160 cre-

2045 1190 2191 1256 dere,
2222 1206 2439 1247 oramus
2486 1200 2544 1247 ut
2585 1192 2841 1249 credant?
2882 1194 3035 1262 Quod
3077 1210 3298 1266 prorsus
3345 1196 3643 1253 facerttmns

2045 1281 2293 1349 inaniter,
2324 1284 2423 1338 nisi
2451 1285 2748 1340 rectissime
2778 1286 3140 1352 crederemus,
3171 1288 3332 1341 etiam
3361 1304 3643 1359 perversos

2045 1380 2100 1429 et
2125 1372 2244 1429 fidei
2270 1376 2563 1431 contrarias
2586 1376 2889 1433 voluntates
2914 1381 3334 1450 omnipotentem
3378 1382 3542 1437 Deum
3573 1384 3641 1437 ad

2045 1464 2371 1521 credendum
2399 1481 2555 1537 posse
2579 1478 2914 1524 convertere.
2949 1469 3200 1524 Liberum
3231 1471 3443 1540 quidem
3469 1472 3644 1527 homi-

2048 1556 2130 1609 nis
2169 1557 2448 1612 arbitrium
2490 1558 2751 1628 pulsatur,
2790 1560 2880 1614 ubi
2921 1560 3153 1615 dicitur:
3182 1560 3352 1616 Hodie
3389 1564 3435 1617 si
3466 1580 3637 1618 vorem

2046 1648 2164 1719 ejus-
2182 1647 2466 1715 audieritis,
2491 1650 2646 1704 nolite
2668 1648 2921 1705 obdurare
2938 1652 3093 1717 corda
3109 1663 3272 1707 vestra
3295 1652 3468 1725 (Psal.
3493 1670 3636 1721 XCIV,

2046 1738 2125 1812 8).
2156 1739 2265 1796 Sed
2297 1741 2398 1796 nisi
2426 1751 2609 1813 posset
2637 1743 2776 1798 Deus
2800 1744 2959 1799 etiam
2981 1744 3231 1799 duritiam
3259 1746 3436 1800 cordis
3461 1748 3640 1801 aufer-

2045 1848 2125 1901 re,
2156 1849 2260 1889 non
2303 1835 2507 1891 diceret
2546 1852 2640 1905 per
2680 1836 2992 1908 prophetam
3021 1838 3303 1908 :Auferam
3348 1838 3410 1893 ab
3454 1840 3524 1894 eis
3552 1857 3641 1893 car

2046 1928 2320 2000 lapideum,
2353 1940 2399 1984 et
2429 1930 2557 1983 dabo
2581 1931 2651 1985 eis
2679 1947 2766 1984 cor
2793 1948 3048 1985 corneum.
3081 1932 3232 2000 Quod
3261 1933 3326 1988 de
3357 1949 3495 1986 novo
3529 1933 3638 1988 Te-

2046 2029 2312 2075 stamento
2342 2020 2503 2076 fuisse
2532 2023 2863 2091 prtedictum,
2896 2023 3024 2076 satis
3055 2023 3346 2092 Apostolus
3376 2024 3635 2085 ostendit,

2044 2111 2133 2167 ubi
2164 2113 2237 2167 ait
2269 2130 2283 2167 :
2316 2110 2551 2184 Epistola
2589 2124 2761 2167 nostra
2814 2129 2900 2166 vos
2950 2115 3087 2177 estis,
3133 2116 3323 2184 scripta
3366 2132 3465 2168 non
3494 2126 3637 2168 atra-

2045 2214 2232 2271 mento,
2263 2205 2352 2260 sed
2377 2206 2556 2275 spiritu
2587 2204 2678 2259 Dei
2707 2206 2840 2268 vivi;
2870 2223 2970 2260 non
3001 2207 3051 2260 in
3080 2207 3264 2262 tabulis
3291 2208 3525 2277 lapideis,
3550 2210 3637 2261 sed

2045 2300 2098 2355 in
2128 2300 2312 2354 tabulis
2339 2299 2507 2354 cordis
2533 2299 2821 2354 carnalibus
2849 2302 2869 2372 (
2894 2299 2933 2353 ll
2961 2299 3078 2355 Cor.
3114 2317 3191 2367 ιιι,
3219 2300 3319 2373 2).
3349 2300 3501 2369 Quod
3534 2320 3639 2356 non

2045 2391 2169 2447 ideo
2193 2393 2394 2447 dictum
2422 2401 2689 2462 putemus,
2720 2401 2776 2464 ut
2806 2393 3094 2448 carnaliter
3120 2396 3303 2449 vivant
3333 2395 3421 2464 qui
3444 2394 3640 2449 debent

2044 2485 2393 2554 Spiritualiter
2421 2485 2640 2540 vivere:
2666 2485 2761 2540 sed
2783 2527 2797 2549 ,
2830 2485 2953 2555 quia
3000 2486 3137 2556 lapis
3176 2487 3293 2542 sine
3330 2502 3488 2541 sensu
3517 2501 3595 2542 ρει
3621 2530 3639 2554 ,

2044 2576 2130 2631 cui
2162 2586 2533 2647 comparatum
2570 2586 2653 2631 est
2691 2591 2787 2632 cor
2820 2577 3013 2631 durum
3035 2620 3049 2645 ,
3079 2578 3165 2632 cui
3197 2580 3295 2632 nisi
3338 2579 3484 2633 carni
3515 2595 3641 2633 scu-

2046 2668 2195 2721 tiettti
2227 2684 2323 2721 cor
2352 2668 2654 2738 intelligens
2684 2667 2869 2723 debuit
2894 2670 3232 2739 comparari?
3252 2670 3343 2725 Sic
3364 2671 3508 2725 enim
3540 2672 3641 2725 ltoc

2043 2757 2238 2812 dicitur
2282 2774 2375 2828 per
2402 2759 2738 2815 Ezecltielem
2771 2760 3087 2830 prophetam
3116 2778 3129 2814 :
3158 2760 3225 2815 Et
3254 2760 3386 2816 dabo
3413 2764 3483 2817 eis
3506 2807 3520 2827 ,
3555 2764 3637 2817 in-

2043 2850 2187 2921 quit,
2219 2866 2306 2904 cor
2331 2852 2495 2916 aliud,
2519 2862 2567 2906 et
2593 2854 2827 2923 spiritum
2852 2870 3037 2907 novum
3062 2854 3192 2909 dabo
3218 2857 3327 2923 eis;
3353 2867 3400 2910 et
3426 2856 3638 2912 evellam

2042 2959 2131 2998 cor
2161 2943 2420 3014 lapideum
2445 2946 2508 2999 de
2533 2962 2686 3002 carne
2710 2961 2902 3012 eorum,
2934 2957 2981 3001 et
3007 2949 3137 3002 dabo
3167 2950 3239 3003 eis
3268 2967 3354 3003 cor
3375 2968 3635 3015 corneum,

2044 3044 2100 3089 ut
2127 3037 2179 3089 in
2211 3038 2474 3108 prtcceptis
2504 3039 2630 3093 meis
2668 3038 2954 3105 ambulent,
2984 3050 3031 3093 et
3062 3039 3461 3111 justi/icationcs
3502 3059 3637 3096 meas

2045 3126 2323 3191 observent,
2356 3138 2401 3182 et
2428 3129 2619 3200 faciant
2649 3146 2734 3184 eas
2757 3146 2776 3183 :
2796 3139 2843 3183 et
2884 3139 3028 3184 cruat
3057 3133 3179 3184 nti/ti
3202 3133 3253 3186 in
3281 3136 3523 3205 papulam
3549 3176 3564 3202 ,
3592 3146 3639 3188 et

2040 3239 2137 3296 ego
2154 3239 2240 3278 ero
2261 3223 2332 3277 eis
2353 3224 2404 3277 in
2426 3223 2614 3290 Deum,
2637 3224 2757 3295 dicit
2787 3223 3034 3278 Dominus
3065 3223 3277 3295 (Ezeclt.
3304 3243 3379 3293 χι,
3409 3227 3495 3293 19,
3518 3228 3634 3300 9.0).

2042 3315 2309 3387 Numquid
2355 3332 2483 3388 ergo
2522 3332 2808 3387 possumus
2853 3317 2957 3371 nisi
2995 3318 3383 3376 absurdissitne
3420 3322 3635 3389 dicere,

2044 3406 2242 3486 bonum
2273 3408 2523 3463 meritum
2564 3407 2717 3461 bona:
2744 3407 3036 3462 voluntatis
3083 3405 3134 3463 in
3166 3409 3380 3466 homine
3409 3427 3639 3481 prteccs-

2044 3498 2182 3553 sisse
2202 3540 2217 3564 ,
2253 3507 2308 3552 ttt
2346 3498 2673 3554 evellcrctur
2698 3498 2714 3529 ί
2745 3498 2812 3553 ab
2839 3515 2904 3552 eo
2934 3515 3028 3554 cor
3069 3500 3370 3570 lapideum:
3401 3503 3640 3569 quando.

2044 3590 2460 3665 quidemipsutr.
2486 3607 2580 3644 cor
2608 3590 2874 3661 lapideum
2904 3608 3009 3646 non
3039 3593 3303 3662 significat
3338 3595 3438 3649 nisi
3464 3595 3638 3651 duris-

2043 3682 2234 3737 simam
2265 3683 2592 3738 voluntatem
2633 3693 2688 3737 et
2730 3683 2987 3740 adversus
3028 3684 3194 3739 Deum
3237 3688 3456 3741 omnino
3488 3686 3640 3743 infle-

2043 3771 2299 3828 sibilent?
2331 3773 2427 3830 Ubi
2456 3774 2598 3829 enim
2629 3774 2882 3844 prtrcedit
2922 3774 3058 3831 bona
3085 3778 3329 3834 voluntas
3349 3820 3364 3845 ,
3388 3780 3498 3850 jam
3531 3798 3636 3836 non

2045 3876 2126 3920 est
2154 3869 2335 3936 utique
2360 3883 2454 3922 cor
2482 3867 2771 3937 lapideum.

2117 3957 2208 4014 30.
2234 3958 2367 4012 Nam
2397 3970 2451 4014 et
2479 3960 2585 4014 alio
2608 3960 2727 4015 loco
2757 3976 2852 4032 per
2880 3961 3126 4019 eumdem
3160 3966 3472 4036 prophetam
3496 3967 3637 4025 Deus

2045 4048 2482 4107 manifestissime
2528 4051 2801 4119 ostendit,
2847 4067 2953 4107 non
2999 4066 3217 4124 propter
3243 4073 3429 4113 eorum
3459 4060 3634 4130 aliqua

2046 4139 2184 4195 bona
2226 4142 2450 4208 merita,
2480 4142 2573 4196 sed
2620 4154 2836 4213 propter
2863 4160 3058 4200 nomen
3097 4163 3253 4201 suum
3298 4149 3395 4204 ista
3429 4151 3633 4214 facere.

2047 4233 2136 4287 ubi
2166 4233 2276 4287 ait:
2305 4231 2418 4305 Ego
2446 4235 2580 4305 facio
2601 4235 2642 4299 ¹,
2674 4236 2853 4289 domus
2882 4235 3082 4292 Israel:
3107 4241 3197 4293 sed
3226 4253 3637 4313 propterwomen

2048 4341 2209 4378 meum
2235 4334 2467 4377 sanctum
2494 4325 2629 4396 quod
2659 4329 2965 4399 profanastis
2994 4329 3046 4394 in
3069 4331 3316 4401 gettttbas,
3349 4351 3447 4404 quo
3475 4335 3636 4389 intra-

2045 4418 2134 4472 stis
2172 4416 2295 4470 illuc
2317 4434 2336 4472 :
2357 4426 2404 4471 et
2432 4417 2763 4488 sancti/icabo
2794 4437 2974 4474 nomen
3018 4440 3181 4477 meum
3222 4442 3461 4495 magnum
3503 4430 3640 4499 quod

2048 4512 2376 4579 profanatam
2407 4520 2479 4562 est
2506 4510 2557 4562 in
2583 4510 2813 4581 gentibus
2837 4554 2852 4578 ,
2882 4512 3020 4582 quod
3048 4515 3355 4584 profanas/is
3393 4519 3445 4572 in
3476 4521 3639 4574 medic

2047 4614 2258 4663 corum;
2293 4612 2340 4655 et
2367 4602 2523 4655 srient
2564 4612 2733 4673 gentes
2772 4604 2892 4674 quia
2927 4621 3017 4674 ego
3050 4621 3162 4658 sunt
3208 4605 3490 4675 Dominus,
3519 4612 3637 4665 dic-'t

2045 4691 2246 4746 Adonai
2272 4691 2544 4758 Dominus,
2575 4710 2690 4747 cum
2719 4696 3061 4764 sancti/Latus
3096 4701 3243 4769 fuero
3273 4700 3324 4753 in
3363 4702 3498 4756 vobis
3525 4715 3640 4758 ante

2047 4783 2219 4837 oculos
2242 4800 2435 4838 eorum.
2469 4782 2535 4837 Et
2580 4785 2827 4855 accipiam
2858 4802 2943 4839 vos
2972 4785 3033 4839 de
3061 4789 3321 4857 gentibus,
3357 4802 3403 4844 ct
3426 4809 3635 4865 congre-

2046 4873 2175 4944 gabo
2197 4891 2283 4929 vos
2310 4891 2373 4928 ea:
2398 4872 2627 4928 omnibus
2659 4876 2804 4930 terris
2824 4918 2838 4943 ,
2889 4888 2934 4929 et
2972 4878 3208 4933 inducam
3240 4896 3322 4935 vos
3356 4882 3410 4937 in
3455 4894 3638 4940 terram

2046 4978 2262 5020 vestram
2285 4982 2303 5021 :
2325 4976 2371 5019 et
2396 4982 2661 5038 aspergatr
2692 4982 2778 5021 ros
2801 4984 2936 5038 aqua
2959 4970 3166 5032 munda,
3197 4981 3242 5025 et
3269 4974 3639 5032 mundabimini

2047 5059 2110 5113 ab
2137 5058 2368 5113 omnibus
2407 5060 2740 5114 immunditiis
2788 5061 2997 5127 rostris,
3025 5073 3070 5116 et
3116 5063 3179 5118 ab
3218 5068 3447 5122 omnibus
3488 5070 3640 5125 idolis

2047 5150 2241 5216 vestris,
2274 5160 2319 5204 et
2342 5150 2363 5180 ³
2390 5150 2641 5203 mandabo
2682 5166 2765 5203 ros
2790 5160 2873 5205 :et
2914 5152 3045 5206 dabo
3072 5155 3208 5209 vobis
3233 5174 3320 5211 cor
3350 5176 3529 5214 novum
3550 5203 3567 5226 ,
3596 5150 3661 5218 et.

2046 5242 2280 5309 spiritum
2322 5258 2500 5295 norum
2541 5242 2671 5295 dabo
2711 5243 2761 5294 in
2793 5242 2966 5307 vobis;
3004 5254 3048 5299 et
3087 5251 3348 5318 auferetur
3389 5268 3476 5306 cor
3506 5254 3641 5323 lupi-

2047 5333 2195 5384 deum
2237 5332 2302 5384 de
2326 5348 2476 5385 carae
2517 5342 2705 5393 vestra,
2740 5343 2785 5385 et
2823 5335 2951 5387 dabo
2980 5336 3114 5389 robis
3159 5354 3243 5394 τοι·
3283 5357 3518 5398 corneum
3545 5387 3558 5408 ,
3594 5358 3639 5401 ct

2115 5579 2130 5610 ί
2169 5576 2284 5650 illiti
2301 5612 2315 5634 ,
2341 5574 2643 5650 attolleretur.
2669 5584 2726 5648 ᾼι
2740 5577 2948 5650 Vaticani
2974 5587 3099 5650 Mss,
3124 5579 3410 5650 avelleretur
3440 5599 3457 5636 :
3479 5595 3641 5650 recte;

2047 5653 2156 5687 nam
2184 5642 2228 5687 itt
2256 5640 2832 5700 t‘zecbieteiprmmissum
2853 5649 2961 5700 est,
2988 5649 3033 5691 ct
3055 5642 3274 5697 atellam.

2111 5704 2132 5772 ξ
2167 5712 2264 5772 aut.
2292 5707 2443 5772 tinget
2462 5699 2661 5772 aliquot
2684 5708 2812 5772 Mssa,
2837 5711 2935 5772 Non
2952 5699 3156 5767 ιιι-ουτω
3179 5720 3257 5757 vos
3289 5706 3376 5772 ego
3398 5711 3540 5772 facie.

2113 5764 2133 5794 ³
2160 5764 2250 5835 ttic
2274 5762 2588 5835 particulam,
2612 5769 2689 5835 et,
2730 5762 2996 5828 atljet-iuzu's
3030 5762 3093 5817 ex
3136 5776 3238 5819 Mss.
3261 5806 3275 5831 ,
3314 5762 3495 5835 Quibus
3531 5785 3639 5823 catt-

2047 5828 2195 5876 seatit
2211 5825 2365 5888 διέρρει
2391 5825 2539 5875 lectio
2557 5830 2685 5875 LXX.
