4122 6534
560 347 666 403 899

559 461 795 530 spiritum
823 475 988 514 meum
1015 456 1145 511 dabo
1173 456 1223 509 in
1255 453 1389 508 vobis
1412 468 1431 507 :
1452 462 1500 504 et
1534 450 1720 522 faciam
1746 458 1802 501 ut
1826 448 1875 500 in
1896 442 2153 514 justiﬁed-

561 552 780 607 tionibus
806 552 929 605 meis
958 546 1242 608 ainbuletis,
1278 554 1321 598 et
1339 542 1537 614 judicia
1570 557 1681 594 utea
1709 536 1972 593 observatis
2000 543 2046 586 ct
2076 538 2157 602 [a-

559 646 705 700 ciatis
731 644 939 713 (Ezech.
970 654 1158 704 xxxvi,
1176 634 1393 707 22-27).
1418 631 1631 702 Quisita
1661 631 1936 692 siteazcns,
1960 633 2018 680 ut
2045 638 2151 679 non

561 742 775 801 videat;
807 735 928 805 quis
957 734 1028 787 ita
1056 730 1317 801 lapideus,
1352 735 1410 781 ιιι
1440 741 1545 780 non
1574 724 1770 778 sentiat
1789 763 1805 788 ,
1839 720 1997 773 istam
2034 732 2156 785 gra-

564 830 730 893 tiam,
761 842 867 881 non
908 822 1201 879 secundum
1251 820 1439 874 merita
1477 818 1632 872 bona:
1680 811 1967 868 voluntatis
1996 808 2110 864 dari
2135 848 2150 870 ,

569 920 795 974 Domino
837 917 1049 971 dicente
1095 924 1255 982 atque
1299 917 1564 973 testante,
1601 905 1712 978 Ego
1758 904 1933 976 facio,
1975 900 2155 954 domus

565 1011 753 1076 Israel,
780 1010 867 1064 sed
894 1017 1300 1079 propternomen
1326 1018 1489 1055 meum
1510 996 1788 1055 sanctum?
1815 994 1991 1063 Quare
2012 992 2155 1047 enim

565 1103 720 1169 dixit,
754 1101 864 1171 Ego
908 1100 1062 1169 facio,
1106 1096 1194 1152 sed
1240 1104 1442 1163 propter
1471 1108 1649 1146 nomen
1678 1105 1846 1143 meum
1884 1094 2154 1149 sanctum;

565 1197 667 1250 nisi
700 1211 767 1250 ne
797 1193 873 1248 illi
916 1200 1159 1263 putarent
1191 1198 1407 1259 propter
1437 1187 1575 1241 bona
1624 1182 1813 1236 merita
1862 1194 1960 1235 sua
1992 1176 2107 1232 ﬁeri
2133 1217 2150 1242 ,

530 1288 710 1358 ,quod
759 1302 863 1342 non
904 1284 1228 1341 erubescunt
1270 1270 1450 1334 dicere
1491 1275 1798 1346 Pelagiani?
1829 1289 1934 1327 non
1982 1271 2152 1325 solum

564 1388 744 1433 autem
776 1378 915 1432 bona
946 1376 1135 1430 merita
1178 1376 1363 1428 eorum
1393 1370 1552 1434 nulla,
1581 1383 1768 1422 verum
1808 1366 1970 1420 etiam
2016 1362 2151 1416 mala

566 1466 759 1519 merita
788 1462 1127 1532 praaeessisse
1152 1458 1520 1522 demonstrat,
1550 1452 1799 1517 dicendo,
1831 1450 1919 1505 sed
1947 1459 2154 1519 propter

565 1573 749 1611 nomen
795 1570 964 1609 meum
999 1560 1258 1615 sanctum,
1288 1547 1423 1619 quod
1470 1545 1778 1619 profanastis
1807 1543 1860 1597 in
1898 1541 2151 1613 gentibus.

565 1647 697 1715 Quis
723 1661 830 1701 non
859 1643 1034 1699 videat
1064 1642 1387 1696 horrendum
1418 1638 1615 1693 malum
1644 1650 1785 1699 esse,
1812 1648 2005 1689 nomen
2031 1647 2153 1685 sau-

563 1747 709 1793 clum
736 1735 942 1792 Domini
966 1730 1283 1803 profanare?
1306 1730 1372 1784 Et
1400 1740 1575 1784 tamen
1607 1734 1823 1798 propter
1852 1726 2024 1793 ipsum
2056 1738 2153 1774 no-

561 1845 687 1885 men
719 1843 919 1893 meum,
950 1825 1141 1895 inquit,
1172 1822 1315 1893 quod
1342 1819 1663 1892 profanastis
1693 1832 1810 1882 vos,
1840 1831 1938 1886 ego
1966 1814 2152 1868 faciam

559 1937 661 1977 vos
689 1922 858 1977 bonos
878 1962 893 1987 ,
926 1934 1029 1973 non
1072 1926 1290 1988 propter
1320 1928 1416 1969 vos
1440 1930 1452 1966 :
1476 1922 1524 1967 et
1552 1909 1880 1977 sanctiﬁcabo
1902 1947 1917 1973 ,
1950 1906 2151 1975 inquit,

561 2031 747 2070 nomen
775 2029 941 2066 meum
978 2025 1215 2081 magnum
1237 2047 1252 2071 ,
1280 2005 1415 2077 quod
1444 2008 1771 2076 profanatum
1796 2010 1867 2055 est
1906 2000 1959 2054 in
1985 1998 2148 2069 genti-

567 2106 677 2169 bus,
704 2103 837 2175 quod
866 2101 1175 2174 profanastis
1214 2098 1269 2152 in
1310 2097 1474 2151 medio
1501 2112 1692 2150 eorum.
1723 2091 2066 2149 Sanctiﬁcare
2096 2104 2154 2144 se

559 2196 692 2250 dicit
721 2210 916 2249 nomen
953 2205 1108 2246 suum
1132 2231 1147 2255 ,
1174 2187 1318 2258 quod
1358 2186 1603 2257 superius
1631 2185 1839 2239 dixerat
1883 2191 2149 2237 sanctum.

560 2287 680 2343 Hoc
719 2294 800 2340 est
830 2298 959 2353 ergo
988 2280 1130 2351 quod
1160 2292 1377 2334 oramus
1405 2278 1455 2331 in
1486 2277 1727 2332 oratiouna
1753 2274 2039 2339 dominica,
2069 2271 2152 2325 die

562 2388 753 2433 centes
772 2416 787 2439 ,
817 2374 1181 2441 Sancti/icetur
1220 2386 1401 2424 nomen
1438 2378 1577 2421 tuum
1606 2365 1831 2440 (Matth.
1865 2381 1936 2427 v1,
1962 2364 2034 2435 9)
2062 2380 2073 2415 :
2100 2370 2156 2416 ιιι

566 2465 933 2523 sanctiﬁcetur
973 2464 1026 2518 in
1060 2462 1366 2518 hominibus
1388 2462 1427 2528 ¹,
1456 2461 1595 2529 quod
1630 2476 1723 2529 per
1771 2459 2006 2527 seipsum
2038 2457 2154 2511 sine

565 2558 732 2614 dubio
776 2571 989 2627 semper
1034 2564 1115 2610 est
1165 2562 1429 2607 sanctum.
1482 2552 1721 2621 Denique
1767 2550 2011 2620 sequitur
2042 2565 2056 2600 :
2086 2546 2155 2601 Et

564 2649 724 2704 scient
749 2662 920 2701 omnes
945 2655 1115 2717 gentes
1146 2644 1266 2716 quia
1292 2660 1383 2713 ego
1409 2659 1522 2696 sum
1550 2641 1799 2695 Dominus
1818 2682 1834 2707 ,
1862 2640 1983 2693 dicit
2017 2638 2150 2691 Ado-

566 2740 656 2794 nai
684 2737 934 2793 Dominus
956 2778 970 2802 ,
1004 2752 1119 2790 cum
1156 2735 1503 2805 sancti/icatus
1547 2736 1690 2806 fuero
1739 2733 1792 2786 in
1838 2731 1991 2785 vobis.
2023 2727 2155 2784 Cum

567 2846 696 2901 ergo
726 2830 841 2900 ipse
880 2842 1094 2898 semper
1121 2827 1192 2881 sit
1226 2834 1444 2887 sanctus
1465 2867 1483 2894 ,
1510 2822 1873 2879 sanctiﬁcatur
1897 2831 2070 2875 tamen
2101 2822 2152 2874 in

567 2923 650 2978 eis
682 2921 877 2991 quibus
924 2918 1144 2989 largitur
1171 2917 1396 2989 gratiam
1428 2924 1569 2971 tuam
1594 2957 1609 2982 ,
1650 2912 1942 2969 auferendo
1986 2912 2053 2966 ab
2080 2914 2158 2967 eis

571 3028 667 3067 cor
705 3010 996 3082 lapideum,
1042 3025 1136 3081 per
1167 3009 1307 3080 quod
1348 3024 1543 3062 nomen
1582 3007 1793 3061 Domini
1837 3006 2154 3077 profanave-

567 3114 715 3162 runt.
1922 3166 1932 3177 .

639 3194 867 3251 CAPUT
896 3193 1185 3249 XV.—5l.
1203 3192 1280 3248 Nc
1298 3201 1475 3249 autem
1496 3199 1728 3262 putetur,
1743 3190 1875 3246 nihil
1891 3190 1963 3245 ibi
1983 3189 2159 3246 facere

568 3290 717 3359 ipsos
747 3287 990 3341 homines
1021 3300 1115 3356 per
1141 3286 1366 3340 liberum
1390 3284 1687 3347 arbitrium,
1719 3283 1839 3337 ideo
1867 3283 1920 3338 in
1952 3280 2158 3352 psalmo

570 3379 784 3443 dicitur,
828 3376 1004 3432 Nolite
1044 3376 1291 3431 obdurare
1318 3377 1473 3447 corda
1509 3384 1691 3429 vestra.
1732 3374 1799 3429 Et
1845 3390 1943 3445 per
1983 3375 2157 3443 ipsum

567 3470 927 3538 Ezechielem,
960 3466 1206 3540 Projicite
1232 3484 1264 3521 a
1292 3467 1429 3521 vobis
1455 3482 1625 3521 omnes
1641 3466 1920 3537 impietates
1946 3475 2152 3529 vestras,

569 3580 696 3635 quas
718 3562 868 3634 impie
889 3561 1059 3633 egistis
1079 3561 1132 3614 iu
1157 3575 1255 3626 me,
1279 3569 1324 3612 et
1348 3559 1499 3628 facile
1522 3558 1659 3612 vobis
1688 3574 1776 3612 cor
1794 3574 1976 3612 novum
1993 3565 2039 3611 et
2052 3556 2160 3630 spi-

565 3655 720 3709 ritum
741 3669 944 3719 novum,
974 3661 1019 3706 et
1047 3652 1198 3724 facile
1222 3651 1391 3705 omnia
1419 3651 1661 3705 mandata
1687 3666 1817 3705 mea.
1840 3648 2033 3720 thuid
2051 3666 2158 3703 mo-

566 3744 787 3810 riemini,
807 3743 986 3797 dooms
1016 3740 1181 3796 Israel
1199 3783 1215 3807 ,
1247 3742 1369 3795 dicit
1400 3740 1689 3795 Dominus?
1722 3744 1841 3811 quia
1870 3740 1987 3794 nolo
2020 3755 2158 3793 mor-

567 3845 668 3891 tem
710 3836 997 3899 morientis,
1029 3835 1149 3887 dicit
1176 3833 1378 3887 Adonei
1402 3832 1671 3900 Dominus,
1704 3843 1750 3887 et
1773 3831 2117 3887 convertimini
2137 3832 2158 3865 ³

567 3940 616 3982 et
646 3928 815 3980 vivetis
841 3924 1052 3999 (Ezech.
1082 3940 1231 3990 xvm,
1260 3909 1350 3988 ἐι,
1380 3922 1493 3998 52).
1513 3925 1909 3980 Meminerimus
1938 3940 2060 3979 eum
2085 3924 2162 3979 di-

569 4035 716 4085 cere,
739 4029 786 4073 ct
813 4017 1157 4072 convertimini
1171 4026 1217 4071 et
1232 4019 1431 4082 vivetis;
1447 4018 1530 4072 cui
1556 4018 1769 4084 dicitur,
1785 4015 2023 4073 Converte
2045 4034 2157 4083 nos,

570 4108 710 4164 Deus
757 4107 929 4178 (Psal.
982 4124 1159 4172 uxnx,
1196 4108 1250 4175 4,
1287 4117 1332 4162 et
1380 4123 1582 4174 Lxxxv,
1623 4108 1704 4180 5).
1750 4107 2151 4164 Meminerimus

570 4219 693 4257 eutn
725 4202 925 4268 dicere,
958 4200 1204 4273 Projicite
1228 4218 1258 4254 a
1284 4200 1421 4255 vobis
1445 4218 1617 4256 omnes
1631 4202 1925 4272 .intpietates
1947 4211 2158 4268 vestras;

554 4311 690 4351 -cum
720 4297 831 4365 ipse
846 4294 1105 4364 justiﬁcet
1131 4294 1346 4365 impium
1371 4292 1544 4366 (Rom.
1565 4309 1636 4357 tv,
1659 4294 1738 4365 5).
1765 4293 2161 4349 Meminerimus

570 4388 747 4455 ipsum
775 4385 976 4449 dicere,
1006 4384 1186 4438 Facite
1213 4385 1355 4439 vobis
1398 4401 1486 4438 cor
1524 4402 1708 4440 novum
1732 4394 1779 4439 et
1803 4386 2035 4454 spiritum
2064 4402 2159 4439 no—

571 4492 684 4529 vum
705 4491 725 4539 ;
753 4475 844 4546 qui
888 4476 1055 4540 dicit,
1091 4474 1232 4529 Dabo
1275 4476 1412 4530 vobis
1456 4492 1544 4529 cor
1583 4491 1800 4542 novum,
1842 4485 1888 4530 et
1927 4476 2161 4547 spiritum

571 4586 756 4624 novum
786 4568 916 4623 dabo
945 4569 997 4622 in
1025 4570 1179 4623 vobis.
1209 4567 1489 4635 Quomodo
1517 4583 1645 4637 ergo
1672 4568 1761 4638 qui
1805 4567 1949 4634 dicit,
1984 4567 2160 4623 Facite

574 4663 750 4726 vobis;
780 4661 882 4735 hoc
906 4661 1058 4728 dicit,
1090 4659 1234 4714 Dabo
1258 4661 1394 4715 vobis
1413 4661 1439 4714 Ρ
1460 4660 1637 4727 Quare
1658 4660 1831 4729 jubet,
1860 4660 1902 4714 si
1930 4660 2041 4728 ipse
2068 4661 2165 4714 da-

570 4766 719 4811 turus
748 4757 865 4811 est‘!
889 4754 1064 4824 Quare
1090 4754 1202 4822 dat,
1232 4753 1279 4809 si
1311 4755 1471 4809 homo
1501 4754 1735 4808 facturus
1762 4763 1878 4818 est;
1908 4752 2009 4807 nisi
2036 4753 2157 4823 quia

573 4850 656 4904 dat
680 4849 822 4920 quod
840 4849 1011 4919 jubet,
1035 4863 1157 4903 cum
1184 4847 1399 4918 adjuvat
1424 4857 1481 4901 ut
1503 4847 1659 4901 faciat
1681 4846 1764 4901 cui
1789 4846 2167 4921 jubcLLSEIL

538 4952 664 5009 'per
702 4950 784 4994 cst
826 4950 1006 4995 autem
1044 4939 1097 4994 in
1150 4940 1303 4994 nobis
1353 4939 1599 4993 Voluntas
1650 4939 1852 5004 libera,
1904 4936 1999 4991 sed
2051 4953 2157 4992 non

550 5040 784 5107 iscmper
804 5031 1269 5107 ἦςεζρςιῃω-Αυῑ
1307 5031 1451 5087 enim
1495 5047 1523 5083 a
1578 5030 1782 5100 jnstitia
1828 5029 1991 5085 libera
2035 5042 2112 5085 cst
2142 5072 2158 5097 ,

573 5106 785 5191 quando
814 5106 976 5175 servit
994 5106 1245 5189 peccato,
1289 5130 1343 5176 et
1390 5131 1513 5176 tunc
1538 5132 1622 5177 cst
1649 5122 1785 5175 mala
1809 5137 1824 5174 :
1852 5130 1946 5176 aut
1971 5136 2005 5174 a
2030 5136 2156 5191 pec-

576 5219 689 5265 rato
734 5211 899 5266 libera
929 5220 1046 5278 est,
1076 5211 1289 5281 quando
1318 5214 1484 5268 servit
1524 5213 1777 5281 justitim,
1824 5222 1878 5267 et
1919 5224 2044 5267 tunc
2081 5222 2164 5268 est

578 5305 730 5359 boaa.
765 5303 947 5360 Gratia
978 5319 1107 5359 vero
1139 5304 1232 5358 Dei
1262 5320 1475 5375 semper
1501 5315 1585 5360 est
1611 5305 1750 5360 bona
1772 5347 1787 5370 ,
1815 5314 1870 5361 et
1899 5321 1996 5375 per
2024 5306 2159 5360 hanc

576 5399 628 5453 lit
656 5406 715 5451 ut
740 5396 810 5451 sit
837 5395 994 5451 homo
1021 5397 1174 5451 bona:
1199 5398 1484 5453 voluntatis
1502 5440 1517 5463 ,
1546 5399 1635 5469 qui
1665 5398 1814 5470 prius
1836 5398 1935 5453 fuit
1961 5398 2159 5453 volun-

573 5491 696 5546 tatis
723 5489 895 5545 malae.
929 5489 1032 5544 Per
1061 5489 1199 5543 hanc
1222 5488 1385 5543 etiam
1414 5490 1472 5543 ﬁt
1495 5499 1552 5544 ut
1575 5489 1691 5560 ipsa
1717 5491 1855 5546 bona
1882 5490 2159 5558 voluntas,

637 5652 655 5683 ι
695 5646 999 5710 Antiquiores
1026 5654 1131 5697 Mss.
1163 5648 1554 5710 [mterpunyin
1575 5647 1861 5700 hominibus.

640 5714 659 5744 ι
689 5712 763 5759 sic
805 5704 894 5758 itss
942 5704 1233 5761 Vaticani'et
1276 5704 1516 5757 Gallicani.
1542 5717 1596 5760 At
1630 5712 1779 5774 editi,
1824 5712 1911 5763 sed
1932 5714 2165 5769 converti-

590 5786 703 5835 mini
731 5783 780 5826 et
803 5778 960 5829 vivite.

1365 335 1454 391 DE
1494 332 1753 391 CRATIA
1794 331 1882 387 ET
1923 322 2171 383 LIBERO
2211 320 2556 390 Αιιξιιῖιιιυ,
2597 322 2655 379 S.
2692 322 3061 382 AUGUSTINI

3760 329 3857 386 900

2264 436 2385 506 qua:
2406 436 2515 505 jam
2544 452 2667 494 esse
2695 440 2879 506 cmpit,
2908 451 3188 511 augeatur,
3217 452 3272 498 et
3298 452 3407 498 tam
3437 459 3637 514 magna
3669 443 3783 505 tias.
3811 451 3861 501 ut

2265 531 2435 600 possit
2483 532 2703 601 implere
2744 532 2921 588 divina
2965 533 3215 588 mandata
3260 551 3379 605 qum
3431 536 3703 603 voluerit,
3750 553 3859 591 cum

2267 627 2429 682 valde
2456 628 2795 699 perfectoque
2820 629 3070 683 voluerit.
3113 628 3194 683 Ad
3227 628 3330 684 hoc
3369 631 3516 685 enim
3562 630 3704 685 valet
3730 631 3856 700 quod

2263 720 2519 790 soriptum
2547 731 2651 787 est,
2676 720 2736 776 Si
2767 720 3006 784 volucris,
3028 722 3247 776 servabis
3278 724 3522 776 mamluta
3548 721 3739 793 (Eccli.
3772 737 3855 789 xv,

2263 830 2363 867 sec.
2398 812 2567 883 LXX)
2601 824 2700 869 :ut
2745 814 2908 870 homo
2953 814 3045 884 qui
3078 807 3309 871 voluerit
3355 825 3408 870 et
3457 832 3567 871 non
3602 818 3856 886 potuerit,

2266 905 2501 961 nondum
2530 922 2590 963 se
2633 909 2790 976 plene
2820 908 2960 964 velle
2985 921 3274 980 cngnoscat
3298 951 3313 975 ,
3345 919 3401 964 et
3426 912 3549 966 oret
3576 919 3632 965 ut
3673 910 3855 965 habent

2266 1004 2465 1051 tantam
2493 998 2845 1066 voluntatem,
2870 1008 3070 1069 quanta
3091 1000 3287 1056 sufﬁcit
3316 1001 3382 1055 ad
3417 1002 3687 1071 implenda
3720 1018 3858 1055 man-

2263 1086 2407 1141 data.
2437 1086 2526 1143 Sic
2563 1088 2759 1159 quippe
2803 1089 3107 1160 adjuvatltt',
3139 1100 3199 1146 ut
3242 1092 3398 1146 faciat
3440 1092 3583 1161 quod
3625 1091 3855 1160 jubctur.

2266 1180 2416 1235 Tune
2458 1181 2602 1235 enim
2650 1182 2779 1237 utile
2829 1192 2914 1238 est
2940 1183 3099 1248 velle,
3128 1199 3250 1239 cum
3283 1199 3606 1254 possumus;
3638 1194 3694 1239 et
3739 1194 3858 1239 tunc

2264 1269 2394 1325 utile
2422 1280 2505 1325 est
2535 1286 2714 1339 posse,
2746 1288 2867 1327 cum
2895 1273 3179 1330 volumus:
3203 1289 3325 1329 nam
3354 1274 3485 1345 quid
3531 1275 3790 1346 prodest,
3816 1276 3858 1330 si

2261 1360 2403 1430 quod
2458 1377 2561 1416 non
2605 1379 2889 1432 possumus
2933 1366 3219 1431 volumus,
3251 1375 3344 1422 aut
3387 1366 3530 1437 quod
3578 1382 3860 1438 possumus

2263 1453 2543 1507 nolumus?

2332 1544 2558 1600 CAPUT
2598 1544 2737 1599 XVI.
2769 1575 2840 1586 —
2867 1545 2959 1599 52.
3003 1545 3251 1617 Magnum
3278 1546 3478 1617 aliquid
3502 1547 3773 1618 Pelagiani
3800 1564 3859 1604 se

2261 1638 2398 1691 scire
2414 1647 2620 1707 putant,
2645 1639 2858 1709 quando
2874 1639 3079 1706 dicunt,
3107 1658 3127 1693 σ
3160 1640 3277 1695 Νοιι
3296 1641 3511 1712 iuberet
3533 1642 3693 1707 Deus,
3717 1642 3859 1712 quod

2260 1728 2423 1782 sciret
2448 1744 2553 1782 non
2583 1744 2739 1798 posse
2763 1730 2832 1785 ab
2848 1729 3067 1786 homine
3097 1730 3234 1787 ﬁeri.
3268 1750 3289 1784 ι
3316 1732 3446 1799 Quis
3475 1731 3575 1787 hoc
3616 1734 3860 1788 nesciat?

2261 1819 2368 1875 Sed
2398 1820 2517 1875 ideo
2540 1820 2693 1893 jubet
2726 1823 2904 1894 alium
2933 1840 3052 1894 quae
3082 1838 3187 1879 nou
3226 1839 3532 1894 possumus,
3567 1836 3624 1879 ut
3644 1827 3859 1881 noveri-

2259 1925 2382 1966 mus
2408 1911 2533 1982 quid
2581 1912 2651 1967 ab
2697 1913 2787 1968 illo
2838 1924 3024 1984 petere
3070 1915 3385 1971 debeamus.
3432 1914 3548 1986 Ipsa
3594 1927 3679 1972 est
3715 1918 3860 1973 enim

2261 2001 2413 2067 ﬁdes,
2431 2018 2551 2073 qua:
2576 2004 2782 2059 orando
2828 2005 3080 2075 impetrat
3114 2006 3258 2077 quod
3285 2005 3375 2061 lex
3407 2007 3654 2075 imperat.
3698 2008 3860 2062 Denio

2259 2108 2363 2164 que
2390 2094 2503 2163 ipse
2528 2095 2618 2165 qui
2638 2095 2789 2161 dixit,
2818 2094 2880 2152 Si
2905 2098 3122 2152 volueris
3147 2139 3162 2163 ,
3212 2097 3534 2153 conservabis
3573 2100 3858 2164 mandata;

2259 2186 2313 2243 in
2340 2188 2528 2243 eodem
2560 2189 2697 2243 libro
2726 2189 3103 2245 Ecclesiastico
3119 2190 3389 2261 aliquanto
3416 2192 3706 2261 postdicit.
3731 2190 3858 2255 Quis

2259 2278 2397 2334 dabit
2419 2280 2471 2333 in
2489 2296 2576 2334 ore
2603 2297 2712 2334 meo
2740 2281 3040 2348 custodiam,
3068 2291 3114 2335 et
3152 2300 3303 2353 super
3322 2274 3460 2338 labia
3486 2300 3599 2337 mea
3623 2297 3859 2355 signacu-

2260 2372 2365 2427 lum
2392 2382 2636 2438 astutum,
2664 2390 2726 2427 ne
2747 2377 2879 2444 forte
2898 2373 3082 2428 cadant
3109 2375 3172 2427 ab
3198 2391 3257 2428 eo
3274 2416 3290 2442 ,
3311 2384 3359 2428 et
3388 2374 3566 2446 lingua
3592 2391 3708 2431 mea
3731 2392 3853 2444 per-

2260 2464 2348 2518 dat
2374 2462 2599 2529 me(Id.
2628 2479 2768 2531 χιιι,
2798 2466 2868 2519 55
2896 2463 3097 2537 )iJam
3144 2474 3295 2522 certe
3336 2464 3592 2520 mandata
3636 2480 3862 2534 accepe-

2260 2564 2344 2612 rat
2372 2575 2384 2610 :
2408 2555 2595 2613 Cohibe
2624 2557 2852 2628 linguam
2879 2567 3020 2611 tuam
3047 2574 3081 2611 a
3104 2557 3262 2622 malo,
3297 2567 3343 2612 et
3385 2558 3525 2613 labia
3567 2567 3655 2611 tua
3679 2574 3744 2611 ne
3783 2558 3863 2612 lo-

2260 2657 2481 2720 quantur
2508 2647 2681 2702 dolum
2706 2647 2726 2721 (
2749 2646 2894 2703 Psal.
2945 2664 3140 2716 xxxut,
3166 2650 3234 2706 Η
3258 2644 3300 2722 ).
3336 2647 3472 2704 Cum
3502 2663 3633 2718 ergo
3673 2663 3861 2703 verum

2261 2739 2485 2810 sitquod
2504 2739 2655 2805 dixit,
2686 2740 2747 2796 Si
2766 2742 3002 2808 volueris,
3027 2742 3341 2797 conservabis
3366 2742 3613 2797 mandata
3640 2758 3660 2796 :
3687 2757 3859 2812 quare

2264 2832 2456 2902 qua-rit
2478 2831 2532 2886 in
2569 2846 2663 2887 ore
2709 2847 2808 2887 suo
2854 2832 2971 2888 dari
2995 2833 3292 2889 custodiam
3318 2849 3334 2898 ;
3363 2833 3555 2889 similis
3584 2835 3635 2888 ei
3661 2833 3754 2902 qui
3776 2833 3862 2888 di-

2262 2923 2336 2978 cit
2361 2924 2414 2978 in
2434 2923 2667 2989 Psalmo,
2696 2922 2860 2993 Pone,
2881 2924 3121 2994 Domine,
3140 2927 3424 2981 custodiam
3442 2927 3521 2981 ori
3548 2944 3659 2981 meo
3676 2925 3860 2998 (Psal.

2264 3028 2387 3078 cn,
2420 3015 2453 3068 5
2480 3013 2499 3087 )
2524 3014 2549 3069 τ
2574 3014 2749 3083 Quare
2778 3030 2885 3079 non
2911 3017 2959 3072 ei
2979 3015 3176 3071 sufﬁcit
3205 3016 3516 3072 mandatum
3545 3017 3640 3073 Dei
3668 3028 3724 3072 et
3750 3032 3852 3072 vo-

2270 3105 2446 3162 luntas
2492 3123 2623 3175 sua;
2651 3108 3080 3179 quandoquidem
3133 3110 3179 3165 si
3224 3111 3476 3177 voluerit,
3515 3111 3866 3167 conservabit

2263 3201 2511 3256 mandata
2535 3200 2560 3254 ‘l
2586 3202 2756 3271 Quam
2787 3203 2951 3258 multa
2979 3203 3072 3257 Dei
3097 3202 3347 3258 mandata
3376 3212 3503 3259 sunt
3531 3212 3723 3259 contra
3760 3218 3862 3258 su-

2264 3294 2502 3365 perbiam
2527 3312 2540 3348 :
2559 3293 2672 3366 jam
2717 3295 2865 3350 novit
2903 3310 2967 3349 ea
2992 3311 3008 3359 ;
3031 3293 3074 3350 si
3105 3295 3355 3361 voluerit,
3386 3295 3731 3350 conservabit
3772 3309 3863 3350 ea.

2266 3387 2443 3454 Quare
2463 3402 2591 3457 ergo
2619 3386 2777 3458 paulo
2812 3397 2931 3457 post
2982 3385 3131 3449 dicit,
3164 3385 3381 3441 Domine
3425 3384 3586 3441 Pater
3631 3396 3678 3440 et
3724 3384 3865 3440 Deus

2267 3481 2381 3536 vita:
2404 3496 2545 3546 mete,
2578 3479 2842 3533 elationem
2890 3478 3157 3533 oculorum
3200 3495 3263 3532 ne
3287 3478 3488 3533 dederis
3534 3479 3662 3532 mihi
3689 3479 3716 3532 .’
3739 3477 3860 3533 Jam

2266 3574 2473 3628 dixerat
2497 3574 2545 3627 ci
2569 3572 2672 3637 lex,
2699 3572 2817 3626 Non
2843 3573 3163 3642 concupisces
3194 3570 3214 3642 (
3242 3571 3409 3625 Exod.
3446 3587 3537 3637 xx,
3570 3572 3635 3625 l7
3663 3569 3683 3642 )
3721 3588 3734 3623 :
3767 3586 3864 3625 ve-

2269 3664 2329 3719 lit
2348 3679 2496 3735 ergo,
2523 3672 2577 3719 et
2606 3662 2762 3717 faciat
2789 3662 2929 3733 quod
2952 3663 3206 3733 iubetur;
3246 3663 3500 3733 quoniam
3531 3661 3575 3715 si
3605 3661 3859 3724 voluerit,

2266 3755 2602 3814 conservabit
2628 3755 2895 3810 mandata.
2940 3755 3119 3823 Quare
3148 3756 3390 3826 sequitur
3416 3762 3473 3810 et
3513 3753 3662 3819 dicit,
3713 3752 3858 3808 Cou-

2264 3848 2621 3917 cupiscentiam
2645 3856 2813 3900 averte
2831 3863 2864 3898 a
2888 3846 3006 3901 me?
3032 3846 3229 3901 Contra
3252 3846 3519 3901 luxuriam
3541 3846 3861 3916 Deusquam

2266 3939 2432 3993 multa
2454 3938 2719 3993 mandavit
2749 3955 2763 3992 :
2793 3936 2951 3992 faciat
2968 3953 3031 3993 ea
3057 3955 3073 4004 ;
3099 3939 3221 4009 quia
3249 3938 3293 3993 si
3326 3938 3591 4002 voluerit,
3639 3953 3868 3993 conser-

2267 4031 2694 4086 vabitmaudata.
2718 4030 2854 4099 Quid
2880 4039 2964 4085 est
2987 4031 3129 4101 quod
3170 4031 3371 4087 clamat
3391 4031 3458 4085 ad
3492 4031 3684 4098 Deum,
3725 4029 3868 4085 Ven-

2268 4121 2357 4174 tris
2378 4123 2617 4190 appetitio
2642 4129 2688 4174 et
2709 4120 3002 4175 concubitus
3047 4137 3111 4175 ne
3139 4120 3488 4192 apprehendat
3530 4138 3613 4175 me
3640 4122 3660 4195 (
3690 4121 3864 4176 Eccli.

2268 4227 2421 4276 xxut,
2446 4211 2532 4266 4-6
2556 4211 2610 4284 )?
2629 4211 2683 4267 Si
2712 4211 2827 4267 lnec
2852 4212 2899 4266 ei
2921 4213 3173 4283 praesenti
3222 4213 3240 4245 ί
3267 4212 3593 4279 diceremus,
3627 4215 3868 4269 rectissi-

2268 4318 2355 4358 me
2382 4303 2534 4357 nobis
2561 4302 2909 4372 responderet
2953 4312 3010 4358 et
3050 4303 3258 4358 diceret
3289 4322 3303 4358 :
3331 4304 3409 4359 Ex
3456 4305 3557 4360 iatn
3611 4305 3867 4359 oratione

2269 4409 2409 4459 mea,
2437 4410 2539 4464 qua
2567 4393 2729 4448 lueea
2763 4394 2871 4448 Deo
2886 4403 3030 4463 peto,
3077 4394 3358 4466 intelligite
3405 4395 3680 4465 quomodo
3709 4395 3871 4450 dixe-

2266 4484 2390 4550 rim,
2422 4483 2483 4539 Si
2537 4483 2751 4538 volueris
2775 4525 2791 4548 ,
2843 4484 3161 4539 conservabis
3217 4485 3483 4539 mandata.
3507 4484 3731 4541 Certum
3777 4494 3867 4540 cst

2266 4573 2413 4630 enim
2470 4588 2569 4628 nos
2613 4572 2860 4628 mandata
2893 4588 3131 4639 servare,
3191 4575 3236 4630 si
3279 4576 3529 4631 volumus
3559 4593 3575 4629 :
3601 4577 3697 4632 sed
3740 4576 3864 4646 quia

2266 4672 2596 4734 prmparatur
2614 4663 2858 4718 voluntas
2881 4678 2914 4718 a
2948 4663 3193 4730 Domino,
3221 4664 3289 4719 ab
3335 4664 3427 4719 illo
3454 4664 3749 4735 petendum
3782 4674 3868 4721 est

2267 4767 2326 4813 ut
2350 4766 2555 4811 tantum
2581 4756 2825 4821 velimus,
2853 4763 3112 4826 quantum
3135 4754 3333 4811 sufﬁcit
3354 4764 3412 4810 ut
3439 4756 3676 4812 volendo
3699 4756 3834 4811 facia
3862 4761 3879 4813 ι

2267 4863 2405 4903 mus.
2425 4846 2643 4902 Certum
2672 4855 2754 4901 est
2776 4860 2875 4900 nos
2911 4845 3050 4901 velle
3074 4886 3089 4912 ,
3136 4859 3260 4900 cum
3313 4846 3602 4901 volumus:
3633 4846 3730 4901 sed
3774 4846 3868 4901 ille

2268 4940 2394 4995 facit
2437 4950 2495 4994 ut
2524 4940 2749 4992 velimus
2797 4938 3021 5005 bonum,
3060 4937 3129 4994 de
3179 4952 3287 5008 quo
3330 4937 3533 4993 dictum
3586 4948 3693 5004 est,
3723 4939 3870 5009 quod

2269 5031 2426 5100 paulo
2441 5040 2563 5084 ante
2581 5029 2754 5099 posui,
2782 5028 3115 5099 Praeparetur
3134 5028 3369 5085 voluntas
3384 5045 3415 5082 a
3430 5027 3657 5084 Domino
3682 5029 3867 5101 (Prov.

2266 5136 2380 5186 vm,
2403 5136 2502 5173 sec.
2552 5117 2717 5189 LXX)
2748 5118 2854 5183 ;de
2891 5133 2999 5189 quo
3026 5118 3225 5173 dictum
3251 5127 3355 5183 est,
3399 5117 3447 5172 Α
3475 5116 3700 5173 Domino
3739 5135 3872 5189 gres.

2267 5227 2352 5264 sus
2376 5210 2592 5263 hominis
2616 5209 2917 5280 dirigentur,
2950 5219 2997 5263 et
3020 5210 3153 5263 viam
3176 5211 3286 5279 ejus
3313 5208 3443 5264 volet
3467 5209 3643 5282 (Psal.
3675 5226 3867 5274 xxxvi,

2265 5302 2394 5370 25);
2426 5302 2492 5356 de
2512 5317 2617 5371 quo
2645 5300 2846 5355 dictum
2877 5310 2981 5363 est,
3003 5297 3141 5354 Deus
3166 5309 3237 5354 est
3276 5300 3364 5368 qui
3387 5309 3629 5371 aperatur
3649 5302 3703 5355 in
3729 5301 3871 5356 vobis

2267 5405 2312 5449 et
2334 5392 2730 5467 velle(Philipp.
2764 5408 2825 5456 ιι.
2856 5393 2970 5462 l5).
2998 5394 3217 5449 Certum
3248 5404 3332 5449 est
3375 5410 3475 5449 nos
3521 5394 3723 5462 facere,
3744 5409 3870 5449 cum

2270 5485 2493 5542 facimus
2527 5502 2539 5539 :
2572 5485 2667 5541 sed
2692 5486 2777 5539 ille
2799 5485 2923 5540 facit
2953 5493 3011 5539 ut
3043 5484 3295 5541 faciamus
3318 5526 3336 5553 ,
3389 5484 3682 5555 praebendo
3709 5486 3870 5540 vires

2335 5717 2352 5749 ¹
2382 5721 2590 5783 ,ητις-μετ.
2617 5722 2669 5783 et
2691 5713 2916 5778 plerique
2932 5720 3048 5783 Mss.
3069 5727 3083 5763 :
3105 5713 3155 5764 si
3176 5713 3280 5783 ha'c
3304 5715 3433 5776 (vel,
3456 5716 3571 5782 hoc)
3594 5718 3641 5769 ei
3657 5730 3711 5771 in
3736 5730 3873 5783 prm-

2274 5777 2410 5829 senti.
2438 5776 2519 5825 ΑΙῘὶ
2554 5776 2746 5839 quidam
2767 5776 2903 5837 Mss,
2950 5776 2992 5827 si
3030 5776 3135 5827 ha'c
3158 5777 3203 5827 ei
3236 5776 3589 5842 mprwwuia.
