4122 6508
332 332 427 388 9M

330 441 725 497 efﬁcacissimas
762 439 1152 511 voluntati,qni
1181 439 1336 505 dixit,
1363 438 1574 493 Faciam
1613 448 1667 493 ut
1688 440 1917 512 injusti-

334 533 651 603 ficationibus
690 531 813 585 meis
841 533 1130 595 antbuletis,
1178 539 1223 585 et
1264 531 1465 597 judicia
1503 547 1613 584 mea
1653 532 1921 587 observetis

330 639 374 679 et
402 624 621 695 faciatis.
651 624 782 677 Cum
829 624 975 689 dicit,
1004 627 1190 694 faciant
1240 632 1295 676 ut
1336 622 1535 691 faciatis
1561 623 1725 693 :quid
1770 623 1914 678 aliud

330 716 478 778 dicit,
513 715 635 778 nisi,
659 719 895 782 auferam
923 731 956 768 a
993 715 1131 769 vobis
1174 730 1262 767 cor
1312 714 1592 782 lapideum,
1636 714 1780 768 llllilt'.
1810 730 1918 769 non

329 805 635 870 faciebatis;
673 816 723 860 et
748 805 879 859 dabo
912 805 1049 858 vobis
1068 820 1155 858 cor
1180 821 1449 868 corneum,
1479 805 1621 858 unde
1658 803 1863 859 faciatis
1895 805 1920 859 ‘2

330 900 390 954 Et
414 899 516 954 hoc
538 898 667 969 quid
691 907 793 965 est,
826 898 948 962 nisi,
982 896 1231 951 Auferam
1256 912 1349 951 cor
1376 897 1590 959 durum,
1620 896 1763 951 unde
1811 911 1915 950 non

329 990 634 1056 faciebatis;
666 998 720 1045 et
744 990 882 1045 dabo
920 1004 1014 1044 cor
1042 990 1326 1054 obediens,
1359 989 1499 1044 unde
1542 989 1795 1046 faciatis?
1821 988 1917 1044 Ille

332 1081 458 1136 facit
482 1089 538 1135 ut
562 1080 837 1147 faciamus,
872 1080 956 1134 cui
988 1079 1116 1133 dicit
1146 1080 1325 1146 homo,
1369 1077 1532 1143 Pone,
1566 1078 1802 1146 Domine,
1830 1096 1922 1133 cu-

329 1174 551 1228 stodiam
580 1173 806 1227 ori'meo.
837 1172 949 1226 lloc
978 1181 1060 1226 est
1087 1172 1231 1227 enim
1253 1172 1454 1237 dicere,
1494 1172 1596 1226 Fac
1626 1182 1683 1225 ιιι
1724 1187 1930 1241 ponam-

331 1264 626 1319 custodiam
648 1264 729 1318 ori
761 1279 880 1317 meo
911 1281 924 1313 :
957 1263 1097 1332 quod
1115 1263 1431 1318 benelicium
1476 1263 1566 1317 Dei
1593 1262 1703 1333 jam
1746 1260 1923 1317 fuerat

330 1364 667 1421 consecutus,
692 1354 778 1425 qui
801 1353 952 1417 dixit,
984 1352 1148 1408 Posui
1175 1354 1252 1408 ori
1305 1370 1414 1407 meo
1442 1354 1726 1408 custodiam
1749 1352 1919 1425 (Psal.

334 1460 562 1505 xxxvm.
593 1446 627 1499 2
648 1443 689 1515 ).
1676 1466 1688 1475 ο

404 1536 629 1591 CAPUT
668 1536 830 1591 XVII.
855 1567 926 1577 —
946 1537 1034 1592 '55.
1050 1536 1149 1606 Qui
1174 1551 1301 1607 ergo
1322 1536 1436 1591 vult
1461 1535 1636 1591 facere
1654 1535 1746 1590 Dei
1761 1529 1917 1589 man?

326 1629 515 1684 datum
534 1640 712 1686 etnon
744 1639 941 1700 potest,
978 1631 1088 1701 jam
1131 1630 1345 1700 quidem
1389 1630 1550 1686 habet
1591 1630 1922 1685 voluntatem

327 1721 553 1787 bonam,
586 1722 681 1777 sed
712 1722 888 1776 adhuc
924 1737 1139 1792 parvam
1163 1732 1215 1777 et
1237 1722 1519 1777 invalidam
1547 1740 1561 1776 :
1594 1722 1791 1792 poterit
1826 1738 1926 1778 au-

325 1823 462 1879 tem,
492 1829 613 1868 cum
657 1829 904 1884 magnam
959 1813 1208 1869 habuerit
1254 1821 1309 1868 et
1347 1813 1645 1868 robustam.
1693 1813 1919 1882 Quando

326 1906 476 1962 enim
508 1915 771 1979 martyres
802 1921 991 1977 magna
1015 1906 1104 1961 illa
1146 1907 1395 1961 mandata
1435 1905 1696 1972 fecerunt,
1727 1922 1917 1979 magna

324 1998 515 2068 utique
536 2000 830 2064 voluntate,
857 1999 957 2054 hoc
995 2009 1096 2066 est,
1125 2015 1314 2070 magna
1341 1999 1606 2056 charitate
1636 2000 1876 2057 fecerunt
1901 2019 1915 2057 :

332 2087 404 2144 de
431 2103 534 2159 qua
555 2088 817 2143 charitate
848 2088 960 2157 ipse
988 2089 1241 2143 Dominus
1270 2090 1363 2157 ait,
1394 2090 1647 2161 Majorent
1672 2093 1767 2146 hac
1789 2093 1918 2146 cha-

329 2178 535 2232 ritatem
562 2195 706 2233 nemo
727 2179 892 2245 habet,
920 2196 1071 2249 quam
1094 2190 1149 2233 ut
1179 2180 1403 2234 animam
1431 2197 1574 2235 suam
1600 2192 1755 2253 ponat
1780 2184 1798 2215 ¹
1829 2200 1923 2255 pro

330 2270 514 2323 amicis
537 2270 642 2323 suis
664 2269 845 2341 (Joan.
886 2287 975 2337 xv,
1004 2272 1069 2326 15
1095 2270 1137 2343 ).
1172 2271 1324 2328 Unde
1349 2282 1406 2328 et
1450 2275 1742 2342 Apostolus
1772 2275 1919 2343 dicit,

336 2360 444 2428 Qui
459 2362 590 2415 enini
622 2362 786 2433 diligit
809 2365 1117 2432 proximum,
1144 2365 1303 2435 legem
1324 2366 1546 2436 implevit
1578 2383 1597 2422 :
1637 2385 1774 2431 nam,
1799 2368 1918 2425 Non

330 2451 838 2518 adulterabis,’Non
882 2454 1211 2508 homicidium
1261 2456 1436 2527 facies,
1490 2456 1612 2512 Non
1652 2459 1920 2529 furaberis,

331 2541 456 2597 Non
477 2544 823 2613 concupisces,
871 2554 919 2598 et
946 2544 990 2598 si
1030 2545 1167 2615 quod
1206 2555 1278 2599 est
1308 2547 1451 2600 aliud
1504 2549 1820 2614 mandatum,
1869 2552 1921 2606 in

234 2626 241 2631 ’
326 2634 429 2689 hoc
477 2652 709 2690 sermone
749 2636 1158 2707 recapitulatur,
1208 2636 1403 2708 Diliges
1439 2640 1725 2710 proximum
1772 2650 1917 2696 tuum

328 2736 572 2799 tanquant
587 2738 635 2783 te
660 2730 847 2799 ipsunt.
874 2728 1087 2783 Dilectio
1118 2731 1337 2800 praxinti
1388 2732 1578 2785 ntalum
1615 2749 1715 2787 non
1738 2749 1921 2805 apera-

331 2830 418 2876 μιν
451 2838 470 2877 :
504 2821 761 2891 plenitudo
803 2838 922 2892 ergo
954 2822 1098 2893 legis,
1140 2822 1378 2892 dilectio(
1413 2823 1561 2879 Rom.
1584 2840 1698 2892 xm,
1719 2825 1855 2885 8-10
1878 2827 1919 2897 ).

324 2912 507 2982 Ipsam
534 2911 849 2968 charitatem
876 2914 1148 2983 apostolus
1198 2914 1389 2969 Petrus
1425 2916 1661 2971 nondum
1710 2916 1917 2987 habuit,

324 3002 752 3073 quandotimore
801 3004 1084 3058 Dominum
1133 3012 1215 3059 ter
1266 3008 1476 3075 negavit
1506 3005 1718 3079 (Matth.
1760 3025 1919 3079 xxvr,

322 3095 550 3166 69-75).
569 3094 895 3151 Timorenim
922 3112 1024 3150 non
1040 3106 1112 3150 est
1133 3097 1187 3151 in
1209 3097 1472 3165 charitate,
1497 3100 1638 3154 sicut
1660 3100 1735 3155 ait
1753 3100 1923 3157 Joan-

326 3201 428 3240 nes
444 3186 772 3255 evangelista
801 3186 854 3240 in
894 3184 1129 3254 Epistola
1160 3202 1251 3240 sua
1277 3189 1400 3252 ;sed
1440 3193 1661 3259 perfecta
1694 3191 1924 3248 charitas

323 3280 472 3349 foras
497 3277 645 3330 mittit
666 3278 894 3332 timorent
916 3276 958 3348 (1
975 3276 1132 3331 Joan.
1170 3294 1243 3343 tv,
1273 3279 1385 3349 18).
1417 3279 1484 3334 Ει
1514 3290 1692 3336 tamen
1732 3298 1921 3352 qnam-

329 3371 412 3425 ris
440 3384 599 3439 parva
617 3381 671 3425 et
694 3367 1025 3439 imperfecta,
1070 3387 1176 3425 non
1221 3370 1443 3434 deerat,
1472 3374 1685 3442 quando
1712 3375 1925 3431 diccbat

322 3461 580 3528 Domino,
610 3460 845 3514 Animam
867 3477 1028 3515 meam
1049 3477 1141 3532 pro
1154 3470 1199 3514 te
1222 3477 1406 3527 ponam
1425 3460 1604 3533 (Joan.
1637 3480 1762 3527 xui,
1794 3465 1919 3537 57):

317 3555 552 3627 putabat
574 3556 719 3611 enim
748 3571 807 3611 se
834 3571 1010 3626 posse,
1045 3555 1187 3626 quod
1224 3571 1283 3612 se
1328 3558 1466 3614 velle
1510 3559 1797 3614 sentiebat.
1851 3561 1923 3616 Et

314 3646 454 3718 quis
475 3648 629 3703 istam
656 3647 757 3702 etsi
784 3662 999 3717 parvam
1019 3646 1146 3702 dare
1170 3658 1405 3717 coeperat
1448 3649 1788 3716 charitatem,
1814 3651 1917 3705 nisi

315 3739 422 3795 ille
453 3738 544 3809 qui
575 3747 838 3807 praeparat
867 3738 1216 3804 voluntatem,
1240 3749 1295 3794 et
1317 3740 1660 3810 cooperando
1682 3742 1913 3811 perlicit,

313 3828 475 3900 quod
505 3827 1063 3903 cperandoincipit?
1108 3829 1369 3898 Quoniam
1422 3830 1536 3900 ipse
1582 3839 1642 3886 nt
1694 3831 1922 3888 velimus

311 3928 587 3991 operatur
624 3918 907 3990 incipiens,
944 3920 1037 3990 qui
1064 3920 1367 3976 volentibus
1409 3931 1728 3990 cooperator
1758 3923 1921 3992 perﬁ-

312 4013 503 4067 ciens.
529 4011 752 4082 Pr0pter
773 4011 915 4081 quod
960 4013 1033 4066 ait
1059 4012 1387 4082 Apostolus:
1417 4013 1591 4068 Certus
1636 4031 1749 4069 sum
1791 4032 1921 4086 quo-

310 4104 475 4158 niam
498 4103 585 4172 qui
605 4112 841 4173 operatur
866 4103 917 4156 in
946 4102 1083 4157 vobis
1121 4119 1249 4173 opus
1275 4103 1480 4169 bonum,
1526 4105 1748 4174 perﬁciet
1768 4122 1926 4175 usque

308 4196 372 4248 in
396 4192 541 4247 diem
563 4190 750 4247 Christi
768 4192 895 4248 Jesu
921 4194 942 4225 ³
971 4192 1226 4266 (Philipp.
1243 4211 1282 4260 ι,
1309 4193 1386 4268 6).
1420 4194 1485 4250 Ut
1511 4210 1641 4266 ergo
1668 4197 1916 4266 velimus,

309 4288 455 4343 sine
484 4285 640 4339 nobis
664 4295 950 4355 operatur;
991 4300 1110 4341 cum
1138 4298 1317 4341 autem
1345 4286 1608 4352 volumus,
1630 4294 1684 4343 et
1722 4288 1800 4343 sic
1826 4303 1923 4342 vo-

309 4379 515 4435 lumus
534 4384 593 4430 ut
612 4373 886 4439 faciamus,
913 4375 1191 4431 nobiscum
1212 4387 1569 4446 cooperator:
1604 4386 1780 4434 tamen
1807 4379 1925 4434 sine

310 4469 422 4525 illo
455 4468 541 4523 vel
568 4475 829 4536 operante
853 4475 912 4522 ut
939 4467 1161 4522 velimus
1184 4508 1198 4532 ,
1224 4468 1307 4523 vel
1331 4478 1657 4538 cooperante
1680 4485 1801 4524 cum
1826 4485 1923 4525 vo-

306 4560 533 4622 lumus,
563 4556 632 4612 ad
655 4557 794 4613 bona
818 4558 1036 4627 pietatis
1061 4572 1223 4627 opera
1242 4558 1370 4613 nihil
1406 4560 1664 4615 valemus.
1698 4562 1770 4616 De
1791 4576 1921 4631 ope-

307 4647 599 4707 ranteillo
624 4656 682 4701 ut
724 4648 949 4702 velimus
972 4687 988 4714 ,
1017 4645 1217 4702 dictum
1248 4657 1332 4703 est
1356 4667 1371 4703 :
1408 4648 1546 4703 Deus
1585 4660 1657 4705 est
1681 4653 1811 4707 enim
1840 4652 1927 4724 qui

306 4749 579 4813 operatur
625 4739 682 4794 in
705 4741 844 4795 vobis
889 4750 936 4795 et
961 4740 1106 4795 velle.
1142 4741 1216 4794 De
1238 4751 1563 4809 coaperanle
1591 4753 1767 4799 autem
1802 4760 1922 4801 cum

298 4835 437 4907 jam
489 4831 740 4887 volumus
781 4841 835 4888 et
889 4831 1120 4887 volendo
1152 4831 1413 4886 facimus:
1445 4832 1669 4896 Scimus.
1721 4836 1922 4907 inquit,

298 4924 579 4998 quoniam
607 4922 932 4995 diligentibus
960 4923 1123 4979 Deunt
1151 4925 1322 4979 omnia
1347 4930 1953 5004 coeperanturinlbonnm

303 5018 516 5091 (Rom.
539 5030 657 5078 viu,
685 5016 802 5088 28).
825 5016 960 5084 Quid
992 5026 1096 5084 est,
1125 5017 1316 5084 omnia,
1338 5019 1440 5074 nisi
1467 5029 1520 5073 ct
1548 5021 1689 5089 ipsas
1712 5022 1920 5076 terribi-

304 5111 401 5167 les
433 5122 720 5178 satvasque
749 5108 1070 5180 passiones?
1100 5109 1319 5166 Sarcina
1365 5110 1560 5181 quippe
1586 5113 1675 5167 illa
1702 5114 1918 5180 Christi,

300 5215 449 5273 quae
484 5197 777 5254 inﬁrmitati
815 5201 992 5270 gravis
1034 5209 1155 5269 est,
1210 5201 1346 5258 levis
1395 5201 1624 5259 el‘licitur
1652 5205 1921 5261 charitati.

296 5292 556 5351 Talibus
577 5291 719 5347 cnim
747 5293 1004 5348 Dominus
1027 5293 1159 5349 dixit
1189 5309 1309 5351 esse
1355 5311 1505 5352 suam
1553 5298 1814 5353 sarcinam
1850 5299 1928 5354 le-

304 5399 448 5442 vem
482 5381 726 5451 (Matth.
778 5399 874 5456 xi,
921 5382 990 5439 50
1017 5383 1036 5454 )
1063 5426 1076 5450 ,
1122 5385 1294 5455 qualis
1331 5385 1521 5442 Petrus
1574 5387 1673 5442 fuit
1712 5390 1925 5460 quando

299 5488 528 5551 passus
556 5487 635 5530 eat
662 5489 758 5545 pro
795 5474 1029 5542 Christo,
1064 5492 1169 5533 non
1199 5479 1376 5549 qualis
1397 5477 1495 5534 fuit
1522 5480 1735 5550 quando
1760 5497 1921 5553 nega-

298 5571 386 5625 vit
413 5566 726 5622 Christum.
1849 5564 1861 5574 '

373 5704 394 5768 ξ
440 5697 574 5768 editi
592 5705 774 5768 ,_ponot
790 5698 914 5762 quis.
941 5703 1102 5768 Abest,
1125 5708 1251 5765 quis.
1270 5715 1297 5753 a
1332 5711 1682 5768 manuscriptis.

371 5767 399 5797 2
435 5760 760 5814 carbeiensut
794 5760 895 5820 51s.,
919 5760 1147 5821 perﬁciet
1159 5779 1306 5824 usque
1329 5779 1377 5815 in
1394 5760 1648 5829 [tru’mXL't
1667 5780 1801 5831 ergo,
1826 5776 1923 5820 etc.

1748 329 1951 385 LIBER
1992 328 2191 389 UNUS.

3512 332 3617 386 9W!

2108 437 2375 496 MJstam
2406 439 2738 498 charitatem.
2771 440 2823 495 id
2862 450 2943 497 est
2980 440 3157 497 divino
3198 459 3383 500 amore
3417 445 3611 502 arden-

2032 532 2291 601 tjssimam
2322 531 2649 587 voluntatem
2679 535 3061 590 commendans
3106 537 3413 605 Apostolus.
3440 539 3569 595 dicit
3599 558 3613 595 :

2036 621 2161 689 Quis
2194 639 2285 676 nos
2301 621 2554 694 separabit
2590 640 2623 676 a
2664 625 2910 679 charitate
2957 610 3145 680 Christi
3168 629 3193 682 ἶ)
3217 629 3474 683 tribulatio
3500 629 3528 683 ι
3549 648 3618 687 an

2032 718 2264 789 angustia
2286 718 2313 771 ?
2360 734 2427 772 an
2464 718 2744 787 persecutio
2766 719 2792 773 ?
2818 737 2883 773 an
2931 723 3090 792 fames
3114 721 3137 775 ?
3167 738 3232 775 an
3271 721 3474 776 auditas
3498 723 3522 777 'l
3550 741 3615 780 aa

2035 811 2359 881 periculum?
2385 827 2449 864 an
2466 811 2668 881 gladius
2695 812 2720 865 ?
2763 811 2910 867 Sicut
2953 814 3199 883 scriptum
3236 822 3329 879 est,
3358 815 3612 881 Quoniam

2034 911 2239 971 prapter
2259 910 2305 953 te
2325 901 2693 969 mortificamur
2720 911 2822 954 tota
2839 901 2940 968 die,
2989 902 3218 973 deputati
3259 920 3433 959 sumus
3486 906 3619 960 velut

2033 1005 2145 1043 oves
2180 990 2464 1044 occisionis.
2498 988 2604 1044 Sed
2620 991 2671 1045 in
2721 992 2801 1045 his
2847 993 3077 1046 omnibus
3106 994 3504 1063 supervincimus
3534 1010 3623 1067 per

2026 1094 2143 1134 eum
2170 1081 2254 1152 qui
2284 1080 2462 1134 dilexit
2486 1097 2593 1135 nos.
2621 1081 2794 1136 Certus
2821 1099 2934 1137 sum
2962 1085 3093 1137 enim
3117 1085 3235 1155 quia
3264 1102 3424 1158 neque
3454 1104 3610 1153 mors,
3641 1132 3663 1143 -

2033 1188 2190 1238 neque
2232 1172 2334 1224 vita
2364 1212 2378 1236 ,
2420 1188 2580 1241 neque
2623 1172 2810 1243 angeli,
2863 1190 3022 1243 neque
3076 1175 3408 1246 principatus,
3463 1192 3621 1249 neque

2034 1262 2340 1330 praesentia,
2387 1278 2545 1331 neque
2577 1261 2771 1331 futura,
2819 1280 2979 1334 neque
3028 1265 3267 1333 altitudo,
3314 1282 3474 1336 neque
3502 1285 3620 1338 pro-

2034 1353 2264 1424 fundum,
2292 1370 2447 1424 neque
2466 1364 2700 1407 creatura
2722 1355 2825 1408 alia
2850 1357 3034 1427 poterit
3057 1374 3148 1412 nos
3172 1375 3411 1428 separare
3431 1377 3462 1413 a
3491 1360 3616 1414 cha—

2031 1444 2179 1495 ritate
2226 1444 2356 1509 Dei,
2402 1459 2515 1511 quae
2570 1453 2642 1499 est
2681 1446 2733 1498 in
2765 1443 2967 1500 Christo
3006 1447 3131 1501 Iesu
3178 1447 3399 1504 Domino
3439 1459 3612 1506 nostro

2034 1532 2206 1605 (Rom.
2240 1550 2354 1596 vni,
2388 1535 2602 1604 55-59).
2632 1537 2696 1588 Et
2738 1536 2844 1589 alio
2866 1537 2986 1592 loco
3019 1537 3182 1593 dicit:
3211 1539 3387 1593 Adhuc
3440 1559 3620 1610 super-

2032 1625 2409 1680 eminentiorem
2439 1627 2571 1679 viam
2610 1627 2744 1681 vobis
2774 1627 3079 1683 demonstro.
3115 1629 3176 1685 Si
3215 1631 3399 1702 linguis
3451 1633 3618 1688 homi-

2032 1732 2152 1779 num
2175 1717 2351 1787 loquar
2366 1725 2414 1772 et
2434 1718 2749 1789 angelorum,
2769 1719 3063 1775 charitatem
3077 1732 3244 1776 autent
3266 1741 3368 1778 non
3381 1725 3611 1791 habeam,

2032 1813 2196 1877 factus
2216 1827 2324 1864 sum
2351 1822 2677 1866 atramentum
2704 1830 2912 1879 sonans,
2939 1825 3026 1869 aut
3050 1817 3335 1887 cymbalum
3359 1819 3600 1874 tinniens.

2030 1900 2101 1955 Et
2128 1903 2173 1957 si
2192 1902 2411 1957 habuero
2434 1905 2771 1975 prophetiam,
2801 1906 2907 1959 etsi
2926 1907 3084 1961 sciero
3110 1909 3282 1963 omnia
3319 1926 3617 1965 sacramen-

2032 2001 2104 2060 ta,
2133 1994 2242 2048 etsi
2263 1994 2485 2048 habuero
2516 2010 2715 2049 onmem
2743 1995 2918 2065 fidem,
2959 1997 3032 2050 ita
3060 2003 3116 2051 u‘t
3156 2008 3349 2052 montes
3386 2003 3610 2070 transfe-

2029 2100 2161 2149 ram,
2185 2084 2481 2138 charitatem
2528 2094 2698 2139 autent
2745 2102 2845 2140 non
2876 2085 3109 2153 habeam,
3143 2088 3281 2142 nihil
3295 2105 3429 2142 sunt.
3458 2087 3525 2142 Et
3563 2090 3610 2144 si

2030 2175 2327 2230 distribuere
2355 2177 2526 2231 omnia
2556 2193 2666 2231 mea
2692 2177 2995 2247 pauperibus
3015 2218 3030 2243 ,
3061 2188 3107 2232 et
3142 2180 3185 2232 si
3215 2179 3475 2234 tradidero
3497 2196 3614 2235 cor-
3693 2190 3696 2193 ‘

2030 2285 2126 2339 pus
2141 2284 2304 2323 meum
2332 2278 2385 2323 ut
2429 2270 2659 2337 ardeam,
2708 2269 3005 2325 charitatem
3052 2280 3222 2326 autem
3252 2288 3351 2327 non
3379 2272 3612 2341 habeam,

2028 2360 2158 2414 nihil
2180 2361 2305 2414 mihi
2338 2362 2558 2431 prodest.
2608 2361 2843 2417 Charitas
2886 2364 3212 2433 magnanima
3267 2373 3364 2431 est,
3393 2364 3613 2437 benigna

2027 2460 2145 2505 est:
2166 2453 2384 2506 charitas
2411 2468 2509 2506 non
2534 2452 2799 2507 aemulatur
2819 2493 2832 2517 ,
2877 2470 2977 2508 non
3023 2455 3127 2525 agit
3168 2471 3467 2525 perperam,
3514 2474 3618 2512 non

2027 2544 2258 2614 inflatur,
2288 2562 2389 2599 non
2414 2546 2793 2609 dehonestatur,
2837 2562 2938 2600 non
2967 2548 3148 2613 quierit
3191 2563 3304 2617 qua:
3327 2565 3422 2603 sua
3464 2560 3604 2615 sunt,

2027 2650 2129 2688 non
2156 2635 2412 2702 irritatur,
2454 2653 2556 2691 non
2577 2637 2763 2709 cogitat
2803 2637 3033 2704 malum,
3083 2655 3207 2693 non'
3235 2641 3419 2711 gaudet
3465 2659 3620 2711 super

2027 2725 2291 2796 iniquitate
2313 2769 2327 2791 ,
2369 2728 2652 2799 congaudet
2698 2739 2867 2783 autent
2935 2730 3131 2784 veritati
3162 2748 3179 2792 ;
3207 2735 3377 2786 omnia
3414 2735 3614 2802 tolerat,

2029 2819 2198 2872 omnia
2221 2818 2399 2885 credit,
2446 2821 2617 2874 omnia
2666 2830 2858 2889 sperat,
2909 2823 3079 2893 omnia
3125 2822 3345 2889 suffert;
3386 2825 3616 2880 cltaritas

2028 2925 2285 2979 nunquam
2304 2909 2460 2962 cadit.
2484 2909 2553 2965 Et
2601 2911 2759 2980 paulo
2782 2922 2940 2981 post:
2974 2912 3169 2979 Manet,
3223 2916 3412 2984 inquit,
3455 2917 3606 2986 fides,

2029 3020 2169 3073 spes,
2202 3003 2423 3056 charitas
2445 3044 2461 3070 ,
2504 3002 2601 3056 tria
2649 3003 2792 3067 liter;
2830 3005 2999 3074 major
3039 3016 3209 3058 autem
3240 3007 3418 3060 horum
3445 3010 3617 3062 chari-

2028 3104 2107 3150 los
2133 3110 2152 3150 :
2179 3096 2440 3150 sectamini
2470 3095 2769 3149 charitatem
2792 3096 2831 3167 (I
2859 3095 2975 3149 Cor.
3011 3113 3103 3159 xu,
3134 3099 3340 3161 3l-xw,
3380 3100 3454 3169 Ι).
3482 3100 3613 3156 Item
3684 3097 3707 3107 κ

2029 3187 2158 3242 dicit
2181 3185 2247 3241 ad
2278 3185 2531 3242 Galatas:
2572 3185 2670 3240 Vos
2699 3187 2832 3239 enint
2876 3186 2927 3239 in
2951 3186 3230 3241 libertatem
3275 3191 3438 3244 vocati
3464 3192 3604 3257 estis,

2029 3283 2212 3351 fratres
2239 3295 2257 3342 ;
2286 3288 2483 3333 tantum
2506 3295 2569 3333 ne
2592 3279 2870 3333 libertatem
2911 3281 2962 3333 in
2988 3282 3299 3334 occasionem
3322 3283 3492 3336 carnis
3521 3284 3614 3337 de-

2027 3371 2112 3437 tis,
2134 3369 2223 3425 sed
2251 3386 2340 3441 per
2368 3369 2663 3423 charitatem
2692 3370 2869 3424 servite
2887 3371 3117 3425 invicem.
3167 3371 3344 3426 Omnis
3364 3374 3497 3426 enim
3534 3374 3618 3429 lea:

2027 3461 2081 3514 in
2100 3476 2203 3514 uno
2227 3476 2454 3514 sermone
2472 3460 2730 3530 impletur,
2759 3460 2810 3514 in
2837 3477 2894 3513 eo
2933 3460 3070 3531 quod
3103 3460 3284 3533 diliges
3325 3465 3612 3531 proximum

2029 3561 2171 3608 tuum
2194 3562 2431 3623 tanquam
2476 3562 2524 3608 te
2562 3554 2731 3624 ipsum
2753 3552 2944 3624 (Colat.
2993 3570 3049 3619 v,
3078 3555 3162 3619 l5,
3213 3556 3323 3627 ll).
3374 3556 3488 3611 lloc
3533 3567 3617 3613 est

2027 3644 2170 3715 quod
2185 3644 2251 3698 ad
2279 3644 2547 3699 Romanos
2568 3645 2660 3710 ait,
2697 3644 2797 3710 Qui
2836 3645 3000 3716 diligit
3024 3645 3260 3709 alterunt,
3315 3648 3472 3718 legem
3515 3649 3617 3702 im-

2029 3736 2180 3807 plevit
2207 3733 2229 3809 (
2259 3735 2409 3790 Rom.
2452 3752 2566 3803 χιιι,
2624 3735 2724 3807 8).
2772 3735 2900 3791 Item
2930 3736 3059 3792 dicit
3110 3737 3174 3792 ad
3223 3738 3614 3795 Colossenses:

2029 3826 2199 3898 Super
2217 3828 2387 3881 omnia
2410 3836 2578 3882 autem
2604 3826 2711 3881 lucc
2740 3828 3055 3893 charitatem,
3086 3844 3201 3900 qua:
3247 3840 3318 3884 est
3364 3831 3618 3886 vinculum

2028 3918 2592 3991 perfectionis(Coloss.
2621 3936 2698 3985 ιιι,
2726 3920 2791 3974 14
2814 3921 2854 3988 ).
2885 3919 3030 3973 Etad
3051 3920 3415 3986 Timotheum,
3446 3921 3612 3990 Finis,

2030 4009 2224 4079 inquit,
2278 4010 2517 4081 praecepti
2562 4018 2636 4065 est
2687 4010 2949 4064 Charitas.-
3002 4019 3056 4065 et
3109 4010 3402 4081 adiungens
3448 4013 3618 4082 qualis

2026 4101 2279 4169 Charitas,
2303 4101 2366 4155 de
2380 4101 2546 4164 corde,
2582 4101 2774 4171 inquit,
2803 4118 2952 4171 puro,
2975 4111 3023 4156 et
3046 4103 3351 4157 conscientia
3390 4104 3539 4167 bona,
3565 4114 3611 4158 et

2029 4191 2132 4262 fide
2171 4190 2275 4245 non
2318 4189 2484 4262 βαιιῖ
2510 4190 2530 4245 1
2555 4189 2689 4243 Tim.
2724 4206 2763 4257 ι,
2810 4190 2908 4259 5).
2951 4190 3032 4244 Ad
3084 4190 3397 4245 Corinthios
3439 4203 3617 4246 autem

2028 4297 2150 4338 cum
2175 4283 2192 4314 ¹
2215 4282 2372 4348 dicit,
2400 4281 2586 4336 Omnia
2605 4290 2770 4334 vestra
2811 4297 2926 4334 cum
2974 4281 3221 4335 charitate
3250 4283 3380 4351 fiant
3438 4283 3478 4355 (l
3497 4281 3619 4340 Cor.

2030 4372 2310 4442 “1.14);
2357 4373 2489 4427 satis
2533 4371 2788 4438 ostendit,
2837 4373 2995 4427 etiam
3051 4373 3194 4443 ipsas
3224 4375 3615 4444 correptiones,

2029 4478 2162 4534 quas
2185 4479 2400 4535 asperas
2427 4473 2482 4519 et
2525 4478 2736 4519 amaras
2788 4464 3025 4519 sentiunt
3070 4465 3158 4534 qui
3213 4465 3615 4536 corripiuntur,

2029 4572 2151 4611 cum
2173 4555 2429 4610 charitate
2453 4570 2573 4611 esse
2596 4555 2884 4613 faciendas.
2910 4555 3066 4614 Unde
3085 4556 3209 4610 alibi
3226 4571 3347 4611 cum
3369 4556 3614 4623 dixisset,
3657 4598 3665 4605 .

2029 4647 2276 4717 Corripite
2300 4648 2543 4717 inquietos
2569 4689 2583 4711 ,
2609 4647 2940 4702 consolantini
2978 4647 3325 4716 pusillanimes
3346 4688 3361 4714 ,
3404 4649 3624 4718 suscipi-

2031 4749 2080 4793 te
2102 4739 2335 4808 infirmos
2363 4755 2383 4793 :
2411 4741 2654 4809 patientes
2683 4748 2835 4795 estote
2875 4740 2944 4793 ad
2970 4756 3179 4804 omnes;
3208 4755 3329 4795 mox
3347 4740 3612 4808 adjunxit,

2039 4828 2214 4883 Videte
2236 4847 2298 4883 ne
2316 4832 2428 4900 quis
2460 4830 2648 4883 malum
2677 4847 2770 4901 pro
2820 4831 2955 4884 malo
2979 4829 3134 4883 alicui
3164 4830 3342 4884 reddat
3375 4830 3416 4904 (Ι
3442 4831 3621 4887 Thess.

2029 4937 2099 4987 v,
2129 4922 2197 4976 14
2221 4963 2237 4988 ,
2280 4922 2348 4977 15
2374 4920 2416 4994 ).
2443 4922 2581 4991 Ergo
2624 4930 2679 4975 et
2721 4921 2936 4990 quando
2974 4921 3337 4990 corripiuntur
3377 4923 3615 4993 inquieti,

2030 5030 2137 5068 non
2188 5013 2385 5067 malum
2414 5028 2509 5082 pro
2556 5012 2718 5079 malo,
2748 5012 2843 5067 sed
2893 5012 3068 5082 potius
3108 5012 3309 5067 bonum
3358 5013 3616 5070 redditur.

2031 5105 2157 5160 Haec
2179 5113 2356 5159 autem
2377 5104 2552 5157 omnia
2579 5118 2699 5174 qua:
2724 5103 2825 5158 nisi
2851 5101 3084 5158 charitas
3109 5105 3410 5175 operatur?

2103 5198 2191 5253 55.
2227 5196 2295 5251 Et
2322 5195 2597 5267 apostolus
2646 5195 2870 5250 Petrus:
2895 5193 3026 5249 Ante
3058 5195 3248 5259 omnia,
3282 5196 3470 5266 inquit,
3502 5212 3619 5251 mu-

2033 5299 2174 5343 tuam
2221 5288 2354 5342 inter
2386 5303 2471 5342 vos
2500 5287 2798 5341 charitatem
2835 5282 3129 5358 perpetuam
3151 5287 3172 5317 ¹
3196 5286 3434 5341 habentes
3460 5329 3473 5351 ,
3499 5289 3621 5358 quia

2031 5379 2251 5433 charitas
2262 5378 2482 5450 cooperit
2497 5377 2862 5433 multitudinem
2877 5387 3195 5448 peccatorum
3212 5378 3258 5449 (l
3279 5376 3422 5433 Petr.
3444 5394 3521 5445 tv,
3540 5380 3618 5451 8).

2035 5470 2167 5526 Dicit
2189 5472 2347 5527 etiam
2374 5471 2649 5542 apostolus
2670 5470 2902 5527 Jacobus
2929 5489 2944 5526 :
2974 5471 3036 5527 Si
3062 5481 3229 5525 tamen
3269 5472 3429 5541 legem
3456 5468 3612 5543 perﬁ-

2097 5585 2125 5657 ί,
2149 5582 2397 5657 Particula,
2425 5595 2553 5645 cum,
2593 5596 2624 5635 a
2644 5584 3022 5635 Lovanienslbus
3058 5590 3113 5636 et
3153 5597 3182 5634 a
3226 5582 3469 5634 nonnullis
3506 5588 3617 5634 ιω.

2031 5654 2344 5819 οηξιῗῧίῗίςιὲῑ
2363 5706 2546 5773 aliquot
2566 5714 2694 5771 Mss,
2716 5713 2963 5773 perpetuo.
2989 5706 3196 5759 stelioris
3213 5712 3333 5758 non:
3356 5702 3491 5762 Mss,
3509 5712 3623 5765 Ρεν·

2033 5783 2089 5819 nc
2114 5783 2239 5819 nam.

2032 5783 2239 5833 pfllltlm.
