4098 6514
2003 193 2158 248 .l‘x

2003 235 2010 262 ἱ
2059 211 2069 246 ι
2137 221 2158 248 ι

1297 314 1384 370 m3
1423 313 1678 370 casm
1723 312 1811 368 ET
1853 211 2482 376 Lumenminuma.
2526 311 2582 368 ε.
2623 313 2989 371 sususrtxt

532 326 641 380 9nd

533 441 645 494 citis
664 435 902 509 regalem,
934 431 1206 488 secundum
1232 428 1526 500 Scripturas
1550 471 1565 494 ,
1597 426 1788 499 Diliges
1832 429 2117 498 proximum

529 541 669 584 tuum
696 537 932 598 tanquam
962 537 1008 580 te
1055 525 1243 594 ipsum,
1289 521 1408 576 bene
1460 521 1625 592 facitis
1675 517 1893 591 (Jacobi
1920 535 1974 582 ιι,
2019 516 2116 587 8).

533 623 661 678 ltetn
687 619 921 676 Joannes
963 617 1275 686 apostolus:
1327 613 1426 680 Qui
1469 613 1652 684 diligit,
1686 611 1876 679 inquit,
1911 609 2119 679 fratrem

527 730 699 780 suum,
725 713 777 767 in
807 709 996 764 lumine
1021 717 1184 762 manet
1213 705 1231 778 (
1259 705 1279 760 1
1304 704 1466 759 Joan.
1491 721 1549 769 ιι,
1578 703 1700 774 I0).
1725 703 1792 756 Et
1815 704 1918 754 alio
1968 701 2115 754 loco:

512 794 634 872 ’ριιὶ
660 812 848 859 nonest
877 803 1070 874 justus,
1101 816 1200 853 non
1226 807 1298 852 est
1317 813 1385 857 ea:
1417 795 1544 862 Deo,
1582 805 1628 849 et
1671 794 1756 866 qui
1797 809 1900 846 non
1947 790 2119 860 diligit
2166 787 2171 792 ’

531 899 739 966 fratrem
762 911 909 948 suum
939 909 959 948 :
979 891 1097 963 quia
1121 892 1228 944 ha'c
1252 898 1322 944 est
1357 885 1677 942 annuntiatio
1719 900 1872 955 quam
1919 883 2118 935 audiri-

531 1008 645 1046 mus
679 989 740 1044 ab
770 989 935 1050 initio,
981 999 1034 1040 ut
1088 985 1360 1054 diligamus
1403 981 1634 1034 invicem.
1674 979 1908 1047 Itemque
1951 973 2113 1028 alibi:

536 1081 648 1138 lloc
677 1091 770 1148 est,
801 1081 992 1151 inquit,
1019 1078 1317 1132 mandatum
1344 1073 1484 1128 illius
1503 1115 1518 1140 ,
1545 1083 1600 1126 ut
1630 1071 1896 1126 credamus
1925 1068 2118 1121 nomini

533 1175 662 1230 Filii
683 1175 792 1245 ejus
815 1171 942 1226 Jesu
963 1169 1172 1236 Christi,
1216 1177 1266 1223 et
1318 1167 1592 1238 diligamus
1633 1163 1844 1218 invicem
1873 1160 1892 1235 (
1923 1159 2006 1214 Id.
2037 1176 2113 1224 ιιι,

529 1268 618 1330 10,
643 1267 716 1322 9-5
741 1270 784 1338 ).
837 1267 902 1321 Et
931 1265 1122 1320 iterum
1153 1280 1166 1316 :
1206 1259 1338 1328 Hoc,
1379 1259 1571 1330 inquit,
1605 1256 1902 1310 mandatum
1945 1254 2104 1308 habe-

528 1379 640 1416 mus
660 1361 723 1414 ab
752 1359 892 1430 ipso,
940 1367 996 1410 ut
1047 1356 1132 1426 qui
1174 1354 1340 1426 diligit
1372 1352 1554 1418 Deum,
1599 1349 1780 1421 diligat
1823 1357 1871 1430 et
1907 1351 2118 1418 fratrem

527 1470 677 1508 suum
703 1451 814 1527 (Id.
846 1467 919 1518 Iv,
947 1449 1064 1520 21).
1090 1449 1156 1503 Ει
1185 1447 1342 1518 paulo
1386 1454 1503 1516 post
1529 1463 1540 1498 :
1562 1441 1630 1498 In
1654 1443 1768 1508 hoc,
1798 1441 1988 1512 inquit.
2034 1455 2121 1493 co-

527 1548 837 1618 gnoscimus,
875 1543 994 1613 quia
1009 1539 1266 1612 diligimus
1295 1538 1428 1607 ﬁlios
1455 1535 1571 1601 Dei,
1599 1548 1715 1589 cum
1740 1533 1901 1589 Deum
1945 1531 2120 1602 diligi-

527 1657 661 1703 mus,
700 1647 746 1692 et
783 1644 1033 1708 praecepta
1078 1634 1188 1706 ejus
1214 1631 1467 1702 facimus:
1504 1627 1628 1684 licet:
1664 1635 1735 1682 est
1759 1627 1892 1682 enim
1917 1624 2120 1680 dilectio

527 1732 647 1800 Dei,
674 1741 726 1784 ut
753 1737 1002 1801 praecepta
1037 1728 1149 1800 ejus
1177 1739 1446 1788 servemus,
1479 1732 1525 1776 et
1575 1729 1826 1790 prwcepta
1853 1719 1962 1790 ejus
2001 1733 2121 1788 gra-

522 1827 607 1878 via
635 1840 736 1878 non
755 1821 912 1892 sunt(
948 1818 1034 1873 Id.
1063 1834 1116 1883 ν,
1161 1815 1220 1882 2,
1249 1813 1351 1885 5).
1382 1815 1447 1868 Et
1489 1812 1541 1866 in
1597 1809 1835 1882 Epistola
1887 1806 2118 1862 secunda

523 1917 780 1987 scriptum
807 1921 933 1969 est:
970 1910 1092 1966 Non
1132 1909 1280 1980 quasi
1332 1913 1641 1983 praeceptum
1687 1918 1869 1956 novum
1899 1900 2121 1954 scribam

524 2009 637 2076 tibi,
668 2006 756 2062 sed
783 2005 918 2078 quod
943 2003 1210 2059 habuimus
1238 1999 1300 2054 ub
1340 1999 1504 2062 initio,
1530 2005 1584 2050 ut
1607 1993 1880 2065 diligamus
1902 1992 2116 2046 invicem

529 2100 613 2173 (tl
639 2097 799 2154 Joan.
831 2098 866 2154 5
898 2097 940 2168 ).

596 2213 688 2270 36.
715 2212 848 2266 Dicit
875 2211 1034 2265 etiam
1063 2209 1176 2278 ipse
1203 2206 1458 2262 Dominus
1482 2203 1657 2265 .Icsus,
1685 2202 1737 2256 in
1759 2199 1965 2254 duobus
1989 2215 2122 2267 prm—

523 2307 698 2378 ccptis
720 2302 1020 2360 dilectionis
1048 2301 1144 2356 Dei
1173 2308 1228 2354 et
1255 2298 1556 2354 dilectionis
1586 2294 1808 2378 proximi
1835 2303 1996 2378 letam
2025 2291 2124 2345 Le-'

444 2438 449 2442 .
523 2369 647 2470 gem
679 2395 1072 2466 Prophetasque
1101 2391 1334 2460 pendere
1361 2387 1572 2454 (Matth.
1604 2369 1736 2448 xxu',
1766 2385 1880 2454 40).
1909 2371 1982 2437 De
2007 2382 2124 2453 qui-

529 2493 630 2545 bus
653 2487 863 2543 duobus
885 2483 1166 2555 praeceptis
1185 2483 1238 2536 in
1262 2480 1552 2549 Evangelio
1575 2477 1868 2532 sccumluni
1893 2474 2121 2528 Marcum

527 2583 787 2652 scriptum
823 2588 905 2633 est
935 2596 948 2631 :
985 2575 1050 2630 Et
1079 2574 1286 2630 accessit
1313 2589 1443 2626 unus
1477 2571 1539 2624 de
1575 2569 1751 2624 scribis
1783 2568 1868 2629 qui
1895 2566 2124 2619 audierat

526 2675 647 2730 illos
672 2671 1032 2744 perquirentes,
1059 2676 1104 2722 et
1129 2665 1302 2721 videns
1327 2664 1566 2735 quoniam
1589 2661 1691 2714 illis
1713 2661 1833 2714 bene
1855 2657 2126 2728 responde-

523 2768 617 2833 rit,
644 2761 968 2834 interrogavit
993 2778 1103 2816 eum
1123 2757 1258 2832 quod
1279 2767 1402 2812 esset
1425 2756 1640 2828 primum
1665 2754 1886 2806 oumium
1915 2751 2127 2803 manda-

527 2869 656 2913 tum.
685 2855 838 2910 Jesus
866 2862 1032 2908 autem
1061 2851 1321 2922 respondit
1345 2849 1389 2902 ei
1419 2865 1438 2904 :
1469 2847 1700 2901 Primum
1730 2846 1950 2898 onmium
1981 2859 2124 2894 man-

528 2950 706 3004 datum
728 2958 821 3006 est.
849 2945 1004 3012 Audi,
1034 2943 1218 3008 Israel,
1253 2941 1314 2994 Di
1331 2941 1499 2995 minus
1530 2939 1667 2992 Deus
1693 2947 1806 2991 tuus
1836 2935 1969 2988 Deus
1995 2950 2124 2986 unus

527 3051 635 3106 est;
653 3048 723 3105 et,
755 3037 944 3109 Diliges
975 3035 1245 3090 Dominum
1272 3032 1436 3087 Deum
1461 3041 1602 3086 tuum
1629 3046 1690 3083 ea:
1713 3039 1814 3082 toto
1839 3027 1988 3080 corde
2012 3035 2122 3089 tuo,

526 3145 574 3188 et
602 3149 665 3186 ea:
693 3142 797 3186 tota
825 3131 993 3183 anima
1019 3138 1136 3192 tua,
1162 3136 1207 3180 et
1231 3141 1292 3179 ea:
1321 3134 1423 3178 tota
1449 3131 1613 3176 mente
1641 3132 1725 3174 tua
1746 3136 1766 3175 :
1793 3120 1887 3173 hoc
1915 3128 1989 3174 est
2019 3119 2126 3189 pri-

526 3241 668 3278 mum
699 3221 1016 3276 mandatum.
1055 3217 1346 3274 Secundum
1380 3225 1546 3268 autem
1585 3213 1750 3268 simile
1782 3213 1859 3266 illi
1885 3228 1904 3265 :
1936 3211 2124 3282 Diliges

526 3317 814 3387 proximum
855 3322 998 3366 tuum
1030 3320 1270 3380 tanquam
1298 3309 1530 3378 teipsum.
1566 3303 1736 3375 Majas
1768 3303 1948 3356 horum
1981 3301 2125 3355 aliud

525 3425 629 3463 non
664 3417 734 3462 est
773 3406 1066 3460 mandatum
1094 3402 1282 3469 (Mare.
1319 3417 1414 3467 xu,
1445 3399 1662 3468 2851).
1699 3398 1835 3452 Dicit
1873 3397 2032 3451 etiam
2071 3397 2122 3449 in

528 3498 816 3566 Evangelio
846 3495 1136 3552 secundum
1173 3493 1433 3548 Joannem
1469 3511 1480 3546 :
1511 3489 1812 3545 Mandatum
1847 3505 2028 3543 novum
2059 3489 2124 3541 do
2154 3497 2158 3502 '

523 3593 682 3657 rubis,
711 3603 763 3646 ut
793 3591 1016 3662 diligatis
1043 3590 1251 3643 invicem
1273 3589 1400 3641 sicut
1428 3585 1583 3640 dilexi
1611 3602 1716 3647 ros,
1747 3593 1798 3636 ut
1823 3591 1869 3636 et
1895 3597 1980 3635 vos
2001 3582 2124 3634 dili-

522 3684 656 3756 gatis
690 3683 918 3737 inuicem.
960 3679 1024 3734 In
1059 3680 1152 3734 hoc
1190 3687 1488 3750 ceguoscent
1526 3693 1696 3730 omnes
1733 3677 1852 3748 quia
1885 3674 2124 3744 discipuli

521 3775 624 3830 mei
653 3775 802 3836 estis,
838 3775 882 3827 si
917 3771 1232 3826 dilectionem
1273 3768 1546 3822 habueritis
1583 3768 1650 3819 ad
1684 3767 1891 3819 invicem
1927 3762 2119 3838 (Joan.

523 3882 644 3932 xm,
675 3867 763 3932 5i,
791 3864 906 3934 55).

595 3992 822 4058 CAPUT
857 3998 1044 4054 XVIII.
1074 4029 1146 4040 —
1173 3999 1262 4054 57.
1299 3998 1425 4053 llaec
1465 3995 1643 4052 omnia
1681 4003 1947 4068 praecepta
1987 3994 2119 4050 dile-

523 4093 752 4159 ctionis,
784 4091 836 4146 id
863 4101 948 4147 est
973 4091 1280 4156 eharitatis,
1311 4105 1432 4161 qua:
1460 4098 1603 4144 tanta
1631 4097 1688 4144 et
1721 4089 1841 4142 talia
1880 4096 2035 4153 sunt,
2067 4097 2125 4141 ut

523 4183 780 4257 quidquid
819 4197 878 4238 se
917 4183 1178 4252 putaverit
1209 4181 1368 4236 homo
1400 4179 1578 4244 facere
1619 4181 1784 4242 bene,
1815 4179 1859 4234 si
1891 4179 1980 4234 Iiat
2007 4179 2124 4233 sine

525 4279 816 4343 charttate,
849 4277 992 4330 nullo
1021 4273 1184 4330 modo
1211 4273 1299 4328 [lat
1337 4274 1508 4339 bene;
1540 4273 1654 4328 hcce
1691 4289 1818 4342 ergo
1859 4281 2121 4341 prmcepta

524 4367 802 4426 charitatis
827 4367 1057 4422 inaniter
1083 4365 1338 4421 darentur
1367 4364 1706 4432 hominibus,
1740 4379 1844 4417 non
1875 4363 2122 4418 habenti-

525 4465 626 4520 bus
651 4463 876 4516 liberum
905 4459 1188 4515 voluntatis
1217 4459 1496 4514 arbitrium
1527 4475 1540 4511 :
1566 4459 1660 4512 scd
1685 4457 1807 4528 quia
1833 4472 1927 4526 per
1951 4457 2121 4527 legem

523 4555 722 4612 dantur
744 4564 799 4610 et
823 4562 1054 4609 veterem
1086 4563 1140 4606 ct
1166 4567 1356 4642 npvam
1385 4550 1652 4622 (quamvis
1672 4549 1732 4608 in
1760 4565 1894 4604 nova
1920 4549 2125 4603 venerit

524 4649 692 4719 gratia
732 4663 850 4719 qua:
893 4645 1302 4716 promittebatur
1332 4644 1383 4697 in
1421 4651 1633 4707 vetere,
1666 4644 1750 4698 lex
1793 4651 1969 4698 autem
2007 4643 2123 4697 sine

524 4742 688 4812 gratia
719 4743 892 4796 littera
918 4749 1001 4794 cst
1026 4736 1300 4802 occidens,
1327 4735 1378 4790 in
1406 4735 1574 4806 gratia
1597 4749 1724 4788 vero
1750 4733 1967 4804 spiritus
1991 4733 2124 4786 vivi-

527 4837 733 4901 licaus).
759 4833 899 4897 unde
918 4842 1001 4886 est
1023 4833 1074 4886 in
1099 4829 1404 4898 hominibus
1423 4827 1654 4884 Charitas
1683 4828 1774 4882 Dei
1795 4837 1850 4884 et
1872 4827 2118 4896 m'osiztii,

427 4959 434 4962 -
525 4927 624 4980 nisi
647 4943 715 4982 ex
743 4927 858 4996 ipso
882 4923 1032 5002 Deo?
1061 4921 1193 4978 Nam
1219 4920 1266 4975 si
1295 4937 1399 4974 non
1427 4936 1491 4974 ex
1523 4920 1648 4984 Deo,
1679 4918 1771 4974 sed
1801 4935 1866 4974 ex
1894 4917 2121 4972 homini-

527 5004 654 5086 bus,
671 5005 914 5074 \‘icerunt
937 5015 1204 5087 Pelagiani
1230 5032 1244 5068 :
1268 5015 1313 5070 si
1342 5024 1519 5069 autem
1544 5030 1611 5069 ex
1634 5014 1762 5078 Deo,
1789 5012 2010 5068 vicimus
2032 5013 2146 5092 Ριξ-¹

529 5112 784 5183 Iagiauos.
813 5110 1008 5166 Sedeat
1034 5125 1162 5179 ergo
1192 5109 1331 5163 inter
1355 5123 1452 5162 nos
1472 5107 1634 5177 iudex
1662 5109 1934 5178 apostolus
1953 5105 2086 5161 Joan
2103 5114 2134 5146 ο⁴

2226 5141 2341 5175 eum
2369 5123 2578 5194 spiritus
2607 5121 2866 5190 sapientia!
2894 5132 2942 5175 et
2969 5121 3248 5176 intellectus
3265 5163 3281 5189 ,
3313 5123 3520 5192 spiritus
3545 5125 3741 5177 consilii
3769 5134 3809 5174 rt

529 5220 646 5272 nes,
675 5211 731 5258 et
755 5202 896 5256 dicat
927 5201 1078 5256 nobis
1107 5216 1120 5254 :
1151 5199 1466 5262 Charissimi,
1500 5198 1773 5270 diligamus
1801 5199 2028 5252 inuicem.
2065 5197 2117 5268 In

530 5296 612 5350 his
652 5294 830 5349 verbis
865 5292 1090 5348 Joannis
1118 5307 1240 5346 cum
1276 5306 1337 5348 se
1375 5291 1449 5346 illi
1488 5291 1746 5346 extollere
1779 5291 2040 5360 cmperiut
2068 5300 2121 5343 et

525 5387 726 5449 dicere.
755 5383 951 5456 thuid
984 5383 1140 5438 nobis
1167 5385 1267 5438 hoc
1297 5384 1621 5456 principitur,
1653 5385 1754 5440 nisi
1781 5385 1901 5456 quia
1928 5399 1993 5440 ex
2022 5400 2111 5438 no-

529 5483 612 5537 bis
636 5479 894 5534 habemus
921 5486 976 5532 ut
1006 5476 1231 5532 invicem
1259 5477 1575 5549 diligamus?
1599 5477 1837 5547 sequitur
1863 5476 2120 5532 continuo

529 5573 668 5627 idem
699 5569 956 5633 Joannes,
985 5567 1314 5623 confundens
1345 5584 1437 5623 eos
1463 5579 1518 5624 et
1541 5567 1744 5634 dicens,
1772 5570 1890 5634 quia
1917 5568 2117 5623 dilectio
2169 5627 2172 5630 ,

531 5682 595 5720 ρει
629 5664 734 5717 Deo
759 5675 834 5717 est
861 5662 901 5731 (l
921 5661 1081 5716 Joan.
1111 5677 1183 5725 tv,
1201 5663 1276 5732 7).
1295 5659 1411 5715 Non
1437 5661 1620 5729 itaque
1639 5675 1702 5713 ex
1726 5660 1904 5718 nobis.
1928 5659 2018 5711 sed
2042 5673 2104 5712 ex

538 5758 646 5818 Deo
666 5767 766 5810 est.
787 5757 896 5810 (Zur
913 5771 1042 5825 ergo
1059 5754 1267 5810 dictum
1287 5765 1387 5819 est,
1413 5752 1704 5822 lliligainus
1730 5753 1966 5813 inricem,
1991 5753 2113 5820 quia

2701 153 2726 172 ν

3711 323 3816 378 9υῦ

2229 427 2430 479 dilectio
2456 443 2516 481 ex
2543 425 2648 480 Deo
2673 439 2777 489 est;
2806 429 2905 482 nisi
2930 430 3052 498 quia
3083 441 3347 500 percepto
3372 432 3701 490 admonitum
3729 449 3815 492 est

2227 517 2452 573 liberum
2473 519 2770 586 arbitrium,
2795 531 2850 574 ut
2871 531 3132 590 maereret
3155 523 3244 576 Dei
3265 523 3500 580 donum?
3521 526 3672 595 Quod
3695 530 3812 598 qni-

2225 608 2346 664 dem
2376 609 2494 665 sine
2523 626 2620 665 suo
2653 611 2822 667 fructu
2862 627 3078 681 prorsus
3109 615 3502 681 admoneretur,
3533 619 3630 674 nisi
3665 621 3808 689 prius

2224 701 2486 770 acciperet
2506 703 2703 772 aliquid
2721 704 3041 765 dilectionis.
3061 714 3118 760 ut
3136 707 3257 761 addi
3279 709 3378 763 sibi
3397 721 3656 779 qnzererct
3673 711 3810 766 unde

2224 797 2363 866 quod
2384 796 2668 864 jubebatur
2687 797 2950 866 impleret.
2973 798 3104 854 Cum
3127 799 3340 867 dicitur,
3367 800 3652 873 Diligamus
3677 803 3810 857 invi-

2224 901 2352 949 cem,
2380 887 2462 941 lex
2483 897 2565 942 est
2589 907 2600 941 :
2625 903 2746 943 cum
2767 890 2980 952 dicitur,
3003 892 3121 960 quia
3140 891 3340 946 dilectio
3360 909 3424 948 ea:
3448 891 3556 947 Deo
3573 905 3665 958 est,
3687 911 3812 964 gra-

2225 979 2294 1031 tia
2319 989 2418 1032 est.
2450 979 2714 1050 Sapientia
2740 983 2934 1051 quippe
2963 982 3054 1037 Dei
3084 981 3242 1056 legem
3267 993 3311 1037 et
3341 985 3730 1040 misericordiam
3759 988 3812 1040 in

2226 1068 2400 1140 lingua
2427 1081 2592 1141 portat
2613 1070 2789 1140 (Prov.
2825 1089 2902 1138 ιιι,
2931 1074 3016 1139 l6,
3039 1091 3139 1128 sec.
3164 1074 3350 1146 LXX).
3379 1075 3526 1132 Unde
3550 1079 3808 1148 scriptum

2223 1173 2306 1216 est
2333 1163 2385 1217 in
2415 1162 2628 1216 Psahno
2659 1182 2672 1218 :
2702 1162 2905 1218 Etenim
2937 1164 3325 1221 benedictionem
3360 1167 3496 1222 dabit
3533 1170 3617 1239 qui
3650 1169 3811 1240 legem

2224 1251 2360 1306 dedit
2391 1251 2562 1324 (Psal.
2595 1270 2811 1320 Lxxxut,
2847 1256 2926 1326 8).

2295 1343 2382 1398 58.
2403 1322 2580 1401 Nemo
2599 1361 2727 1417 ergo
2747 1362 2843 1402 vos
2870 1322 3034 1413 fallat,
3060 1349 3246 1404 fratres
3271 1351 3372 1405 mei
3397 1368 3412 1406 :
3439 1351 3557 1420 quia
3583 1367 3680 1406 nos
3701 1369 3809 1420 agi
3856 1322 3872 1420 ᾖ

2295 1370 2382 1398 00.
2409 1370 2580 1401 L‘UIIIU
2599 1370 2727 1417 ergo
2748 1370 2843 1402 V05
2871 1370 3034 1413 Ιιιιιιιι,
3060 1370 3246 1404 [miros
3271 1370 3372 1405 11101
3397 1370 3412 1406 Ξ
3439 1370 3557 1420 quia
3583 1370 3680 1406 nos
3701 1370 3771 1406 ΠΟ
3859 1370 3872 1398 ι

2223 1370 3809 1529 dligcremusDem,£i_sinoWﬁ

2223 1521 2456 1584 Joannes
2481 1515 3246 1606 apertissitac‘liodogteudit,
3278 1546 3330 1590 ct
3359 1535 3514 1602 dicit,
3548 1515 3658 1591 Nos
3687 1539 3811 1592 dili-

2223 1636 2401 1691 gamus
2423 1621 2462 1685 ',
2481 1623 2599 1690 quia
2619 1621 2726 1690 ipse
2745 1625 2882 1694 prior
2902 1623 3078 1678 dilexit
3099 1641 3188 1678 nos
3210 1625 3252 1697 (1
3271 1625 3426 1681 Joan.
3449 1643 3517 1693 Iv,
3546 1626 3652 1700 19).
3677 1629 3814 1700 (ἷξες

2225 1713 2295 1766 tia
2325 1728 2424 1768 nos
2457 1713 2578 1768 facit
2606 1715 2737 1784 legis
2766 1716 3187 1795 dilect_or_e_s_,lex
3218 1734 3343 1772 vero
3373 1720 3486 1789 ipsa
3507 1692 3622 1774 sine

2227 1809 2436 1868 nonnisi
2482 1794 2915 1877 prievai~'icatiires
2949 1811 3092 1866 facit.
3135 1812 3199 1866 Et
3233 1813 3374 1884 quod
3402 1814 3672 1886 discipulis
3700 1817 3811 1871 suis

2224 1894 2348 1950 dicit
2383 1897 2668 1963 Dominus,
2701 1898 2821 1954 Non
2849 1915 2933 1954 vos
2959 1918 3038 1954 me
3063 1901 3308 1973 elegistis,
3337 1904 3424 1958 sed
3455 1921 3544 1976 ego
3572 1907 3698 1976 elegi
3726 1923 3813 1961 vos

2219 1986 2404 2060 (Joan.
2435 2005 2525 2056 xv,
2558 1991 2682 2062 I6);
2709 1991 2838 2046 nihil
2864 1993 3008 2047 aliud
3037 1993 3235 2048 indicat
3265 1997 3438 2050 nobis.
3461 1997 3517 2052 Si
3543 1998 3684 2053 enim
3713 2016 3814 2054 nus

2195 2137 2206 2152 κ
2224 2079 2374 2153 prius
2393 2079 2698 2149 dileximus,
2719 2092 2776 2138 ut
2793 2083 2894 2138 hoc
2912 2085 3102 2138 merito
3126 2101 3222 2140 nos
3243 2087 3354 2156 ipse
3373 2087 3641 2159 diligeret;
3663 2091 3814 2180 prius
3835 2075 3878 2229 ί

2225 2170 2378 2226 illum
2415 2187 2515 2228 nos
2552 2173 2844 2229 elegimus.
2876 2184 2933 2229 ut
2967 2177 3033 2229 ab
3063 2177 3151 2229 illo
3179 2178 3672 2229 cliaimerercmnr.
3707 2181 3810 2229 Sed
3839 2223 3842 2225 λ

2225 2170 2378 2244 illum
2415 2187 2515 2228 nos
2552 2173 2844 2244 elegimus,
2876 2184 2933 2230 ιιι
2967 2177 3033 2230 ab
3063 2177 3151 2230 illo
3179 2170 3813 2254 ᾳιζεὶωιριρριιιιδῗέἓιί

2983 2256 3021 2262 ..-
3038 2245 3233 2264 -η-..νικ

2226 2263 2340 2333 ipse
2366 2265 2454 2334 qui
2483 2259 3229 2333 veritamralittd'iliETtTct
3255 2269 3374 2324 huic
3397 2271 3612 2327 vanitati
3637 2275 3812 2327 lmini-
3853 2264 3860 2284 ⁵

2225 2372 2354 2412 num
2391 2360 2728 2429 apertissime
2762 2362 3077 2416 contradicit
3114 2380 3128 2415 :
3172 2361 3339 2438 Νιρᾷ
3328 2380 3412 2418 vos
3451 2381 3528 2418 me
3563 2367 3811 2438 elegistis,

3233 2423 3354 2446 Χ

2227 2449 2416 2521 inquit.
2441 2449 2496 2504 Si
2518 2465 2646 2521 ergo
2667 2466 2772 2506 non
2793 2452 3048 2522 elegistis,
3074 2435 3496 2512 sine/diib‘ioTt‘ec
3517 2435 3808 2513 diis-sistis:

2185 2569 2192 2576 -
2226 2540 2496 2612 quomodo
2521 2542 2664 2596 enim
2689 2558 2814 2598 eum
2851 2543 3108 2614 eligerent
3128 2587 3142 2608 ,
3175 2561 3328 2614 quem
3361 2563 3466 2600 non
3495 2547 3816 2618 diligerent?

2229 2633 2338 2696 Sed
2352 2634 2691 2705 ego,-inquit,
2718 2651 2804 2689 eos
2831 2637 2975 2706 elegi.
3007 2635 3267 2704 Numquid
3294 2653 3397 2692 non
3426 2647 3481 2694 et
3506 2639 3601 2708 ipsi
3632 2651 3812 2710 postea

2227 2729 2504 2798 elegerunt
2533 2744 2679 2795 eum,
2709 2737 2762 2783 et
2788 2711 3034 2783 omnibus
3064 2731 3216 2784 bonis
3243 2729 3396 2799 hujus
3419 2732 3593 2786 surculi
3621 2743 3812 2800 prmiti-

2230 2821 2440 2875 lernnt?
2462 2820 2566 2903 Sed
2590 2821 2891 2906 qiiileleeti
2919 2830 3060 2887 sunt,
3088 2821 3362 2883 elegerunt
3385 2825 3675 2907 :uon_iiuia
3699 2825 3813 2879 ele-
3851 2851 3856 2860 -

2229 2921 2459 2982 gerunt,
2476 2895 2644 2969 'elect-i
2656 2895 3215 2982 _~ﬂsuitE_—ﬁg‘e1ttitini_
3241 2895 3545 2969 hominum-
3565 2919 3808 2971 meritum
3833 2910 3841 2950 ⁵

2225 3005 2430 3084 imilium
2464 3013 2624 3072 esset,
2647 3001 2752 3058 nisi
2781 3019 2874 3058 eos
2898 3003 3136 3076 eligentis
3161 2998 3448 3078 gratia—Dei
3478 3011 3806 3076 provenit-tu.
3835 3033 3849 3050 κ

2849 2889 3028 2902 ’.οη-..-

2213 3093 2382 3152 ’Undc
2407 3083 2763 3166 etapostolus
2792 3097 2984 3151 Paulus
3024 3097 3342 3153 benedicens
3371 3095 3809 3156 Thessalonicen-

2227 3203 2312 3244 ses
2337 3191 2356 3220 ²
2393 3207 2405 3243 :
2454 3188 2580 3252 Vos,
2613 3188 2810 3258 inquit,
2848 3187 3092 3244 Dominus
3122 3189 3445 3261 multiplicet,
3479 3201 3525 3246 et
3559 3193 3814 3248 abundare

2228 3278 2383 3350 faciat
2413 3279 2464 3332 in
2493 3277 2744 3332 cliaritate
2768 3279 2820 3332 in
2848 3279 3058 3333 inuicem
3086 3289 3131 3333 et
3160 3281 3212 3334 in
3237 3296 3406 3335 omnes
3429 3283 3445 3352 (
3468 3281 3483 3334 Ι
3509 3280 3684 3336 Thess.
3717 3298 3810 3350 ιιι,

2230 3370 2356 3441 12).
2392 3371 2537 3425 llanc
2567 3370 2992 3426 benedictionem
3017 3372 3160 3427 dedit
3184 3384 3238 3426 ut
3266 3387 3365 3427 nos
3388 3375 3607 3429 invicem
3628 3376 3810 3446 dilige-

2228 3478 2408 3516 remus
2429 3505 2442 3525 ,
2477 3463 2565 3532 qui
2598 3464 2766 3534 legem
2791 3462 3014 3518 dederat
3041 3474 3097 3519 ut
3126 3467 3348 3521 invicem
3378 3467 3676 3537 diligamus.
3707 3469 3812 3525 De-

2229 3557 2388 3626 niquc
2414 3557 2518 3610 alio
2543 3557 2662 3612 loco
2689 3558 2753 3610 ad
2780 3557 3019 3626 eosdem,
3043 3559 3165 3628 quia
3190 3560 3305 3614 sine
3330 3560 3492 3616 dubio
3519 3561 3569 3615 in
3596 3561 3816 3632 quihus-

2227 3649 2349 3704 dam
2391 3665 2579 3704 eorum
2616 3655 2724 3720 jam
2757 3661 2872 3706 erat
2893 3693 2906 3718 ,
2938 3653 3080 3722 quod
3121 3655 3198 3708 eis
3230 3663 3286 3709 ut
3319 3664 3460 3710 esset
3492 3665 3762 3726 optaverat
3795 3677 3810 3712 :

2230 3741 2434 3794 Gratias
2451 3783 2465 3806 ,
2501 3741 2698 3812 inquit,
2726 3759 2874 3814 agere
2901 3743 3132 3798 debemus
3162 3744 3266 3798 Deo
3294 3762 3490 3816 semper
3522 3764 3613 3817 pro
3640 3751 3816 3816 tabis,

2228 3834 2445 3905 fratres,
2487 3833 2616 3886 sicut
2657 3834 2863 3904 dignum
2907 3844 3011 3896 est,
3053 3838 3290 3908 quoniam
3329 3839 3655 3906 super-crescit
3688 3841 3816 3908 fides

2227 3935 2410 3990 vestra,
2443 3934 2489 3977 et
2515 3923 2737 3976 abundat
2765 3925 2988 3980 charitas
3015 3927 3404 3998 uniuscujusth
3430 3939 3641 3982 vestrum
3665 3930 3716 3983 in
3735 3931 3818 3982 in~

2227 4019 2382 4072 uicem
2403 4017 2468 4090 (II
2495 4015 2673 4072 Thess.
2700 4033 2737 4084 I,
2761 4021 2835 4088 5).
2864 4018 2972 4073 lIoc
2994 4019 3145 4084 dixit,
3175 4035 3242 4074 ne
3269 4020 3402 4075 forte
3422 4021 3489 4075 de
3510 4031 3653 4076 tanto
3675 4023 3817 4077 Ιιοτιο

2228 4111 2369 4182 quod
2396 4127 2462 4167 ex
2490 4110 2600 4166 Deo
2625 4111 2908 4175 habebant,
2933 4120 3179 4182 tanquam
3209 4127 3272 4168 ex
3301 4126 3358 4166 se
3384 4113 3510 4182 ipsis
3537 4113 3587 4168 id
3617 4114 3819 4166 habet;-

2230 4213 2312 4259 tcs
2335 4204 2736 4260 extollerentur.
2759 4202 2910 4272 Quod
2932 4219 3060 4274 ergo
3085 4206 3436 4276 supercrescit
3463 4205 3593 4260 lides
3616 4217 3812 4271 vestra,

2230 4297 2420 4366 inquit,
2453 4305 2510 4351 et
2536 4294 2770 4349 abundat
2798 4294 3032 4349 Charitas
3061 4297 3472 4366 uitioscujusqne
3498 4307 3727 4350 vestrum
3759 4297 3814 4351 in

2230 4390 2494 4454 invicem,
2526 4388 2724 4457 gratias
2751 4387 3192 4456 agerc~debcmus
3226 4388 3332 4441 Deo
3360 4387 3426 4442 de
3449 4388 3601 4442 vobis
3620 4388 3673 4453 ³;
3707 4405 3814 4442 non

2231 4484 2299 4536 ita
2332 4498 2427 4536 vos
2457 4481 2696 4545 laudare,
2730 4489 2976 4549 tanquam
3009 4480 3108 4533 hoc
3138 4479 3378 4534 habeatis
3405 4495 3470 4534 cx
3499 4481 3667 4535 vobis.

2258 4631 2270 4637 -
2300 4574 2387 4630 59.
2426 4575 2491 4627 Iit
2527 4571 2592 4626 ad
2631 4571 2966 4624 Timotheum
2997 4569 3126 4623 dicit
3157 4588 3169 4622 :
3203 4569 3320 4624 Non
3349 4571 3477 4624 enim
3507 4570 3644 4624 dedit
3673 4572 3817 4624 nobis

2231 4666 2368 4720 Deus
2397 4666 2628 4733 spiritum
2656 4665 2869 4730 tintoris,
2899 4663 2986 4716 sed
3012 4663 3207 4716 virtutis
3233 4675 3278 4718 et
3301 4664 3557 4718 eharitatis
3585 4675 3631 4718 et
3655 4666 3816 4718 canti-

2229 4759 2414 4810 uentia:
2437 4755 2498 4826 (ll
2529 4754 2663 4808 Tim.
2695 4770 2733 4820 ι,
2766 4755 2843 4824 7).
2876 4753 2932 4806 In
2961 4770 3064 4824 quo
3091 4768 3222 4809 sane
3248 4756 3483 4824 Apostoli
3514 4756 3814 4810 testimonio

2226 4863 2420 4912 cavere
2441 4847 2716 4910 debemus,
2735 4856 2820 4926 ut:
2829 4859 2927 4898 nos
2947 4844 3268 4898 arbitremur
3286 4859 3390 4899 non
3412 4847 3680 4916 accepisse
3701 4848 3813 4916 spi-

2228 4935 2386 4993 ritum
2415 4935 2622 4990 timoris
2663 4923 2752 4988 Dei
2771 4923 2962 5002 ,Τιῦὃιῐ
2992 4935 3106 4988 sine
3139 4933 3303 4989 dubio
3323 4923 3580 5015 mag—idum
3607 4947 3687 4990 est
3721 4937 3808 4991 Dei

3424 5008 3599 5026 Ἢ

2227 5031 2448 5107 donum,
2472 5030 2538 5084 de
2563 5044 2668 5100 quo
2694 5029 2819 5082 dicit
2844 5031 3102 5100 propheta
3131 5030 3291 5084 Isaias
3314 5008 3810 5098 εἿέεῆἦῖιῗέἓὲἷειιιιρν

2227 5215 2556 5283 fortitudinis,
2585 5215 2794 5282 spiritus
2819 5213 3040 5266 scientia:
3065 5222 3112 5266 et
3141 5214 3358 5282 pietatis,
3387 5214 3591 5284 spiritus
3621 5213 3811 5266 timoris

2225 5305 2432 5358 Domini
2467 5303 2625 5378 (Isai.
2661 5321 2738 5369 si,
2765 5305 2820 5368 2,
2851 5305 2927 5374 5).
2960 5304 3070 5358 Non
3098 5319 3204 5374 quo
3231 5305 3419 5360 timore
3447 5305 3632 5360 Petrus
3656 5305 3808 5358 Chri-

2225 5410 2366 5451 ειιιιιι
2395 5399 2638 5466 negavit,
2668 5397 2760 5449 sed
2799 5397 2938 5450 illius
2969 5397 3176 5450 timoris
3205 5397 3445 5464 spiritum
3475 5398 3806 5468 acet-pimus,

2226 5489 2292 5542 de
2323 5505 2428 5558 quo
2457 5488 2584 5541 dicit
2615 5489 2727 5556 ipse
2743 5487 2989 5543 Christus
3021 5505 3035 5542 :
3065 5486 3196 5540 Eum
3219 5489 3404 5554 tiinete,
3431 5489 3515 5558 qui
3542 5487 3684 5540 habet
3711 5503 3807 5555 po-

2291 5643 2306 5673 ί
2345 5647 2392 5690 ιιι
2417 5642 2752 5704 manuscriptis
2771 5642 3018 5706 _V'aticanis
3050 5650 3100 5690 et
3130 5639 3402 5700 Callia-anis,
3427 5649 3516 5692 Nos
3541 5641 3801 5706 α’ἰῐὶςχξιιιιιδ.

2289 5708 2308 5736 ³
2342 5713 2520 5751 names
2542 5703 2672 5758 mss.
2697 5703 3007 5752 (‘olossenses

2290 5767 2309 5798 ³
2342 5774 2469 5825 ima,
2495 5779 2584 5826 pro
2608 5764 2710 5817 rei
2737 5801 2750 5813 .
2769 5767 2849 5816 alii
2876 5766 2992 5815 editi
3017 5773 3067 5816 et
3090 5771 3215 5817 ιιεε..
3238 5765 3298 5815 de
3323 5765 3466 5816 vobis.
