4098 6572
337 416 436 475 σοι

334 549 549 594 testath
576 546 618 589 et
647 535 867 587 animum
896 541 942 586 et
972 545 1154 597 corpus
1182 528 1386 597 perdere
1418 527 1469 580 in
1498 524 1775 597 gehennam
1801 539 1819 577 :
1848 522 1916 573 ita

333 633 441 683 dico
466 628 621 693 vobis,
650 627 782 680 hunc
809 626 989 679 timete.
1015 622 1126 679 [loc
1149 631 1325 677 autem
1349 618 1501 681 dixit,
1525 633 1593 673 ne
1617 616 1707 672 illo
1730 616 1919 670 timore

334 735 646 792 negaremus
672 734 816 782 cum,
844 731 952 786 quo
978 715 1219 771 turbatus
1244 720 1326 767 est
1353 711 1561 767 Petrus.
1594 707 1747 765 llunc
1773 706 1916 761 enim

333 814 527 870 auferri
557 811 721 868 voluit
749 825 778 863 a
805 810 985 887 nobis,
1010 822 1131 863 cum
1163 806 1311 877 prius
1338 803 1513 859 dixit:
1545 798 1721 857 Nolite
1748 799 1921 853 timere

333 925 411 959 eos
429 905 516 973 qui
534 920 718 973 corpus
738 900 995 963 occidunt,
1013 907 1060 953 et
1082 906 1252 966 postea
1272 910 1373 949 non
1394 893 1575 949 habent
1592 889 1714 959 quid
1730 888 1922 959 faciant

334 999 489 1067 (Luc.
528 1012 621 1061 xu,
652 996 707 1062 5,
739 995 827 1064 4).
860 992 1026 1063 Hujus
1055 989 1261 1045 timoris
1294 1003 1400 1042 non
1430 983 1732 1053 accepimus
1759 979 1916 1051 spiri-

335 1103 470 1151 tum.
501 1089 597 1145 sed
625 1089 836 1142 virtutis
859 1096 911 1142 et
939 1082 1214 1138 cbaritatis
1240 1090 1296 1136 et
1321 1077 1681 1134 continentiae.
1714 1073 1791 1129 De
1813 1085 1920 1142 quo

334 1185 515 1239 snit-itu
545 1183 685 1237 idem
725 1182 838 1251 ipse
877 1177 943 1233 ad
982 1178 1250 1233 Rotnanos
1283 1172 1359 1228 ait
1387 1191 1401 1226 :
1429 1170 1722 1227 Gloriamur
1751 1166 1803 1219 in
1831 1165 1923 1217 tri-

333 1277 665 1334 bulationibus
686 1290 703 1338 ;
725 1274 933 1329 scientes
956 1269 1192 1340 quoniam
1214 1265 1471 1321 tribulatio
1490 1259 1784 1334 patientia»:
1804 1272 1925 1325 ορε⁴

333 1379 490 1431 ratur,
519 1364 758 1435 patientia
786 1361 1147 1429 probationem,
1178 1356 1406 1429 probatio
1434 1368 1595 1424 spem,
1616 1365 1729 1419 spes
1753 1356 1923 1401 autem

332 1478 430 1515 non
459 1456 721 1525 confundit
752 1470 771 1509 :
795 1455 913 1525 quia
938 1451 1158 1507 charitas
1185 1448 1280 1503 Dei
1307 1444 1496 1514 diﬂ'usa
1520 1453 1593 1499 est
1617 1441 1670 1496 in
1689 1438 1923 1495 cordibus

333 1550 514 1604 nostris
534 1564 624 1620 per
649 1545 901 1615 Spiritum
921 1550 1170 1607 sanctum,
1194 1537 1280 1611 qui
1305 1537 1456 1592 datus
1482 1542 1555 1590 est
1584 1532 1726 1587 nobis
1746 1529 1921 1603 (Rom.

335 1657 385 1698 ν.
409 1640 545 1707 5-5).
573 1637 687 1694 Non
710 1638 885 1705 itaque
909 1649 1003 1705 per
1027 1648 1145 1696 uos,
1169 1631 1261 1687 sed
1290 1645 1384 1701 per
1404 1626 1659 1698 Spiritum
1681 1631 1924 1679 sanctum

332 1733 422 1803 qui
448 1733 604 1786 datus
628 1740 709 1786 est
738 1729 912 1791 nobis,
967 1727 1077 1797 ipsa
1106 1725 1367 1780 cbaritate
1393 1722 1486 1785 tit,
1518 1734 1676 1791 quam
1705 1716 1799 1771 Dei
1831 1715 1926 1769 do~

335 1840 459 1880 num
499 1839 620 1878 esse
659 1820 994 1881 manifestat,
1030 1826 1087 1872 ut
1121 1816 1389 1871 tribulatio
1423 1826 1527 1869 non
1563 1809 1796 1872 auferat,
1829 1806 1922 1862 sed

334 1918 509 1986 potius
535 1924 786 1984 operetur
816 1911 1139 1981 patientiam.
1171 1907 1249 1963 Ad
1282 1905 1539 1975 Ephesios
1567 1903 1725 1956 etiam
1746 1942 1760 1961 ,
1790 1914 1918 1968 pax.

334 2008 523 2074 ittquit,
553 2006 792 2078 fratribus
821 2013 867 2057 et
893 2001 1115 2057 charitas
1139 2016 1254 2053 cum
1278 1998 1397 2068 ﬁde.
1425 1994 1607 2063 Magna
1630 1994 1765 2047 bona
1794 2009 1805 2043 :
1831 1988 1924 2043 sed

332 2099 469 2155 dicat
501 2098 677 2153 unde?
703 2115 733 2150 a
761 2095 884 2153 Deo.
916 2094 1103 2164 inquit.
1137 2090 1290 2146 Putre
1314 2099 1360 2144 et
1390 2087 1602 2142 Domino
1624 2083 1752 2139 Iesu
1775 2082 1926 2141 Chri-

331 2203 408 2248 sto
436 2190 650 2260 (Epiros.
683 2205 756 2252 vt,
787 2188 901 2259 95).
934 2187 1072 2257 Ergo
1100 2183 1214 2239 luec
1241 2195 1429 2252 magna
1469 2179 1637 2241 bona,
1668 2190 1774 2228 uno
1804 2180 1928 2228 sunt

333 2283 435 2337 nisi
468 2282 557 2336 Dei
584 2280 743 2334 dona.

399 2371 628 2429 CAPUT
654 2369 773 2425 XIX
822 2400 892 2410 —
918 2368 1003 2423 :50.
1036 2365 1138 2421 Sed
1173 2380 1274 2419 non
1302 2372 1385 2419 est
1411 2361 1624 2424 mirum,
1653 2358 1694 2412 si
1726 2357 1809 2412 lux
1840 2357 1926 2412 iu-

331 2473 416 2519 ret
446 2466 496 2517 in
528 2463 795 2519 tenebris.
829 2469 883 2513 et
912 2458 1146 2514 tenebrae
1180 2471 1298 2511 eam
1335 2469 1439 2509 non
1466 2447 1929 2520 comprehendunt

332 2556 511 2629 (Joan.
549 2571 586 2613 ι.
617 2555 692 2623 5).
720 2552 775 2605 lu
802 2552 1007 2606 Joanne
1036 2550 1120 2604 lux
1147 2547 1297 2611 dicit,
1327 2545 1451 2599 Ecce
1477 2542 1677 2612 qualem
1700 2539 1930 2594 dilectio-

330 2664 447 2701 nem
489 2646 625 2699 dedit
665 2643 806 2697 nobis
847 2641 1021 2701 Pater,
1054 2650 1108 2693 ut
1149 2637 1245 2707 ﬁlii
1281 2636 1376 2691 Dei
1418 2650 1650 2690 vocemur
1685 2641 1733 2688 et
1771 2632 1931 2689 simus

332 2738 385 2810 (I
416 2736 571 2791 Jouu.
610 2751 684 2795 ut.
720 2735 794 2803 l).
826 2734 889 2787 lit
920 2732 971 2786 in
1001 2728 1297 2801 Pelagianis
1325 2728 1559 2784 tenebrae
1587 2725 1805 2788 dicunt,
1836 2722 1931 2778 Di-

330 2830 494 2885 lectio
522 2827 674 2881 nobis
699 2841 768 2881 ex
798 2824 950 2879 nobis
971 2833 1073 2878 est.
1096 2822 1264 2888 Quam
1290 2821 1335 2874 si
1362 2833 1565 2883 veram,
1594 2816 1646 2871 id
1671 2824 1775 2881 est,
1797 2815 1936 2871 οΙιιὶρ

327 2925 564 2980 stianam
594 2921 933 2976 dilectionem
961 2917 1250 2980 baberent,
1282 2913 1484 2969 scirent
1509 2920 1565 2967 et
1594 2909 1734 2966 unde
1764 2907 1930 2964 babe-

328 3028 451 3070 rent
475 3031 491 3078 ;
521 3013 659 3067 sicut
687 3010 889 3065 sciebat
916 3007 1222 3078 Apostolus,
1250 3004 1339 3075 qui
1366 3002 1593 3065 dicebat,
1626 2998 1739 3055 Nos
1767 3009 1933 3054 autem

325 3125 436 3164 non
462 3107 700 3176 spiritum
729 3103 882 3173 hujus
915 3100 1089 3154 mundi
1112 3098 1396 3168 accepimus
1414 3135 1429 3162 ,
1462 3093 1551 3150 sed
1585 3093 1820 3166 spiritum
1846 3093 1934 3164 qui

323 3217 394 3256 ea:
434 3198 543 3252 Deo
577 3210 680 3259 est,
721 3204 773 3248 ut
812 3194 1028 3248 sciamus
1065 3206 1179 3262 qua:
1209 3207 1241 3242 a
1274 3186 1384 3243 Deo
1418 3187 1608 3241 donata
1637 3193 1754 3241 sunt
1791 3183 1933 3239 nobis

324 3291 370 3361 (l
397 3293 522 3344 Cor.
554 3305 612 3353 tt,
648 3290 751 3355 t2).
783 3285 1016 3341 Joannes
1040 3283 1191 3345 dicit,
1221 3279 1357 3335 Deus
1379 3278 1582 3333 dilectio
1602 3287 1674 3331 est
1701 3274 1742 3348 (l
1772 3273 1930 3331 Joan.

324 3398 406 3445 tv,
444 3381 555 3449 16).
590 3379 654 3432 Et
685 3374 953 3446 Pelagiani
982 3374 1143 3429 etiam
1174 3373 1346 3441 ipsum
1380 3370 1543 3424 Deum
1573 3383 1677 3423 non
1699 3381 1766 3424 ex
1799 3366 1929 3432 Deo,

318 3473 427 3530 sed
461 3489 526 3525 t-x
556 3468 859 3535 semetipsis
887 3466 1081 3523 habere
1102 3479 1163 3520 se
1181 3463 1404 3517 dicunt:
1430 3471 1483 3517 et
1510 3476 1629 3516 cum
1656 3458 1930 3513 scientiam

319 3568 471 3635 legis
492 3580 555 3634 ex
582 3563 689 3616 Deo
712 3560 866 3613 nobis
887 3574 1007 3613 esse
1033 3556 1317 3621 fateantur,
1347 3554 1659 3611 cbaritatem
1686 3567 1749 3607 ex
1780 3550 1934 3606 nobis

316 3658 470 3728 ipsis
497 3655 702 3708 volunt.
729 3650 837 3706 Nec
861 3649 1084 3703 audiunt
1108 3646 1420 3715 Apostolum
1442 3645 1726 3704 dicentem.
1755 3641 1929 3697 Scien-

313 3751 394 3802 tia
423 3745 603 3814 inﬂat,
632 3742 854 3797 charitos
882 3750 1047 3794 autem
1072 3738 1291 3805 aediﬁcat
1317 3736 1368 3808 (l
1395 3733 1515 3791 Car.
1544 3750 1654 3795 vut.
1689 3731 1764 3807 l).
1795 3730 1932 3800 Quid

311 3853 409 3895 est
457 3838 691 3906 ineptius
711 3873 727 3900 ,
759 3834 866 3889 itno
892 3847 1018 3887 vero
1042 3830 1166 3903 quid
1195 3840 1283 3886 cst
1317 3830 1582 3883 atuetttius
1601 3868 1615 3891 ,
1645 3836 1698 3883 et
1725 3828 1794 3882 ab
1822 3828 1931 3895 ipsa

306 3932 623 3989 sanctitate
658 3928 932 3983 cbaritatis
965 3926 1226 3992 alienius,
1257 3938 1416 3994 quant
1445 3920 1689 3979 coulitcri
1719 3935 1784 3975 ex
1824 3919 1934 3973 Deo

304 4042 452 4084 esse
488 4024 789 4086 siit-utinm,
820 4037 938 4091 quae
968 4020 1084 4074 sine
1113 4018 1372 4073 cltaritate
1406 4015 1576 4080 iullat,
1604 4024 1657 4069 et
1686 4030 1751 4069 ex
1780 4012 1934 4069 nobis

306 4137 447 4177 esse
477 4115 818 4176 cltaritatem.
841 4130 959 4183 qua:
987 4111 1110 4167 facit
1134 4121 1189 4165 ut
1215 4110 1434 4165 scientia
1463 4108 1647 4163 inﬂare
1675 4124 1778 4161 nun
1803 4121 1931 4177 pos-

300 4213 431 4269 sit?
472 4212 611 4265 Item
641 4224 760 4262 cmn
788 4205 931 4261 dicat
961 4202 1273 4273 Apostolus,
1302 4200 1749 4271 supereminentem
1774 4200 1936 4253 scien-

299 4309 402 4362 tia:
434 4302 747 4359 clmritutem
778 4299 966 4354 Christi
993 4303 1008 4362 (
1031 4296 1220 4365 Ephes.
1252 4312 1329 4360 ιιι,
1364 4295 1499 4364 19);
1529 4294 1657 4366 quid
1684 4303 1767 4350 est
1796 4295 1937 4349 iusa-

299 4397 447 4452 nius
470 4435 490 4458 ,
528 4407 688 4456 quam
721 4403 907 4461 putare
934 4404 998 4444 ex
1041 4388 1149 4442 Deo
1182 4402 1302 4443 esse
1328 4386 1636 4449 scientiam,
1664 4400 1785 4456 qua:
1811 4386 1937 4440 sub-

294 4487 511 4545 tlemla
548 4490 631 4538 est
657 4480 920 4543 rbaritati,
953 4488 1007 4534 et
1031 4495 1095 4533 ex
1129 4478 1431 4542 hominibus
1455 4477 1792 4543 rltaritatem,
1815 4492 1937 4548 quia

294 4576 710 4651 ευςιειὈιιιὶιιρι
746 4572 1023 4629 scicntizu?
1054 4571 1215 4626 Fides
1247 4580 1425 4625 autem
1456 4583 1582 4625 vera
1612 4578 1666 4624 et
1696 4554 1935 4624 doctrina

286 4688 445 4729 sana
485 4668 688 4722 ambas
713 4680 832 4721 esse
865 4665 990 4719 dicit
1020 4680 1083 4717 ex
1119 4664 1225 4717 Deo
1246 4703 1261 4729 ,
1292 4663 1417 4732 quia
1457 4662 1716 4731 scriptum
1750 4671 1862 4727 est,
1895 4662 1938 4717 Α

285 4766 447 4837 facie
483 4762 612 4834 ejus
639 4760 848 4815 scientia
876 4768 922 4812 et
951 4757 1231 4811 intellectus
1269 4756 1493 4829 procedit
1526 4754 1714 4826 (Prov.
1746 4772 1805 4819 ll,
1836 4773 1936 4811 sec.

280 4857 390 4915 LX
413 4856 496 4922 Χ)
534 4872 551 4907 :
587 4853 842 4921 scriptum
868 4858 951 4906 est
969 4891 984 4912 ,
1015 4847 1248 4905 Charitas
1272 4865 1336 4904 ea:
1366 4847 1473 4903 Deo
1498 4858 1570 4903 est
1595 4849 1644 4921 (I
1670 4848 1828 4902 Joan.
1862 4863 1936 4917 tv,

280 4953 377 5023 7).
424 4949 508 5004 Et
543 4945 779 5015 legimus
798 4986 813 5006 .
843 4942 1094 5012 Spiritum
1120 4943 1343 4998 scientiae
1368 4952 1416 4996 et
1444 4941 1641 5013 pietatis
1667 4942 1830 5015 (Isai.
1861 4959 1940 5001 ιι.

274 5046 346 5109 2)
386 5062 403 5098 :
445 5040 724 5110 legimus,
754 5037 1004 5106 Spiritum
1035 5036 1228 5090 virtutis
1251 5043 1298 5089 et
1323 5034 1584 5089 churitatis
1610 5044 1655 5088 et
1678 5035 1939 5089 centium-

275 5113 383 5190 εὔιε)
407 5133 495 5206 (-ll
539 5128 685 5185 Tim.
712 5144 750 5190 ι,
778 5128 855 5196 7).
882 5127 985 5184 Sed
1011 5126 1180 5197 majus
1202 5136 1286 5182 est
1307 5125 1504 5182 donum
1531 5126 1762 5182 Charitas
1782 5141 1939 5196 quam

1746 403 1944 462 LIBER
1985 400 2183 458 UNUS.

2025 524 2174 586 ptura
2216 514 2487 571 vobiscum
2526 513 2697 567 intulit
2741 513 2803 565 sit
2846 512 3257 568 exiuit-utimini»;
3299 520 3611 569 lt‘sltuumttu

2023 607 2263 665 veritatis
2290 626 2304 663 :
2334 623 2453 677 qum
2480 604 2750 676 Scriptura
2777 606 2954 660 divina
2987 606 3029 660 si
3058 607 3339 678 dilgentcr
3365 609 3607 677 inspiran-

2026 709 2141 766 tur,
2170 698 2401 756 ostendit
2442 712 2547 753 non
2591 696 2761 753 solum
2801 697 2969 752 bonas
3009 696 3282 752 hominum
3317 700 3616 754 volui-tates

2023 806 2158 864 quas
2182 792 2295 863 ipse
2320 790 2445 846 facit
2468 806 2536 848 cx
2566 790 2739 850 malis.
2771 800 2826 844 et
2849 804 2877 842 a
2909 805 2969 846 se
3000 789 3167 847 factas
3192 790 3359 846 benas
3390 792 3441 847 iu
3468 802 3618 845 acuis

2025 884 2197 942 bonos
2220 894 2279 941 et
2307 884 2358 940 in
2390 894 2647 940 aeternam
2673 883 2853 954 dirigit
2880 883 3064 948 vitam,
3096 898 3280 940 verum
3309 884 3468 938 etiam
3504 884 3619 939 iilas

2024 993 2146 1050 qua:
2168 987 2491 1035 conservant
2516 976 2595 1047 (a)
2624 976 2804 1033 smmi
2832 990 3132 1034 creaturam
3152 1018 3169 1045 ,
3196 976 3269 1033 ita
3296 991 3420 1033 esse
3447 976 3498 1032 iu
3529 976 3619 1031 Dei

2028 1080 2310 1141 potestate,
2339 1080 2399 1128 ιιι
2420 1086 2651 1142 easque
2678 1072 2924 1136 voluerit,
2948 1070 3162 1140 quando
3185 1070 3432 1133 volucnit,
3466 1069 3621 1123 faciat

2026 1165 2293 1231 inclinari,
2325 1164 2407 1218 vel
2439 1162 2504 1217 ad
2546 1163 2800 1220 beneﬁcia
2830 1162 3152 1234 quibusdam
3184 1160 3509 1232 prmsmuda.
3538 1177 3619 1212 vo.

2026 1255 2092 1311 ad
2121 1270 2308 1326 poenas
2336 1255 2650 1326 quibusdam
2694 1254 3041 1326 ingerendas,
3073 1255 3209 1310 sicut
3244 1253 3359 1324 ipse
3385 1253 3618 1325 judicat,

2028 1350 2388 1405 occultissimo
2411 1348 2624 1420 quidem
2651 1348 2872 1416 judicio,
2894 1347 2988 1404 sed
3012 1347 3132 1405 sine
3153 1347 3259 1404 ulla
3288 1346 3621 1401 dubitatione

2025 1443 2340 1509 justissima.
2374 1441 2504 1497 Nam
2537 1441 2837 1497 invenimus
2864 1441 3039 1512 aliqua
3071 1450 3287 1517 peccata
3317 1439 3476 1493 etiam
3508 1453 3622 1508 pte-

2028 1548 2125 1587 nas
2161 1547 2281 1588 esse
2318 1533 2541 1586 aliorum
2584 1541 2921 1602 peccatorum
2952 1547 2967 1584 :
3000 1530 3140 1586 sicut
3172 1539 3297 1586 sunt
3330 1545 3455 1583 vasa
3496 1529 3623 1587 irtc.

2028 1641 2146 1696 qua:
2174 1624 2401 1695 perlecta
2426 1626 2552 1680 dicit
2573 1626 2862 1696 Apostolus
2885 1625 2936 1680 in
2961 1623 3327 1694 perditionem,
3343 1622 3519 1696 (Rom.
3546 1638 3623 1685 ιι,

2026 1716 2120 1789 2‘2)
2152 1736 2165 1772 :
2195 1720 2331 1773 sicut
2357 1728 2441 1773 est
2468 1717 2734 1773 induratio
2762 1718 3074 1782 Pharaonis,
3101 1716 3255 1789 cujus
3282 1728 3337 1772 et
3361 1731 3519 1773 causa
3547 1716 3625 1772 di—

2029 1813 2185 1876 citur,
2213 1812 2279 1868 ad
2306 1810 2688 1868 ostendendam
2716 1810 2768 1867 in
2796 1811 2888 1867 illo
2915 1812 3161 1865 virtutem
3191 1810 3283 1865 Dei
3306 1809 3499 1882 (Ea-od.
3518 1824 3622 1871 vn,

2031 1908 2083 1968 3.
2111 1916 2157 1960 et
2182 1922 2234 1968 χ.
2261 1907 2315 1973 l)
2342 1924 2354 1959 :
2379 1906 2517 1960 sicut
2535 1916 2614 1961 εει
2645 1903 2764 1975 fuga
2789 1903 3146 1959 lsraelitarmu
3171 1918 3202 1958 a
3230 1901 3364 1958 facie
3392 1901 3623 1957 hostium

2028 1999 2096 2055 de
2120 1999 2333 2054 civitate
2355 1996 2454 2054 Gai
2474 1996 2567 2060 ;'in
2596 1995 2777 2052 animo
2801 1996 2943 2052 enim
2972 1993 3145 2050 factus
3164 2001 3247 2051 est
3269 1994 3427 2048 timor
3454 2004 3507 2047 ut
3540 1991 3619 2047 fu-

2027 2100 2237 2161 gerent,
2260 2099 2313 2146 et
2340 2089 2443 2145 hoc
2470 2087 2666 2145 factum
2687 2088 2849 2143 est'ut
2876 2086 3239 2142 vindicaretur
3263 2095 3539 2155 pceeatmu
3565 2093 3620 2139 et

2030 2182 2219 2243 modo.
2246 2196 2352 2253 quo
2381 2178 2551 2236 fuerat
2580 2178 2955 2234 vindicandum
2987 2195 3000 2232 :
3033 2176 3175 2233 unde
3203 2176 3333 2232 dicit
3369 2176 3626 2232 Dominus

2031 2262 2095 2327 ad
2116 2273 2297 2329 Jesum
2318 2271 2485 2335 Nave,
2511 2269 2565 2325 Ν
2568 2288 2631 2325 ou
2662 2279 2893 2341 poterunt
2915 2270 3012 2339 lilii
3036 2268 3202 2324 Israel
3225 2269 3492 2325 subsistere
3509 2278 3628 2322 ante

2032 2367 2214 2435 faciem
2235 2365 2252 2398 ¹
2282 2365 2599 2419 inimicorum
2628 2380 2835 2419 suorum
2863 2362 3060 2435 (Iosue
3092 2378 3166 2419 vn
3188 2404 3202 2429 ,
3233 2364 3298 2428 ι,
3334 2361 3458 2434 ΙΞ).
3489 2363 3626 2429 Quid

2032 2471 2113 2516 est
2132 2501 2147 2523 ,
2181 2459 2299 2514 Non
2330 2466 2562 2529 poterunt
2596 2456 2900 2512 subsistere?
2926 2455 3105 2524 Quare
3132 2472 3239 2511 non
3270 2454 3627 2510 subsistebant

2032 2566 2130 2625 per
2159 2550 2385 2606 liberum
2416 2548 2693 2604 arbitrium
2717 2587 2732 2613 ,
2761 2546 2855 2603 Sed
2891 2562 2983 2616 per
3015 2548 3257 2604 timorem
3292 2546 3499 2603 turbata
3531 2562 3627 2599 vo-

2034 2645 2239 2700 ltmtate
2261 2643 2565 2716 fugiebant;
2596 2643 2696 2698 nisi
2720 2643 2841 2714 quia
2871 2642 3007 2700 Deus
3033 2643 3340 2699 dominatur
3362 2652 3419 2700 et
3442 2644 3631 2698 volun-

2036 2739 2230 2794 tatibus
2257 2738 2555 2806 bomiuum,
2583 2746 2639 2795 et
2663 2754 2800 2810 quos
2824 2738 2934 2794 vult
2964 2740 3014 2793 iu
3042 2737 3378 2795 formidinem
3405 2754 3633 2796 conver-

2037 2834 2101 2889 tit
2119 2832 2323 2888 iratus?
2347 2829 2615 2903 Numquid
2643 2846 2749 2887 non
2782 2830 2964 2887 hostes
2990 2828 3348 2886 Israelitarum
3375 2831 3632 2887 adversus

2033 2925 2288 2997 populum
2316 2924 2446 2987 Dei,
2476 2937 2636 2991 quem
2662 2922 2894 2978 ducebat
2917 2920 3073 2977 Jesus
3099 2921 3243 2978 Nave
3263 2962 3279 2988 ,
3310 2937 3403 2977 sua
3439 2923 3629 2979 volun.

2035 3025 2144 3072 tate
2166 3014 2495 3087 pugnarunt?
2516 3012 2583 3069 lit
2603 3023 2779 3069 tamen
2802 3013 2931 3069 dicit
2951 3013 3248 3085 Scriptura,
3270 3015 3391 3081 quia
3416 3031 3505 3084 per
3526 3014 3632 3070 Do—

2036 3108 2227 3164 minum
2252 3108 2441 3179 factum
2466 3115 2539 3162 est
2563 3106 2840 3178 confortari
2862 3121 2951 3160 cor
2977 3121 3171 3172 eorum,
3200 3116 3256 3161 ut
3281 3106 3474 3161 ebriam
3501 3106 3634 3162 irent

2035 3201 2104 3254 ad
2126 3198 2314 3254 bellum
2341 3196 2409 3252 ad
2437 3195 2630 3262 Israel,
2662 3205 2717 3251 ut
2746 3198 3200 3253 exterminarentur
3225 3195 3348 3269 (Id.
3379 3213 3431 3254 at
3452 3240 3465 3261 .
3495 3197 3628 3272 20).

2036 3288 2299 3360 Numquid
2329 3303 2434 3343 nou
2463 3303 2556 3344 sua
2585 3289 2859 3344 voluntate
2884 3287 3048 3345 homo
3073 3290 3347 3360 improbus
3368 3288 3507 3345 ﬁlius
3527 3290 3635 3348 Ge-

2036 3389 2165 3443 mini
2200 3388 2552 3444 maledicebat
2588 3388 2699 3460 regi
2735 3387 2895 3443 David
2919 3387 2944 3441 ?
2972 3386 3244 3444 Ettamen
3274 3388 3399 3459 quid
3426 3387 3503 3444 ait
3532 3387 3633 3443 Da-

2035 3481 2145 3548 vid,
2177 3481 2365 3551 plenus
2390 3496 2513 3536 vera
2542 3490 2597 3536 ct
2620 3482 2722 3537 alta
2751 3490 2806 3535 et
2832 3481 2915 3551 pia
2943 3481 3278 3551 sapientia'?
3303 3482 3428 3551 quid
3456 3482 3531 3537 ait
3556 3483 3630 3537 illi

2037 3573 2125 3643 qui
2152 3573 2558 3630 maledicentcm
2587 3581 2865 3642 percutere
2890 3572 3089 3626 voluit?
3113 3572 3248 3640 Quid
3268 3573 3411 3639 mihi,
3439 3573 3630 3644 inquit,

2037 3674 2082 3719 et
2107 3664 2265 3731 vobis,
2288 3663 2386 3734 lilii
2413 3663 2649 3719 Serviat?
2681 3662 2927 3717 Dimittite
2948 3679 3088 3729 eum,
3120 3674 3166 3718 et
3194 3660 3494 3731 maledicat;
3515 3667 3635 3737 quia

2036 3752 2287 3809 Dominus
2317 3754 2449 3809 dixit
2485 3754 2563 3808 illi
2602 3753 2900 3809 maledicere
2937 3752 3121 3808 David.
3166 3747 3230 3808 Et
3254 3755 3365 3827 quis
3394 3757 3523 3810 dicet
3550 3754 3599 3811 ei
3618 3799 3632 3818 .

2040 3845 2212 3914 Quare
2229 3847 2391 3920 fecisti
2411 3848 2483 3902 sic
2502 3846 2528 3901 1’
2550 3845 2749 3921 Deinde
2770 3846 3043 3918 Scriptura
3067 3847 3248 3902 divina
3277 3848 3485 3918 plenam
3509 3864 3637 3905 seu.

2039 3940 2258 3996 tentiam
2286 3939 2428 4011 regis
2455 3939 2604 3995 velut
2628 3940 2695 3995 ab
2723 3940 2830 3995 alio
2861 3940 3012 3994 initio
3040 3942 3336 4010 repetendo
3358 3957 3635 4001 commen—

2038 4030 2173 4087 dans
2199 4049 2214 4086 :
2245 4028 2314 4085 Et
2343 4030 2492 4098 una,
2520 4031 2712 4101 inquit,
2747 4030 2914 4086 David
2941 4032 3010 4086 ad
3037 4032 3222 4088 Abessa
3244 4032 3338 4093 ’,ει
3367 4036 3437 4090 ad
3461 4052 3637 4091 omnes

2039 4141 2219 4196 pueros
2236 4125 2345 4199 ejus
2364 4141 2384 4181 :
2404 4124 2534 4182 Ecce
2547 4127 2684 4198 ﬁlius
2704 4142 2844 4182 meus
2861 4127 2947 4199 qui
2963 4128 3084 4182 exiit
3098 4128 3164 4183 de
3182 4138 3326 4183 utero
3341 4145 3450 4184 meo
3463 4146 3483 4197 ;
3498 4146 3637 4200 quu'v

2038 4218 2105 4272 rit
2124 4218 2348 4273 animam
2371 4234 2554 4285 meum,
2578 4227 2626 4273 et
2645 4217 2815 4272 adhuc
2835 4217 2983 4273 modo
3004 4216 3145 4288 ﬁlius
3166 4217 3366 4275 Gemini
3385 4219 3447 4276 “l
3471 4221 3639 4278 Sinite

2037 4310 2206 4373 illum,
2234 4310 2523 4373 maledicat,
2554 4310 2795 4380 quoniam
2823 4308 2953 4364 dixit
2979 4309 3056 4364 illi
3089 4307 3353 4375 Dominus,
3385 4321 3441 4366 ut
3468 4312 3635 4369 videat

2042 4401 2288 4457 Dominus
2308 4401 2640 4456 humilitatem
2663 4417 2841 4465 meam,
2868 4411 2915 4455 et
2937 4401 3178 4457 retribuat
3193 4402 3215 4435 '
3242 4403 3365 4458 mihi
3387 4403 3518 4459 bona
3541 4421 3637 4476 pro

2039 4493 2306 4548 maledicto
2328 4493 2437 4565 ejus
2461 4493 2513 4547 in
2540 4493 2624 4548 die
2644 4493 2742 4549 isto
2763 4490 2825 4564 (ll
2858 4493 2986 4565 Reg.
3016 4508 3129 4559 tm,
3151 4492 3333 4567 5.12).
3356 4495 3638 4563 Quomodo

2040 4584 2236 4641 dixerit
2265 4586 2520 4641 Dominus
2548 4586 2670 4641 buic
2701 4586 2898 4641 homini
2931 4587 3253 4644 maledicere
3284 4588 3482 4657 David,
3513 4592 3633 4661 quia
3670 4578 3677 4586 ’

2042 4680 2255 4749 sapiens
2274 4688 2327 4734 et
2348 4678 2641 4749 intelliget?
2660 4677 2774 4735 Non
2795 4680 2937 4735 enim
2959 4678 3198 4750 jubendo
3218 4679 3368 4745 dixit,
3395 4682 3484 4736 ubi
3505 4680 3632 4738 obe-

2042 4770 2241 4827 dientia
2264 4770 2604 4836 laudaretur;
2632 4770 2726 4826 sed
2751 4769 2894 4841 quod
2921 4770 3040 4840 ejus
3066 4770 3390 4827 voluntatem
3418 4774 3638 4844 proprio

2042 4860 2173 4916 vitio
2196 4875 2294 4917 suo
2323 4860 2515 4915 malam
2546 4860 2598 4916 in
2626 4860 2729 4916 hoc
2766 4870 3040 4932 peccatum
3065 4860 3270 4931 judicio
3293 4878 3392 4918 suo
3413 4864 3559 4934 justo
3585 4876 3640 4921 et

2043 4951 2255 5009 occulto
2283 4951 2586 5016 inclinavit,
2620 4950 2742 5008 ideo
2765 4952 2963 5008 dictum
2989 4963 3069 5008 est
3088 4994 3106 5021 ,
3135 4953 3265 5009 dixit
3291 4955 3336 5010 ei
3366 4954 3634 5012 Dominus.
3728 4970 3732 4985 '

2044 5043 2177 5101 Nam
2208 5045 2252 5101 si
2280 5044 2487 5116 iubenti
2517 5045 2938 5116 obtemperasset
2965 5046 3103 5112 Deo,
3140 5047 3435 5105 laudandus
3466 5052 3642 5120 potius

2046 5155 2205 5213 quam
2242 5137 2747 5209 punienduS'essct,
2776 5137 2914 5193 sicut
2950 5152 3015 5195 ex
3053 5138 3155 5195 hoc
3190 5149 3417 5210 peceato
3455 5154 3637 5212 postea

270 5224 560 5284 scicntia
599 5238 613 5274 :
639 5235 760 5274 nam
783 5219 1001 5274 scientia
1024 5217 1238 5288 quando
1263 5227 1344 5273 est
1368 5218 1424 5272 in
1451 5216 1686 5282 homine,
1709 5216 1943 5272 cbaritas
2032 5240 2039 5250 ’

268 5329 378 5375 est
415 5310 787 5376 necessaria,
816 5325 885 5365 ne
914 5308 1161 5375 inﬂetur;
1192 5309 1415 5364 charitas
1442 5319 1621 5364 autem
1652 5323 1757 5365 nou
1783 5323 1941 5364 temu-

266 5414 471 5473 latur,
513 5420 639 5460 non
665 5401 769 5474 agit
795 5418 1089 5473 perperam.
1117 5418 1219 5456 non
1248 5401 1460 5471 inﬂatur
1487 5399 1541 5472 (l
1563 5399 1684 5457 Cor.
1719 5418 1807 5457 xm
1825 5444 1839 5462 ,
1863 5401 1940 5473 4).

358 5492 651 5557 CAPUT
687 5491 809 5549 XX.
836 5522 909 5534 —
939 5492 1028 5549 41.
1064 5492 1207 5549 Satis
1246 5507 1334 5548 me
1374 5492 1674 5563 disputasse
1714 5492 1945 5548 arbitror

258 5607 602 5663 adversus
637 5607 731 5648 eos
752 5592 840 5663 qui
867 5590 1094 5662 gratiam
1123 5587 1219 5643 Dei
1245 5588 1591 5644 vehementer
1612 5595 1942 5659 oppugnant.

262 5714 395 5771 qua
428 5692 729 5748 voluntas
754 5684 986 5740 humana
1016 5697 1123 5737 non
1152 5680 1374 5771 tollitur,
1401 5680 1493 5735 sed
1520 5694 1586 5736 ex
1612 5681 1749 5737 mala
1775 5690 1947 5736 muta-

255 5769 372 5848 εἰη»
416 5786 491 5848 in
542 5780 796 5839 bonam,
831 5782 885 5828 ct
917 5787 1038 5829 cum
1075 5772 1209 5826 bona
1246 5769 1406 5826 luerit
1444 5769 1758 5840 adiuvatur;
1786 5780 1838 5826 et
1869 5771 1948 5828 sic

256 5885 659 5955 disputasse
712 5877 768 5923 ιιι
790 5882 897 5922 non
925 5866 1092 5935 magis
1120 5880 1238 5935 ego,
1271 5879 1430 5935 quam
1456 5863 1631 5921 divina
1662 5865 1776 5936 ipsa
1798 5863 1872 5922 Sc
1902 5866 1942 5913 ἱ-

603 5975 891 6030 Ρλτιιοι..
927 5960 1146 6025 XLIV.
1888 5992 1916 6030 λ

2112 5306 2319 5388 *_l-:ditl,
2361 5325 2392 5363 a
2413 5311 2556 5376 facie.
2600 5312 2908 5364 tiorbeiensis
2929 5319 3036 5366 Mss.
3063 5323 3114 5364 et
3135 5314 3232 5366 duo
3270 5317 3497 5377 Vaticani,
3533 5325 3643 5370 ante

2045 5377 2473 5509 Ῑαῗερηέιςιξοὶθῃειῑς
2488 5445 2589 5509 ys...
2614 5442 2663 5509 et
2677 5435 2776 5509 alta
2798 5434 3031 5509 sapient-ia
3049 5451 3067 5499 ς
3088 5439 3284 5509 omisso.
3315 5447 3362 5492 et
3386 5440 3483 5505 pi't.

2115 5501 2138 5533 ³
2168 5500 2307 5559 Editi,
2326 5499 2391 5549 ad
2418 5497 2591 5551 Atriam".
2614 5505 2668 5548 tu
2688 5506 2818 5558 uss,
2836 5497 2900 5550 ad
2927 5543 2933 5547 .
2963 5497 3098 5550 trem
3119 5510 3206 5552 :nt
3230 5504 3277 5552 in
3303 5497 3429 5552 ut.

2113 5561 2136 5595 ⁸
2165 5564 2239 5613 sic
2282 5561 2592 5627 manuscrip'i
2631 5560 2880 5627 Galliemi,
2928 5564 3138 5627 Vaticani
3189 5572 3239 5612 et
3263 5564 3478 5627 ⁸ιιιιξιίςὶει
3501 5564 3639 5625 juxta

2051 5636 2263 5735 fumum
2286 5629 2391 5671 LXX
2413 5657 2427 5678 ,
2453 5620 2538 5694 lati
2556 5620 2855 5702 prpst‘tinttn
2874 5635 2904 5674 ο
3050 5625 3131 5676 tati
3158 5623 3323 5677 remitti
3365 5620 3484 5674 ἐιιὶιὶ
3501 5620 3641 5674 ἰρι-ου

2072 5692 2188 5735 iant.
2211 5691 2552 5735 mtantomms
2570 5684 2649 5735 Inc
2674 5684 2803 5735 ﬁlms
2820 5694 3021 5735 aenum.

2072 5684 2188 5753 iant,
2211 5684 2649 5753 mmrupmagis'hic
2671 5684 2803 5749 [alitis
2820 5684 3021 5738 Gemini.

2114 5748 2136 5782 ⁸
2171 5744 2298 5807 uss,
2316 5744 2567 5796 retribuet.

2111 5809 2188 5871 (tt)
2223 5806 2367 5857 not-el
2413 5807 2679 5871 legt'tultttn
2717 5815 2886 5859 censet
2907 5847 2921 5869 ,
2956 5817 3211 5860 exornant.
3237 5810 3352 5860 Vide
3402 5806 3636 5862 ειυιιιθιιι

2058 5868 2232 5931 critic.
2269 5881 2412 5936 pagg.
2436 5868 2518 5932 'tl,
2546 5868 2625 5919 92.
2816 5879 2869 5919 at.

2842 5959 2877 6024 /
2888 5955 3316 6034 Viam-mnf.)

3509 404 3718 482 sos.
