4122 6498
542 473 641 526 liti?

540 599 786 640 amamus
821 597 942 636 esse
981 581 1242 654 punitum.
1281 579 1388 634 Nec
1423 593 1580 632 causa
1619 577 1777 632 tacita
1813 586 1924 640 est,
1959 590 2054 630 cur
2083 576 2133 630 ei

542 678 796 732 Dominus
820 676 921 729 isto
949 673 1108 728 modo
1130 671 1322 727 dixerit
1351 670 1673 726 maledicere
1695 668 1881 734 David,
1908 669 2010 722 hoc
2029 677 2129 732 est,

537 786 630 826 cor
651 769 766 840 ejus
789 769 986 823 malum
1012 768 1060 822 in
1088 767 1188 822 hoc
1209 773 1484 836 peccatqu
1509 762 1712 816 miserit
1733 762 1812 814 vel
1835 761 2132 814 dimiserit:

537 873 590 914 ut
619 862 802 922 uideat,
835 859 1024 930 inquit,
1059 857 1304 912 Dominus
1333 854 1667 909 humilitatem
1697 868 1879 917 meam,
1911 863 1956 906 et
1985 853 2134 906 retri-

536 957 656 1006 bunt
679 953 800 1006 mihi
827 953 958 1006 bona
983 969 1074 1020 pro
1097 949 1364 1004 maledicto
1390 948 1496 1019 ejus
1525 947 1576 999 in
1601 946 1682 999 die
1705 945 1817 998 isto.
1845 945 1981 999 Ecce
2005 960 2133 1015 quo-

538 1044 697 1098 mmlo
724 1043 996 1114 probatur.
1027 1041 1193 1095 Deum
1219 1041 1294 1094 uti
1321 1037 1571 1092 cordibus
1597 1037 1756 1091 etiam
1783 1036 2042 1090 malorum
2067 1034 2134 1090 ad

537 1137 746 1192 laudem
771 1147 928 1206 atque
949 1134 1316 1204 adjumeutum
1341 1131 1619 1186 honorum.
1641 1129 1728 1184 Sic
1751 1145 1877 1182 usus
1899 1138 1982 1182 est
1999 1128 2131 1182 Juda

535 1229 778 1284 tradente
799 1229 1094 1293 Christum,
1119 1227 1196 1280 sic
1219 1241 1346 1280 usus
1373 1235 1452 1279 est
1477 1223 1678 1278 Iuda-is
1701 1222 2134 1292 cruciﬁgentibus

533 1319 827 1376 Christum.
859 1319 926 1375 Et
955 1329 1152 1390 quanta
1181 1317 1304 1372 inde
1333 1317 1468 1370 bona
1499 1315 1744 1384 prmstitit
1773 1314 1982 1384 populis
2011 1328 2133 1367 cre-

531 1412 720 1465 ditoris
737 1413 750 1465 ι
769 1411 866 1479 Qtti
889 1421 940 1465 et
961 1411 1076 1480 ipso
1093 1407 1306 1462 diabolo
1327 1408 1490 1462 utitur
1513 1407 1769 1475 pessimo,
1790 1405 1883 1459 sed
1907 1406 2129 1474 optime,

533 1503 598 1557 ad
630 1501 986 1559 exercendam
1025 1511 1078 1558 et
1115 1501 1439 1572 probandam
1472 1500 1628 1554 tidem
1661 1509 1714 1554 ct
1749 1499 1996 1567 pietatem
2035 1498 2134 1554 bo-

534 1611 722 1650 norum
741 1638 753 1659 ,
788 1611 892 1650 non
921 1595 1054 1660 sibi,
1083 1595 1170 1664 qui
1202 1595 1379 1647 omnia
1409 1593 1510 1646 scit
1533 1602 1818 1661 antequam
1853 1593 2009 1656 liant,
2037 1590 2132 1646 Sed

535 1685 709 1752 nobis,
741 1687 936 1755 quibus
961 1693 1076 1739 crat
1107 1683 1490 1746 necessarium,
1519 1693 1576 1738 ut
1605 1699 1670 1738 eo
1699 1682 1860 1738 modo
1885 1695 2134 1752 ageretur

535 1778 829 1831 nobiseum.
855 1775 1118 1846 Numquid
1145 1791 1247 1830 non
1271 1789 1364 1830 soa
1389 1775 1662 1830 voluntate
1681 1775 1976 1829 Abessnlon
1997 1776 2010 1806 ⁸
2029 1775 2133 1830 ele-

529 1865 604 1936 git
635 1868 915 1922 Consilium
948 1867 1088 1936 qttod
1119 1867 1220 1920 sibi
1251 1865 1478 1920 obcral?
1511 1865 1575 1920 Et
1613 1875 1790 1919 tamen
1823 1865 1943 1920 ideo
1973 1866 2128 1932 fecit,

529 1960 648 2030 quia
675 1959 988 2014 exandierat
1014 1959 1268 2013 Domitius
1291 1958 1406 2028 ejus
1434 1967 1638 2028 patrem
1660 1965 1924 2022 orantem,
1951 1965 2008 2010 ut
2029 1957 2132 2012 hoc

531 2049 698 2104 ﬁeret.
733 2051 960 2119 I’mptcr
987 2051 1130 2120 quod
1155 2051 1430 2119 Scriptura
1457 2050 1533 2103 ait
1565 2065 1578 2102 :
1615 2047 1682 2102 Et
1715 2047 1960 2102 Dominus
1989 2065 2134 2103 man-

530 2141 664 2196 (lavit
695 2144 942 2212 dissipare
967 2144 1234 2198 consilium
1261 2141 1563 2212 Achiwphel
1599 2143 1782 2196 bonum
1801 2184 1816 2207 ,
1845 2153 1898 2195 ut
1923 2142 2134 2196 inducat

533 2231 776 2289 Dominus
799 2251 950 2306 super
961 2235 1233 2290 Abessalon
1255 2237 1424 2288 omnia
1454 2235 1590 2288 mala
1611 2234 1674 2303 (ll
1695 2233 1821 2305 Reg.
1841 2250 1948 2290 xvu
1969 2278 1984 2302 ,
2018 2234 2128 2306 14).

532 2327 732 2380 Donum
756 2327 1036 2381 Consilium
1065 2327 1214 2390 dixit,
1241 2326 1381 2396 qttod
1409 2325 1474 2380 ad
1501 2335 1711 2395 tempus
1739 2325 1986 2394 proderat
2006 2342 2132 2381 cau-

529 2433 625 2482 sae,
645 2419 766 2488 quia
791 2433 886 2488 pro
911 2419 1026 2486 ipso
1043 2428 1158 2472 erat
1175 2425 1360 2472 contra
1381 2427 1585 2488 patrem
1608 2417 1742 2487 ejus,
1763 2427 1948 2473 contra
1970 2433 2130 2487 quem

528 2513 900 2574 rchcllavcrat,
933 2521 988 2564 ut
1019 2523 1196 2580 posset
1223 2527 1344 2564 cttnt
1377 2511 1701 2580 opprimere,
1735 2509 1836 2564 nisi
1875 2509 2130 2566 Dominus

529 2605 812 2660 consilium
831 2604 1147 2673 dissipasset
1164 2603 1302 2673 quod
1321 2602 1542 2658 dederat
1561 2601 1903 2672 Achitophel,
1923 2602 2130 2672 agendo

531 2696 582 2751 lu
613 2698 774 2751 eorde
803 2697 1125 2757 Abessalon,
1163 2706 1218 2750 ut
1255 2696 1358 2750 tale
1391 2695 1676 2750 consilium
1713 2693 2046 2764 repudiaret,
2074 2703 2130 2750 et

529 2781 672 2835 aliud
700 2781 838 2848 quod
867 2782 914 2834 ci
947 2797 1050 2834 non
1079 2781 1395 2849 expediebat
1423 2780 1663 2850 eligeret.

599 2871 825 2928 CAPUT
865 2870 1004 2928 XXI.
1048 2901 1116 2912 —
1154 2871 1244 2926 4-3.
1285 2870 1414 2938 Quis
1439 2887 1544 2926 non
1577 2871 1673 2926 ista
1709 2870 1908 2940 judicia
1937 2871 2122 2926 divina

527 2964 927 3026 contremismt,
951 2963 1145 3032 quibus
1173 2963 1282 3032 agit
1305 2962 1444 3016 Deus
1471 2961 1524 3016 in
1551 2961 1804 3016 cordibus
1823 2962 1983 3018 etiam
2006 2977 2126 3017 ma-

533 3057 700 3110 lorum
748 3054 1024 3108 hominum
1071 3053 1324 3123 quidquid
1371 3053 1503 3120 vult,
1549 3051 1783 3108 reddens
1821 3053 1900 3106 eis
1945 3062 2124 3108 tamen

529 3147 822 3201 secundum
868 3147 1056 3202 merita
1094 3145 1318 3200 eorum?
1357 3143 1596 3200 Iloboam
1639 3142 1786 3199 illius
1824 3143 2126 3200 Salomonis

527 3239 733 3308 respuit
771 3239 1056 3293 consilium
1103 3237 1322 3292 salubre
1365 3236 1662 3301 seniorum,
1689 3235 1831 3305 quod
1873 3235 1922 3290 ei
1957 3235 2124 3292 dede-

528 3339 668 3398 rant,
711 3345 778 3386 ne
805 3345 927 3385 eum
967 3330 1162 3400 populo
1205 3329 1340 3384 dure
1379 3337 1584 3400 ageret,
1614 3338 1670 3384 et
1709 3329 1887 3384 verbis
1911 3345 2124 3386 cetevo-

535 3437 652 3478 rum
679 3439 897 3478 suorum
933 3423 1110 3493 potius
1139 3422 1426 3491 acquievit,
1447 3421 1822 3492 respondendo
1847 3421 2126 3478 minaciter

519 3516 722 3588 quibus
753 3517 946 3570 leniter
971 3514 1174 3569 debuit.
1205 3513 1356 3570 Unde
1389 3513 1510 3579 hoc,
1539 3514 1638 3568 ιιιςί
1681 3513 1894 3584 propria
1931 3514 2122 3568 volun-

521 3607 676 3662 tate?
732 3607 837 3663 Sed
891 3606 1018 3662 hinc
1064 3608 1132 3660 ab
1191 3621 1258 3660 eo
1311 3613 1650 3660 recesserunt
1711 3605 1897 3660 decem
1951 3605 2124 3662 tribus

529 3699 710 3765 lsrael,
731 3709 785 3754 et
813 3699 978 3754 alium
1021 3713 1202 3767 regem
1245 3697 1345 3752 sibi
1389 3698 1785 3752 constituerunt
1811 3696 2119 3766 .leroboam,

531 3805 588 3846 ttt
621 3793 742 3846 irati
773 3792 866 3846 Dei
897 3793 1142 3846 voluntas
1174 3791 1344 3855 lieret,
1371 3789 1514 3858 quod
1535 3789 1693 3844 etiam
1727 3788 1959 3844 futurum
2002 3804 2122 3844 esse

529 3881 1032 3951 pra:dixerat.Quid
1053 3881 1199 3936 etaim
1229 3880 1504 3948 Scriptura
1531 3879 1698 3933 dicit?
1741 3877 1811 3933 Et
1839 3896 1940 3934 non
1965 3879 2120 3933 audi-

529 3975 598 4028 vit
628 3989 718 4028 rea:
747 3971 963 4042 plebem,
991 3971 1232 4044 quonth
1273 3979 1380 4024 erat
1423 3971 1680 4024 conversio
1725 3987 1758 4024 a
1799 3969 2036 4036 Domino,
2067 3980 2122 4026 ut

523 4073 766 4119 statueret
795 4065 996 4118 verbum
1029 4079 1176 4118 suum
1201 4061 1337 4132 quod
1367 4063 1564 4116 locutus
1589 4072 1660 4116 est
1685 4061 1738 4116 in
1769 4079 1922 4116 manu
1947 4062 2124 4118 thite

529 4159 773 4214 Seloaittz
821 4157 886 4212 de
931 4155 1208 4212 Jeroboam
1253 4155 1360 4225 [ilio
1415 4152 1624 4209 Nubat/1
1687 4154 1786 4226 (Ill
1839 4155 1967 4227 Reg.
2019 4171 2116 4223 xu,

529 4252 702 4324 3-20).
754 4251 958 4323 Nempe
1005 4251 1084 4307 sic
1125 4249 1326 4306 factum
1355 4257 1438 4304 est
1465 4248 1595 4304 illud
1635 4265 1732 4321 per
1759 4249 1990 4306 hominis
2017 4265 2116 4306 vo-

531 4348 803 4410 luntatem,
829 4344 1406 4401 ut-tameuconversio
1435 4355 1578 4400 esset
1597 4359 1628 4398 a
1659 4345 1902 4416 Domino.
1931 4345 2118 4416 Legite

525 4441 692 4494 libros
725 4439 1190 4510 Paralipomenon,
1219 4447 1272 4492 et
1299 4437 1584 4492 invenietis
1619 4437 1670 4492 in
1699 4438 1936 4492 secundo
1981 4439 2117 4494 libro

527 4535 780 4602 scriptum
807 4550 820 4586 :
855 4533 918 4586 Et
938 4533 1193 4587 suscitavit
1223 4531 1472 4586 Dominus
1501 4548 1652 4602 super
1677 4530 1858 4584 Joram
1881 4533 2116 4603 spiritum

533 4626 808 4680 l’hilistiim
838 4633 882 4678 et
909 4625 1132 4678 Arabum
1158 4623 1246 4695 qui
1272 4622 1476 4692 finitimi
1505 4633 1646 4676 erant
1689 4621 2040 4693 Ethiopibus,
2069 4632 2117 4676 et

525 4717 858 4773 ascenderunt
905 4717 956 4771 in
1002 4727 1188 4770 terram
1234 4714 1398 4781 Juda,
1429 4725 1475 4768 et
1505 4715 1876 4784 dissipaverunt
1906 4731 2034 4780 eam,
2067 4725 2116 4770 et

525 4821 762 4880 ceperunt
795 4826 1004 4870 onmem
1035 4809 1388 4870 substantiam.
1419 4823 1532 4879 quea
1577 4809 1635 4862 in
1677 4809 1828 4862 domo
1873 4810 2006 4879 regis
2031 4810 2114 4862 in-

527 4911 672 4954 ecula
711 4911 783 4955 est
813 4899 888 4972 (ll
919 4899 1172 4964 Panxx't,
1205 4899 1290 4964 l6,
1325 4899 1435 4968 17).
1473 4898 1571 4954 llic
1595 4897 1914 4963 ostenditur,
1949 4899 2112 4952 Deum

528 4995 788 5047 suscitare
812 4993 996 5047 hostes
1037 4993 1115 5046 eis
1155 5000 1313 5046 terris
1343 4989 1632 5056 vastandis,
1665 5004 1796 5057 quas
1827 4989 1917 5043 tali
1959 5003 2114 5057 poma

521 5084 722 5154 judicat
749 5083 958 5152 dignas.
989 5081 1254 5152 Numquid
1287 5093 1461 5136 tamen
1501 5081 1784 5136 Philistiim
1823 5089 1878 5134 ct
1913 5081 2116 5135 Arabes

527 5195 578 5229 ιιι
623 5187 817 5229 terram
857 5175 1096 5228 Judaeum
1137 5173 1500 5242 dissipandam
1551 5173 1666 5226 sine
1708 5187 1802 5226 sua
1844 5171 2114 5226 voluntate

531 5278 811 5332 venerunt,
839 5277 931 5321 aut
959 5269 1034 5321 sic
1059 5277 1320 5321 venerunt
1357 5281 1452 5322 sua
1479 5266 1772 5332 voluntate,
1805 5274 1862 5319 ut
1887 5264 2112 5319 menda-

526 5361 662 5416 citer
705 5361 962 5430 scriptum
1005 5359 1238 5428 sitquod
1282 5359 1540 5413 Dominus
1577 5357 1644 5412 ad
1673 5357 1776 5411 hoc
1815 5355 2112 5412 faciendum

523 5469 712 5506 eorum
765 5451 1012 5521 spiritum
1063 5450 1376 5504 suscitavit?
1426 5450 1536 5504 Imo
1591 5459 1874 5518 utrumque
1927 5463 2112 5503 verum

523 5554 624 5610 est,
653 5542 778 5615 quia
805 5551 860 5597 ct
900 5555 994 5594 sua
1028 5541 1296 5594 voluntate
1334 5549 1614 5604 venerunt,
1647 5548 1702 5593 ct
1745 5548 1920 5594 tamen
1951 5537 2111 5607 spiri-

523 5647 638 5690 tum
667 5649 852 5690 eorum
907 5633 1160 5688 Dominus
1201 5631 1498 5684 suscitavit.
1531 5629 1871 5697 Quodctiam
1903 5628 1982 5683 sic
2007 5627 2110 5684 dici

590 5794 780 5866 t'rttliti,
821 5793 1024 5858 elisalon.
1051 5810 1103 5854 Et
1138 5803 1288 5863 iu‘ra,
1327 5818 1375 5852 n.
1403 5803 1480 5861 .52,
1531 5803 1638 5853 'hiar
1663 5795 1886 5866 silonittr'.
1929 5811 1982 5853 Al
2015 5817 2115 5866 ma-

523 5872 756 5937 nuscripti
799 5883 907 5917 cum
945 5875 1050 5916 LXX
1087 5874 1369 5916 constanter
1397 5871 1580 5926 terunt,
1643 5865 1910 5926 ibesstrlon,
1959 5865 2118 5916 acilia?

527 5941 758 5980 scicntia.
1075 5959 1079 5962 -
1153 5945 1158 5952 ‘

1369 466 1451 521 DE
1491 463 1744 520 GllA'I'IA
1787 463 1873 520 ΕΤ
1910 463 2161 520 LIBERO
2203 463 2545 532 ARBITRIO,
2587 469 2642 524 S.
2687 469 3054 528 AUGUSTINI

3733 481 3838 537 906

2248 589 2426 646 potest
2453 621 2468 642 ,
2508 589 2562 634 et
2582 595 2768 636 eorum
2797 584 3041 655 spiritum
3065 585 3322 642 Dominus
3352 591 3653 654 suscitavit.
3677 603 3730 646 et
3761 606 3838 648 ta-

2246 685 2368 723 men
2409 686 2502 724 sua
2534 673 2806 730 voluntate
2835 688 3115 732 venerunt.
3161 678 3287 749 Agit
3315 681 3456 734 enim
3486 679 3838 751 Omnipotens

2245 761 2297 814 in
2317 763 2568 818 cordibus
2597 764 2870 821 hominum
2893 769 3054 822 etiam
3081 781 3282 824 motum
3313 773 3598 828 voluntatis
3625 789 3834 843 eorum,

2245 865 2302 908 ut
2330 868 2428 923 per
2455 871 2550 910 eos
2575 868 2694 926 agat
2727 859 2866 928 quod
2901 876 2995 929 per
3015 877 3108 915 eos
3147 877 3306 932 agere
3335 863 3446 933 ipse
3479 867 3724 934 voluerit,
3745 869 3838 938 qui

2243 946 2466 1002 omnino
2495 948 2690 1018 injuste
2714 951 2914 1020 aliquid
2941 953 3078 1006 velle
3107 969 3210 1008 non
3241 957 3404 1009 novit.
3425 956 3560 1023 Quid
3591 967 3666 1010 est
3693 959 3834 1027 quod

2245 1038 2406 1092 homo
2441 1040 2530 1095 Dei
2562 1040 2692 1094 dixit
2719 1042 2786 1096 ad
2813 1045 3142 1098 Amessiam‘
3175 1061 3376 1115 regem.
3423 1046 3544 1101 Non
3571 1049 3736 1102 veniat
3763 1061 3836 1104 tc-

2243 1145 2356 1181 cum
2374 1131 2621 1184 exercitus
2641 1130 2829 1199 Israel,
2849 1150 2950 1187 non
2971 1145 3045 1190 est
3063 1137 3192 1188 enim
3212 1136 3460 1192 Dominus
3476 1155 3588 1191 cum
3611 1138 3774 1194 Israel
3791 1143 3832 1206 ',

2241 1219 2472 1275 munibus
2500 1222 2624 1290 [iliis
2653 1221 2924 1294 Ephrem:
2957 1227 3196 1296 quoniam
3240 1228 3286 1280 si
3319 1231 3572 1297 putaveris
3615 1230 3837 1285 obtinere

2241 1311 2292 1364 in
2323 1311 2444 1374 illis.
2473 1315 2524 1366 in
2555 1319 2730 1386 fugam
2759 1329 3010 1370 convertet
3042 1329 3089 1372 te
3119 1318 3256 1372 Deus
3283 1331 3401 1374 ante
3427 1321 3678 1388 inimicos,
3705 1339 3832 1393 quo-

2241 1404 2377 1456 niam
2405 1407 2561 1459 uirtus
2601 1418 2672 1460 est
2707 1407 2812 1462 Dea
2858 1409 2933 1462 rel
2959 1412 3205 1480 adjuvare
3241 1411 3320 1464 vel
3359 1413 3410 1464 in
3439 1411 3614 1480 fugam
3643 1427 3832 1468 vertere

2245 1495 2314 1566 (Il
2345 1495 2473 1549 Par.
2505 1513 2632 1556 xxv,
2667 1500 2719 1562 7,
2749 1497 2846 1571 8)?
2883 1501 3163 1565 Quomodo
3199 1503 3368 1556 virtus
3399 1503 3485 1556 Dei
3515 1503 3647 1558 alios
3676 1503 3830 1574 adju-

2241 1597 2328 1642 vat
2355 1589 2406 1642 in
2435 1589 2572 1644 bello
2597 1590 2774 1645 dando
2803 1593 2883 1646 eis
2914 1592 3187 1654 ﬁduciam,
3213 1595 3346 1648 alios
3372 1595 3610 1649 immisso
3640 1597 3832 1650 timore

2237 1679 2398 1734 vertit
2423 1681 2472 1734 in
2503 1682 2700 1751 fugam,
2730 1683 2828 1738 nisi
2861 1685 2984 1752 quia
3031 1684 3119 1739 ille
3158 1686 3248 1754 qui
3279 1687 3328 1738 in
3361 1687 3500 1740 caelo
3523 1697 3572 1742 et
3609 1687 3658 1740 in
3689 1696 3829 1742 terra

2237 1772 2416 1824 omnia
2438 1787 2792 1842 qmecumque
2808 1775 2972 1828 voluit
2991 1774 3111 1830 fecit
3139 1776 3302 1846 (l’sal.
3327 1790 3549 1840 cxxxtv,
3567 1775 3644 1846 6),
3667 1776 3828 1832 etiam

2238 1860 2289 1914 in
2313 1863 2567 1918 cordibus
2589 1862 2863 1918 hominum
2889 1866 3182 1933 Operatur?
3211 1866 3462 1934 Legimus
3486 1867 3610 1936 quid
3635 1867 3829 1922 dixerit

2235 1950 2363 2006 Joas
2385 1967 2476 2006 rex
2507 1952 2689 2018 Israel,
2711 1955 2928 2008 mittens
2957 1955 3200 2008 nuntium
3227 1955 3293 2010 ad
3325 1957 3620 2010 Amessiam
3647 1971 3826 2027 regem

2235 2043 2502 2098 volentem
2551 2061 2788 2116 pugnare
2813 2063 2934 2101 cum
2967 2049 3078 2102 illo.
3127 2048 3258 2102 Nam
3305 2059 3418 2118 post
3447 2049 3622 2120 aliqua
3659 2051 3824 2104 dixit:

2239 2134 2394 2190 Nunc
2431 2139 2550 2191 sede
2587 2139 2640 2192 in
2668 2138 2820 2192 domo
2865 2149 2971 2194 tua.
3005 2141 3141 2204 Quid
3186 2158 3426 2211 provocas
3455 2143 3505 2194 in
3539 2145 3748 2210 malum,
3777 2153 3828 2199 ct

2235 2229 2460 2288 cadis,tu
2487 2239 2531 2283 et
2557 2229 2700 2283 Juda
2726 2241 2888 2284 tecum
2931 2229 3030 2298 (IV
3061 2231 3190 2302 Reg.
3225 2248 3332 2296 xiv,
3363 2233 3416 2296 9,
3455 2233 3581 2304 10)?
3625 2235 3830 2292 Deinde

2236 2321 2508 2392 Scriptura
2545 2323 2864 2393 subjunxit:
2907 2323 2974 2378 Et
3005 2342 3106 2378 non
3148 2325 3338 2378 audivit
3369 2325 3657 2390 Amessias;
3697 2345 3826 2398 quo-

2237 2413 2374 2466 niam
2416 2431 2448 2466 a
2495 2414 2605 2468 Deo
2645 2425 2752 2469 erat
2781 2425 2837 2469 ut
2883 2417 3166 2470 traderetur
3209 2417 3261 2470 in
3305 2417 3540 2480 manus‘,
3587 2421 3826 2488 quoniam

2233 2507 2540 2575 quiesieruut
2583 2507 2702 2560 deos
2733 2506 2898 2560 Edam
2929 2507 3005 2578 (ll
3037 2506 3168 2562 Par.
3211 2524 3340 2574 xxv,
3368 2508 3482 2580 9.0).
3517 2509 3656 2564 Ecce
3689 2511 3826 2566 Deus

2235 2599 2552 2654 idololatria:
2599 2610 2876 2671 peccatum
2910 2601 3097 2656 volens
3117 2602 3418 2666 vindicare,
3453 2601 3552 2656 hoc
3577 2615 3826 2672 operatus

2234 2699 2316 2744 est
2354 2707 2408 2746 tn
2447 2693 2566 2760 ejus
2603 2693 2795 2756 corde,
2825 2693 2911 2746 cui
2957 2694 3139 2748 utioue
3179 2693 3324 2763 juste
3371 2694 3716 2760 irascebatur,
3770 2707 3824 2751 ut

2235 2781 2657 2838 admonitionem
2715 2783 2983 2838 salubrem
3035 2799 3142 2838 non
3188 2784 3418 2848 audiret,
3449 2787 3542 2840 sed
3593 2801 3654 2841 ea
3695 2801 3822 2842 con-

2235 2883 2434 2944 templa
2467 2877 2566 2930 iret
2592 2877 2643 2929 in
2671 2875 2894 2940 bellum,
2927 2877 3014 2930 ubi
3046 2891 3166 2932 cum
3197 2892 3296 2930 suo
3319 2879 3556 2931 exercitu
3585 2878 3818 2932 eaderet.

2233 2965 2337 3021 Per
2373 2965 2708 3021 Ezechielem
2752 2968 3064 3038 prephetam
3095 2967 3222 3022 dicit
3265 2968 3424 3034 Deus,
3465 2967 3532 3022 Et
3577 2970 3822 3040 propheta

2231 3060 2275 3111 si
2299 3059 2538 3112 erraverit
2567 3069 2614 3112 et
2653 3059 2848 3112 locutus
2876 3059 3049 3131 fuerit,
3081 3075 3174 3129 ego
3213 3058 3464 3113 Dominus
3491 3060 3670 3114 seduxi
3695 3077 3820 3130 pro-

2232 3150 2435 3220 phetam
2464 3150 2630 3216 illum,
2657 3159 2703 3203 et
2747 3151 3013 3204 extendam
3043 3167 3250 3204 manum
3297 3167 3459 3204 meam
3503 3167 3655 3218 super
3681 3167 3816 3215 eum,

2230 3253 2276 3297 et
2305 3243 2646 3296 exterminabo
2665 3259 2780 3296 eum
2806 3243 2869 3296 de
2891 3243 3057 3296 medio
3085 3242 3261 3312 papuli
3291 3243 3386 3296 mei
3413 3241 3576 3296 Israel
3601 3240 3818 3312 (Ezech.

2231 3347 2341 3400 xlv,
2374 3331 2453 3404 9).
2487 3331 2543 3387 In
2574 3333 2712 3388 libro
2745 3333 2944 3388 Esther
2971 3333 3227 3403 scriptum
3255 3341 3357 3396 est,
3389 3349 3506 3401 qua:
3535 3332 3724 3387 midier
3752 3349 3822 3392 ex

2231 3425 2431 3496 populo
2483 3424 2646 3480 Israel
2699 3425 2752 3480 in
2807 3434 2948 3480 terra
2989 3425 3309 3495 captivitatis
3357 3422 3494 3478 facta
3533 3433 3652 3479 erat
3687 3441 3821 3480 uxor

2227 3517 2541 3586 alienigenae
2569 3518 2708 3586 regis
2737 3517 2952 3572 Assueri
2979 3535 2992 3570 :
3019 3532 3149 3587 ergo
3176 3515 3228 3572 in
3255 3516 3372 3585 ejus
3401 3515 3536 3570 libro
3563 3518 3818 3586 scriptum

2227 3617 2332 3674 est,
2369 3608 2510 3678 quod
2559 3625 2680 3662 cum
2733 3607 2957 3663 haberet
3005 3607 3378 3662 necessitatem
3429 3607 3818 3662 intervenieudi

2229 3713 2327 3769 pro
2359 3700 2553 3770 populo
2587 3713 2706 3764 suo,
2731 3715 2888 3768 quem
2933 3714 3046 3764 rex,
3073 3699 3392 3768 ubicumque
3420 3699 3470 3752 in
3501 3715 3665 3768 regno
3701 3701 3818 3767 ejus

2229 3798 2392 3855 esset,
2420 3789 2656 3860 jusserat
2685 3788 2956 3853 trucidari,
2986 3789 3160 3844 oravit
3195 3788 3262 3844 ad
3295 3788 3578 3842 Dominqu
3605 3806 3620 3845 :
3655 3804 3815 3859 coge-

2228 3881 2318 3936 bat
2344 3882 2486 3936 enim
2529 3897 2649 3937 eam
2694 3897 2884 3951 magna
2928 3881 3237 3946 necessitas,
3285 3889 3343 3935 ut
3385 3889 3580 3950 praeter
3608 3879 3817 3950 jussnm

2227 3974 2370 4045 regis
2399 3983 2448 4029 et
2485 3985 2678 4044 prmter
2705 3973 2946 4028 ordinem
2991 3988 3146 4028 suum
3186 3973 3252 4027 ad
3297 3973 3442 4028 illum
3473 3973 3698 4028 auderet
3733 3974 3816 4028 in-

2228 4073 2370 4120 trare
2401 4063 2606 4132 (Esther
2633 4079 2694 4118 ut
2727 4073 2772 4118 et
2818 4065 2915 4134 tv).
2959 4064 3026 4118 Et
3053 4063 3228 4118 videte
3270 4064 3396 4134 quid
3427 4063 3700 4133 Scriptura
3731 4063 3816 4120 di-

2225 4166 2312 4212 cat
2335 4175 2350 4213 :
2377 4156 2445 4211 Et
2489 4157 2701 4210 intuitus
2735 4165 2808 4211 est
2833 4171 2946 4209 eam
2989 4165 3229 4225 tanquam
3259 4165 3436 4210 taurus
3463 4156 3651 4224 impetu
3677 4153 3814 4208 indi-

2224 4249 2478 4322 gnationis
2503 4264 2635 4314 sum,
2663 4257 2710 4302 et
2757 4248 2922 4302 timuit
2951 4248 3146 4317 regina,
3176 4255 3222 4300 et
3249 4262 3520 4301 conversus
3561 4255 3635 4302 est
3675 4245 3817 4300 color

2229 4341 2340 4410 ejus
2363 4356 2452 4410 per
2480 4339 2881 4403 dissolutionem,
2910 4347 2954 4392 et
2983 4337 3244 4391 inclinavit
3277 4354 3331 4392 se
3356 4354 3510 4408 super
3537 4345 3688 4407 caput
3725 4337 3816 4390 dm

2225 4433 2391 4487 licata:
2433 4447 2560 4498 sure,
2594 4447 2707 4502 quae
2751 4431 3064 4502 praecedebat
3103 4447 3216 4486 eam
3242 4446 3260 4485 :
3289 4441 3336 4485 et
3373 4432 3612 4485 convertit
3657 4429 3811 4496 Deus,

2223 4533 2270 4577 et
2309 4515 2565 4578 transtulit
2613 4523 3016 4596 indignationem
3062 4524 3172 4594 ejus
3209 4523 3262 4576 in
3307 4523 3562 4576 lenitatem
3602 4521 3714 4594 (id.
3757 4538 3812 4588 v,

2221 4631 2323 4670 sec.
2355 4613 2554 4686 LXX).
2585 4615 2852 4685 Scriptum
2882 4625 2964 4670 est
2985 4623 3040 4670 et
3067 4615 3118 4668 in
3145 4615 3448 4670 Proverbiis
3475 4615 3811 4670 Salomonis:

2225 4705 2371 4762 Sicut
2403 4707 2620 4774 impetus
2643 4721 2809 4777 aqum,
2851 4706 2924 4759 sic
2948 4722 3036 4758 cor
3063 4705 3194 4775 regis
3237 4705 3289 4759 in
3336 4721 3492 4759 manu
3519 4703 3654 4768 Dei;
3691 4721 3814 4776 quo-

2223 4813 2432 4868 cumque
2457 4797 2689 4862 ooluerit,
2729 4796 2998 4850 declinabit
3038 4796 3171 4850 illud
3209 4795 3390 4866 (Prov.
3419 4812 3532 4861 xxI,
3567 4796 3641 4868 I).
3671 4797 3736 4850 Et
3761 4797 3814 4851 in

2225 4887 2431 4958 psalmo
2451 4886 2748 4942 CCDIO>IIIIO
2765 4897 2954 4956 quarto
2981 4887 3173 4956 legitur
3203 4887 3402 4942 dictum
3429 4887 3495 4942 de
3523 4885 3810 4958 Egyptiis.

2223 4977 2350 5046 quid
2380 4975 2459 5032 eis
2487 4976 2672 5030 fecerit
2703 4977 2843 5032 Deus
2873 4995 2886 5029 :
2921 4976 2986 5030 Et
3012 4978 3250 5032 conuertit
3269 4994 3358 5031 cor
3379 4994 3553 5031 eorum
3593 4989 3648 5032 ut
3673 4978 3812 5033 odis—

2222 5077 2332 5122 sent
2378 5067 2622 5138 populum
2665 5069 2806 5138 ejus,
2851 5077 2904 5122 ut
2947 5068 3122 5122 dolum
3167 5071 3386 5142 facerent
3429 5069 3484 5122 in
3511 5086 3678 5124 senos
3705 5071 3814 5140 ejus

2225 5157 2396 5230 (Psal.
2425 5173 2534 5224 etv,
2565 5157 2678 5230 25).
2709 5159 2766 5212 In
2817 5159 3032 5213 Litteris
3079 5159 3240 5214 etiam
3286 5159 3592 5230 apostolicis
3641 5161 3816 5215 videte

2225 5268 2344 5320 quae
2401 5251 2598 5320 scripta
2663 5259 2820 5315 sunt;
2870 5251 2921 5304 in
2988 5251 3224 5320 Epistula
3271 5251 3422 5306 Pauli
3473 5251 3702 5322 DpOaIOIi
3745 5251 3813 5306 ad

2223 5344 2532 5399 Romanos:
2569 5341 2850 5412 P-r0pterea
2887 5343 3096 5396 tradidit
3125 5342 3242 5399 illos
3279 5341 3420 5396 Deus
3464 5344 3518 5396 in
3563 5343 3814 5397 desideria

2221 5434 2392 5488 cordis
2429 5450 2620 5498 eorum,
2647 5433 2698 5487 in
2723 5433 3118 5486 immunditiam.
3149 5433 3280 5488 Item
3313 5434 3468 5502 paulo
3495 5443 3650 5502 post:
3685 5432 3814 5486 Pro-

2225 5535 2332 5595 pter
2360 5525 2455 5578 hoc
2495 5523 2703 5578 tradidu
2741 5523 2856 5578 iltos
2900 5523 3037 5578 Deus
3089 5523 3142 5578 in
3189 5525 3448 5595 passiones
3498 5522 3809 5596 ignominia}.

2283 5682 2302 5712 ¹
2340 5681 2412 5729 sic
2433 5677 2772 5739 manuscripti,
2790 5677 2929 5739 juxta
2951 5683 3079 5726 LXX.
3107 5685 3161 5727 Αῑ
3182 5677 3317 5737 editi,
3365 5677 3603 5728 mmsism.

2278 5745 2306 5816 f
2341 5743 2424 5817 ilic
2441 5737 2754 5817 particulam,
2779 5737 2822 5788 et
2842 5774 2856 5799 ,
2880 5739 3172 5799 delet-imus,
3197 5741 3311 5803 quia
3335 5741 3476 5790 abest
3497 5751 3526 5787 ει
3551 5753 3813 5788 ittauttscrt-

2223 5811 2317 5896 in:
2585 5869 2720 5927 Mss,
2737 5861 2788 5910 in
2811 5873 3022 5911 manum.
3047 5862 3184 5922 Editi,
3209 5862 3258 5914 in
3278 5875 3447 5916 manus
3469 5861 3591 5927 ejus.
3637 5863 3806 5924 abem,

2228 5927 2348 5989 ejus,
2368 5941 2394 5976 a
2416 5925 2752 5986 maauscriptis
2771 5932 2821 5974 et
2845 5929 2970 5972 LXX.
