4122 6506
356 387 462 446 ιω

356 503 487 560 ltem
515 500 671 574 paulo
705 509 821 572 post
853 519 870 556 :
898 499 1044 555 Sicut
1070 515 1171 555 non
1201 481 1530 571 probauerunt
1575 497 1736 553 Deum
1761 498 1944 553 habere

355 598 407 650 in
436 594 687 658 notitiam,
717 593 931 648 tradidit
955 593 1072 648 illos
1105 591 1242 648 Deus
1260 593 1312 647 in
1341 593 1607 664 reprobam
1632 599 1871 656 mentem,
1889 600 1946 646 ut

356 687 546 762 faciant
589 703 703 757 quae
729 703 831 740 non
858 685 1160 740 conveniunt
1199 683 1374 755 (Rom.
1418 701 1455 747 ι.
1481 685 1574 753 24,
1604 683 1698 752 26,
1724 683 1842 757 ἳ8).
1877 681 1948 738 Ει

353 779 425 836 ad
451 777 959 834 ThessalonicenSes
985 777 1036 831 in
1081 775 1314 846 Epistula
1357 777 1594 831 secunda
1631 777 1706 830 ait
1729 775 1796 830 de
1821 775 1943 846 qui-

355 871 628 928 busdam:
663 869 772 925 Pro
807 887 868 926 se
907 869 1042 940 quod
1073 869 1390 924 dilectionem
1425 869 1649 923 veritatis
1679 884 1780 922 non
1805 883 1944 922 rece-

355 972 556 1035 perunt,
587 971 641 1016 ιιι
669 961 801 1018 salui
833 963 1032 1030 ﬁerent,
1061 971 1112 1016 et
1139 961 1252 1016 ideo
1277 961 1434 1016 mittet
1465 959 1568 1014 illis
1598 959 1734 1015 Deus
1757 975 1943 1029 opera-

353 1056 538 1110 tionem
569 1055 776 1116 erroris,
802 1063 858 1110 stt
887 1052 1094 1106 credant
1125 1052 1414 1118 mendacio,
1435 1061 1490 1108 ut
1523 1051 1813 1117 iudicentur
1836 1066 1946 1104 om-

353 1162 441 1203 nes
487 1145 576 1213 qui
631 1162 734 1199 non
791 1143 1110 1199 crediderunt
1157 1143 1392 1208 veritati;
1452 1143 1546 1200 sed
1582 1150 1957 1215 tumuerunt.

353 1237 611 1308 iniquitati
641 1237 718 1306 (ll
749 1233 931 1290 Thess.
972 1252 1030 1301 ll,
1065 1236 1154 1303 10,
1189 1236 1300 1306 ll).

421 1329 512 1383 43.
556 1328 652 1384 llis
677 1335 734 1383 et
769 1328 964 1383 talibus
1002 1327 1324 1384 testimoniis
1361 1326 1664 1384 divinorum
1704 1326 1949 1399 eloquio-

351 1435 492 1481 rum.
521 1437 642 1490 qua:
686 1420 866 1475 omnia
907 1435 1332 1476 commemorare
1375 1420 1536 1476 nimis
1582 1420 1798 1493 longum
1839 1429 1941 1486 est,

351 1511 504 1576 satis,
531 1518 791 1579 quantum
819 1509 1092 1576 existimo,
1119 1510 1510 1586 ntali-iliasubit,
1536 1511 1942 1589 operarLQQum

292 1608 300 1667 ξ
350 1599 681 1677 ἰιιςρειιὶιιιιδ
710 1601 986 1674 hominm};
1023 1601 1090 1677 ad
1127 1601 1462 1677 inchoandas
1481 1599 1672 1657 contio
1703 1603 1948 1658 volunta-

289 1681 298 1732 ἶ
352 1666 798 1775 tegtujgm‘uque
827 1695 1079 1759 voluerit,
1107 1694 1222 1749 sive
1247 1673 1490 1764 {(1.335
1518 1679 1623 1766 pro
1644 1685 1759 1750 sita’
1781 1695 1948 1751 mise-

281 1771 290 1816 "
350 1771 602 1850 rionrdia,
652 1779 768 1840 sive
813 1783 881 1840 ad
922 1775 1057 1840 mala
1111 1801 1209 1854 pro
1257 1785 1464 1840 meritis
1507 1801 1714 1853 eorum,
1740 1783 1948 1860 judicio

351 1877 661 1951 utiquesuo
685 1876 972 1946 aliquando
997 1885 1207 1952 aperto,
1235 1875 1522 1946 aliquando
1548 1873 1778 1938 occulto.
1801 1891 1946 1936 sem:

351 1983 450 2042 per
472 1953 847 2037 lamminas.
868 1951 1066 2022 ~Fixum
1088 1951 1230 2022 enim
1256 1967 1418 2024 debet
1441 1983 1562 2024 esse
1587 1980 1643 2025 et
1672 1970 1946 2028 immobile

351 2043 404 2118 in
431 2061 595 2116 corde
624 2072 824 2128 vestro,
861 2060 983 2131 quia
1032 2075 1140 2114 non
1183 2069 1268 2116 est
1311 2060 1564 2130 iniquitas
1591 2061 1732 2132 apud
1778 2063 1942 2120 Deum

351 2151 528 2224 (ﬂant.
563 2167 642 2215 ix,
678 2151 786 2225 14).
819 2153 898 2208 Ae
925 2167 1022 2222 per
1049 2153 1151 2208 hoc
1179 2152 1392 2222 quando
1431 2153 1606 2224 legitis
1647 2153 1700 2210 in
1726 2153 1944 2212 Litteris

351 2244 610 2306 veritatis,
637 2259 668 2297 a
705 2243 814 2298 Deo
837 2243 1021 2298 seduci
1053 2242 1318 2311 homines,
1347 2253 1442 2300 aut
1470 2244 1691 2300 obtundi
1730 2245 1815 2300 vel
1843 2245 1946 2302 οῦκ

349 2334 528 2390 durari
551 2334 714 2390 corda
740 2350 956 2400 eurum,
985 2335 1148 2390 nolite
1168 2334 1414 2392 dubitare
1440 2337 1782 2408 praecessisse
1803 2335 1942 2412 mala

350 2426 538 2482 merita
564 2441 773 2490 eorum,
803 2435 856 2480 ut
877 2425 1021 2497 juste
1051 2427 1153 2482 ista
1183 2437 1494 2497 paterentur
1519 2445 1534 2483 :
1564 2445 1632 2484 ne
1657 2427 1946 2488 incurratis

349 2519 404 2574 in
435 2517 560 2573 illud
594 2519 930 2589 proverbium
973 2519 1299 2586 Salomonis,
1331 2517 1638 2591 Insipientia
1667 2522 1764 2576 viri
1791 2522 1944 2578 violat

348 2611 457 2668 uias
493 2613 624 2683 ejus,
659 2611 823 2666 Deum
870 2625 1039 2668 autem
1063 2624 1302 2668 causatur
1341 2615 1397 2669 in
1439 2615 1594 2670 corde
1632 2633 1726 2672 suo
1759 2616 1940 2689 (Prov.

349 2719 460 2767 xu,
489 2705 568 2774 3).
595 2703 778 2760 Gratia
807 2719 948 2786 vero
956 2720 1083 2786 non
1099 2705 1394 2782 secundum
1418 2707 1641 2780 merita,
1664 2709 1941 2767 hominum

347 2797 528 2864 datur,
558 2778 1002 2870 animaanima};
1184 2778 1403 2874 est
1440 2801 1610 2875 gratia
1658 2802 1837 2874 (Rom.
1865 2819 1940 2866 ιι,

347 2889 591 2961 6):quia
640 2889 763 2944 ideo
804 2875 987 2960 gratia"
1011 2877 1258 2960 vocatur,
1287 2893 1415 2964 quia
1461 2895 1630 2964 gratis
1676 2895 1851 2950 datur.
1883 2897 1942 2952 Si

348 2989 526 3034 autem
561 2989 749 3050 poch
790 2993 894 3046 est,
925 2983 1038 3038 sive
1083 2999 1180 3052 per
1223 2984 1482 3054 Angelos,
1511 2985 1596 3040 vel
1647 2987 1816 3044 bonos
1855 2989 1942 3045 vel

349 3072 538 3136 malus,
572 3071 688 3128 sive
713 3087 1051 3144 quocumque
1093 3076 1201 3129 alio
1244 3075 1404 3130 modo
1444 3079 1656 3147 eperari
1695 3079 1858 3134 etiam
1887 3080 1938 3136 in

347 3166 601 3222 cordibus
628 3167 911 3232 malorum,
943 3183 1038 3238 pro
1079 3168 1288 3224 meritis
1329 3185 1540 3236 eorum,
1567 3187 1796 3243 quorum
1823 3188 1940 3230 ma-

349 3254 516 3312 litiam
549 3271 652 3313 ιιοιι
692 3257 808 3327 ipse
835 3258 980 3324 fecit,
1011 3258 1107 3315 sed
1155 3270 1248 3314 aut
1285 3261 1617 3332 originaliter
1665 3273 1831 3320 tracta
1858 3275 1942 3322 est

347 3348 418 3404 ab
445 3349 636 3416 Adam,
667 3361 759 3406 aut
783 3351 954 3406 crevit
980 3367 1077 3422 per
1107 3354 1373 3426 propriam
1414 3355 1740 3412 voluntatem
1771 3375 1786 3412 :
1813 3359 1940 3432 quid

349 3441 542 3496 mirum
561 3453 666 3506 est,
699 3443 746 3498 si
773 3457 876 3512 per
903 3443 1159 3514 Spiritum
1189 3456 1430 3502 sanctum
1459 3457 1714 3518 operatur
1740 3450 1793 3514 in
1820 3465 1940 3507 cor-

347 3531 504 3588 dibus
544 3535 842 3590 electorum
885 3549 1105 3592 suorum
1147 3537 1310 3604 bona,
1340 3539 1432 3610 qui
1475 3549 1728 3612 operatus
1769 3551 1853 3598 est
1878 3553 1941 3601 ut

347 3623 461 3696 ipsa
483 3625 645 3682 corda
669 3635 854 3683 essent
887 3643 955 3684 ex
985 3629 1142 3684 malis
1168 3629 1353 3686 bona?

417 3715 644 3774 CAPUT
698 3717 866 3774 XXII.
903 3749 978 3761 -—
1017 3720 1108 3776 44.
1168 3719 1275 3777 Sed
1311 3723 1653 3794 suspicentur
1691 3725 1939 3786 homines

345 3809 598 3880 qua-libet
643 3811 834 3867 merita
883 3811 1075 3879 bona,‘
1103 3829 1224 3884 qua:
1267 3825 1455 3886 putant
1503 3819 1841 3890 praecedere,
1881 3833 1941 3880 ut

341 3901 703 3989 iustiﬁcentur
725 3920 820 3975 per
846 3905 941 3962 Dei
962 3907 1225 3977 gratiam;
1252 3923 1362 3968 non
1383 3909 1747 3983 .iutelligenms
1765 3955 1782 3989 ,
1813 3931 1937 3974 cum

345 3980 448 4052 hoc
477 3995 684 4063 dicunt,
714 3997 846 4054 nihil
874 3999 1016 4056 aliud
1043 4016 1202 4072 quam
1225 4017 1284 4058 se
1305 4019 1499 4075 negare
1523 3980 1748 4076 giatiam
1766 3980 1788 4063 γε
1805 4010 1935 4079 sed,

343 4096 405 4144 ut
426 4087 570 4154 dixi,
597 4089 738 4160 quod
779 4091 964 4146 volunt
1005 4091 1074 4148 de
1123 4092 1416 4163 majoribus
1459 4096 1826 4168 suspicentur;
1868 4101 1938 4158 de

345 4178 579 4248 parvulis
607 4187 756 4236 certe
797 4179 1064 4252 Pelagiani
1095 4181 1222 4254 quid
1252 4184 1614 4256 respondeant
1642 4203 1749 4244 non
1782 4187 1935 4246 inve-

345 4267 528 4338 niunt,
577 4285 805 4340 quorum
851 4286 952 4328 nec
972 4272 1220 4329 voluntas
1249 4274 1352 4331 ulla
1395 4283 1480 4332 est
1525 4277 1579 4333 in
1623 4280 1936 4351 accipienda

341 4363 512 4434 gratia
532 4403 546 4428 ,
575 4361 731 4432 cujus
756 4363 1046 4421 voluntatis
1073 4366 1324 4426 meritum
1355 4370 1696 4438 pmeessisse
1715 4372 1932 4441 dicant,

343 4460 398 4508 et
423 4451 644 4522 insuper
685 4467 782 4510 eos
825 4453 986 4512 etiam
1027 4470 1148 4520 cum
1190 4454 1319 4515 ﬂetu
1359 4457 1612 4518 reluctari
1655 4463 1932 4532 videmus.

341 4543 555 4617 quando
587 4544 926 4616 baptizantur
949 4553 1003 4602 et
1025 4545 1199 4603 divina
1233 4547 1577 4608 Sacramenta
1603 4555 1933 4626 percipiunt;

341 4635 482 4704 quod
501 4637 581 4690 eis
600 4635 666 4691 ad
690 4653 938 4708 magnum
956 4638 1246 4709 impietatis
1261 4651 1539 4711 peceatum
1559 4644 1930 4716 imputaretur,

339 4724 383 4780 si
407 4723 519 4796 jam
549 4724 719 4781 libero
767 4735 1048 4792 uterentur
1090 4727 1319 4791 arbitrio
1367 4747 1383 4786 :
1433 4739 1492 4788 et
1541 4741 1721 4791 tamen
1767 4736 1936 4794 lueret

337 4815 501 4870 etiam
525 4817 578 4871 iu
621 4817 1003 4888 reluctantibus
1027 4821 1196 4900 gratia
1212 4861 1229 4887 ,
1254 4821 1592 4892 apertissime
1617 4827 1766 4883 nullo
1790 4827 1933 4888 bono

337 4908 532 4964 merito
583 4911 948 4979 praecedente,
995 4913 1229 4985 alioquin
1273 4915 1440 4987 gratia
1480 4917 1593 4988 jam
1637 4933 1744 4978 non
1788 4931 1934 4995 esset

327 4998 526 5072 gratia.
561 4999 630 5060 Et
663 5002 944 5074 aliquando
991 5005 1116 5061 liliis
1160 5005 1452 5067 inﬁdelium
1495 5020 1778 5080 praestatur
1816 5013 1934 5072 haec

335 5091 507 5162 gratia
526 5131 544 5158 ,
570 5108 689 5147 cum
715 5094 922 5150 occulta
954 5095 1048 5152 Dei
1075 5096 1406 5168 providentia
1429 5099 1482 5154 in
1507 5115 1698 5162 manus
1717 5102 1930 5176 piorum

334 5181 836 5256 quomodocumque
863 5187 1215 5258 perveniunt:
1235 5189 1520 5262 aliquando
1547 5201 1729 5256 autem
1755 5195 1848 5260 lilii
1867 5195 1930 5251 ll-

331 5271 533 5342 dclium
569 5289 676 5330 non
719 5291 837 5332 eam
877 5289 1296 5350 consequuntur,
1326 5281 1506 5354 aliquo
1549 5285 1932 5357 impedimento

333 5362 648 5433 exsistunte,
681 5383 750 5424 ne
793 5367 962 5438 possit
989 5369 1410 5443 periclitantibus
1447 5375 1740 5435 subveniri.
1771 5378 1932 5437 Fiunt

335 5473 464 5515 vero
493 5459 590 5514 ista
646 5458 742 5531 per
782 5462 1046 5536 occultam
1073 5463 1166 5519 Dei
1196 5465 1623 5538 providentiam,
1647 5470 1802 5542 cuius
1841 5472 1928 5527 in-

295 5548 640 5634 ;scrutabilia
655 5553 991 5638 suntjudieia
1007 5599 1022 5624 ,
1041 5567 1097 5614 et
1116 5557 1514 5633 investigabilcs
1540 5564 1640 5620 vite
1660 5583 1680 5620 :
1704 5546 1846 5638 quod
1871 5577 1928 5622 ut

207 5633 220 5694 ι
282 5649 292 5663 ⁸
337 5640 626 5716 Apostolus
654 5633 879 5711 diceret,
902 5648 1026 5720 quid
1068 5649 1377 5722 przedixerit
1396 5653 1693 5710 intuemini.
1721 5633 1926 5730 .Agebat

327 5737 472 5794 enim
485 5737 764 5796 deJudmis
778 5749 830 5797 et
844 5739 1124 5809 Gentibus.
1137 5759 1259 5800 cum
1273 5739 1612 5805 scrilnretad
1632 5749 1920 5820 Romatios,

303 5829 384 5909 .id
411 5839 531 5895 est,
560 5831 628 5887 ad
669 5831 896 5900 Gentes,
927 5843 982 5891 et
1005 5836 1082 5892 ait
1109 5853 1124 5892 :
1149 5835 1294 5922 Sicut
1337 5839 1471 5896 enim
1516 5842 1793 5914 aliquando
1840 5868 1924 5908 nos

1440 341 1464 449 ί
1496 367 1562 440 ιν
1583 368 1639 469 ‘3
1779 381 1983 440 uasa
2023 379 2222 458 usus.

3541 389 3646 449 910

2051 511 2153 552 non
2175 495 2464 552 credidistis
2491 494 2597 552 Deo
2617 537 2636 564 ,
2668 513 2802 554 nunc
2843 509 3012 555 autem
3038 499 3435 558 misericordiam
3463 521 3644 560 amsa-

2049 587 2156 642 cstti
2179 588 2299 644 estis
2327 590 2380 644 in
2409 587 2615 644 illorum
2662 589 3018 646 incredulitate
3039 608 3064 658 ;_
3097 593 3170 648 ita
3193 605 3241 648 et
3276 593 3330 650 Ιιὶ
3371 611 3506 650 nunc
3543 613 3645 652 non

2049 681 2370 738 crediderunt
2403 682 2456 738 in
2484 691 2646 738 vestra
2673 685 3053 750 misericordia,
3086 697 3140 740 ut
3165 697 3211 742 et
3236 688 3336 759 ipsi
3363 689 3646 746 misericoro

2048 773 2187 829 diam
2213 785 2584 848 consequantur
2619 791 2640 832 :
2675 777 2920 832 conclusit
2943 779 3077 834 enim
3100 777 3236 836 Deus
3255 797 3426 836 omnes
3445 783 3498 838 iu
3519 783 3642 852 inﬁ-

2047 864 2272 930 delitate.
2282 868 2562 922 utonmium
2576 867 3318 944 misereatur(liom.xt,50-53)
3330 917 3338 925 .
3351 873 3543 942 Etcum
3563 883 3642 928 at-

2053 957 2310 1014 tendisset
2333 958 2458 1031 quid
2476 959 2690 1024 dixerit.
2713 960 2986 1017 admirans
3000 963 3407 1040 sententiosum
3435 973 3638 1022 certam

2046 1049 2270 1134 quidem
2285 1051 2568 1136 veritatem
2591 1093 2609 1120 ,
2639 1051 3492 1136 sed‘magﬂmprtmmditatem,
3519 1073 3677 1129 quo-.

2764 1127 2970 1146 ...κώ
2991 1133 3009 1141 -

2047 1143 2210 1199 modo
2235 1126 2575 1202 δᾶιιεῆιξειῖῖῖ
2588 1127 2970 1203 "ﬁei's‘ﬁﬁiﬁ‘e;
2989 1131 3044 1202 i6
3064 1127 3414 1216 inlicit-hiate,
3439 1161 3495 1205 ut
3523 1165 3644 1205 om-
3694 1152 3704 1170 ’

2049 1232 2196 1290 nium
2215 1235 2552 1304 misereatur,
2572 1237 2722 1309 quasi
2742 1237 2944 1296 faciens
2969 1239 3107 1298 mala
3135 1248 3190 1295 ut
3211 1241 3456 1298 venirent
3483 1241 3643 1312 bona,

2046 1341 2171 1384 nos
2196 1327 2510 1384 exclamavit
2535 1339 2697 1401 atque
2722 1331 2842 1386 ait:
2891 1329 2938 1386 0
2979 1331 3520 1402 altitudadigitiarum
3559 1354 3646 1392 sa-

2045 1420 2253 1492 pientia
2271 1431 2318 1476 st
2335 1421 2573 1510 scientig‘
2589 1420 3423 1511 Dei-Lanamginscrutabiliasunt
3442 1427 3645 1500 judicia
3667 1457 3670 1464 .

3717 1060 3720 1075 l

3697 1438 3706 1474 J

3691 1507 3700 1519 4

2047 1501 2675 1586 cummagna“
2717 1515 2812 1573 cits
2833 1516 2950 1589 ejus
2967 1501 3000 1572 ll
3025 1511 3158 1578 ﬂare
3180 1501 3334 1574 enim
3373 1508 3696 1578 inscruta-t“;

2047 1601 2171 1671 bilia
2195 1603 2926 1680 judiciaetjngestigabilg
2969 1597 3079 1666 vias
3120 1611 3358 1681 perversi
3395 1613 3646 1670 homines

2047 1709 2153 1750 non
2187 1695 2488 1765 cogitantes
2510 1737 2527 1761 ,
2580 1707 2636 1752 et
2677 1699 2946 1770 proclives
2997 1699 3068 1756 ad
3105 1702 3636 1772 reprehendendum,

2043 1800 2154 1841 non
2183 1785 2360 1842 idonei
2387 1785 2458 1842 ad
2483 1786 2890 1861 intelligendum
2915 1831 2930 1857 ,
2960 1791 3218 1862 putabant
3245 1804 3299 1850 et
3322 1793 3644 1865 iactitabant

2045 1877 2359 1948 Apostolum
2390 1879 2603 1947 dicere,
2639 1879 2914 1938 Faciamus
2951 1881 3110 1947 vncla.
3161 1894 3218 1940 ut
3264 1886 3468 1943 ueniant
3507 1886 3642 1944 bona

2046 1967 2182 2042 (Id.
2227 1986 2318 2036 tu,
2365 1971 2421 2029 8.
2456 1970 2652 2042 )Quod
2676 1973 2817 2030 absit
2858 1981 2918 2029 ut
2943 1975 3230 2049 Apostolus
3257 1977 3462 2035 diceret
3495 1997 3510 2035 :
3540 1980 3638 2036 sed

2047 2061 2293 2119 homines
2317 2079 2424 2118 non
2454 2063 2815 2136 intelligemus
2842 2065 2945 2120 hoc
2975 2065 3234 2138 putabant
3258 2065 3366 2126 dici
3385 2110 3402 2136 ,
3427 2070 3642 2139 quando
3704 2100 3716 2112 -

2045 2153 2334 2210 audiebant
2359 2153 2501 2224 quod
2544 2154 2679 2212 dixit
2710 2157 3032 2226 Apostolus,
3061 2155 3172 2214 ια
3197 2167 3366 2214 autem
3385 2160 3644 2216 subintro-

2043 2243 2130 2306 uit,
2161 2252 2214 2298 ut
2242 2244 2522 2300 abundaret
2546 2245 2826 2302 delictum:
2867 2245 2951 2304 ubi
2977 2258 3148 2322 autem
3193 2249 3470 2309 abundauit
3506 2252 3640 2308 deli~

2044 2344 2202 2399 ctum,
2243 2336 2669 2406 superabundavit
2707 2337 2874 2410 gratia
2913 2336 3024 2408 (Id.
3073 2339 3130 2406 5,
3172 2339 3288 2413 20).
3325 2341 3642 2415 Sedulique

2043 2424 2214 2496 gratia
2234 2426 2287 2482 id
2308 2427 2439 2499 agit,
2469 2435 2528 2484 ut
2567 2427 2678 2498 iam
2711 2429 2842 2484 tiant
2870 2429 3006 2484 bona
3046 2430 3120 2486 ab
3151 2431 3232 2486 eis
3271 2431 3371 2504 qui
3402 2433 3669 2504 (coenant,

2043 2517 2811 2590 malaz'nmnlt'perseverent
2833 2521 2900 2574 in
2921 2520 3102 2590 «nalis,
3123 2530 3185 2578 et
3209 2509 3360 2580 reddi
3384 2523 3492 2581 sibi
3517 2525 3604 2581 exi
3618 2557 3636 2566 -
3660 2513 3666 2580 ἶ

2004 2629 2012 2690 ξ
2042 2607 2264 2684 stiment
2310 2607 2472 2690 bona.
2511 2607 2626 2666 Non
2654 2610 2830 2682 itaque
2868 2609 3066 2667 debent
3101 2613 3316 2680 dicere,
3359 2589 3676 2674 Faciamus‘

1983 2687 2006 2726 λ
2043 2697 2200 2766 mala,
2220 2699 2275 2754 ut
2290 2687 2488 2756 ueniant
2510 2701 2640 2756 bona
2661 2716 2682 2758 .'
2699 2701 2814 2768 sed,
2839 2701 3088 2766 Fecimus
3104 2704 3266 2772 mala,
3287 2714 3342 2762 et
3379 2718 3644 2769 venerunt

2044 2789 2222 2858 bona;
2260 2791 2373 2864 jam
2401 2791 2659 2850 faciamus
2685 2792 2847 2860 bona,
2875 2805 2931 2849 ut
2963 2794 3014 2849 in
3063 2793 3242 2851 futuro
3269 2797 3471 2854 saeculo
3499 2798 3638 2856 reci-

2041 2881 2262 2953 piamus
2279 2898 2378 2954 pro
2405 2884 2564 2942 bonis
2582 2883 2755 2954 bona,
2786 2885 2876 2956 qui
2911 2884 2964 2941 in
2993 2885 3100 2944 hoc
3122 2887 3324 2946 saeculo
3352 2889 3640 2960 recipimus

2044 2988 2142 3043 pro
2163 2974 2318 3029 malis
2335 2973 2492 3030 bona.
2517 2974 2748 3045 Propter
2766 2975 2908 3043 quod
2933 2977 3193 3049 scriptura
3210 2987 3294 3036 est
3311 2979 3363 3035 in
3387 2980 3598 3036 Psalmo
3620 3001 3636 3037 :

2042 3059 2450 3119 lisericordiam
2473 3074 2525 3121 et
2563 3065 2816 3137 iudicium
2843 3066 3059 3124 cantabo
3083 3068 3193 3136 tibi,
3225 3069 3440 3126 Domine
3465 3072 3635 3144 (Pent.

2039 3166 2097 3222 c,
2131 3153 2210 3226 l).
2241 3153 2400 3212 Prius
2443 3156 2626 3230 itaque
2654 3173 2761 3212 non
2793 3157 2914 3214 ideo
2932 3159 3083 3218 venit
3114 3157 3283 3219 Filius
3307 3160 3542 3221 hominis
3579 3167 3635 3222 in

2041 3247 2322 3316 mundum,
2348 3257 2407 3304 ut
2423 3248 2630 3321 iudicet
2647 3249 2928 3320 mundum,
2959 3251 3052 3308 sed
3075 3261 3134 3310 ut
3153 3255 3390 3312 salvetur
3405 3259 3638 3316 rutundus

2041 3353 2138 3410 per
2158 3339 2332 3412 ipsum
2359 3338 2540 3414 (loco.
2567 3357 2646 3408 tu,
2671 3343 2760 3414 17)
2779 3361 2793 3398 :
2813 3343 2917 3401 hoc
2937 3355 3155 3416 propter
3173 3349 3596 3410 misericordiam
3618 3373 3632 3410 :

2040 3440 2226 3502 postea
2270 3447 2400 3489 vero
2445 3443 2666 3506 propter
2686 3435 2946 3506 judicium
2991 3449 3250 3497 venturus
3283 3451 3368 3498 est
3393 3441 3636 3516 judicare

2037 3523 2192 3580 vivos
2236 3533 2293 3581 et
2338 3533 2616 3592 mortuos;
2657 3528 2903 3598 quamvis
2939 3535 2998 3586 et
3022 3528 3078 3586 in
3107 3529 3212 3588 hoc
3254 3541 3493 3604 tempore
3521 3537 3634 3611 ipsa

2039 3617 2263 3673 salvatio
2289 3633 2394 3674 non
2423 3617 2516 3673 llat
2541 3617 2658 3674 sine
2681 3618 2914 3690 judicio,
2940 3619 3034 3678 sed
3057 3621 3300 3690 occulto,
3346 3625 3469 3684 ideo
3512 3630 3588 3686 ait
3615 3673 3632 3695 ,

2039 3707 2107 3764 In
2125 3709 2382 3782 judicium
2423 3710 2537 3765 ueni
2563 3709 2617 3766 in
2644 3710 2779 3766 hunc
2803 3712 3076 3781 mundum,
3105 3723 3158 3770 ut
3185 3715 3274 3787 qui
3297 3734 3400 3774 non
3423 3719 3590 3778 uideat
3613 3763 3632 3790 ,

2038 3803 2262 3869 uideant;
2288 3812 2336 3857 et
2358 3805 2446 3874 qui
2463 3803 2650 3869 uident,
2676 3805 2800 3861 οτιτὶ
2821 3805 2952 3876 [iant
2975 3805 3086 3881 (Id.
3114 3823 3196 3877 lx,
3224 3809 3342 3883 39).

2109 3889 2348 3950 CAPUT
2367 3892 2556 3950 ιιιιιιι.
2586 3923 2661 3936 -
2685 3895 2777 3952 65.
2813 3895 2894 3981 Ad
2921 3898 3284 3981 «recultaergo
3313 3902 3404 3960 Dei
3430 3903 3628 3976 judicia

2021 3994 2324 4072 frameam,
2363 3985 2577 4058 quando
2609 3985 2806 4047 videtis
2832 3973 2887 4044 in
2931 3973 3258 4069 uiia'eausa',
3287 3973 3452 4066 quani
3477 3991 3636 4066 certe

2039 4073 2238 4134 habent
2259 4092 2450 4136 omnes
2469 4078 2696 4150 parvuli,
2723 4079 3119 4138 bmreditarium
3139 4085 3334 4142 malum
3357 4089 3633 4148 trahentes

2037 4185 2106 4226 ex
2130 4167 2323 4239 Adam,
2355 4169 2479 4226 huic
2503 4169 2774 4228 subveniri
2805 4181 2864 4228 ut
2905 4173 3227 4246 baptisetur,
3263 4177 3336 4235 illi
3363 4195 3472 4237 non
3503 4184 3633 4240 sub-

2037 4261 2210 4318 veniri
2235 4269 2296 4318 ut
2319 4261 2372 4318 in
2399 4261 2516 4332 ipsa
2541 4261 2868 4335 obligatione
2893 4265 3188 4334 moriatur;
3215 4269 3362 4325 illum
3391 4271 3632 4344 baptiza-

2038 4365 2148 4414 tum
2170 4356 2224 4412 in
2245 4355 2352 4413 hac
2373 4356 2478 4415 vita
2498 4355 2750 4428 relinqui,
2773 4371 2932 4438 quem
2953 4360 3221 4430 prtescivit
3245 4362 3386 4420 Deus
3407 4364 3629 4440 impium

2037 4449 2296 4516 futurum,
2329 4447 2490 4506 istum
2520 4463 2650 4516 vero
2674 4449 3000 4522 baptizatum
3029 4457 3146 4524 rapi
3174 4469 3244 4510 ex
3276 4455 3376 4512 hac
3397 4459 3528 4524 vita,
3560 4476 3630 4518 ne

2037 4539 2238 4595 malitia
2269 4547 2437 4596 mutet
2473 4538 2802 4596 intellectum
2832 4539 2952 4611 ejus
2987 4541 3155 4616 (Sap.
3183 4559 3262 4614 tv,
3289 4545 3378 4620 11)
3407 4564 3424 4604 :
3449 4559 3505 4608 et
3533 4566 3630 4608 no-

2034 4631 2128 4688 lite
2152 4630 2206 4688 in
2229 4631 2346 4689 istis
2365 4631 2494 4688 dare
2514 4631 2824 4702 injustitiam
2845 4634 2931 4690 vel
2951 4634 3308 4708 insipientiam
3331 4639 3464 4710 Deo,
3482 4644 3625 4715 apud

2035 4737 2193 4792 quem
2213 4721 2434 4792 justitiai
2462 4722 2581 4778 fons
2607 4731 2690 4779 est
2712 4731 2766 4778 ct
2788 4725 3062 4794 sapientiae
3093 4741 3108 4778 :
3130 4725 3224 4782 sed
3245 4728 3386 4785 sicut
3411 4747 3507 4798 vos
3526 4749 3627 4792 es-

2037 4811 2278 4868 hortatus
2300 4827 2418 4868 sum
2447 4813 2517 4868 ab
2553 4813 2705 4868 initio
2731 4815 2995 4871 sermonis
3021 4815 3178 4888 hujus
3195 4859 3211 4885 ,
3247 4819 3302 4876 in
3328 4823 3470 4892 quod
3499 4805 3624 4896 per-

2034 4906 2286 4976 venistis,
2317 4907 2369 4960 in
2397 4921 2464 4960 eo
2487 4905 2788 4975 ambulate,
2810 4917 2866 4962 et
2894 4907 2912 4940 ⁸
2942 4907 3046 4964 hoc
3069 4926 3280 4983 quoque
3300 4915 3454 4975 vobis
3483 4917 3625 4976 Deus

2035 4999 2288 5058 revelabit
2321 4996 2578 5073 (Philipp.
2609 5013 2685 5064 ut,
2716 4998 2976 5068 l6et15),
2999 5001 3118 5057 etsi
3148 5018 3255 5074 non
3285 5007 3340 5078 in
3365 5007 3464 5066 hac
3489 5010 3622 5077 vita,

2033 5101 2180 5158 certe
2211 5091 2266 5146 in
2312 5091 2480 5146 altera
2513 5107 2527 5144 :
2569 5089 2700 5155 nihil
2739 5100 2823 5147 est
2863 5093 3006 5160 enim
3035 5093 3300 5152 occultum
3327 5097 3472 5170 quod
3517 5117 3626 5159 non

2033 5181 2356 5240 revelabitur
2383 5179 2600 5252 (Matth.
2645 5195 2681 5237 ι
2703 5222 2718 5248 ,
2747 5179 2868 5254 26).
2913 5183 3138 5251 Quando
3165 5201 3295 5262 ergo
3321 5189 3520 5250 auditis
3545 5193 3628 5250 di-

2033 5287 2244 5333 centem
2276 5275 2580 5340 Dominum,
2621 5273 2734 5347 Ego
2760 5273 3012 5334 Dominus
3035 5277 3218 5336 seduxi
3239 5285 3538 5356 prophetam
3562 5288 3629 5346 il-

2033 5369 2140 5424 lum
2163 5367 2379 5439 (Ezech.
2411 5384 2520 5446 μιν,
2547 5367 2630 5436 9);
2659 5375 2714 5424 et
2732 5368 2873 5441 quod
2895 5371 2972 5426 ait
2998 5371 3311 5446 Apostolus,
3337 5363 3500 5452 Cujus~
3521 5382 3628 5438 stult

2032 5461 2330 5528 amaretur,
2355 5471 2404 5536 et
2433 5477 2578 5535 quem
2606 5461 2712 5520 vult
2737 5462 2952 5519 obdurat
2983 5463 3158 5540 (Rom.
3185 5485 3242 5548 is
3263 5510 3284 5542 ,
3319 5459 3452 5549 183:
3481 5476 3536 5536 in
3559 5493 3626 5533 eo

2031 5569 2189 5626 quem
2221 5553 2400 5612 seduci
2442 5555 2704 5626 permittit
2740 5557 2824 5615 vel
2849 5558 3104 5618 obdurari
3131 5564 3174 5632 ',
3200 5565 3338 5638 mala
3361 5567 3484 5641 ejus
3508 5583 3626 5627 rne-

2096 5733 2111 5766 ’
2146 5731 2916 5812 3.1961999193,‘12m,iwe9ﬁ.
2959 5737 3004 5792 εί
3032 5737 3221 5806 αιειιιείά
3243 5743 3383 5794 ατηεν
3425 5742 3623 5812 mutis.

2031 5797 2884 5920 φῖδλῖἒέιῒῗιδὲῗῗὶΐθὰτμῗαῗιξλ
