4122 6542
451 387 553 446 ’l‘l

450 501 560 555 Deo
590 499 878 553 miserante
911 505 965 552 et
1005 494 1121 565 ejus
1149 492 1373 549 Insidias
1411 489 1462 546 iii
1491 505 1707 546 suorum
1751 503 2026 544 servorum

451 601 764 660 provectum
792 590 804 622 ¹
833 587 1060 642 mirabili
1089 585 1324 639 bonitate
1348 591 1609 648 vertente,
1637 581 1702 636 ad
1733 580 1834 636 hoc
1861 580 2036 650 potius

446 681 644 741 valuit,
677 689 735 734 ut
771 679 899 732 nulli
937 687 1178 731 vestrum
1207 675 1610 729 destruerentur
1638 674 1690 727 in
1731 673 1910 742 pejus,
1939 670 2032 726 sed

446 769 689 824 nnmmlli
737 770 1130 822 instruerentur
1173 764 1226 819 in
1272 765 1481 819 melius.
1533 763 1648 818 Non
1686 763 1862 832 itaque
1901 776 2035 830 Opus

447 869 532 914 est
577 861 754 914 omnia
827 857 1113 912 identidem
1164 866 1488 922 retractare,
1541 870 1659 924 quae
1707 855 2036 909 sullieienter

449 953 599 1006 Voltis
651 952 807 1021 pleno
861 951 994 1004 libro
1035 950 1302 1017 disputata
1336 947 1728 1002 transmisimus
1771 945 1944 1016 (Libro
1974 945 2036 998 de

446 1041 630 1098 Gratia
655 1054 701 1096 et
727 1041 908 1096 Libero
935 1039 1180 1109 Arbitrio)
1215 1057 1228 1094 :
1260 1054 1417 1108 quem
1445 1038 1712 1106 quomodo
1738 1035 2036 1106 susceperi-

449 1137 538 1197 tis,
594 1134 850 1200 rescripta
899 1131 1134 1185 indicant
1186 1141 1382 1184 vestra.
1436 1130 1813 1184 Verumtamen
1868 1128 2036 1184 semel

447 1222 644 1278 lectum
694 1223 839 1276 nullo
884 1221 1058 1276 modo
1091 1219 1422 1274 arbitremini
1465 1226 1597 1274 satis
1627 1219 1778 1274 vobis
1825 1220 2035 1273 innote-

447 1329 601 1369 scere
631 1314 884 1383 potuisse.
919 1313 974 1368 Si
1007 1327 1134 1382 ergo
1163 1327 1287 1367 eum
1319 1309 1800 1367 fructuosissimum
1842 1311 2038 1366 habere

445 1406 626 1467 vultis,
662 1421 766 1458 non
797 1419 890 1458 vos
916 1406 1091 1475 pigeat
1136 1403 1422 1472 relegendo
1451 1402 1648 1458 habere
1679 1402 2034 1470 notissimum,

448 1506 506 1550 ut
549 1496 956 1565 diligentissime
985 1497 1005 1526 ³
1049 1495 1233 1549 sciatis
1270 1494 1464 1564 quibus
1506 1503 1561 1550 ct
1603 1495 1848 1564 qualibus
1889 1511 2037 1564 qua:-

445 1591 710 1644 stiun.bi:s
738 1589 1014 1644 solvendis
1041 1597 1201 1658 atque
1227 1588 1500 1651 sanandis,
1548 1604 1652 1641 non
1685 1587 1756 1642 ibi
1785 1588 2033 1653 humana,

449 1683 543 1736 sed
584 1682 761 1736 divina
793 1689 1039 1735 occurrat
1067 1679 1388 1745 auctoritas,
1423 1694 1451 1732 ιι
1497 1695 1598 1750 qua
1641 1679 1894 1734 recedere
1933 1694 2037 1734 non

446 1771 728 1836 debemus,
758 1773 803 1825 Si
830 1771 1074 1826 voluntas
1103 1771 1383 1841 pervenire
1412 1786 1518 1841 quo
1549 1771 1833 1826 tendimus.

522 1863 574 1915 2.
621 1863 879 1916 Dominus
908 1871 1086 1914 autem
1117 1861 1232 1929 ipse
1262 1876 1366 1915 non
1397 1862 1567 1915 solum
1604 1861 1838 1916 ostendit
1863 1862 2036 1930 nobis,

450 1969 479 2006 a
521 1970 626 2021 quo
667 1955 807 2007 man
851 1954 1213 2015 declinemus.
1243 1963 1294 2007 et
1333 1953 1474 2023 quod
1522 1953 1716 2008 bonum
1763 1954 2036 2019 faciamus,

447 2043 590 2111 quod
621 2044 792 2097 Solum
827 2053 998 2111 potest
1028 2045 1157 2113 legis
1185 2045 1353 2097 littera
1385 2061 1399 2098 :
1426 2059 1610 2100 verum
1638 2047 1796 2100 etiam
1825 2048 2039 2114 adjuvat

450 2150 571 2195 nos,
597 2146 653 2188 ιιι
683 2135 1014 2189 declinemus
1040 2150 1070 2188 a
1099 2135 1255 2197 malo,
1280 2144 1334 2188 et
1360 2135 1616 2190 faciamus
1645 2138 1839 2191 bonum
1865 2137 2036 2210 (Psal.

449 2239 612 2278 xxxvi
636 2267 649 2287 ,
680 2225 801 2295 27).
834 2227 974 2294 quod
1009 2226 1189 2279 nullus
1219 2235 1391 2294 potest
1416 2227 1531 2282 sine
1561 2229 1747 2298 spiritu
1775 2231 1957 2299 gratia:
1981 2229 2036 2285 ³;

449 2330 569 2384 qtae
599 2317 640 2368 si
673 2317 812 2369 desit
833 2357 846 2377 ,
871 2317 935 2368 ad
964 2315 1065 2370 hoc
1093 2318 1176 2370 lex
1202 2317 1374 2382 adest,
1405 2327 1461 2370 ut
1488 2333 1610 2374 reos
1642 2319 1796 2373 laciat
1819 2328 1873 2374 et
1899 2321 2042 2376 occi-

447 2405 558 2461 dat.
611 2407 836 2476 Propter
882 2409 1022 2478 quod
1070 2408 1200 2463 dicit
1240 2411 1548 2478 Apostolus,
1597 2410 1789 2467 Littera
1835 2414 2036 2481 occidit,

450 2499 656 2564 spiritus
685 2510 849 2552 autem
878 2501 1093 2568 viri/ictu
1125 2499 1201 2572 (ΙΙ
1231 2498 1350 2556 Cor.
1382 2516 1438 2557 ιιι
1457 2544 1468 2564 ,
1497 2501 1587 2571 6
1621 2503 1720 2571 Qui
1749 2518 1876 2574 ergo
1906 2504 2041 2574 legi-

453 2591 584 2645 time
632 2593 746 2659 h-ge
793 2593 976 2657 utitur,
1021 2592 1177 2646 discit
1219 2593 1271 2646 in
1301 2608 1362 2646 ea
1407 2595 1602 2647 malum
1633 2605 1686 2649 et
1733 2595 1958 2658 bonum,
1987 2603 2043 2651 et

451 2698 556 2735 non
601 2684 878 2737 ennlidens
928 2683 978 2735 in
1011 2685 1205 2739 virtute
1250 2699 1344 2738 sua
1391 2685 1632 2754 confugit
1675 2686 1741 2739 ad
1789 2687 2038 2757 gratiam,

453 2789 554 2841 qua
608 2785 892 2842 praistaute
939 2773 1172 2828 declinet
1215 2789 1247 2828 ιι
1301 2774 1464 2841 tnalu,
1512 2785 1566 2828 et
1613 2774 1770 2830 faciat
1819 2777 2038 2832 boaum.

453 2863 583 2929 Quis
608 2876 782 2918 autem
827 2863 1064 2932 Confugit
1090 2865 1154 2918 ad
1185 2866 1408 2933 gratiam
1431 2908 1444 2929 ,
1479 2867 1576 2920 nisi
1604 2883 1726 2922 cum
1754 2883 1784 2922 ιι
1818 2869 2041 2923 Domino

453 2971 673 3024 gressus
703 2956 930 3010 hominis
960 2956 1280 3026 diriguntur,
1308 2968 1361 3012 et
1387 2959 1522 3012 viain
1552 2959 1667 3030 ejus
1693 2961 1834 3014 volet
1866 2959 2038 3032 (Psal.

453 3062 647 3109 χχιιι-ι.
675 3047 814 3119 23)?
847 3053 920 3103 Ac
952 3066 1045 3119 per
1073 3051 1173 3104 hoc
1203 3059 1255 3104 et
1283 3049 1590 3106 desiderare
1619 3053 1874 3108 auxilium
1913 3069 2036 3123 gra-

453 3141 576 3207 tite,
610 3143 814 3196 initium
855 3142 1041 3212 gratia:
1080 3152 1206 3197 est:
1243 3143 1310 3196 de
1347 3159 1455 3212 quo
1499 3142 1574 3198 ait
1622 3143 1742 3206 ille,
1778 3143 1841 3198 Et
1881 3145 1990 3198 dixi
2021 3160 2040 3199 :

454 3229 506 3285 Ν
514 3249 612 3284 unc
640 3233 769 3302 capi
791 3251 809 3299 ;
840 3233 948 3286 ha'c
976 3243 1047 3286 est
1076 3232 1357 3286 immutatio
1385 3235 1604 3288 dexterae
1629 3233 1834 3288 Excelsi
1867 3234 2036 3306 (Psal.

427 3337 644 3388 .Lxxw,
683 3326 736 3379 ιι
760 3327 798 3394 ).
839 3325 1087 3379 Liberum
1121 3325 1299 3395 itaque
1339 3326 1619 3381 arbitrium
1649 3336 1704 3382 et
1743 3328 1810 3382 ad
1842 3331 2038 3384 malum

451 3424 506 3470 et
532 3416 597 3468 ad
628 3416 824 3469 bonum
855 3417 1154 3472 faciendum
1183 3419 1543 3473 confitendum
1571 3429 1652 3475 est
1678 3436 1777 3474 nos
1807 3419 2036 3477 habere:

452 3505 545 3559 sed
579 3506 628 3558 in
671 3507 813 3559 tnalo
845 3505 1087 3561 facit-udo
1118 3507 1254 3563 liber
1294 3519 1377 3562 est
1417 3512 1642 3580 quisque
1678 3510 1896 3579 justitia:
1927 3526 2040 3567 scr-

452 3609 653 3663 vusqne
708 3598 954 3664 pet-cali;
1004 3597 1054 3650 in
1103 3597 1244 3649 bono
1286 3610 1464 3652 autem
1516 3599 1651 3654 lilier
1694 3616 1814 3656 e~se
1862 3603 2040 3658 nullus

452 3698 660 3754 potest,
695 3689 794 3741 ani
847 3689 1002 3741 fut-rit
1047 3689 1304 3744 liberatus
1351 3691 1420 3743 ab
1451 3706 1516 3744 eo
1542 3694 1629 3761 qui
1661 3692 1795 3748 dixit
1818 3735 1834 3766 ,_
1861 3695 1924 3750 Si
1952 3712 2038 3751 vos

451 3775 619 3830 Filius
645 3779 699 3831 li.‘
715 3781 946 3842 erarerit,
973 3790 1090 3834 tunc
1116 3797 1227 3835 vere
1252 3781 1396 3836 liberi
1426 3785 1562 3836 eritis
1584 3785 1762 3855 (Joan.
1783 3803 1898 3852 vttt,
1922 3790 2035 3860 '56).

453 3866 562 3922 Nec
592 3869 660 3922 ita
695 3880 771 3934 ιιι,
805 3886 924 3923 cum
954 3874 1178 3940 quisque
1205 3875 1360 3928 fuerit
1386 3891 1414 3926 a
1448 3878 1647 3946 peccati
1678 3879 2039 3939 dominatione

451 3958 742 4025 liberatus,
774 3962 882 4028 jam
931 3980 1034 4018 non
1082 3966 1312 4036 indigeat
1339 3969 1420 4021 sui
1467 3970 1768 4028 liberatoris
1793 3975 1990 4030 auxilio
2019 3993 2034 4030 :

421 4108 424 4112 η
451 4051 545 4102 sed
576 4051 644 4104 ita
677 4053 871 4118 potius,
906 4063 962 4106 tit
987 4055 1054 4106 ali
1084 4055 1176 4108 illo
1203 4058 1455 4125 audiens,
1485 4061 1611 4116 Sine
1637 4080 1714 4116 me
1741 4065 1871 4118 nihil
1893 4077 2037 4137 pote-

423 4141 539 4216 stis
566 4144 730 4211 facere
758 4143 868 4210 (ltl.
901 4160 994 4210 xv,
1025 4146 1080 4218 ii)
1108 4163 1122 4210 ;
1155 4147 1297 4202 dicat
1321 4150 1368 4202 ei
1397 4160 1451 4204 et
1491 4152 1622 4222 ipse,
1653 4155 1872 4224 Adjutor
1899 4177 2038 4216 meus

450 4240 584 4292 esto,
615 4249 676 4284 ne
713 4233 1030 4304 derelinquas
1058 4254 1136 4290 me
1164 4241 1181 4307 (
1205 4237 1346 4292 Psal.
1381 4257 1521 4306 xxvi,
1553 4242 1630 4313 9).
1675 4245 1824 4302 lianc
1853 4247 2032 4318 litletn,

447 4337 564 4390 qua:
609 4328 724 4378 sine
761 4325 922 4381 dahio
951 4343 1074 4382 vera
1114 4339 1166 4382 et
1211 4332 1516 4400 prophetica
1563 4345 1617 4390 ct
1654 4342 1943 4407 apostolica
1981 4353 2035 4397 et

419 4413 708 4475 catholica
742 4416 872 4470 lides
913 4429 993 4472 est
1014 4461 1028 4484 ,
1061 4421 1220 4474 etiam
1254 4423 1303 4476 in
1351 4424 1513 4480 fratre
1545 4439 1729 4483 nostro
1758 4429 1915 4486 Floro
1946 4434 2033 4488 iti-

447 4505 656 4559 veuis~e
687 4523 771 4558 me
797 4508 1003 4576 gamleu
1033 4525 1045 4560 :
1079 4511 1217 4566 unde
1249 4513 1301 4566 hi
1331 4515 1507 4582 potius
1544 4520 1845 4590 corrigendi
1887 4533 2030 4590 sunt,

445 4608 580 4663 quos
626 4597 838 4666 quidem
872 4600 1099 4666 proliitio
1143 4601 1253 4655 Deo
1293 4617 1564 4661 correctos
1607 4624 1727 4666 esse
1765 4613 1874 4680 jam
1916 4615 2033 4668 exi-

444 4687 622 4747 stimo,
653 4689 739 4755 qui
766 4705 888 4743 eum
922 4706 1025 4744 non
1054 4691 1438 4763 intelligebant.

513 4777 688 4834 C.\I’U
711 4779 738 4833 l‘
782 4780 841 4834 ll.
871 4811 940 4821 —
969 4782 1022 4833 3.
1069 4783 1413 4856 Intelligenda
1444 4797 1527 4842 est
1563 4791 1704 4846 enim
1734 4795 1901 4864 gratia
1933 4796 2028 4852 Dei

444 4884 540 4937 per
584 4869 765 4925 Jesum
807 4870 1073 4926 Christum
1123 4875 1407 4932 Dominum
1455 4892 1720 4948 nostrmn,
1768 4903 1868 4956 qua
1916 4891 2028 4944 sola

444 4957 685 5015 homines
716 4962 1012 5018 liberantur
1036 4981 1064 5018 a
1095 4967 1252 5032 malo,
1282 4979 1336 5022 ct
1374 4971 1492 5026 sine
1520 4989 1620 5042 qua
1649 4977 1848 5032 nullum
1877 4995 2032 5050 pror-

443 5064 534 5106 atts
580 5055 693 5108 sive
740 5057 1043 5126 cogitando,
1094 5058 1206 5115 site
1249 5062 1478 5118 volettdo
1521 5078 1576 5121 et
1618 5071 1868 5138 amando,
1915 5077 2028 5132 sive

439 5144 648 5211 agendo
688 5143 886 5200 faciunt
934 5147 1129 5202 bonum
1171 5167 1185 5203 :
1229 5167 1334 5206 non
1373 5154 1545 5208 solum
1593 5170 1651 5212 ut
1695 5173 2027 5221 monstrante

441 5234 553 5303 ipsa
585 5236 708 5303 quid
739 5235 1036 5294 facieiidum
1066 5243 1134 5295 sit
1163 5243 1362 5309 sciant,
1396 5263 1578 5303 verum
1613 5253 1772 5306 etiam
1803 5265 1858 5308 ιιι
1885 5272 2025 5325 prte-

439 5333 613 5379 staute
641 5327 750 5394 ipsa
792 5328 985 5384 faciant
1012 5347 1133 5386 cum
1161 5335 1446 5393 dilectione
1483 5342 1623 5410 quod
1654 5346 1846 5400 sciunt.
1876 5347 2024 5405 llanc

435 5414 631 5485 quippe
677 5418 1077 5488 inspirationent
1126 5423 1278 5479 bona!
1320 5430 1604 5487 voluntatis
1642 5446 1801 5505 atque
1844 5442 2023 5508 operis

493 5529 513 5596 ξ
549 5528 733 5596 Aliquot
756 5536 883 5588 Mss,
907 5535 1188 5596 profectum.

495 5591 515 5621 ²
550 5593 870 5666 tat-aniensqu
909 5591 1247 5666 corrigendum
1277 5605 1529 5666 putabant,
1556 5606 1922 5662 diltteic’isaime.
1969 5623 2022 5666 Αι

429 5653 683 5732 ιιιςιιιιιξςνι,
705 5654 738 5700 ti
759 5651 979 5732 .GulJljeani
1008 5651 1060 5732 et
1085 5651 1294 5726 talittatti'
1311 5677 1421 5712 cutn

429 5714 572 5777 nibus
596 5713 794 5777 habent,
821 5714 1200 5777 diligentissime.

494 5776 514 5860 ξ
546 5775 851 5860 (lungite-usis
882 5775 1236 5860 vui-tt‘tstitsi'iins
1265 5786 1434 5844 codex,
1463 5787 1556 5836 nisi
1591 5791 1790 5853 spirit”
1826 5799 2015 5860 gnﬁw.

430 5833 710 5896 tzawiuusis,
739 5836 831 5886 nisi
855 5848 1024 5897 smrtttt
1046 5846 1232 5902 gmina.

1856 374 2058 430 LIBER
2099 370 2296 430 UNUS.

3637 375 3738 428 εις

2150 485 2712 555 poseebatApostnlus
2739 485 2817 540 eis
2843 527 2856 549 ,
2904 485 3098 555 quibus
3128 485 3358 549 dicebat,
3395 485 3614 541 Oramus
3641 505 3737 538 tiu--

2145 587 2244 631 tem
2269 577 2337 630 ad
2363 576 2557 645 Deum,
2593 595 2654 632 ne
2682 577 2804 650 quid
2834 579 3032 647 faciatis
3063 580 3184 632 muli
3207 620 3223 646 ,
3270 597 3370 634 non
3401 591 3455 636 ut
3483 597 3576 635 nos
3617 599 3735 650 pre-

2144 667 2247 721 bati
2274 685 2612 738 appareamus
2635 711 2648 733 ,
2681 669 2770 722 sed
2808 681 2859 723 ut
2899 686 2986 724 vos
3027 672 3162 739 quod
3206 671 3391 725 bonum
3421 683 3493 726 est
3537 675 3734 744 faciatis

2146 755 2219 829 (ll
2248 758 2364 812 Cor.
2397 775 2526 824 xm,
2556 758 2631 830 7).
2675 759 2805 826 Quis
2849 761 2952 816 huc
2991 762 3206 822 audiat.
3257 771 3308 816 et
3351 771 3454 817 n'on
3499 764 3729 833 evigilei,

2145 858 2308 919 atque
2335 847 2566 905 fateatur
2597 865 2625 904 a
2657 851 2880 906 Domino
2908 852 3016 907 Deo
3045 853 3201 906 nobis
3228 867 3347 908 esse
3369 895 3383 919 ,
3413 862 3468 908 ut
3501 853 3731 910 decline-

2146 954 2264 994 mus
2309 955 2340 994 a
2391 941 2549 1004 malo,
2599 951 2654 995 et
2697 941 2955 996 faciamus
3002 943 3242 998 bonum?
3294 945 3730 1017 Quandoquidem

2146 1046 2252 1086 non
2296 1032 2370 1086 ait
2413 1033 2718 1102 Apostolus.
2763 1034 3060 1100 Menenius,
3113 1035 3390 1102 docemus,
3435 1036 3733 1100 hortamur,

2148 1123 2488 1192 incrcpamus
2514 1146 2527 1178 :
2558 1125 2656 1180 scd
2681 1127 2772 1190 ait,
2801 1125 3021 1181 Oramus
3045 1127 3114 1180 ad
3138 1127 3321 1193 Deum,
3350 1145 3412 1184 ne
3433 1131 3556 1200 quid
3581 1132 3712 1200 faciti

2145 1213 2209 1268 tis
2239 1215 2379 1277 mali,
2411 1215 2500 1270 sed
2524 1217 2658 1286 quod
2686 1217 2872 1271 bonum
2900 1227 2970 1271 est
2997 1219 3218 1289 faciatis.
3261 1220 3326 1274 Ει
3364 1231 3540 1276 tamen
3571 1222 3729 1278 etiam

2146 1307 2464 1378 loquebatur
2491 1309 2570 1364 eis
2589 1349 2605 1376 ,
2635 1319 2694 1370 et.
2723 1309 2949 1367 faciebat
2997 1310 3083 1365 illa
3129 1313 3307 1366 omnia
3337 1329 3457 1383 qua:
3499 1328 3734 1368 comme-

2150 1401 2392 1466 moravi;
2435 1401 2711 1470 monebat,
2752 1401 2996 1468 docebat,
3031 1403 3364 1470 hortabatur,
3396 1407 3734 1477 increpabat:

2146 1491 2239 1547 sed
2271 1492 2472 1548 sciebat
2503 1491 2620 1550 hinc
2644 1495 2822 1548 omnia
2854 1509 2957 1549 non
2986 1495 3195 1562 valere,
3222 1513 3340 1566 qua:
3368 1497 3654 1568 plantando
3685 1509 3734 1552 t-t

2146 1583 2369 1654 rigando
2399 1585 2624 1640 faciebat
2658 1586 2710 1640 in
2755 1595 2970 1656 aperto,
3014 1587 3116 1641 nisi
3142 1603 3262 1642 eum
3296 1603 3390 1657 pro
3430 1589 3534 1643 illis
3570 1605 3736 1644 exau-

2150 1676 2288 1731 diret
2314 1688 2578 1745 orantem,
2611 1678 2701 1749 qui
2726 1678 2816 1732 dat
2839 1679 3226 1734 incrementum
3260 1680 3310 1734 in
3338 1681 3567 1736 occulto.
3598 1682 3740 1750 Quo-

2146 1771 2288 1821 niam
2334 1767 2471 1822 siCut
2514 1767 2654 1824 idem
2697 1766 2886 1822 doctor
2917 1767 3166 1823 Gentium
3220 1769 3368 1835 dicit,
3423 1767 3601 1840 Neque
3648 1773 3734 1840 qui

2150 1857 2346 1926 plantat
2391 1869 2462 1913 est
2505 1858 2720 1927 aliquid,
2762 1875 2920 1924 neque
2959 1859 3044 1930 qui
3091 1862 3261 1932 rigat;
3307 1861 3398 1914 sed
3439 1862 3527 1932 qui
3571 1861 3738 1915 incre-

2146 1960 2369 2002 mentum
2394 1949 2482 2003 dat
2511 1948 2649 2004 Deus
2683 1949 2700 2018 (
2725 1949 2740 2002 Ι
2771 1948 2888 2005 Cor.
2922 1965 3000 2018 ιιι,
3031 1948 3116 2023 7).
3543 2004 3548 2008 .

2217 2040 2271 2095 4.
2314 2039 2428 2094 Non
2457 2055 2515 2096 se
2554 2041 2731 2110 itaque
2762 2039 2966 2107 fallant,
2997 2043 3087 2112 qui
3118 2041 3321 2110 dicunt,
3356 2062 3373 2096 t
3409 2043 3605 2114 thuid
3636 2059 3736 2098 no-

2148 2131 2229 2186 bis
2275 2132 2595 2202 prtcdicatur
2643 2142 2802 2202 atque
2849 2133 3189 2204 prmcipitur,
3237 2143 3296 2189 ut
3331 2134 3662 2190 declinemus
3706 2151 3735 2189 a

2147 2224 2286 2277 man
2327 2231 2382 2278 et
2425 2223 2682 2280 faciamus
2724 2225 2944 2293 bonum,
2993 2226 3038 2280 si
3078 2225 3180 2281 hoc
3221 2242 3318 2281 nos
3359 2243 3463 2282 non
3507 2227 3735 2298 agimus,

2146 2314 2240 2370 sed
2292 2314 2342 2368 id
2398 2316 2533 2370 velle
2585 2325 2640 2370 et
2693 2317 2904 2386 operari
2947 2317 3089 2372 Deus
3138 2327 3389 2388 operatur
3433 2319 3487 2373 in
3527 2318 3682 2373 nobis
3712 2338 3730 2370 ι

2147 2404 2404 2476 (Philipp.
2433 2421 2488 2470 ιι,
2523 2407 2655 2476 13)?
2708 2407 2814 2462 Sed
2847 2408 3023 2478 pulius
3071 2408 3409 2480 intelligant,
3438 2409 3480 2464 si
3515 2409 3608 2464 lilii
3641 2410 3733 2464 Dei

2146 2506 2306 2563 sunt,
2344 2499 2533 2566 spiritu
2578 2500 2668 2554 Dei
2714 2515 2773 2556 se
2811 2502 2894 2571 agi
2941 2499 3132 2572 (Rom.
3162 2517 3285 2569 vtn,
3325 2503 3460 2573 It),
3495 2511 3551 2557 ut
3595 2503 3734 2572 quod

2146 2589 2408 2659 agendum
2440 2601 2523 2646 est
2547 2601 2741 2661 agant;
2777 2600 2977 2646 etcum
3007 2593 3236 2664 eget-int,
3267 2593 3340 2646 illi
3375 2611 3402 2645 a
3433 2607 3538 2663 quo
3577 2604 3738 2663 agunt

2143 2682 2346 2751 gratias
2383 2691 2560 2752 agant.
2606 2685 2850 2752 Aguntur
2883 2686 3026 2738 enim
3071 2693 3132 2739 ut
3173 2694 3365 2755 agant,
3398 2700 3501 2739 non
3544 2695 3600 2738 ut
3640 2684 3736 2755 ipsi

2148 2771 2280 2826 nihil
2329 2782 2536 2844 agant;
2587 2783 2640 2830 ct
2678 2775 2746 2829 ad
2791 2776 2894 2830 hoc
2939 2776 3019 2831 eis
3065 2776 3364 2831 ostenditur
3409 2776 3534 2846 quid
3580 2791 3740 2848 agere

2145 2863 2394 2926 debeant,
2428 2874 2486 2920 ιιι
2521 2866 2736 2937 quando
2773 2867 2824 2922 id
2864 2878 3030 2936 agunt
3065 2869 3201 2922 sicut
3231 2867 3495 2939 agendum
3537 2877 3647 2934 est,
3687 2869 3737 2923 id

2145 2968 2247 3020 est,
2277 2971 2398 3011 cum
2434 2957 2722 3015 dilectione
2757 2967 2812 3014 et
2846 2958 3203 3014 delectatione
3231 2960 3470 3030 justithn,
3507 2960 3738 3014 suavita-

2147 3057 2252 3103 tem
2295 3064 2453 3119 quam
2498 3049 2642 3104 dedit
2686 3050 2976 3112 Dominus,
3019 3060 3076 3105 ut
3115 3061 3253 3106 terra
3293 3066 3481 3107 eorum
3525 3053 3541 3084 ¹
3585 3052 3739 3107 daret

2143 3139 2376 3196 fructum
2420 3157 2574 3196 suum
2602 3141 2771 3216 (l’sal.
2803 3159 3021 3210 Lustv,
3052 3143 3178 3216 15),
3219 3145 3489 3215 accepisse
3519 3159 3578 3200 se
3605 3160 3740 3215 gau-

2146 3232 2327 3288 deant.
2372 3231 2597 3300 Quando
2641 3242 2816 3289 autetn
2864 3249 2969 3288 non
3012 3243 3194 3306 agunt,
3241 3236 3352 3290 sive
3387 3236 3604 3290 omnino
3631 3250 3737 3291 non

2145 3321 2426 3389 faciendo,
2457 3323 2569 3378 sive
2595 3338 2698 3377 non
2728 3338 2792 3378 ex
2833 3323 3093 3380 charitate
3133 3324 3413 3389 faciendo;
3459 3335 3645 3392 orent,
3682 3336 3738 3381 ut

2147 3413 2292 3486 quod
2321 3413 2552 3468 nondum
2580 3415 2778 3470 habent
2801 3416 3084 3487 accipiant.
3113 3415 3248 3484 Quid
3277 3417 3418 3472 enim
3446 3415 3736 3482 habebunt,

2149 3506 2292 3578 quod
2325 3520 2430 3560 non
2457 3506 2725 3574 accepturi
2752 3509 2918 3560 sunt?
2955 3515 3046 3562 aut
3070 3508 3197 3579 quid
3220 3507 3439 3578 habent,
3464 3509 3604 3580 quod
3632 3527 3737 3564 nou

2144 3608 2462 3666 acct‘pernnt
2496 3597 2548 3668 (Ι
2577 3594 2696 3652 Cor.
2725 3613 2799 3664 tv,
2833 3597 2932 3667 7)?

2214 3687 2439 3743 CAPUT
2479 3687 2565 3742 lll.
2595 3717 2670 3729 —
2691 3689 2745 3743 5.
2783 3707 2801 3740 t
2833 3689 2990 3760 Ergo,
3028 3709 3048 3744 ι
3076 3691 3342 3760 inquiunt,
3377 3710 3394 3743 ι
3426 3693 3736 3764 prmeipiant

2145 3780 2516 3836 tantummodo
2564 3781 2718 3834 nobis
2757 3781 2881 3852 quid
2924 3781 3100 3838 facere
3134 3783 3420 3839 debeamus
3461 3787 3548 3854 qui
3587 3785 3737 3841 nobis

2145 3884 2398 3943 praesunt,
2431 3882 2484 3928 et
2508 3884 2563 3928 ut
2591 3873 2848 3930 faciamus
2870 3883 3024 3932 orent
3058 3893 3154 3946 pro
3189 3877 3341 3933 nobis
3371 3899 3384 3935 :
3423 3895 3526 3933 non
3557 3889 3735 3934 autem

2143 3981 2242 4020 nos
2271 3965 2559 4034 corripiant
2600 3975 2654 4022 et
2695 3977 2955 4037 arguant,
2989 3968 3032 4022 si
3074 3984 3178 4023 non
3224 3969 3524 4025 fecerimus.
3568 3991 3586 4024 ι
3628 3971 3737 4026 Ima

2145 4057 2322 4110 omnia
2357 4055 2484 4110 fiant
2512 4073 2526 4110 ε
2557 4055 2808 4126 quoniam
2833 4056 3080 4113 ductores
3104 4058 3464 4114 Ecclesiarutn
3495 4061 3734 4134 Apostuli

2143 4149 2320 4202 omnia
2375 4147 2678 4216 faciebant,
2725 4161 2778 4204 et
2826 4151 3206 4220 pra-cipiehant
3256 4168 3375 4222 qtae
3421 4153 3641 4214 fierent.
3683 4164 3733 4210 et

2142 4240 2502 4309 c0rt'ipieliant
2543 4241 2586 4294 si
2637 4257 2740 4295 non
2785 4243 3014 4307 fierent,
3053 4252 3108 4297 et
3150 4245 3373 4299 orabant
3421 4254 3476 4298 ut
3526 4245 3729 4298 fierent.

2107 4330 2389 4402 ,Prmcipit
2419 4333 2706 4400 Apostolus
2733 4333 2914 4386 dicens
2939 4376 2954 4400 ,
2988 4332 3174 4388 Omnia
3203 4347 3364 4389 vestra
3408 4354 3522 4390 cum
3561 4338 3732 4391 chari-

2143 4432 2244 4475 tate
2271 4423 2289 4453 ¹
2319 4423 2446 4490 ﬁant
2480 4420 2586 4494 (Id.
2615 4439 2723 4486 xvt,
2755 4423 2864 4487 l4).
2893 4423 3124 4495 Corripit
3151 4425 3363 4488 dicens,
3389 4426 3510 4480 Jam
3533 4428 3732 4499 quidem

2141 4513 2346 4566 omnino
2389 4514 2624 4567 delictum
2662 4527 2741 4570 est
2793 4515 2843 4569 in
2888 4518 3024 4571 vobis
3049 4517 3099 4584 ³,
3144 4519 3263 4588 quia
3301 4519 3503 4591 judicia
3544 4519 3734 4574 habetis

2140 4606 2410 4658 vobiscum.
2446 4605 2616 4672 Quare
2639 4608 2771 4660 enim
2802 4625 2902 4661 non
2932 4609 3094 4678 magis
3122 4609 3434 4679 iniquitatem
3463 4612 3733 4682 patimini.“

2139 4712 2295 4766 quare
2342 4713 2442 4750 non
2496 4697 2664 4767 potius
2714 4697 3027 4768 fraudamini
3051 4701 3078 4754 Γ
3134 4699 3240 4754 Sed
3283 4717 3368 4754 vos
3414 4702 3727 4772 iniquitatem

2141 4791 2326 4860 facitis,
2373 4800 2419 4843 et
2451 4791 2722 4862 fraudatis,
2752 4801 2796 4844 et
2830 4792 2923 4845 hoc
2959 4793 3143 4862 fratres
3167 4793 3205 4846 ⁴.
3247 4794 3325 4847 Au
3369 4796 3568 4849 nescitis
3606 4796 3724 4864 quia

2138 4880 2316 4952 injusti
2359 4898 2566 4952 regnum
2595 4881 2694 4936 Dei
2737 4900 2837 4936 non
2885 4884 3210 4953 possidebunt
3252 4883 3379 4954 (Id.
3406 4902 3454 4940 \‘t
3474 4929 3488 4952 ,
3519 4888 3548 4940 7
3569 4917 3594 4928 -
3613 4887 3682 4958 9)
3706 4892 3726 4940 ΐ

2137 4971 2429 5026 Audiamus
2457 4981 2512 5028 et
2548 4983 2787 5028 orantem
2822 4991 2836 5028 :
2874 4972 2973 5029 Vos
3000 4985 3202 5042 autent,
3235 4976 3406 5046 inquit
3430 5019 3445 5042 ,
3477 4977 3726 5034 Dominus

2110 5063 2435 5130 ,multiplicet
2455 5106 2469 5128 ,
2499 5075 2544 5118 et
2574 5065 2834 5119 abundare
2875 5065 3033 5135 faciat
3061 5066 3110 5120 in
3147 5066 3392 5122 charitate
3427 5071 3478 5124 in
3518 5072 3722 5126 iuvirrnt

2136 5164 2182 5206 rt
2220 5155 2272 5206 in
2313 5171 2484 5208 omnes
2523 5156 2578 5226 (Ι
2609 5155 2787 5210 Thess.
2819 5172 2893 5219 ιιι,
2930 5156 3036 5229 12).
3067 5158 3343 5230 Pra'cipit,
3373 5171 3428 5216 ut
3469 5162 3727 5218 habeatur

2134 5243 2366 5299 Charitas
2394 5263 2406 5297 :
2440 5249 2686 5316 corripit,
2719 5249 2839 5318 quia
2869 5266 2972 5305 non
3006 5249 3230 5307 habetur
3264 5255 3497 5310 cliaritas
3536 5275 3548 5308 :
3583 5268 3723 5320 orat,

2136 5343 2190 5388 ιιι
2221 5335 2451 5392 abundet
2489 5337 2742 5394 t-ltaritas.
2772 5342 2816 5395 Ο
2842 5342 3022 5408 homo,
3053 5344 3103 5398 in
3140 5349 3492 5416 praeceptione
3530 5366 3722 5420 cogno-

2133 5439 2222 5479 sce
2271 5426 2395 5495 quid
2449 5428 2646 5484 debeas
2692 5430 2926 5498 habere;
2977 5433 3026 5488 in
3074 5439 3411 5508 correptione
3460 5455 3722 5511 cognosce

2194 5558 2212 5626 ξ
2248 5567 2346 5626 Am.
2373 5565 2448 5609 Er.
2470 5569 2519 5609 et
2543 5560 2766 5625 pleriqttc
2789 5571 2915 5623 Mss,
2940 5566 3061 5626 ejus.

2193 5620 2214 5650 ³
2248 5620 2650 5696 ξιςηιιτιειιιξυὶἠιιί
2673 5620 2975 5679 (λιιιιωιιιέί
2999 5633 3204 5679 \‘atitani
3243 5642 3294 5680 ut
3314 5648 3387 5696 sit;
3406 5648 3457 5683 ra
3493 5634 3584 5684 cel.
3610 5638 3718 5686 {Lib}.

2133 5687 2186 5729 At
2215 5682 2345 5736 editi,
2374 5683 2423 5731 in
2457 5682 2707 5736 cli-(tritate.

2193 5744 2213 5774 ⁸
2237 5754 2339 5791 Mss.
2369 5747 2611 5804 (nuittttitt,
2639 5750 2688 5797 in
2712 5749 2857 5800 volris.

2191 5805 2210 5834 δ
2245 5805 2379 5876 ιςιὶἱιί.
2408 5807 2517 5865 ﬁat
2535 5807 2656 5884 ilius.
2683 5820 2862 5882 t'tnmt-s
2886 5822 3047 5864 autem
3073 5823 3196 5873 lissi,
3233 5821 3408 5881 [ηυρλ-εδ
3437 5832 3455 5869 .'
3480 5823 3696 5886 accipiat

2128 5865 2239 5914 dum
2267 5870 2310 5915 in
2338 5873 2586 5920 :u-etisaruii
2608 5889 2739 5932 casn,
2758 5877 2894 5935 juxta
2921 5891 3149 5937 grauius.
