4122 6494
457 430 562 485 M9

456 563 548 602 tuo
588 557 642 601 te
669 545 794 600 vitio
827 560 930 598 non
957 541 1193 607 habere;
1248 542 1299 596 in
1343 544 1585 598 oratione
1610 558 1874 614 cognosce
1902 545 2042 597 unde

452 642 687 710 accipias
722 637 863 710 quod
905 635 983 690 vis
1025 634 1242 690 habere.

523 730 751 788 CAPUT
788 715 874 784 iV.
907 757 980 769 —
1004 726 1056 783 6.
1106 746 1124 779 ι
1150 726 1449 796 Quomodo,
1488 747 1506 779 ι
1542 729 1730 797 inquit,
1765 747 1784 779 ι
1811 745 1932 783 meo
1963 729 2043 782 vi—

453 831 528 881 tio
554 842 658 881 non
689 825 931 888 habetur,
956 822 1093 892 quod
1125 837 1229 875 non
1256 821 1434 889 aet-cpi
1461 821 1530 875 ab
1568 821 1690 887 illo,
1733 837 1770 875 a.
1800 836 1908 890 quo
1945 822 2044 876 nisi

450 924 631 986 detur,
674 933 780 973 non
819 926 903 971 est
944 914 1164 968 omnino
1205 913 1376 967 alius‘
1426 912 1568 968 unde
1610 914 1712 967 tale
1748 926 1811 967 ac
1841 923 2042 968 tantum

452 1025 647 1065 munus
695 1006 991 1063 habeatur?
1017 1023 1039 1058 ι
1093 1004 1341 1059 Patimini
1381 1019 1467 1058 tne
1507 1003 1798 1074 paululum,
1850 1004 2043 1060 fratres

454 1104 581 1169 ntei,
617 1117 721 1157 non
752 1100 1035 1156 adversum
1066 1113 1180 1160 vos,
1211 1111 1434 1168 quorum
1466 1107 1670 1152 rectum
1694 1108 1777 1152 est
1802 1111 1897 1152 cor
1921 1113 2041 1153 cum

456 1196 599 1261 Deo,
639 1192 731 1248 sed
772 1192 1029 1245 adversus
1057 1203 1152 1245 eos
1181 1190 1268 1257 qui
1301 1197 1511 1243 terrena
1551 1187 1791 1257 sapiunt,
1836 1188 1922 1243 vel
1950 1189 2043 1242 ad-

454 1300 640 1343 versus
668 1285 810 1353 ipsas
836 1283 1093 1337 humanas
1120 1279 1488 1350 cegitationes,
1512 1293 1617 1348 pro
1629 1278 1863 1333 caelestis
1887 1289 1940 1334 et
1962 1278 2041 1332 di-

454 1382 591 1436 vina:
617 1380 803 1451 gratia:
835 1378 1057 1432 veritate
1083 1372 1289 1429 certare
1304 1373 1346 1426 ³.
1380 1371 1495 1427 Hoc
1520 1372 1663 1427 enim
1691 1371 1869 1427 dicunt
1897 1416 1912 1439 ,
1953 1374 2043 1443 qui

452 1474 502 1526 in
533 1472 646 1527 suis
677 1470 919 1540 malignis
941 1466 1192 1539 operibus
1228 1466 1296 1520 ab
1324 1466 1478 1535 hujus
1501 1466 1686 1536 gratia:
1724 1466 2040 1536 praedicato-

452 1566 599 1621 ribus
624 1565 817 1634 corripi
850 1564 1037 1617 noluat
1065 1577 1080 1611 :
1119 1579 1138 1612 ι
1164 1560 1402 1628 Ρταιεὶνθ
1429 1559 1560 1615 mihi
1586 1559 1710 1630 quid
1741 1558 1929 1614 faciam
1956 1573 2044 1615 :et

449 1660 496 1714 si
527 1659 734 1724 fecero,
765 1672 863 1728 age
895 1671 991 1724 pro
1019 1669 1104 1708 me
1127 1652 1324 1724 gratias
1354 1653 1493 1720 Deo,
1532 1653 1622 1723 qui
1654 1652 1783 1707 mihi
1820 1660 1877 1707 ut
1906 1652 2042 1707 face-

449 1765 563 1805 rem
590 1749 766 1811 dedit;
803 1747 845 1801 si
883 1757 1059 1800 autem
1100 1760 1204 1799 nou
1234 1743 1436 1814 fecero,
1484 1759 1591 1799 non
1621 1760 1720 1815 ego
1748 1745 2041 1815 corripien-

449 1842 548 1897 dus
579 1857 717 1907 sum,
744 1838 835 1893 sed
870 1836 956 1893 ille
982 1835 1215 1892 orandus
1240 1846 1343 1901 est,
1375 1846 1429 1889 ut
1458 1835 1548 1891 det
1572 1836 1712 1905 quod
1740 1851 1846 1890 nou
1875 1835 2040 1900 dedit,

450 1934 501 1986 id
529 1942 612 1986 est
640 1932 833 2000 ipsam,
860 1945 961 1996 qua
987 1936 1249 1999 prtcccpta
1280 1927 1400 1998 ejus
1425 1924 1614 1993 liuut',
1640 1926 1848 1981 ﬁdelem
1880 1926 1969 1981 Dei
1992 1938 2045 1981 et

451 2023 676 2094 proximi
705 2022 1044 2077 charitatem.
1076 2018 1183 2073 Ora
1214 2032 1341 2088 ergo
1381 2033 1476 2087 pro
1518 2033 1601 2070 tne
1648 2029 1703 2071 ttt
1738 2017 1873 2071 hanc
1904 2018 2043 2071 acci-

447 2116 609 2187 piatn,
640 2127 693 2169 et
720 2129 812 2184 per
837 2111 973 2167 hanc
1003 2127 1067 2166 ex
1107 2111 1285 2164 animo
1309 2125 1431 2164 cum
1462 2112 1597 2165 bona
1631 2110 1898 2165 voluntate
1923 2125 2041 2182 qua:

446 2208 684 2279 pta-cipit
711 2206 922 2261 faciam.
950 2204 1121 2260 Recte
1142 2212 1320 2259 autem
1343 2207 1665 2273 corriperer,
1697 2204 1740 2260 si
1771 2219 1889 2259 eam
1923 2220 2041 2260 utea

444 2301 601 2370 culpa
626 2314 733 2354 non
755 2297 1042 2361 haberem;
1068 2298 1169 2350 hoc
1190 2306 1293 2359 est,
1319 2301 1361 2349 sl
1385 2310 1502 2349 eam
1525 2310 1734 2365 possem
1764 2296 1893 2351 mihi
1914 2297 2043 2353 dare

446 2395 527 2449 vel
555 2381 764 2448 sumere
782 2392 917 2460 ipse,
943 2404 1040 2443 nec
1066 2388 1319 2452 facerent,
1344 2389 1425 2442 vel
1450 2389 1494 2441 si
1525 2388 1685 2443 dante
1715 2389 1805 2443 illo
1828 2404 1927 2458 ego
1954 2405 2043 2445 ac-

445 2489 625 2557 cipere
649 2483 959 2540 IiOlUlrSCﬂl.
986 2479 1121 2538 Cum
1143 2495 1272 2535 vero
1296 2490 1360 2535 et.
1378 2480 1488 2550 ipsa
1509 2480 1751 2534 voluntas
1771 2496 1798 2533 a
1820 2482 2042 2537 Domino

448 2588 778 2651 praeparetur
807 2595 826 2628 ι
852 2574 1035 2647 (Prov.
1056 2589 1170 2641 vtu,
1193 2589 1294 2629 sec.
1320 2572 1508 2645 LXX),
1535 2596 1555 2625 ‹
1579 2588 1676 2629 cur
1693 2589 1779 2630 me
1795 2575 2038 2646 corripis,

446 2674 570 2743 quia
597 2669 746 2726 vides
774 2684 859 2724 me
887 2669 1003 2739 ejus
1027 2677 1295 2739 praecepta
1326 2665 1503 2722 facere
1532 2666 1705 2732 nolle;
1736 2678 1788 2722 et
1814 2682 1923 2722 tton
1944 2682 2040 2738 po-

446 2765 550 2818 tius
577 2763 748 2832 ipsum
784 2773 958 2830 rogas,
988 2768 1044 2812 ut
1070 2760 1120 2813 in
1148 2771 1235 2813 me
1261 2768 1514 2828 operetur
1543 2766 1597 2813 et
1616 2757 1793 2813 velle?
1825 2777 1844 2811 ›

514 2852 745 2910 CAPUT
786 2850 849 2905 ν.
879 2881 948 2892 -
976 2852 1029 2906 7.
1074 2849 1152 2904 Ad
1181 2849 1294 2905 lucc
1320 2851 1706 2920 respondemus
1737 2869 1751 2906 :
1782 2850 2037 2918 Quicum-

445 2961 553 3016 que
582 2944 678 2999 Dei
710 2953 971 3014 prater-pta
1000 2943 1109 3012 jant
1142 2942 1235 2996 tibi
1265 2954 1387 2997 uota
1418 2956 1523 2996 non
1564 2940 1722 3010 facis,
1763 2952 1817 2997 et
1844 2945 2040 3015 corripi

446 3052 550 3091 non
580 3036 680 3103 vis,
710 3037 869 3091 etiam
892 3043 1174 3105 propterea
1197 3031 1568 3104 corripiendus
1589 3047 1668 3103 es,
1694 3035 1817 3106 quia
1841 3036 2040 3107 corripi

444 3146 552 3185 non
576 3130 672 3186 vis.
706 3126 822 3183 Non
854 3128 937 3182 vis
963 3128 1105 3183 enim
1132 3125 1225 3181 tibi
1254 3137 1340 3181 tua
1372 3126 1497 3181 vitia
1517 3125 1870 3183 demonstrari
1893 3146 1908 3183 :
1932 3143 2043 3184 non

444 3225 522 3279 vis
548 3232 606 3278 ιιι
627 3222 907 3288 feriantur,
937 3220 1131 3291 fiatque
1157 3219 1255 3275 tibi
1283 3218 1428 3275 utilis
1448 3219 1625 3287 dolor,
1646 3236 1752 3291 quo
1773 3220 2037 3277 medicum

443 3330 652 3386 quaeras
684 3331 697 3368 :
732 3329 837 3369 non
871 3314 950 3368 vis
989 3313 1085 3368 tibi
1113 3322 1169 3367 tu
1204 3311 1319 3382 ipse
1355 3311 1596 3380 ostendi,
1630 3324 1686 3368 ut
1713 3329 1834 3371 cum
1862 3313 2039 3372 defor-

445 3426 584 3464 mem
614 3419 665 3464 te
692 3409 860 3475 vidcs,
893 3409 1299 3463 reformatorem
1326 3405 1621 3471 desideres,
1651 3409 1807 3479 eique
1834 3411 2044 3480 suppli-

444 3521 555 3567 res,
596 3520 665 3556 ne
701 3504 752 3555 in
798 3500 885 3554 illa
916 3512 1195 3556 remaneas
1225 3498 1482 3555 foeditate.
1515 3498 1692 3555 Tuum
1730 3501 1927 3572 quippe
1964 3504 2041 3557 vi-

444 3597 575 3649 tium
606 3607 684 3650 cst
715 3596 856 3666 quod
888 3594 1059 3649 malus
1084 3606 1163 3658 es,
1192 3604 1245 3647 et
1271 3594 1441 3663 majus
1470 3593 1654 3648 vitium
1680 3595 1878 3665 corripi
1899 3595 2041 3653 nolle

443 3688 566 3756 quia
594 3688 764 3749 malus
794 3700 852 3743 es
878 3704 891 3740 :
916 3686 1068 3757 quasi
1110 3683 1371 3740 laudanda
1411 3685 1495 3741 vel
1534 3685 1901 3743 indifferenter
1941 3688 2037 3742 ha-

445 3780 617 3837 benda
660 3781 769 3836 sint
805 3779 953 3846 vitia,
1002 3787 1060 3833 ut
1102 3792 1276 3847 neque
1315 3778 1598 3832 laudentur
1627 3793 1803 3848 neque
1833 3779 2040 3849 vitupe-

446 3880 660 3937 rentur;
698 3880 792 3925 aut
816 3885 944 3924 vero
974 3869 1106 3924 nihil
1147 3880 1265 3939 agat
1309 3871 1469 3923 timor
1508 3871 1738 3939 correpti
1783 3869 2035 3937 hominis,

445 3962 530 4019 vel
561 3961 752 4035 pudor,
782 3960 864 4016 vel
890 3960 1074 4025 dolor;
1118 3969 1211 4013 aut
1237 3958 1379 4013 aliud
1425 3969 1567 4030 agat,
1609 3974 1728 4016 cum
1759 3961 2042 4017 salubriter

445 4056 706 4121 stimulat,
734 4053 833 4109 nisi
861 4063 920 4108 ut
940 4063 1155 4123 rogetur
1183 4052 1373 4119 bonus,
1402 4062 1457 4107 et
1476 4051 1500 4084 δ
1529 4070 1591 4108 ex
1626 4054 1781 4110 malis
1807 4056 1897 4125 qui
1921 4070 2040 4110 cor-

448 4151 733 4220 ripinntur,
767 4148 936 4203 bonos
968 4147 1124 4201 faciat
1144 4145 1233 4217 qui
1257 4143 1555 4201 laudentur.
1586 4145 1737 4215 Quod
1765 4148 1909 4203 enim
1930 4148 2041 4204 vult

448 4257 546 4311 pro
569 4256 628 4296 se
655 4239 766 4301 fieri
796 4239 886 4308 qui
912 4237 1108 4307 corripi
1141 4252 1248 4292 non
1277 4236 1420 4305 vult,
1459 4251 1513 4293 ct
1542 4238 1671 4293 dicit
1691 4281 1706 4304 ,
1734 4238 1838 4295 0m
1867 4241 2043 4310 potius

450 4350 548 4404 pro
581 4347 698 4397 me;
746 4330 867 4386 ideo
904 4326 1276 4399 corripiendus
1302 4338 1414 4399 est,
1450 4339 1506 4384 ιιι
1534 4326 1693 4384 faciat
1724 4334 1885 4386 etiam
1929 4332 2057 4403 ipso

451 4439 549 4494 pro
578 4437 657 4477 se.
693 4421 852 4475 Dolor
873 4420 1070 4490 quippe
1106 4419 1214 4484 ille,
1251 4431 1357 4488 quo
1382 4418 1485 4473 sibi
1515 4416 1792 4488 diSplicet,
1832 4422 2044 4491 quando

438 4513 616 4569 'scutit
636 4509 990 4579 correptionis
1019 4508 1285 4574 aculeum,
1302 4509 1496 4563 excitat
1512 4524 1632 4563 cum
1652 4511 1706 4564 in
1724 4510 1942 4580 majoris
1965 4513 2043 4583 (α)

450 4604 709 4660 orationis
751 4602 1035 4665 allectum;
1088 4612 1142 4655 ut
1191 4598 1302 4655 Deo
1349 4599 1659 4669 miserante,
1713 4599 2045 4658 incremento

451 4696 726 4754 chari‘atis
765 4694 979 4763 adjutus
1007 4692 1216 4747 desinat
1247 4706 1409 4761 agere
1437 4690 1680 4761 pudenda
1710 4702 1765 4748 et
1792 4692 2042 4761 dolenda,

451 4800 506 4842 et
534 4796 654 4857 agat
685 4784 946 4839 laudanda
977 4794 1136 4851 atque
1164 4780 1442 4850 gratanda.
1479 4780 1606 4836 Huic
1632 4792 1716 4838 est
1749 4784 2044 4856 correptio-

454 4893 535 4933 ius
562 4879 780 4940 utilitas,
813 4892 934 4946 qua:
966 4889 1109 4930 nunc
1136 4875 1327 4944 major,
1358 4887 1499 4930 nunc
1538 4873 1715 4931 minor
1738 4892 1836 4947 pro
1861 4889 2046 4948 pecca-

453 4983 628 5023 torum
649 4967 957 5023 diversitate
986 4964 1273 5019 salubriter
1293 4965 1604 5031 adhibetur;
1633 4978 1686 5021 et
1712 4977 1838 5023 tunc
1856 4979 1940 5024 est
1962 4981 2047 5023 sa-

456 5059 645 5126 ‘uhris,
676 5057 891 5129 quando
918 5069 1185 5126 snperuus
1220 5056 1457 5111 medicus
1491 5057 1723 5126 respicit.
1755 5057 1871 5112 Neu
1901 5060 2047 5115 enim

454 5152 653 5221 aliquid
691 5150 920 5220 prolicit,
951 5148 1050 5203 uisi
1075 5162 1197 5203 cum
1225 5148 1348 5203 facit
1375 5159 1435 5203 ut
1455 5150 1655 5218 peccati
1676 5151 1758 5204 sui
1784 5165 2049 5221 quemque

460 5245 733 5312 poeniteat.
764 5240 826 5294 Et
851 5239 970 5309 quis
996 5241 1095 5292 hoc
1112 5238 1221 5302 dat,
1248 5240 1348 5293 nisi
1368 5242 1456 5310 qui
1486 5241 1719 5310 reSpexit
1746 5243 2048 5311 apostolum

463 5342 676 5390 i‘ctrum
700 5344 998 5404 negantem,
1020 5342 1073 5387 et
1099 5334 1218 5388 fecit
1238 5338 1451 5388 ﬂentem
1475 5332 1631 5407 (Lar.
1645 5352 1776 5401 χχιι,
1809 5336 1894 5403 6|,
1924 5337 2049 5410 82)?

462 5429 614 5484 liade
643 5440 691 5481 et
715 5428 990 5496 apostolus
1022 5426 1211 5480 Paulus
1237 5437 1576 5495 posteaquam
1602 5424 1755 5487 divit.
1786 5446 1905 5485 cun.
1937 5448 2051 5486 mo-

525 5527 539 5553 t
579 5532 674 5568 Am.
704 5528 754 5567 ειι
776 5524 902 5569 ντες..
939 5516 1093 5565 (:lilld.

524 5590 540 5615 ε
586 5596 677 5631 ant.
705 5590 758 5628 et.
780 5586 851 5644 llr.
877 5587 927 5626 et
957 5588 1066 5627 ceto
1090 5594 1148 5627 ex
1184 5578 1431 5629 calfit-anis
1473 5588 1600 5637 llas,
1645 5596 1730 5644 pro
1775 5583 1876 5631 m'lo
1897 5586 1977 5633 stis
2007 5591 2051 5635 et

461 5647 639 5697 dicitur}
679 5641 851 5706 gratia:
875 5644 1107 5706 eituttue
1146 5650 1347 5706 vertice.
1376 5641 1659 5693 mrimuit-us
1692 5656 1736 5693 et
1790 5646 2054 5695 \ltrucnsts
2097 5670 2115 5687 ο

463 5716 585 5763 Μελ,
615 5722 653 5763 υ.
673 5702 700 5753 ὁ
726 5704 904 5754 valesii
927 5712 969 5751 et
996 5702 1059 5752 di.
1079 5703 1156 5750 inst
1182 5704 1235 5751 r/t
1259 5719 1284 5751 il
1301 5704 1411 5753 ἑιςιίυ
1432 5722 1497 5753 ι·κί
1516 5716 1633 5755 ture.

530 5774 548 5801 π
581 5760 651 5817 st:
685 5776 787 5815 uss.
817 5768 930 5814 litlili
961 5782 1093 5821 κυιιιι,
1124 5764 1253 5828 lina.

530 5836 547 5863 δ
592 5834 763 5892 aliquid
800 5842 878 5873 \ln
905 5836 1001 5897 3ιι.

529 5904 601 5955 ιιι)
635 5901 671 5939 iv
698 5904 793 5945 tte,
817 5905 942 5951 ηεξατ»
974 5903 1063 5937 «Ἧι.

1277 423 1365 483 DE
1403 422 1884 486 COltREi’TlONl-Z
1927 426 2013 486 ET
2053 431 2331 504 GllATlA,
2372 438 2428 494 s.
2471 430 2842 501 maestast

3637 461 3740 518 9‘19

2155 548 2323 602 destia
2353 552 2718 622 corripiendos
2743 573 2861 612 esse.
2890 560 3097 617 diversa
3128 564 3418 621 sentientes
3438 610 3451 635 ,
3499 573 3742 639 protinus

2152 639 2372 704 addidit,
2408 641 2487 696 Ne
2515 648 2721 717 quando
2745 650 2828 702 det
2847 650 2920 704 eis
2948 650 3081 707 Deus
3101 656 3441 722 penitentiam
3465 660 3534 713 ad
3553 677 3739 733 cogno-

2151 734 2385 787 scendam
2413 736 2664 791 veritatem
2683 783 2697 804 ,
2726 751 2773 793 et
2802 741 3099 813 resipiscam
3133 747 3197 800 de
3223 748 3415 804 diaboli
3450 751 3643 823 [opacis
3662 755 3739 830 (ll

2150 821 2285 881 Tim.
2310 840 2364 891 tt,
2395 828 2483 895 ‘25,
2516 830 2631 900 26).

2221 915 2273 972 8.
2314 916 2424 974 Cur
2449 931 2626 976 autem
2657 925 2742 999 isti
2767 928 2857 996 qui
2888 930 3078 999 corripi
3098 932 3305 999 nolunt,
3324 935 3525 1004 dicunt,
3555 957 3572 989 ι
3597 938 3740 995 Tan-

2151 1018 2262 1063 tum
2283 1012 2511 1081 prmcipe
2533 1014 2685 1082 mihi,
2715 1026 2769 1071 et
2788 1032 2882 1072 ora
2909 1035 3005 1090 pro
3026 1036 3131 1089 me,
3158 1034 3213 1077 ut
3233 1026 3372 1094 quod
3400 1029 3641 1099 praecipis
3663 1032 3741 1085 fa-

2147 1100 2325 1155 ciam?
2358 1123 2378 1155 ι
2407 1102 2516 1159 Cur
2538 1121 2643 1161 non
2677 1109 2852 1178 potius
2879 1113 3170 1169 secundum
3197 1132 3351 1172 suum
3384 1135 3602 1189 pravum
3625 1138 3741 1178 sen-

2148 1207 2265 1248 sum
2291 1206 2344 1251 et
2372 1196 2469 1251 ista
2495 1197 2603 1254 duo
2631 1211 2906 1272 reSpuunt,
2934 1214 2991 1260 et
3010 1206 3215 1275 dicunt,
3247 1208 3356 1266 Nec
3376 1220 3429 1265 ut
3460 1216 3740 1285 principia:

2151 1285 2301 1354 mihi,
2330 1303 2428 1345 nec
2453 1300 2510 1345 ut
2538 1306 2663 1347 ores
2692 1310 2788 1364 pro
2813 1311 2900 1351 me
2924 1298 3080 1353 volo?
3121 1300 3253 1368 Quis
3281 1303 3424 1359 enim
3460 1304 3736 1363 hominum

2148 1378 2446 1435 ostenditur
2471 1395 2655 1438 orasse
2680 1399 2778 1455 pro
2805 1385 2996 1454 Petro,
3040 1398 3101 1445 ut
3125 1390 3275 1447 daret
3312 1394 3360 1449 ei
3394 1395 3535 1450 Deus
3562 1400 3737 1468 paeni-

2150 1470 2390 1535 tentiam,
2419 1487 2523 1541 qua
2554 1488 2614 1528 se
2636 1490 2859 1546 negasse
2888 1478 3169 1536 Domimtm
3195 1482 3376 1539 ﬂevit?
3403 1486 3532 1554 Quis
3562 1487 3738 1544 homi-

2150 1574 2275 1614 num
2302 1560 2524 1618 Paulum
2563 1563 2757 1621 divinis
2793 1571 3071 1640 prmeeptis
3095 1572 3163 1626 ad
3196 1571 3355 1630 ﬁdem
3392 1576 3737 1635 christiauam

2151 1653 2537 1719 pertinentibus
2554 1658 2821 1715 erudivit?
2846 1662 2978 1717 Cum
3005 1678 3135 1735 ergo
3149 1665 3424 1722 audiretur
3443 1670 3740 1739 pratdicans

2150 1743 2512 1813 Evangelium,
2555 1758 2608 1802 et
2645 1749 2853 1819 dicens,
2902 1752 3096 1808 Notum
3126 1758 3259 1810 enim
3284 1758 3421 1812 vobis
3444 1760 3597 1829 facio,
3628 1766 3739 1834 fra-

2147 1847 2266 1902 tres,
2304 1836 2633 1910 Evattgelium
2652 1844 2787 1911 quod
2808 1847 3206 1916 euangelizatum
3232 1859 3306 1904 est
3326 1867 3356 1903 a
3374 1867 3469 1917 me,
3499 1854 3618 1924 quia
3634 1871 3737 1909 non

2147 1937 2219 1980 est
2244 1934 2519 1983 secundum
2545 1932 2832 1998 hominem;
2865 1952 3022 2006 neque
3046 1939 3175 1991 enim
3205 1948 3297 2010 ego
3330 1941 3392 1995 ab
3419 1943 3620 1998 homine
3646 1962 3737 1999 ac-

2147 2020 2257 2089 repi
2293 2020 2442 2085 illud,
2478 2039 2635 2093 neque
2667 2025 2844 2093 didici,
2886 2028 2976 2081 sed
3020 2045 3110 2099 per
3155 2031 3508 2087 reuelationem
3551 2033 3738 2091 Christi

2145 2111 2269 2165 Iesu
2291 2111 2488 2185 (Galat.
2521 2130 2558 2177 ι,
2584 2116 2672 2178 ll,
2701 2116 2835 2186 12).:
2869 2121 3286 2189 responderetur
3312 2123 3382 2191 ei,
3413 2125 3550 2195 Quid
3582 2127 3738 2183 nobis

2147 2206 2405 2261 molestus
2443 2222 2524 2275 es,
2565 2218 2623 2264 ut
2654 2210 2751 2266 abs
2791 2222 2844 2267 te
2887 2213 3212 2283 accipiamus
3252 2224 3413 2287 atque
3445 2218 3736 2286 discamus,

2147 2295 2286 2366 quod
2327 2307 2383 2352 tu
2427 2313 2532 2352 non
2573 2299 2645 2355 ab
2690 2301 2906 2358 homine
2946 2306 3200 2375 accepisti
3247 2323 3424 2379 neque
3467 2309 3736 2366 didicisti?

2147 2387 2342 2444 Potens
2370 2398 2453 2444 est
2481 2390 2574 2446 ille
2594 2393 2609 2423 ‘
2639 2391 2727 2462 qui
2760 2392 2851 2448 tibi
2881 2392 3046 2463 dedit,
3079 2396 3159 2451 sic
3185 2406 3241 2452 et
3268 2398 3422 2453 nobis
3445 2399 3574 2455 dare
3597 2416 3734 2471 quo-

2146 2480 2309 2535 modo
2344 2482 2458 2537 tibi.
2500 2481 2670 2539 Porro
2716 2486 2761 2540 si
2793 2485 2895 2541 hoc
2925 2502 3030 2542 non
3061 2488 3262 2545 audent
3285 2491 3482 2558 dicere,
3513 2492 3607 2549 sed
3639 2510 3735 2566 pa-

2148 2571 2350 2625 tiuntur
2372 2571 2473 2627 sibi
2500 2572 2845 2645 Evangelium
2872 2576 2941 2631 ab
2968 2577 3183 2635 homine
3213 2581 3521 2650 prmdicari;
3551 2599 3737 2654 quam-

2145 2665 2227 2720 vis
2249 2664 2410 2721 etiam
2436 2666 2607 2736 possit
2629 2683 2736 2723 non
2763 2684 2862 2739 per
2900 2669 3172 2728 hominem
3202 2672 3402 2728 homini
3424 2675 3536 2730 dari
3564 2690 3578 2738 ;
3603 2692 3737 2732 con-

2143 2756 2336 2813 cedant
2369 2758 2528 2813 etiam
2567 2761 2763 2830 corripi
2809 2777 2867 2816 se
2906 2762 3105 2821 debere
3143 2781 3173 2819 a
3217 2768 3518 2837 prtepositis
3546 2769 3677 2838 suis,
3704 2786 3742 2829 tt

2143 2848 2339 2918 quibus
2379 2849 2671 2907 christiana
2720 2856 2888 2924 gratia
2942 2857 3291 2926 prtudicatur;
3340 2862 3583 2929 quamvis
3629 2876 3736 2919 non

2144 2951 2365 3010 negetur
2395 2942 2535 2997 Deus
2565 2957 2747 3013 posse,
2781 2960 2941 3015 quem
2969 2947 3114 3011 velit,
3146 2948 3305 3003 etiam
3340 2950 3487 3005 nullo
3521 2952 3736 3009 homine

2142 3032 2485 3102 eorripiente,
2514 3034 2806 3106 corrigere,
2832 3046 2887 3093 ct
2909 3036 2976 3092 ad
3001 3037 3240 3095 dolorem
3272 3040 3539 3097 salubrem
3565 3041 3734 3113 pinni-

2145 3125 2324 3180 tentiae
2366 3126 2723 3183 occultissima
2775 3140 2828 3183 et
2877 3131 3245 3199 potentissima
3290 3134 3568 3189 medicinae
3621 3150 3734 3191 suas

2144 3224 2407 3285 potestate
2432 3217 2741 3288 perducere.
2770 3219 2838 3275 Et
2860 3220 2995 3275 sicut
3025 3236 3132 3277 non
3159 3232 3241 3278 est
3267 3223 3335 3279 ab
3353 3226 3597 3282 oratione
3614 3240 3734 3281 ecs-

2143 3307 2367 3363 sandum
2400 3324 2496 3380 pro
2520 3309 2600 3366 eis
2624 3324 2760 3381 quos
2788 3311 2981 3384 corrigi
3009 3313 3280 3383 volumus,
3318 3318 3479 3371 etiam
3514 3318 3558 3373 si
3587 3319 3735 3376 nullo

2144 3398 2421 3454 hominum
2442 3409 2630 3455 orante
2660 3415 2757 3470 pro
2779 3400 2937 3456 Petro
2966 3402 3221 3459 Dominus
3245 3407 3479 3476 respexit
3505 3422 3649 3474 eum,
3679 3420 3737 3464 et

2144 3490 2267 3547 fecit
2290 3506 2414 3547 eum
2430 3506 2587 3547 suum
2612 3504 2886 3564 peccatum
2910 3494 3039 3552 flere
3064 3515 3076 3552 :
3101 3498 3170 3552 ita
3197 3512 3302 3554 non
3324 3512 3405 3554 est
3424 3502 3733 3573 negligenda

2142 3586 2431 3654 correptio,
2474 3586 2720 3656 quamvis
2766 3587 2908 3643 Deus
2944 3603 3081 3659 quos
3122 3591 3383 3657 voluerit,
3420 3594 3578 3649 etiam
3626 3610 3734 3651 non

2143 3688 2442 3747 correptos,
2479 3676 2635 3733 faciat
2677 3695 2794 3735 esse
2833 3690 3125 3737 correctos.
3157 3681 3309 3739 Tunc
3342 3693 3521 3749 autem
3550 3699 3736 3742 corre-

2147 3769 2328 3836 ptione
2373 3768 2578 3837 proficit
2613 3770 2794 3837 homo,
2828 3786 2950 3825 cum
2990 3772 3275 3827 miseretur
3298 3783 3459 3845 atque
3498 3775 3732 3846 adjuvat,

2145 3859 2235 3929 qui
2280 3860 2403 3914 facit
2432 3876 2566 3930 quos
2600 3862 2829 3917 voluerit
2866 3864 3024 3918 etiam
3053 3865 3170 3921 sine
3201 3868 3535 3937 correptione
3576 3871 3736 3939 proli-

2146 3967 2289 4007 cere.
2321 3952 2432 4009 Sed
2460 3968 2625 4024 quare
2668 3954 2753 4010 iSIi
2793 3956 2891 4021 sic,
2936 3956 3010 4010 illi
3047 3958 3217 4023 aliter,
3256 3967 3415 4029 atque
3440 3959 3529 4013 alii
3559 3961 3732 4027 aliter,

2146 4043 2375 4099 diversis
2399 4054 2453 4099 et
2480 4045 2951 4101 innumerabilibus
2980 4046 3153 4102 modis
3179 4058 3438 4103 vocentur
3470 4059 3527 4104 ut
3563 4050 3735 4105 refor-

2149 4144 2381 4201 mentur,
2410 4136 2550 4191 absit
2593 4147 2647 4190 ut
2672 4135 2913 4191 dicamus
2937 4136 3197 4206 judicium
3243 4139 3336 4193 luti
3367 4154 3488 4196 esse
3514 4141 3731 4209 debere,

2147 4228 2239 4283 sed
2268 4229 2430 4297 liguli.

2217 4318 2446 4375 CAPUT
2491 4319 2574 4374 Vl.
2598 4348 2669 4361 -—
2693 4321 2746 4376 9.
2796 4341 2813 4373 ι
2845 4322 3163 4392 Apostolus,
3203 4342 3221 4374 ι
3268 4324 3540 4394 inquiunt,
3587 4344 3606 4377 σ
3638 4326 3732 4390 ait,

2152 4409 2279 4477 Quis
2308 4411 2441 4465 enim
2468 4422 2515 4465 te
2537 4412 2819 4468 discernit?
2843 4412 2980 4481 Quid
3008 4424 3174 4468 autem
3202 4413 3355 4470 habet
3374 4415 3511 4485 quod
3530 4432 3631 4471 non
3649 4431 3739 4469 ae-

2149 4502 2361 4572 cepisti?
2390 4501 2450 4557 Si
2473 4514 2640 4556 autem
2665 4513 2710 4556 et
2738 4505 3005 4573 accepisti,
3048 4504 3173 4573 quid
3201 4505 3438 4575 gloriaris
3460 4506 3607 4575 quasi
3634 4522 3736 4561 non

2150 4594 2402 4664 acceperis
2428 4593 2469 4665 (l
2500 4593 2619 4648 Cor.
2651 4609 2726 4658 tv,
2760 4595 2852 4667 7)?
2879 4596 2988 4650 Cur
3015 4610 3145 4667 ergo
3183 4597 3524 4667 corripimur,
3556 4598 3739 4669 argui-

2152 4700 2291 4751 mur,
2322 4686 2783 4755 reprehendimur.
2813 4687 3168 4741 accusamur?
3205 4687 3343 4756 Quid
3374 4688 3618 4758 facimus,
3647 4691 3738 4761 qui

2150 4791 2257 4831 non
2295 4776 2634 4847 accepimus?
2662 4794 2681 4829 ι
2711 4777 2812 4844 Qui
2850 4777 2965 4833 haec
3006 4777 3208 4845 dicunt,
3241 4789 3392 4835 extra
3430 4780 3639 4850 culpam
3677 4794 3742 4838 se

2151 4869 2323 4924 videri
2360 4870 2567 4934 volunt,
2615 4868 2671 4924 in
2712 4868 2815 4923 hoc
2843 4867 2983 4938 quod
3011 4882 3117 4922 non
3144 4868 3402 4924 obediunt
3433 4871 3541 4926 Deo
3571 4889 3585 4925 :
3615 4869 3739 4940 quia

2154 4961 2334 5031 utique
2365 4960 2478 5029 ipsa
2509 4959 2809 5015 obcdientia
2837 4972 3029 5013 munus
3063 4959 3178 5029 ejus
3201 4970 3315 5027 est;
3357 4975 3478 5032 qua:
3518 4976 3741 5028 necesse

2154 5061 2238 5107 est
2267 5062 2325 5106 ut
2352 5054 2421 5105 sit
2447 5053 2500 5106 in
2519 5067 2588 5106 eo
2613 5052 2698 5107 cui
2728 5050 2963 5106 charitas
2994 5051 3151 5117 inest,
3178 5068 3296 5121 qtae
3323 5054 3440 5107 sine
3476 5052 3639 5108 dubio
3667 5067 3739 5109 ex
3828 5116 3843 5127 ,

2155 5142 2267 5199 Deo
2285 5152 2367 5198 est
2388 5144 2431 5212 (ι
2460 5140 2614 5195 Joan.
2649 5155 2723 5206 tv,
2756 5142 2837 5211 7),
2864 5151 2918 5196 et
2954 5142 3045 5196 dat
3083 5157 3201 5197 eam
3242 5142 3400 5197 Pater
3445 5144 3565 5197 llliis
3609 5145 3739 5198 suis.

2160 5256 2183 5286 ς
2218 5233 2385 5297 Hane,-
2418 5253 2436 5285 ι
2487 5233 2750 5302 inquiunt,
2793 5251 2812 5289 ς
2839 5248 2947 5286 non
2992 5235 3329 5301 accepimus;
3385 5235 3509 5303 quid
3564 5237 3745 5304 itaque

2155 5327 2492 5396 corripimur,
2535 5325 2686 5393 quasi
2729 5337 2825 5379 nos
2854 5339 2970 5379 eam
3010 5325 3162 5379 nobis
3199 5325 3330 5380 dare
3376 5327 3660 5395 possimus,
3693 5338 3746 5380 et

2160 5430 2341 5472 nostro
2389 5416 2609 5473 arbitrio
2648 5416 2780 5471 dare
2828 5418 3093 5471 uol-imus?
3127 5439 3146 5471 ι
3193 5417 3300 5473 Nec
3349 5419 3648 5480 attendunt,
3701 5421 3745 5473 si

2162 5511 2392 5563 nondum
2424 5520 2716 5579 regeneratt
2745 5521 2890 5576 sunt,
2916 5514 3526 5579 primaut-eSsecztusatn,
3547 5528 3641 5563 cur
3660 5512 3748 5562 ob-

2157 5601 2356 5672 jttt'gali
2394 5601 2533 5670 quod
2595 5604 2699 5654 sint
2751 5604 3114 5655 ἱηυῑηξάίουιιιυε
3172 5605 3313 5666 lico,
3362 5605 3458 5654 sibi
3518 5605 3749 5656 debeant

2162 5696 2466 5763 di.—plit't-t't',
2492 5695 2608 5761 quia
2641 5695 2761 5747 Γυνὴ
2799 5696 2932 5747 lla'th
2959 5697 3224 5747 hominem
3257 5708 3457 5747 l‘llt'llllll
3498 5699 3561 5746 ab
3600 5698 3751 5749 inrtio

2229 5870 2238 5898 '
2289 5881 2377 5914 tut.
2408 5874 2478 5914 llr.
2510 5877 2555 5915 ιιι
2591 5868 2755 5929 plures
2783 5878 2879 5914 ἰᾷ».
2913 5884 2921 5916 ;
2953 5866 3120 5919 Poma.»-
3146 5878 3212 5915 tu!
3234 5869 3360 5918 enim
3386 5869 3479 5918 illa.
