4122 6530
309 474 408 541 9ἔί

307 602 553 657 humanm
574 606 835 652 creatura:
864 582 1058 666 (Eri-le.
1085 607 1173 655 vn,
1205 590 1319 660 50).
1342 597 1393 641 et
1417 602 1521 640 non
1545 592 1625 640 est
1646 582 1897 652 iniquitas

306 694 448 766 apud
480 694 644 748 Deum
671 689 844 761 (Rom.
879 703 954 753 ix,
990 683 1097 757 tt).
1127 685 1203 737 Ac
1228 698 1324 752 per
1346 680 1445 734 hoc
1467 679 1635 751 prima
1666 675 1898 746 pravitas

306 805 407 858 qua
429 787 538 840 Deo
563 798 666 837 non
695 781 959 845 obeditur,
984 777 1051 831 ab
1080 777 1291 830 nomine
1316 783 1430 839 est;
1458 771 1581 842 quia
1601 771 1617 802 ³
1644 785 1709 824 ex
1741 766 1902 822 recti-

308 878 512 938 tudine,
536 877 587 928 in
613 888 718 943 qua
747 888 868 928 eum
898 871 1037 924 Deus
1068 867 1315 938 pzimitus
1343 865 1485 931 fecit,
1518 878 1611 916 sua
1640 861 1774 915 mala
1802 874 1897 913 vo-

310 970 512 1025 luntate
539 966 814 1026 decidens,
853 977 1044 1033 prmus
1082 960 1303 1015 etl'ectus
1336 966 1437 1011 cst.
1485 959 1564 1010 An
1607 969 1736 1007 vero
1780 951 1900 1005 ideo

309 1060 544 1131 pravitas
566 1060 662 1110 ista
688 1051 1028 1121 corripienda
1056 1066 1161 1103 non
1188 1057 1270 1101 est
1298 1047 1347 1101 in
1373 1047 1607 1107 homine,
1637 1042 1761 1113 quia
1792 1056 1898 1094 non

307 1130 423 1219 ejus
447 1148 656 1216 propria
685 1144 774 1212 qui
804 1142 1114 1210 corripitur,
1144 1138 1238 1192 sed
1268 1135 1567 1192 communis
1596 1141 1679 1186 est
1719 1130 1898 1185 omni-

309 1239 445 1295 bus?
489 1238 598 1291 imo
625 1252 751 1289 vero
781 1233 1099 1300 corripiatur
1136 1238 1190 1282 et
1233 1230 1283 1281 in
1331 1226 1592 1297 singulis,
1636 1223 1776 1294 quod
1817 1229 1902 1275 Cal

307 1330 567 1385 omnium.
617 1327 731 1382 Non
776 1326 916 1379 enim
964 1331 1242 1392 propterea
1292 1321 1604 1387 cujusquam
1649 1332 1750 1368 non
1793 1323 1899 1378 est,

310 1423 450 1493 quod
478 1421 546 1474 ab
570 1435 631 1472 ea
661 1418 835 1472 nullus
875 1414 1126 1469 imttumis
1157 1421 1259 1467 est.
1299 1411 1523 1465 Pet-cata
1551 1408 1764 1476 quidem
1802 1405 1900 1457 ista

309 1512 590 1582 originalia
637 1510 756 1563 ideo
798 1508 1049 1561 dicuntur
1085 1505 1277 1564 aliena,
1318 1500 1459 1571 qttud
1499 1516 1561 1553 ea
1605 1498 1794 1567 singuli
1835 1495 1904 1550 de

310 1605 619 1675 parentibus
662 1607 915 1655 trahunt:
947 1597 1041 1652 Sed
1074 1612 1178 1650 non
1219 1596 1336 1649 sine
1376 1607 1536 1646 causa
1566 1590 1814 1643 dicuntur
1850 1597 1903 1641 ct

308 1706 514 1758 nostra,
543 1693 665 1764 quia
695 1694 744 1745 in
773 1690 862 1744 illo
890 1706 995 1742 uno
1019 1704 1208 1749 omnes,
1248 1685 1385 1738 sicut
1423 1683 1548 1737 dicit
1589 1678 1899 1749 Apostolus,

310 1796 635 1857 peratvernut
654 1782 762 1849 (Id.
788 1798 841 1839 ν.
873 1781 980 1863 ιΞ)ἶ
1008 1778 1341 1847 Corripiatur
1360 1789 1489 1839 ergo
1515 1772 1664 1842 origo
1684 1771 1905 1825 damna-

308 1879 454 1943 bilis,
479 1887 536 1930 ιιι
562 1893 628 1931 ex
658 1877 848 1930 dolore
875 1862 1231 1942 correptionis
1269 1869 1516 1923 voluntas
1545 1862 1909 1935 rrgeneratio-

310 1972 396 2026 nis
420 1971 623 2023 oriatur
657 1985 670 2021 :
707 1971 750 2021 si
776 1976 952 2020 tamen
978 1964 1066 2034 qui
1093 1962 1381 2031 corripitur
1408 1959 1547 2013 tilins
1568 1967 1649 2011 est
1676 1958 1907 2026 prornis-

311 2064 500 2126 sionis,
534 2073 590 2115 ιιι
623 2060 847 2129 strepitu
887 2056 1244 2125 correptionis
1287 2053 1582 2106 forinsecus
1626 2051 1907 2103 insmtante

315 2173 380 2211 ac
411 2155 744 2225 ﬂagellante,
781 2153 919 2207 Deus
950 2152 1001 2204 in
1033 2150 1123 2204 illo
1156 2149 1474 2202 intrinSecus
1501 2144 1708 2198 occulta
1739 2143 1905 2210 inSpi-

316 2250 524 2305 ratione
549 2258 802 2317 operetur
826 2254 882 2299 et
919 2244 1071 2297 velle.
1119 2241 1175 2298 Si
1215 2253 1391 2295 autem
1425 2241 1533 2307 jam
1565 2245 1908 2306 regeneratus

311 2353 366 2397 et
389 2340 709 2409 justilieatus
732 2338 782 2391 in
807 2337 998 2390 malum
1023 2338 1181 2388 vitam
1204 2348 1299 2387 sua
1327 2331 1600 2384 Voluntale
1628 2329 1902 2394 relabitur,

311 2434 458 2487 eerte
490 2433 587 2484 istc
614 2446 718 2483 non
750 2437 930 2498 penest
955 2426 1156 2488 dicere,
1187 2423 1304 2478 Non
1333 2422 1516 2491 accepi
1551 2438 1564 2474 :
1597 2420 1717 2491 quia
1749 2434 1905 2473 acce-

316 2534 459 2594 ptam
481 2522 703 2593 gratiam
737 2520 827 2574 Dei
849 2521 870 2551 ¹
898 2535 994 2573 suo
1022 2519 1073 2570 itt
1101 2517 1295 2570 nudum
1338 2514 1506 2568 libero
1543 2511 1721 2565 amisit
1765 2510 1907 2566 arbi-

315 2617 436 2671 trio.
470 2615 569 2683 Qui
595 2616 639 2667 si
669 2612 1008 2681 correptione
1044 2618 1399 2679 cotupunctus
1427 2604 1712 2660 salubriter
1754 2603 1900 2671 inge-

314 2709 430 2765 mit.
454 2719 506 2762 et
525 2708 589 2761 ad
617 2705 809 2760 similia
837 2706 972 2759 bona
1003 2719 1163 2770 opera
1194 2702 1273 2755 rei
1296 2701 1455 2753 etiam
1482 2698 1703 2752 meliora
1725 2711 1912 2750 rever-

316 2804 476 2864 titur;
530 2816 724 2870 nempe
778 2799 863 2853 ltic
920 2796 1258 2867 apertissime
1310 2792 1508 2847 utilitas
1556 2789 1909 2858 correptionis

313 2903 550 2964 eppsret.
580 2892 686 2946 Sed
713 2906 806 2958 per
833 2890 1100 2943 hominem
1124 2885 1389 2953 correptio
1412 2883 1526 2938 sive
1556 2897 1620 2935 ex
1648 2880 1909 2934 cltaritate

314 2986 401 3049 sit,
430 2985 676 3045 sivenon
707 2983 798 3049 sit,
838 2992 1016 3034 tamen
1047 2987 1105 3033 ut
1133 2985 1380 3046 correpto
1423 2975 1618 3045 prosit,
1666 2988 1769 3026 non
1806 2970 1909 3026 nisi

317 3093 411 3147 per
440 3077 603 3129 Deum
638 3075 713 3129 tit.

389 3167 474 3223 10.
517 3170 598 3221 Au
626 3166 800 3227 adhuc
829 3173 883 3219 et
913 3164 1016 3219 iste
1044 3162 1233 3216 noli-us
1257 3158 1475 3228 corripi,
1505 3167 1677 3230 potest
1704 3155 1905 3223 dicere,

320 3278 341 3310 ι
369 3257 503 3324 Quid
532 3272 633 3324 ego
661 3257 782 3317 feri,
814 3256 903 3326 qtti
936 3273 1040 3309 non
1070 3252 1292 3322 accepi?
1321 3271 1340 3303 ι
1372 3267 1528 3321 quem
1559 3258 1770 3304 constat
1813 3262 1907 3303 aC:-

314 3352 545 3420 erpisse,
577 3361 632 3403 et
651 3364 743 3402 sua
766 3348 919 3416 culpa
947 3345 1087 3417 quod
1117 3351 1399 3414 acceperat
1422 3340 1704 3395 amisisse?
1734 3358 1752 3391 ι
1780 3340 1909 3393 Pos-

314 3458 457 3507 sum,
493 3461 513 3494 ι
551 3442 740 3511 inquit,
776 3457 796 3492 ι
829 3455 1046 3511 pos~um
1076 3438 1316 3502 omnino,
1350 3433 1565 3502 quando
1597 3447 1682 3487 me
1707 3432 1903 3503 arguis,

313 3534 458 3605 quod
479 3551 542 3589 es
573 3535 707 3588 bona
736 3534 839 3585 vita
882 3532 934 3585 in
967 3531 1160 3584 malam
1204 3544 1319 3583 mea
1366 3527 1638 3581 voluntate
1669 3526 1910 3596 relapsus

316 3644 454 3690 sum,
486 3627 665 3682 dicere
695 3626 890 3689 adhuc,
930 3624 1067 3691 Quid
1107 3638 1208 3694 ego
1250 3621 1373 3685 feci,
1410 3622 1501 3691 qui
1540 3635 1646 3673 non
1683 3619 1908 3687 accepi?

317 3720 515 3789 Accepi
541 3720 683 3774 enim
729 3719 906 3783 iidem,
941 3733 1059 3785 qua:
1091 3733 1186 3786 per
1223 3714 1566 3769 dilectionem
1607 3721 1860 3781 operatur
1890 3728 1903 3764 :

315 3811 411 3865 sed
440 3811 490 3864 in
523 3810 612 3864 illa
642 3824 809 3879 usque
835 3809 886 3862 in
917 3808 1072 3861 linem
1097 3804 1549 3876 perseverantiam
1571 3818 1676 3857 non
1698 3801 1904 3870 accepi.

314 3903 400 3956 An
422 3901 698 3970 quisquam
718 3902 896 3953 dicere
911 3898 1124 3953 audebit
1146 3898 1298 3951 istam
1323 3895 1769 3966 perseverantiam
1802 3908 1908 3948 non

314 4007 436 4046 esse
460 3992 657 4045 donum
688 3991 801 4052 Dei,
830 3999 884 4044 et
912 3989 1011 4043 boc
1042 3996 1147 4042 tam
1180 4003 1428 4058 magnum
1458 3986 1655 4042 bomun
1691 3985 1763 4040 ita
1789 3999 1909 4040 esse

316 4096 580 4149 nostrum,
606 4094 661 4136 ut
686 4083 926 4153 quisquis
955 4082 1007 4137 id
1048 4080 1309 4144 habuerit,
1340 4096 1445 4134 non
1473 4081 1520 4136 ei
1558 4081 1729 4151 possit
1760 4082 1907 4149 Apo-

318 4178 490 4233 stolus
516 4177 718 4241 dicere,
774 4176 908 4240 Quid
953 4175 1086 4229 enim
1128 4174 1279 4229 habes
1318 4174 1454 4245 quod
1493 4189 1593 4226 non
1636 4174 1911 4242 accepisti?

315 4271 566 4341 quoniam
613 4269 713 4323 hoc
746 4268 825 4323 sic
870 4266 1029 4321 habet
1075 4275 1133 4320 ut
1160 4281 1266 4320 non
1294 4263 1596 4334 acceperit?
1630 4282 1650 4316 ι
1682 4263 1763 4317 Ad
1796 4265 1910 4318 lucc

316 4375 417 4415 nos
442 4375 637 4430 negare
660 4359 874 4428 quidem
904 4373 1009 4413 non
1039 4372 1342 4427 possumus,
1369 4356 1530 4412 etiam
1555 4360 1923 4425 perseveran-‘

317 4453 444 4507 tiam
476 4452 527 4506 in
558 4453 699 4518 b_uno
744 4450 1108 4520 proiicientem
1138 4464 1306 4518 usque
1336 4448 1386 4502 in
1426 4449 1583 4503 linem
1603 4488 1619 4512 ,
1657 4463 1907 4518 magnum

315 4557 438 4597 esse
476 4541 567 4596 Dei
608 4556 805 4595 tnunus
833 4558 847 4595 :
878 4554 978 4595 nec
1017 4553 1140 4594 esse
1177 4537 1281 4592 nisi
1309 4538 1377 4593 ab
1423 4537 1514 4591 illo
1542 4537 1610 4592 de
1635 4553 1741 4608 quo
1769 4538 1907 4593 seri-

317 4643 464 4702 ptum
494 4642 597 4697 est,
632 4632 794 4685 Omne
818 4631 993 4684 datunt
1013 4631 1289 4700 optimum,
1328 4638 1374 4683 et
1401 4645 1550 4683 omne
1572 4628 1762 4683 donum
1788 4645 1905 4699 per-

316 4727 500 4795 fectum
522 4727 782 4785 desursum
803 4734 899 4787 est,
922 4721 1225 4776 descendens
1251 4738 1283 4774 a
1322 4720 1478 4774 Patre
1502 4720 1749 4774 luminum
1786 4721 1906 4789 (Ja-

316 4817 426 4870 cobi
454 4833 493 4883 ι,
523 4816 635 4886 17).
662 4815 767 4870 Sed
798 4830 905 4869 non
934 4814 1054 4869 ideo
1077 4822 1162 4869 est
1190 4813 1307 4883 ejus
1334 4813 1427 4884 qui
1455 4828 1559 4867 non
1590 4827 1905 4882 persevera-

314 4910 472 4973 verit,
506 4908 817 4980 negligenda
836 4908 1124 4977 correptio,
1153 4922 1219 4962 ne
1245 4906 1385 4961 forte
1408 4907 1499 4961 det
1526 4906 1596 4960 illi
1629 4906 1770 4961 Deus
1791 4922 1904 4976 pte-

315 5004 613 5067 nitentiatn,
636 5013 689 5055 et
706 5003 979 5072 resipiscat
1002 5001 1069 5056 de
1084 5000 1278 5056 diaboli
1298 5000 1518 5071 laqueis.
1536 4998 1905 5069 Correptionis

311 5094 512 5163 quippe
532 5094 742 5148 utilitati
773 5093 909 5148 banc
932 5092 1250 5149 sententiam
1287 5091 1562 5161 subjunxit
1587 5091 1899 5160 ApOstultls,

312 5184 521 5251 dicens,
548 5186 685 5240 sicut
710 5199 868 5254 supra
893 5184 1306 5239 commemoravi
1334 5200 1346 5235 :
1377 5183 1502 5237 Cum
1530 5183 1774 5237 modestia
1792 5199 1904 5237 cor-
1930 5198 1951 5211 δ

312 5277 577 5345 ripieutem
618 5277 814 5330 diuersa
851 5279 1138 5341 sentientes,
1186 5278 1451 5346 nequando
1489 5277 1571 5331 det
1614 5277 1718 5331 illis
1768 5276 1904 5333 Dens

314 5369 656 5443 paenitentiam
683 5369 747 5436 (Il
783 5367 914 5422 Tim.
961 5386 1015 5431 ιι,
1059 5369 1148 5431 216,
1190 5368 1307 5433 ‘25).
1339 5368 1468 5423 Νιιιι
1521 5370 1562 5423 si
1613 5369 1903 5425 dixerimus

315 5460 468 5512 istam
494 5463 942 5526 perseverantiam
971 5469 1075 5513 tam
1099 5460 1414 5514 laudabilem
1449 5472 1662 5530 tamque
1695 5461 1900 5516 felicem

312 5552 388 5603 sic
419 5565 539 5605 esse
563 5551 814 5615 hominis,
842 5562 895 5604 ut
922 5553 968 5605 ei
1001 5567 1102 5604 non
1135 5553 1202 5604 sit
1234 5568 1296 5605 ex
1329 5553 1465 5616 lien;
1501 5553 1625 5606 illud
1660 5554 1901 5621 primitus

311 5657 653 5707 evacuatuns,
687 5644 824 5712 quod
857 5645 927 5695 ait
958 5643 1207 5696 Ιὶυιιιίιιιμ
1248 5643 1419 5705 I'etro,
1462 5644 1567 5714 ligo
1610 5645 1782 5713 rogari
1811 5664 1900 5711 pro

376 5776 391 5805 ³
430 5780 530 5821 Mss.
560 5787 645 5821 sm
672 5775 827 5823 Gallic.
859 5784 903 5823 ut
942 5785 1041 5824 tres
1066 5781 1224 5831 \alie.,
1253 5778 1349 5837 qui.

376 5838 393 5865 ²
430 5844 535 5883 Ms".
574 5847 778 5896 quatuor
822 5846 848 5883 l'.
872 5840 992 5893 -i;;i~.t
1018 5874 1030 5892 ,
1089 5849 1189 5887 tres;
1218 5843 1309 5898 ιιιζί
1333 5842 1417 5887 ’.ιιιί
1466 5849 1508 5887 vi
1560 5844 1896 5900 titu‘lu'it-ttsis,

316 5899 440 5958 quod
465 5900 707 5958 tu't'cjitmt:
731 5913 885 5960 gl'htll
917 5902 1017 5950 [ιι.

1725 454 1929 518 ιιιιΕιι
1968 458 2168 518 UNUS.

3488 461 3592 516 9‘22

2004 586 2072 644 te,
2099 592 2160 631 ne
2180 576 2381 637 deﬁciat
2412 575 2537 637 ﬁdes
2564 584 2649 627 tua
2681 572 2829 645 (Luc.
2857 591 2986 637 χχιι,
3033 575 3143 639 52).
3186 574 3319 642 Quid
3362 576 3501 631 enim
3546 594 3594 631 et

2005 668 2229 739 rogavit,
2276 667 2375 722 nisi
2421 668 2870 737 persevcrantiam
2920 682 3087 738 usque
3129 668 3180 722 in
3229 667 3426 723 linem?
3464 671 3596 737 Qui:

2005 760 2245 830 profecto
2274 760 2319 815 si
2345 760 2413 814 ab
2444 760 2660 814 lietuiue
2704 759 2902 813 homini
2937 768 3098 823 esset,
3133 776 3161 812 ιι
3194 760 3302 812 Deo
3330 761 3592 828 poscentia

2004 867 2109 907 non
2141 864 2302 907 esset.
2325 852 2522 907 Deinde
2543 868 2663 907 cum
2692 850 2819 905 dicit
2838 851 3153 919 Apostolus,
3185 851 3404 905 Oramus
3429 861 3595 905 autem

2003 946 2073 998 ad
2099 944 2283 1010 Deum,
2315 961 2378 998 ne
2402 944 2523 1014 quid
2544 944 2744 1016 faciatis
2768 945 2889 998 ntali
2914 943 2977 1012 (ll
3003 942 3121 998 Cor.
3148 960 3262 1008 xm,
3297 944 3383 1012 7);
3414 944 3596 1013 procul

2004 1035 2166 1091 dubio
2196 1037 2650 1107 perseverantiam
2677 1036 2756 1090 eis
2787 1046 2901 1089 orat
2934 1036 2999 1088 ad
3033 1037 3214 1090 Deunt.
3246 1034 3428 1105 Neque
3454 1034 3597 1090 enim

2006 1129 2134 1182 nihil
2164 1130 2285 1181 mali
2320 1130 2459 1190 facit,
2491 1130 2578 1198 qui
2612 1127 2807 1182 bonum
2837 1129 3057 1196 de~erit,
3082 1140 3133 1184 et
3154 1147 3182 1182 a
3206 1146 3312 1199 quo
3330 1128 3599 1187 declinare

1980 1221 2221 1288 .debet‘,
2273 1222 2555 1277 inclinatur
2597 1222 2650 1277 in
2712 1223 2953 1288 malum,
2997 1240 3100 1276 non
3151 1239 3498 1292 perseverans
3548 1224 3600 1278 in

2009 1313 2169 1367 bono.
2195 1316 2288 1370 Illo
2318 1316 2475 1369 etiam
2507 1316 2626 1369 loco
2659 1316 2746 1370 ubi
2777 1316 2925 1378 dicit,
2965 1314 3168 1370 Gratias
3207 1334 3304 1387 ago
3343 1316 3448 1371 Deo
3490 1334 3600 1372 meo

2007 1408 2058 1460 itt
2087 1410 2223 1461 omni
2255 1410 2494 1463 memoria
2520 1410 2689 1474 vestri,
2718 1427 2914 1478 semper
2942 1410 2993 1464 in
3024 1409 3162 1464 omni
3199 1428 3344 1481 prece
3372 1429 3483 1466 mea
3510 1428 3603 1482 pro

2008 1501 2239 1555 omnibus
2259 1502 2394 1555 vobis
2420 1520 2534 1554 cum
2561 1503 2748 1572 gaudio
2772 1502 3177 1570 deprecationem
3210 1505 3419 1574 faciens,
3449 1521 3602 1573 super

2007 1588 2393 1647 communione”
2435 1606 2595 1647 vestra
2639 1595 2690 1647 in
2740 1590 3017 1665 Evangelia
3051 1613 3082 1647 a
3121 1597 3286 1666 prima
3328 1597 3409 1651 die
3452 1614 3606 1666 usque

2008 1697 2172 1746 nunc;
2199 1683 2457 1751 con/ideas
2484 1686 2577 1736 hoc
2607 1684 2793 1752 ipsum,
2822 1686 3058 1755 quoniam
3093 1686 3179 1755 qui
3203 1688 3349 1757 ctrpit
3377 1687 3428 1740 in
3464 1688 3604 1743 vobis

2009 1788 2135 1841 opus
2161 1772 2369 1838 bonum,
2396 1774 2618 1845 perﬁciet
2641 1792 2798 1843 usque
2827 1777 2878 1829 in
2912 1777 3045 1830 diem
3075 1774 3264 1832 Christi
3288 1778 3321 1831 J
3328 1794 3413 1833 esu
3447 1778 3605 1850 (Phid

2009 1865 2136 1936 (ipp.
2170 1882 2206 1929 I,
2236 1866 2357 1938 5-6)
2400 1887 2414 1921 :
2447 1868 2572 1938 quid
2598 1867 2740 1921 aliud
2773 1868 2849 1922 eis
2879 1883 3036 1939 quant
3069 1872 3523 1939 persevcrantiam
3551 1871 3605 1929 in

2009 1957 2150 2012 bono
2180 1974 2344 2029 usque
2375 1960 2426 2012 in
2460 1960 2652 2023 tinem,
2699 1959 2768 2016 de
2803 1960 2897 2015 Dei
2940 1961 3283 2015 miseratione
3315 1962 3607 2032 promittit?

2011 2048 2245 2119 Itemque
2275 2050 2359 2102 ubi
2389 2050 2537 2116 dicit,
2565 2049 2770 2104 Salutat
2808 2067 2894 2105 vos
2931 2049 3236 2123 Epaphras,
3268 2052 3354 2116 qui
3381 2071 3444 2109 ex
3470 2055 3608 2109 vobis

2009 2154 2083 2197 cst
2104 2160 2275 2197 servus
2307 2143 2491 2197 Christi
2518 2141 2554 2197 ,Ι
2560 2162 2667 2210 esu,
2689 2161 2887 2215 semper
2914 2154 3110 2197 certans
3140 2162 3232 2216 pro
3258 2147 3392 2200 vobis
3415 2149 3465 2200 iu
3487 2164 3607 2201 ora-

2010 2236 2248 2300 tionibus,
2295 2246 2350 2289 ut
2388 2237 2529 2290 stetis
2561 2237 2768 2306 perfecti
2805 2247 2852 2291 et
2896 2236 3034 2306 pleni
3075 2238 3126 2291 itt
3177 2238 3315 2291 omni
3354 2239 3610 2294 voluntate

2013 2321 2107 2378 Dei
2137 2323 2353 2396 (Coloss.
2380 2342 2450 2388 tv,
2479 2326 2565 2395 1&2)
2586 2344 2605 2378 ς
2637 2326 2760 2396 quid
2784 2338 2886 2393 c5t,
2920 2337 2972 2380 ut
3000 2328 3160 2394 stetis,
3194 2328 3314 2393 nisi,
3338 2328 3403 2384 Ut
3431 2344 3609 2398 perse-

2010 2415 2237 2470 veretis?
2278 2416 2430 2472 Unde
2455 2417 2655 2471 dictum
2683 2428 2766 2472 est
2800 2417 2868 2473 de
2897 2418 3140 2483 diabolo,
3186 2416 3251 2473 In
3278 2420 3484 2475 veritate
3506 2437 3608 2475 non

2010 2509 2142 2563 stetit
2174 2505 2350 2578 (Joan.
2384 2526 2497 2577 vui,
2531 2511 2620 2580 ὀί)
2648 2529 2661 2565 :
2691 2511 2813 2580 quia
2843 2511 2941 2565 fuit
2970 2510 3064 2578 ibi,
3090 2512 3182 2565 sed
3215 2528 3319 2566 non
3353 2529 3606 2583 perman-

2011 2598 2099 2677 sit.
2127 2596 2259 2654 Nam
2291 2600 2470 2670 utique
2494 2601 2576 2654 isti
2603 2602 2654 2655 in
2679 2601 2781 2656 [ide
2801 2601 2911 2673 jam
2938 2603 3169 2657 stabant.
3194 2603 3303 2659 Nec
3328 2605 3467 2659 aliud
3490 2620 3606 2659 om-

2011 2705 2154 2756 mus,
2184 2705 2305 2743 cum
2337 2706 2573 2757 oramus,
2607 2694 2779 2761 utqui
2822 2701 2946 2757 st:t,
2990 2704 3117 2760 stet,
3152 2696 3251 2749 nisi
3282 2684 3610 2767 ut’perseve-

2013 2791 2112 2837 ret.
2155 2782 2282 2838 Item
2323 2783 2488 2840 Judas
2511 2786 2804 2854 apostolus,
2845 2801 2966 2842 eum
3008 2786 3156 2853 dicit,
3200 2786 3266 2841 Ei
3309 2800 3480 2844 autem
3526 2789 3611 2857 qui

2014 2884 2188 2943 potens
2211 2885 2282 2930 est
2318 2892 2613 2931 conservare
2650 2894 2734 2931 vos
2763 2878 2871 2931 sine
2901 2876 3198 2944 olfensione,
3232 2890 3275 2933 et
3304 2881 3609 2935 constituere

2012 2975 2129 3019 ante
2155 2977 2477 3036 conspectum
2500 2968 2681 3037 gloria:
2702 2985 2809 3022 sua:
2829 2969 3179 3024 intmaculutos
3205 2971 3257 3024 in
3286 2972 3464 3024 Iattt'tia
3491 2970 3611 3044 (Ju-

2012 3057 2094 3112 da:
2115 3056 2212 3129 24)
2247 3076 2260 3111 :
2291 3073 2466 3113 nonne
2490 3060 2830 3129 apertissime
2861 3061 3098 3116 ostendit
3120 3061 3319 3115 donum
3348 3062 3440 3117 Dei
3465 3078 3607 3131 €530,

2011 3147 2065 3205 in
2093 3151 2232 3205 bono
2252 3166 2600 3221 perseverare
2629 3167 2796 3222 usque
2823 3151 2875 3205 itt
2906 3152 3100 3206 tinctu?
3129 3152 3264 3221 Quid
3297 3154 3438 3208 enim
3468 3153 3611 3211 aliud

2012 3241 2205 3306 donat,
2252 3242 2342 3312 qui
2377 3252 2664 3297 conservat
2692 3244 2808 3299 sine
2841 3227 3175 3309 ol'l'ensiune,
3226 3254 3283 3298 ut
3324 3248 3612 3302 constituat

2011 3340 2140 3386 ante
2160 3341 2507 3402 eonSpecttun
2535 3333 2720 3404 gloria:
2749 3349 2860 3387 sua:
2892 3333 3256 3389 immaculatos
3307 3335 3359 3389 in
3403 3332 3608 3404 lat-tilia,

2012 3424 2115 3478 nisi
2146 3425 2602 3494 persewrantiam
2631 3423 2857 3479 bonum?
2885 3426 3019 3493 Quid
3062 3435 3144 3480 est
3176 3426 3336 3480 etiam
3379 3427 3519 3496 quod
3558 3429 3610 3483 in

2012 3516 2390 3587 Apostolorum
2422 3516 2645 3571 Actibus
2674 3519 2897 3587 legimus
2917 3560 2930 3580 ,
2967 3519 3236 3572 Audientes
3269 3530 3440 3574 autem
3469 3519 3609 3575 Cen-

2014 3618 2085 3663 tcs
2112 3610 2297 3680 gavisa:
2325 3618 2459 3673 sunt,
2497 3619 2540 3662 et
2571 3619 2870 3677 exceperunt
2909 3608 3125 3665 Verbum
3164 3609 3391 3677 Domini,
3424 3623 3470 3666 ct
3498 3630 3611 3668 cre-

2013 3702 2250 3756 diderunt
2276 3711 2517 3773 quotquot
2542 3711 2687 3756 erant
2708 3702 2931 3756 ordinati
2952 3703 3002 3756 in
3033 3704 3185 3757 vitam
3206 3714 3447 3757 cateruam
3470 3703 3607 3768 (Act.

2012 3810 2129 3859 xm,
2154 3795 2283 3864 48)?
2305 3795 2435 3864 Quis
2458 3795 2510 3849 in
2541 3805 2796 3849 aeternam
2829 3796 2991 3850 vitam
3024 3798 3193 3866 potuit
3219 3797 3477 3859 Ordinati,
3508 3799 3611 3855 nisi

2014 3889 2421 3957 persevcrantim
2443 3886 2621 3941 dono?
2647 3889 3086 3958 Quandoquidem
3110 3888 3196 3959 qui
3222 3895 3611 3960 perseveraverit

2014 3995 2170 4048 usque
2192 3980 2243 4033 in
2271 3980 2444 4049 liuent,
2465 3980 2546 4034 hic
2578 3981 2749 4035 salvus
2772 3983 2866 4034 erit
2898 3981 3110 4053 (Matth.
3147 3998 3204 4046 ι,
3233 3983 3349 4052 22).
3382 3984 3494 4053 Qua
3520 4000 3609 4038 sa-

2014 4073 2143 4135 lute,
2168 4074 2266 4128 nisi
2297 4075 2531 4128 interna?
2555 4075 2688 4129 Cttm
2712 4091 2840 4130 vero
2867 4075 2916 4130 in
2948 4075 3188 4131 oratione
3210 4077 3474 4132 dominica
3502 4079 3611 4134 Deo

2013 4164 2155 4219 Patri
2184 4165 2431 4230 dicimus,
2476 4165 2837 4236 Sancti/icetnr
2862 4184 3043 4222 nomen
3081 4180 3221 4223 tuum
3266 4167 3368 4239 (Id.
3408 4186 3482 4233 Vl,
3511 4171 3565 4239 9)
3595 4188 3609 4225 :

2013 4256 2138 4326 quid
2169 4255 2310 4310 aliud
2339 4256 2589 4322 dicimus,
2615 4273 2773 4327 quam
2800 4268 2858 4312 ιιι
2886 4274 3079 4314 nomen
3106 4259 3223 4330 ejus
3248 4261 3611 4317 sanctifict-tnr

2013 4347 2066 4402 in
2090 4347 2283 4407 nobis?
2309 4348 2462 4415 Quod
2488 4364 2606 4403 cum
2631 4350 2741 4419 jam
2777 4367 2871 4419 per
2894 4351 3161 4407 lavacrum
3188 4355 3610 4425 regenerationis

2012 4439 2256 4495 ell‘ectum
2285 4440 2376 4508 sit,
2416 4457 2582 4511 quare
2605 4444 2843 4514 quotidie
2872 4460 2900 4497 a
2935 4445 3176 4500 lldelibus
3211 4447 3467 4517 poscitur,
3499 4449 3601 4504 nisi

2012 4540 2070 4585 ut
2098 4531 2148 4584 in
2175 4546 2241 4585 eo
2262 4532 2402 4601 quod
2428 4530 2627 4587 factum
2655 4535 2808 4588 estin
2839 4536 3012 4600 nobis,
3043 4548 3419 4607 perseverctur
3444 4556 3473 4592 ιι
3504 4556 3605 4594 no-

2012 4621 2164 4677 bis’?
2192 4623 2324 4678 Nam
2350 4632 2405 4679 et
2434 4624 2619 4680 beatus
2645 4625 2946 4697 Cyprianus
2967 4628 3069 4681 ltoc
3098 4628 3174 4683 sic
3197 4629 3437 4700 intelligit
3462 4646 3475 4683 :
3504 4646 3600 4684 ex-

2013 4730 2217 4784 ponens
2256 4716 2450 4784 quippe
2491 4717 2735 4771 eatndem
2765 4720 3085 4784 orationem,
3124 4738 3142 4770 t
3174 4719 3430 4782 Dicimus,
3463 4739 3482 4773 ι
3519 4723 3599 4776 in-

2010 4805 2143 4875 quit,
2179 4824 2197 4856 ι
2228 4805 2586 4875 Sanctiﬁcatur
2614 4824 2795 4862 nomen
2824 4818 2997 4875 tuum;
3045 4808 3321 4879 non'quud
3348 4820 3593 4880 optemus

2012 4897 2156 4960 Deo,
2198 4906 2254 4950 ut
2292 4896 2657 4953 sanctilicetnr
2694 4900 3026 4953 orationibus
3057 4901 3290 4967 nostris;
3336 4902 3429 4957 sed
3460 4905 3599 4973 quod

2011 4999 2253 5058 petamus
2274 5006 2306 5044 a
2337 4991 2465 5056 Deo,
2498 5000 2555 5045 ut
2582 5006 2774 5047 nomen
2806 4991 2922 5060 ejus
2943 4992 3304 5047 sanetilicetur
3331 4992 3381 5048 in
3426 4994 3598 5051 nobis.

2008 5081 2273 5135 Castorum
2304 5098 2333 5136 a
2359 5097 2467 5152 quo
2498 5081 2641 5138 Deus
2661 5081 3042 5149 sanetilieatur,
3088 5082 3180 5154 qui
3220 5084 3333 5153 ipse
3362 5084 3595 5140 sanctili-

2009 5174 2127 5227 cat?
2157 5172 2259 5227 Sed
2313 5174 2433 5244 quia
2489 5173 2604 5243 ipse
2649 5172 2802 5235 dixit,
2857 5172 3036 5227 Sancti
3075 5184 3251 5239 estote,
3281 5177 3522 5245 quoniam
3556 5194 3598 5233 et

2009 5267 2135 5336 ego‘
2168 5279 2372 5321 sanctus
2397 5283 2507 5319 sum
2538 5265 2720 5337 (Leuit.
2752 5282 2870 5331 xu,
2898 5264 2994 5328 2);
3027 5266 3077 5321 id
3113 5267 3339 5336 petimus
3364 5281 3416 5323 et
3450 5286 3605 5341 roga.

2009 5376 2147 5422 tuus,
2201 5369 2258 5411 ut
2306 5357 2394 5427 qui
2437 5358 2487 5412 in
2538 5359 2807 5427 Daptismo
2836 5358 3152 5413 sattctiticati
3195 5374 3401 5427 sumus,
3448 5361 3499 5415 iu
3531 5379 3599 5415 eo

2075 5478 2089 5507 ι
2130 5477 2264 5535 ιεξιιίιί,
2295 5489 2391 5542 non
2415 5473 2588 5542 debet;
2630 5475 2788 5524 addita
2825 5474 2921 5525 illic
2959 5484 3174 5542 negante
3216 5476 3599 5542 [articulmqtue

2008 5552 2034 5584 a
2069 5540 2321 5593 matmseri.
2342 5540 2404 5587 tis
2432 5540 2617 5586 aberat.
2647 5545 2817 5587 Locum
2855 5540 3120 5588 emendare
3154 5541 3359 5589 tentavit
3382 5540 3601 5589 t-lrasntnu

2011 5602 2379 5662 transpositione
2404 5598 2687 5662 (:tqttlativa-
2713 5601 2976 5660 particulae,
3006 5601 3094 5650 hoc
3115 5602 3255 5662 nimio
3283 5599 3403 5662 :qui
3426 5601 3599 5651 bonum

2009 5660 2185 5707 urserit
2207 5675 2236 5707 ιι
2260 5675 2351 5721 quo
2376 5660 2620 5709 (lectitant:
2654 5675 2746 5710 non
2771 5662 2841 5710 dc.
2863 5670 2924 5719 et,
2949 5668 2993 5710 et
3014 5660 3255 5710 llit’iillullt:
3293 5660 3343 5710 in
3364 5663 3565 5711 nulum.

2073 5728 2090 5751 ²
2128 5735 2224 5785 Ant.
2248 5730 2318 5770 tr.
2348 5733 2396 5771 et
2417 5739 2427 5785 ι
2451 5724 2580 5769 iures
2597 5730 2730 5785 Mss,
2757 5723 3195 5773 ('Ullliiuiiiit'iiiiillll'c

2074 5786 2092 5815 ³
2130 5782 2394 5833 Albittettsis
2417 5781 2519 5843 iis,
2554 5784 2645 5833 mli
2670 5794 2717 5834 ut
2743 5790 2865 5845 quod
2891 5787 3068 5846 [.ι·(ιιηι
3092 5793 3157 5833 ι’δί
3184 5784 3230 5832 iu
3256 5781 3402 5835 nobis.
3434 5797 3597 5844 persc-

2011 5853 2133 5894 t't’rrt
2159 5859 2205 5894 ut
2231 5848 2380 5895 nobis.

2078 5915 2093 5936 '
2130 5922 2306 5954 (inanes
2332 5924 2479 5970 prope
2506 5915 2636 5967 Mssa,
2656 5907 2889 5970 quomodo
2913 5920 3010 5966 rgo.
