4122 6522
549 376 655 436 9εό

563 490 689 556 ptod
729 504 850 545 esse
878 488 1140 557 cmpttnus
1170 498 1593 555 perseveremus.
1624 499 1644 534 ι
1689 480 1827 535 Ecce
1863 475 2141 550 gloriosis-

551 586 718 637 sitntts
743 580 941 652 Martyr
970 579 1072 634 ltoc
1097 576 1279 639 sentit,
1315 574 1455 646 quod
1486 575 1539 629 in
1572 573 1652 628 his
1684 572 1861 627 verbis
1904 569 2141 642 quotidie

549 674 735 730 fideles
763 672 957 727 Citriin
982 678 1187 734 petunt,
1222 683 1274 722 ut
1304 674 1647 739 perseverent
1679 663 1731 718 in
1760 677 1825 717 eo
1852 662 1992 732 quod
2019 675 2140 716 esse

554 774 850 834 tmpotnnt.
882 763 1037 818 Nullo
1057 771 1233 815 autem
1261 760 1559 824 dubitante,
1588 755 1828 825 quisquis
1856 770 1884 806 a
1915 752 2139 807 Domino

551 870 605 911 ut
634 858 683 911 in
710 857 848 909 bono
870 865 1165 926 persevt-ret
1193 860 1458 923 precatur,
1486 849 1686 904 donum
1704 848 1821 918 ejus
1842 859 1961 900 esse
1978 845 2138 899 talem

551 950 1002 1019 perseverantiam
1033 944 1334 999 confitetur.

623 1038 849 1095 CAPUT
896 1036 998 1091 \‘ll.
1024 1067 1046 1079 -
1082 1068 1097 1078 ο
1120 1037 1207 1090 ll.
1238 1036 1365 1102 Qua:
1391 1048 1511 1087 cum
1541 1030 1609 1086 ita
1637 1030 1776 1098 sint,
1821 1028 2140 1095 corripimus

553 1141 728 1185 tamen
761 1147 873 1189 eos.
914 1130 1159 1199 justeque
1188 1128 1523 1198 Corripitnus,
1558 1125 1649 1195 qui
1679 1139 1798 1178 cum
1832 1123 1965 1176 bene
1989 1122 2138 1176 vive-

551 1233 703 1282 rent,
736 1238 841 1274 non
884 1222 932 1274 in
970 1236 1036 1275 co
1085 1227 1515 1288 perseverarunt.
1553 1216 1632 1270 Ex
1670 1216 1807 1269 bona
1850 1214 2045 1282 quippe
2085 1212 2138 1266 in

554 1318 746 1368 malam
776 1317 935 1367 vitam
959 1329 1054 1365 sua
1078 1312 1348 1367 voluntate
1375 1309 1557 1363 mutati
1584 1318 1709 1362 sunt
1745 1326 1757 1360 :
1787 1316 1838 1361 et
1864 1306 1983 1361 ideo
2012 1320 2137 1359 cor-

552 1406 797 1474 reptione
823 1404 871 1466 ¹;
903 1413 959 1459 ει
1083 1402 1209 1456 nihil
1240 1402 1318 1456 eis
1348 1400 1616 1470 correptio
1642 1396 1922 1469 profuerit,
1957 1395 2051 1451 scd
2085 1396 2139 1450 in

550 1500 656 1552 vita
686 1498 887 1568 perdita
913 1512 1082 1566 uSque
1109 1495 1174 1549 ad
1208 1506 1433 1549 mortem
1465 1491 1947 1563 perseveraverint,
1976 1490 2139 1549 etiam

545 1588 726 1643 divina
757 1590 808 1642 in
830 1600 1090 1644 aeternum
1117 1587 1457 1641 damnatione
1484 1594 1609 1640 sunt
1631 1584 1795 1653 digni.
1829 1582 1940 1638 Nec
1965 1596 2023 1636 se
2044 1594 2143 1635 ex-

543 1682 803 1735 eus:tbunt
831 1682 1088 1744 dicentes,
1115 1680 1252 1732 sicut
1293 1676 1450 1731 modo
1478 1677 1667 1730 dicunt
1688 1676 1730 1738 ⁸,
1768 1673 1940 1741 Quare
1979 1671 2142 1726 corri-

550 1771 760 1840 piatur?
800 1772 868 1824 ita
917 1781 1059 1833 tunc,
1106 1768 1283 1838 Quare
1327 1769 1661 1830 damnamur,
1707 1762 2140 1834 quandoquidem

549 1875 605 1919 ιιι
632 1881 693 1918 ex
726 1864 864 1917 bono
892 1875 1285 1918 reverterentur
1314 1862 1380 1916 ad
1422 1862 1617 1915 malum
1639 1901 1653 1924 ,
1683 1857 2137 1930 perseverantiam

552 1971 655 2010 non
708 1958 1010 2025 accepimus
1048 1972 1148 2024 qua
1202 1967 1635 2025 permaneretnus
1682 1954 1732 2006 in
1776 1951 1957 2006 bono?
1997 1950 2141 2005 nullo

552 2046 711 2100 modo
734 2045 831 2100 bac
864 2047 1209 2101 excusatione
1251 2062 1280 2100 a
1314 2046 1454 2115 justa
1483 2044 1826 2099 dunnatione
1855 2058 1914 2096 se
1946 2042 2142 2096 libera-

550 2141 696 2194 bunl.
727 2139 780 2193 Si
810 2140 972 2204 enim,
1003 2140 1140 2193 sicut
1168 2139 1363 2193 veritas
1400 2138 1651 2207 loquitur,
1683 2151 1839 2189 nemo
1868 2134 2127 2189 liberatur

549 2248 577 2283 a
608 2231 949 2285 damnatione
980 2247 1050 2300 qu
1071 2250 1098 2280 ιε
1132 2230 1266 2284 facta
1294 2240 1376 2284 est
1399 2229 1703 2297 pcrAdatn,
1733 2228 1831 2282 nisi
1852 2243 1946 2298 per
1974 2227 2138 2281 fidem

551 2324 678 2379 .lcsu
706 2321 931 2385 Clu-isti;
964 2333 1017 2376 et
1048 2333 1223 2377 tamen
1249 2324 1315 2377 ab
1351 2323 1449 2376 bac
1477 2322 1818 2376 damnatione
1849 2337 1953 2375 non
1985 2336 2044 2374 se
2075 2320 2141 2374 li-

555 2417 812 2469 berabuttl
841 2416 927 2483 qui
950 2425 1200 2492 poterunt
1224 2415 1425 2478 dicere,
1456 2429 1559 2468 non
1585 2430 1640 2468 se
1662 2413 1874 2467 audisse
1901 2413 2144 2482 Evange-

554 2508 681 2562 lium
705 2506 896 2561 (thristi
919 2549 934 2571 ,
964 2523 1084 2561 cum
1125 2507 1253 2560 lides
1288 2522 1353 2561 ex
1385 2505 1564 2559 auditu
1606 2505 1676 2559 sit
1720 2503 1895 2577 (liam.
1927 2520 1979 2570 tt,
2012 2501 2142 2573 i7):

554 2613 755 2673 quanto
783 2601 957 2654 minus
983 2616 1041 2654 sc
1064 2600 1364 2655 liberabunt
1392 2597 1482 2668 qui
1503 2597 1691 2653 dicturi
1717 2605 1860 2658 sunt,
1886 2596 2147 2652 Perseve-

556 2695 783 2747 ratttiatn
825 2708 928 2747 non
963 2691 1308 2762 arci-pimus?
1335 2691 1538 2747 Justior
1564 2690 1706 2744 enim
1738 2688 1949 2743 videtur
1974 2702 2141 2742 excu-

548 2786 690 2839 satio
728 2784 1041 2847 dicentium,
1088 2783 1203 2838 Non
1244 2784 1550 2852 accepimus
1587 2781 1910 2836 audientiam
1936 2821 1954 2847 ,
1984 2796 2145 2851 quam

553 2873 864 2936 dicentium,
896 2872 1010 2927 Non
1041 2874 1347 2943 accepimus
1371 2871 1823 2941 perSeverantiatn
1848 2886 1861 2923 :
1890 2870 2145 2940 quoniam

556 2974 724 3034 potest
758 2964 858 3024 diei
880 3009 893 3025 ,
924 2965 1129 3029 llonto,
1166 2968 1216 3018 in
1247 2979 1313 3019 eo
1342 2964 1482 3033 qttod
1515 2962 1764 3017 audieras
1791 2971 1846 3016 et
1870 2972 2144 3027 tenueras,

552 3037 691 3117 ideo
714 3078 1010 3131 persvvera.
1026 3077 1083 3115 es
1099 3061 1141 3116 si
1167 3062 1331 3116 velles
1351 3060 1425 3133 (a)
1448 3076 1463 3126 ;
1491 3061 1636 3115 nullo
1662 3059 1822 3114 modo
1838 3068 2015 3113 autent
2042 3056 2146 3113 dici

551 3162 745 3223 potest,
778 3152 830 3207 lli
858 3152 996 3224 quod
1026 3167 1129 3206 non
1155 3152 1420 3213 audieras,
1449 3150 1698 3206 crederes
1727 3150 1770 3206 si
1794 3148 1977 3204 velles.

630 3243 713 3298 12.
756 3244 832 3297 Ac
859 3261 955 3313 per
983 3248 1082 3299 itOC
1110 3254 1161 3299 et
1196 3244 1285 3313 qui
1328 3243 1673 3314 Evangelium
1707 3259 1811 3297 non
1840 3241 2144 3307 audierunt,

551 3344 609 3390 et
635 3338 722 3406 qui
750 3351 815 3391 eo
842 3336 1023 3390 audito
1050 3338 1102 3391 in
1131 3337 1326 3392 melius
1354 3337 1666 3390 commutati
1696 3337 2148 3406 perseverantiam

552 3442 664 3480 non
693 3436 1043 3495 acceperunt,
1088 3437 1140 3481 et
1180 3428 1268 3497 qui
1311 3426 1603 3496 Evangelio
1638 3427 1818 3480 audito
1853 3427 2035 3483 vettirc
2083 3425 2149 3482 ad

549 3518 847 3582 Clu-istum,
870 3520 972 3574 huc
990 3529 1089 3585 est,
1114 3520 1165 3572 itt
1190 3534 1310 3573 eunt
1330 3517 1551 3573 credere
1570 3519 1875 3583 noluerunt,
1898 3517 2149 3588 quoniam

553 3612 671 3681 ipse
692 3611 846 3676 dixit,
875 3610 1037 3665 Nemo
1061 3622 1191 3665 venit
1214 3611 1283 3664 ad
1308 3627 1404 3675 me,
1429 3610 1525 3665 nisi
1546 3612 1591 3664 ei
1612 3612 1785 3665 datum
1812 3612 1964 3681 fuerit
1985 3628 2017 3665 a
2048 3610 2152 3664 Pa-

559 3712 634 3755 tre
663 3719 769 3755 meo
796 3701 979 3773 (Joan.
1013 3718 1084 3768 γι,
1115 3705 1230 3773 liti),
1273 3711 1329 3756 et
1376 3702 1464 3773 qui
1513 3716 1607 3771 per
1640 3713 1852 3756 a-tatem
1882 3702 2151 3770 parvulam

559 3810 657 3847 nec
686 3795 903 3849 credere
930 3805 1234 3862 potuerunt,
1259 3794 1351 3849 sed
1378 3794 1444 3849 :tb
1465 3795 1706 3863 originali
1734 3810 1868 3848 noxa
1897 3796 2010 3849 solo
2032 3811 2155 3865 pos-

558 3893 679 3938 sent
727 3885 940 3939 lavacro
982 3886 1401 3948 regenerationis
1443 3886 1677 3952 absolvi,
1707 3900 1812 3956 quo
1841 3895 2015 3940 tamen
2049 3903 2154 3942 non

558 3988 778 4047 accepto
809 3978 1001 4031 mortui
1034 3979 1344 4048 perierunt;
1390 3993 1495 4032 non
1531 3988 1655 4033 sunt
1692 3978 1761 4032 ab
1788 3978 1875 4032 illa
1902 3993 2159 4049 consper-

561 4070 711 4123 siont-
736 4069 974 4135 discreti,
994 4086 1151 4138 quam
1173 4078 1383 4125 c0nstat
1405 4085 1524 4124 esse
1554 4068 1881 4134 damnatam,
1905 4070 2155 4126 euntibus

561 4159 810 4214 omnibus
848 4177 913 4215 ex
958 4176 1063 4212 uno
1103 4161 1153 4215 itt
1201 4160 1726 4216 eondetnnatitntetn.
1770 4158 2160 4215 Discerttuntur

561 4264 740 4305 autem
770 4269 874 4305 non
908 4252 1117 4305 ttteritis
1144 4252 1279 4311 suis.
1308 4250 1400 4305 sed
1434 4266 1532 4320 per
1563 4252 1786 4320 gratiam
1827 4250 2153 4317 Mediatoris,

567 4341 670 4395 ltoc
698 4352 800 4406 est,
836 4343 889 4397 itt
935 4343 1191 4409 sanguine
1215 4341 1437 4398 secundi
1476 4341 1641 4395 Adam
1667 4341 1938 4410 jnstilicati
1967 4342 2153 4410 gratis.

568 4433 751 4499 Itaque
772 4447 891 4486 cum
922 4433 1188 4499 audimus,
1220 4433 1344 4499 Qui:
1374 4432 1505 4485 enim
1532 4444 1579 4485 te
1607 4432 1881 4486 discernit?
1912 4432 2047 4498 Quid
2074 4450 2160 4486 an-

566 4533 666 4578 tem
692 4524 842 4578 habes
881 4526 1015 4577 anod
1056 4540 1156 4578 non
1203 4524 1478 4595 accepisti?
1518 4523 1578 4577 Si
1605 4534 1773 4577 autent
1814 4533 1862 4578 et
1894 4526 2152 4592 accepisti,

566 4618 690 4690 quid
719 4618 954 4690 gloriaris
976 4618 1121 4675 quasi
1151 4633 1251 4671 non
1279 4616 1532 4685 acceperis
1558 4616 1598 4687 (1
1624 4614 1741 4670 Cor.
1765 4632 1836 4681 tv,
1861 4617 1956 4687 7)?
1981 4618 2048 4670 ab
2071 4618 2158 4673 illa

569 4710 884 4781 perditionis
924 4725 1097 4763 massa
1137 4725 1256 4773 quin
1297 4708 1431 4788 facta
1457 4718 1540 4763 est
1571 4724 1663 4778 per
1700 4713 1924 4779 primum
1966 4708 2158 4775 Adam,

574 4804 830 4857 debemus
858 4803 1156 4873 intelligere
1186 4802 1452 4856 nctnincm
1482 4817 1636 4870 posse
1665 4800 1917 4867 discerni,
1944 4801 2042 4854 nisi
2072 4801 2161 4871 qui

572 4895 675 4951 hoc
701 4896 896 4949 donum
924 4894 1101 4953 habet.
1130 4894 1370 4963 quisquis
1399 4892 1577 4959 liabet,
1607 4893 1747 4963 quod
1777 4892 1943 4964 gratia
1972 4892 2163 4948 Salva-

572 4986 703 5040 toris
734 4985 999 5054 accepit“.
1054 4984 1164 5037 Iloc
1204 4999 1380 5036 autem
1421 4984 1765 5056 apostolicum
1802 4984 2162 5037 testimonium

637 5076 653 5107 ι
691 5075 826 5131 Fditi,
847 5073 1192 5139 corripiuntur.
1235 5082 1291 5127 At
1313 5075 1481 5138 plures
1502 5081 1629 5134 Mss,
1655 5074 1970 5139 correptione.
2001 5074 2165 5125 ttet‘er-

573 5144 653 5187 tur
671 5147 748 5193 au,
773 5144 883 5186 sunt
906 5136 1057 5199 digiti.

637 5200 658 5262 ξ
693 5205 801 5247 Lov.
828 5212 890 5262 εις
918 5195 1123 5262 βὸιίςίεἱει
1142 5197 1323 5262 aliquot
1344 5206 1472 5262 Mss,
1491 5198 1613 5250 siem
1636 5195 2079 5262 lticmodorlicrmt.

640 5260 661 5292 ³
692 5268 814 5323 _Atn.,
839 5258 934 5309 nisi
955 5258 1193 5323 quod/ioc
1219 5258 1395 5323 donum
1420 5261 1556 5310 habet
1574 5297 1587 5318 ,
1613 5260 1780 5323 quidqt
1797 5258 1850 5309 id
1877 5258 2166 5323 habetquod

640 5274 661 5292 ο
694 5274 814 5318 Αιιι.,
839 5274 931 5309 met
955 5274 1080 5320 quoa
1106 5274 1193 5308 noc
1219 5274 1395 5310 aonum
1420 5274 1556 5310 [ιιιιηί
1574 5297 1587 5318 ,
1613 5274 1728 5323 quia
1769 5274 1849 5309 tm
1877 5274 2015 5309 uacet
2038 5274 2165 5319 quoa

572 5320 749 5430 gratia.
801 5328 895 5370 etc.
923 5328 1014 5391 Er...
1052 5320 1144 5370 uid
1180 5323 1306 5383 quod
1341 5322 1430 5371 hoc
1466 5323 1643 5372 donum
1666 5274 1810 5393 tingit
1845 5320 2059 5393 quisquis
2080 5320 2167 5392 ha:

604 5388 649 5430 et
693 5384 819 5430 mtorl
855 5390 1013 5430 aratra
1035 5418 1049 5430 .
1096 5391 1190 5430 etc.
1216 5386 1410 5430 mittam
1444 5391 1549 5430 Mss.
1572 5419 1587 5430 .
1626 5397 1718 5430 nm
1762 5384 1889 5430 auorl
1911 5383 2045 5430 :aiit.
2072 5395 2167 5430 mas

604 5388 649 5433 et
693 5384 819 5445 quod
831 5382 1049 5491 dqt'atia,
1096 5380 1410 5441 ete.'t‘ntidatn
1444 5391 1549 5433 Mss.
1572 5419 1587 5443 ,
1626 5383 1719 5433 lii-5i
1762 5380 1889 5446 quod
1911 5383 2045 5443 ;aiii,
2072 5380 2169 5434 nisi

604 5442 663 5491 mi
708 5456 726 5491 :
772 5457 830 5491 se
905 5458 1080 5491 omnes
1135 5444 1295 5491 ferunt
1317 5481 1330 5491 .
1395 5445 1483 5491 hoc
1541 5445 1710 5491 bonum
1753 5444 1909 5491 lutbet.
1984 5446 2166 5491 Deinde

578 5442 663 5504 qui
708 5442 726 5494 ἒ
772 5442 873 5493 sed
905 5458 1080 5493 omnes
1135 5444 1295 5495 ferunt
1317 5481 1330 5501 .
1395 5445 1483 5495 hoc
1541 5442 1710 5495 bovum
1753 5442 1917 5493 liabet.
1984 5446 2166 5493 Deinde

578 5516 641 5576 ex
669 5506 743 5554 bis
783 5504 966 5576 plures,
990 5504 1237 5576 quidquid
1250 5506 1388 5576 habet
1423 5507 1550 5568 quod
1590 5505 1764 5564 qratia,
1792 5514 1886 5576 etc.
1915 5512 2035 5576 bno
2060 5513 2167 5576 tan-

577 5572 698 5631 uim,
714 5565 925 5631 quisquis
948 5565 1087 5617 habet
1110 5565 1237 5631 quod
1258 5565 1547 5631 gratim'etc.
1563 5576 1687 5631 Unus
1709 5568 2016 5631 exinelgicfs,
2033 5566 2168 5631 quod

619 5627 777 5694 "idem
826 5627 963 5694 habet
985 5665 998 5687 ,
1045 5627 1203 5694 gratia
1228 5627 1391 5694 ,ίειοἶ
1434 5638 1570 5679 Forte
1610 5627 1921 5694 legendum;
1948 5628 2044 5678 nisi
2086 5627 2171 5694 qui

597 5699 667 5736 ioc
689 5690 859 5754 bonum
877 5689 1192 5754 _I_tabct,'qttod
1214 5691 1297 5754 qui
1311 5691 1447 5754 liabet
1462 5726 1477 5747 ,
1495 5689 1684 5754 rqt‘atia'
1692 5690 1888 5741 Salvator
1903 5690 1945 5740 is
1962 5689 2162 5754 accepit.

645 5753 718 5809 la)
742 5751 791 5799 si
814 5750 975 5809 relies,
999 5753 1045 5801 id
1064 5750 1157 5807 est.
1183 5750 1405 5803 si'eadem
1428 5750 1639 5803 voluntas
1658 5750 2085 5813 maneret,utdicit
2103 5754 2170 5800 iu-

577 5809 668 5918 ξω.
774 5815 854 5873 t7;
892 5826 983 5862 seu
1004 5849 1018 5873 ,
1059 5814 1151 5865 nisi
1176 5813 1409 5866 roluututc
1433 5814 1589 5876 mola,
1624 5818 1675 5865 ut
1717 5809 2006 5877 relinqueres
2043 5813 2167 5875 quod

599 5885 681 5922 ene
718 5887 789 5922 as.

578 5879 681 5923 tam
688 5879 789 5923 bas.

1210 6464 1512 6490 ’.γ’
1562 6466 1624 6484 .-
1950 6472 1992 6478 -
2076 6472 2105 6476 _

1404 363 1492 427 DE
1530 361 2010 425 CORREPTIONE
2048 356 2138 418 ET
2177 360 2455 427 GRATiA,
2497 360 2555 419 S.
2598 359 2971 419 AUGUSTINI

3732 361 3838 418 92L

2254 482 2360 529 tam
2393 489 2639 546 magnum
2669 484 2771 541 est,
2804 483 2861 529 ut
2890 475 3075 530 beatus
3114 473 3413 546 Cyprianus
3449 475 3516 531 ad
3557 475 3839 545 Quirinum

2248 564 2511 631 scribens,
2561 565 2733 636 ipsum
2782 566 3071 636 subiecerit
3116 566 3189 622 illi
3227 566 3398 627 titulo.
3432 568 3483 622 in
3512 585 3618 637 quo
3654 572 3749 637 ait,
3785 570 3841 626 In

2248 654 2394 708 nullo
2421 669 2541 710 esse
2566 656 2920 725 gloriandum,
2950 656 3163 726 quando
3187 667 3429 713 nostrum
3456 659 3590 715 nihil
3615 662 3684 716 sit
3705 661 3839 734 (Lib.

2247 749 2281 803 5
2301 745 2743 812 Testimoniorum,
2776 750 2921 803 titulo
2945 765 3032 805 seu
3051 765 3165 820 cap.
3195 751 3273 821 4).

2320 841 2405 896 15.
2447 840 2779 913 Quicumque
2819 858 2945 913 ergo
2975 843 3042 896 ab
3084 844 3169 896 illa
3214 844 3459 915 originali
3497 845 3842 902 damnatione

2246 930 2344 985 ista
2377 931 2579 986 divinat
2593 934 2776 1002 gmtite
2806 933 3047 1003 largitate
3066 934 3282 989 discreti
3310 944 3456 1001 sunt,
3489 953 3593 989 nott
3625 947 3707 991 est
3738 936 3841 990 du-

2250 1020 2401 1076 bium
2421 1024 2561 1093 quod
2585 1037 2635 1078 et
2669 1034 2982 1094 procuratur
3005 1027 3081 1078 eis
3107 1026 3428 1080 audiendum
3458 1027 3802 1098 Evangelintn

2246 1122 2295 1166 et
2325 1128 2445 1167 cum
2473 1114 2716 1181 audiunt,
2743 1117 2995 1177 credunt;
3030 1116 3159 1171 etin
3192 1118 3294 1172 (ide
3321 1134 3442 1189 qum
3473 1134 3568 1187 per
3593 1119 3839 1174 dilectio.

2246 1219 2377 1285 nent
2398 1218 2650 1274 operatur
2676 1206 2870 1280 (Colat.
2907 1222 2962 1269 ν,
2986 1209 3042 1278 6)
3062 1249 3075 1272 ,
3117 1224 3285 1279 usque
3314 1210 3369 1264 in
3401 1212 3558 1266 linem
3588 1226 3839 1280 perseve-

2245 1307 2394 1361 rant;
2423 1307 2476 1352 et
2496 1298 2538 1352 si
2564 1298 2774 1368 quando
2793 1299 3116 1363 exorbitant,
3138 1301 3369 1370 correpti
3393 1303 3764 1367 emendantur,
3788 1313 3838 1357 et

2245 1387 2460 1456 quidam
2492 1403 2676 1444 eorum
2726 1390 2824 1444 etsi
2872 1391 2940 1443 ab
2981 1389 3290 1445 hominibus
3320 1407 3426 1447 non
3461 1393 3839 1461 corripiantur,

2246 1477 2298 1532 in
2324 1477 2463 1532 viam
2493 1496 2650 1550 quam
2682 1481 3009 1549 reliquerant
3047 1482 3303 1547 redeunt;
3336 1494 3390 1538 et
3417 1484 3654 1538 nonnulli
3689 1499 3838 1540 acce-

2244 1576 2333 1638 pta
2353 1570 2543 1639 gratia,
2570 1569 2620 1623 in
2641 1570 2874 1640 qualibet
2894 1581 3070 1639 aetate,
3097 1573 3347 1642 periculis
3374 1573 3530 1644 ltujus
3556 1575 3677 1630 vita:
3697 1590 3840 1630 mor-

2247 1660 2315 1715 tis
2343 1660 2618 1718 celeritate
2640 1660 3043 1716 subtraltutttur.
3076 1664 3200 1718 lltcc
3220 1664 3360 1717 enim
3383 1665 3562 1720 omnia
3591 1676 3843 1735 operatur

2244 1750 2298 1805 in
2330 1751 2433 1817 eis,
2463 1752 2552 1821 qui
2580 1767 2706 1806 vasa
2735 1753 3116 1808 misericordia}
3143 1764 3395 1823 operatus
3420 1766 3502 1811 est
3523 1770 3638 1823 eos,
3665 1757 3758 1826 qui
3785 1768 3841 1812 et

2245 1841 2403 1912 elegit
2423 1857 2517 1897 eos
2546 1841 2598 1897 in
2629 1841 2765 1897 Filio
2785 1858 2902 1905 suo,
2928 1851 3054 1899 ante
3075 1846 3510 1900 conStiIutionem
3535 1848 3716 1900 mundi
3745 1862 3843 1917 per

2245 1932 2561 1987 electionem
2587 1934 2794 2003 gratim.
2825 1933 2887 1988 Si
2912 1945 3081 1988 autem
3108 1937 3295 2006 gratia,
3319 1937 3433 2008 jam
3462 1954 3562 1990 non
3584 1953 3646 1991 ea:
3669 1938 3840 2006 operi-

2246 2021 2371 2087 bus;
2404 2022 2628 2093 alioquin
2675 2024 2840 2095 gratia
2870 2024 2983 2093 jam
3038 2040 3139 2077 non
3168 2035 3240 2077 cst
3268 2026 3434 2095 gratia
3460 2025 3635 2089 (liam.
3662 2042 3735 2091 ιι,
3758 2026 3838 2097 ti).

2243 2111 2360 2168 Non
2387 2116 2529 2167 enim
2552 2113 2632 2167 sic
2661 2125 2786 2168 sunt
2816 2115 3011 2179 vocati,
3044 2126 3102 2167 ut
3129 2131 3232 2168 non
3260 2125 3442 2171 essent
3477 2118 3666 2181 electi;
3713 2132 3840 2188 pro-

2246 2215 2366 2275 pter
2392 2204 2535 2272 quod
2570 2204 2769 2260 dictum
2811 2216 2925 2270 est,
2974 2204 3127 2259 Multi
3149 2206 3283 2261 enim
3309 2207 3490 2268 vocati,
3536 2209 3685 2277 pauci
3726 2224 3842 2263 vero

2246 2294 2387 2348 electi
2415 2294 2626 2366 (Matth.
2657 2295 2873 2365 xx,16)
2903 2313 2917 2349 :
2949 2296 3042 2350 sed
3086 2298 3337 2366 quoniam
3381 2298 3674 2353 secundum
3713 2314 3842 2368 pro-

2247 2385 2479 2455 positum
2521 2386 2692 2441 vocati
2736 2395 2881 2451 sunt,
2914 2386 3151 2455 pt-ol'eeto
3189 2396 3244 2441 et
3271 2388 3424 2442 electi
3451 2398 3575 2442 sunt
3602 2403 3700 2459 per
3725 2389 3842 2445 ele-

2247 2476 2504 2540 ctionem,
2550 2484 2610 2529 ut
2653 2475 2852 2530 dictum
2905 2485 3007 2543 est,
3049 2478 3251 2547 gratiae,
3295 2493 3400 2532 non
3431 2480 3842 2548 praecedentium

2249 2568 2563 2622 meritorum
2606 2581 2865 2633 suorum;
2910 2568 3033 2638 quia
3074 2569 3241 2638 gratia
3277 2568 3383 2624 illis
3413 2583 3496 2624 cst
3521 2584 3683 2627 omne
3723 2584 3843 2626 me-

2249 2658 2433 2712 ritum.

2324 2751 2409 2805 ιιι.
2453 2750 2529 2805 De
2575 2751 2768 2807 talibus
2812 2752 2943 2807 dicit
2981 2754 3269 2823 Apostolus
3313 2772 3329 2810 :
3371 2754 3577 2810 Scimus
3600 2755 3844 2828 quoniam

2250 2842 2572 2914 diligentibus
2598 2842 2758 2897 Deum
2789 2846 2963 2898 omnia
2991 2856 3290 2916 conparatur
3317 2847 3369 2900 in
3405 2849 3614 2911 bonum,
3646 2847 3724 2901 Itis
3755 2848 3847 2917 qui

2250 2935 2525 2989 secundum
2555 2936 2868 3005 preposition
2904 2939 3064 2990 vocati
3092 2947 3208 2991 sunt
3244 2953 3265 2992 :
3293 2940 3529 3006 quoniam
3554 2955 3679 3007 quos
3717 2948 3839 2992 ante

2251 3026 2522 3096 prazscivit,
2549 3036 2595 3080 et
2627 3026 2998 3094 prwdestinavit
3021 3033 3305 3098 conformes
3329 3030 3566 3100 imaginis
3595 3027 3721 3083 Filii
3738 3030 3843 3097 sui,

2250 3130 2305 3172 ut
2328 3118 2394 3172 sit
2416 3119 2524 3189 ipse
2550 3119 2911 3191 primogenitus
2939 3120 2990 3173 in
3016 3121 3192 3174 multis
3217 3122 3461 3191 fratribus
3485 3136 3505 3176 :
3532 3138 3655 3192 quos
3678 3131 3846 3175 autem

2252 3211 2644 3282 pra'destiuavit,
2666 3209 2782 3265 illos
2799 3222 2845 3265 et
2863 3212 3050 3267 uocauit
3069 3228 3089 3274 ;
3107 3228 3235 3284 quo:
3246 3223 3412 3266 autent
3426 3214 3634 3275 vocavit,
3652 3214 3852 3287 ipsos.“

2243 3301 2581 3372 justi/icacit;
2618 3318 2742 3368 quos
2783 3312 2950 3355 autem
2985 3303 3295 3371 iusti/ienuit,
3325 3305 3461 3373 ipso:
3484 3304 3850 3373 ctglorificavit

2253 3391 2427 3468 (Rom.
2449 3408 2565 3457 vnt,
2583 3390 2785 3462 28-50).
2812 3393 2893 3449 Ex
2913 3395 3028 3449 istis
3045 3397 3219 3449 nullus
3235 3397 3392 3464 perit,
3408 3396 3529 3463 quia
3546 3413 3735 3451 omnes
3748 3396 3851 3452 elc-

2253 3490 2323 3541 cti
2341 3496 2483 3540 sunt.
2508 3486 2675 3541 Electi
2698 3496 2822 3539 sunt
2845 3497 3044 3551 autem,
3061 3488 3182 3557 quia
3204 3488 3495 3543 secundum
3519 3490 3849 3558 pmpositum

2254 3576 2429 3631 Vocati
2453 3585 2581 3632 sunt
2603 3594 2617 3629 :
2643 3578 2973 3647 propositum
2994 3588 3196 3642 autem,
3216 3595 3322 3632 non
3338 3593 3515 3639 suum,
3530 3597 3570 3633 si
3588 3580 3623 3635 «Ι
3647 3580 3758 3643 Dei;
3784 3580 3855 3636 de

2257 3687 2366 3742 qtto
2388 3671 2512 3725 alibi
2541 3670 2691 3735 dicit,
2723 3668 2792 3725 Ut
2819 3671 3096 3725 secundum
3117 3672 3403 3726 electionem
3426 3674 3737 3744 propositum
3762 3673 3858 3728 Dei

2258 3772 2501 3827 maneret,
2530 3778 2630 3815 non
2649 3777 2713 3815 ea:
2746 3762 2996 3832 operibus.
3024 3762 3113 3816 sed
3136 3779 3200 3817 ea:
3231 3773 3439 3817 vocante
3465 3764 3654 3817 dtrtum
3679 3775 3752 3821 est
3785 3765 3853 3828 ei,

2258 3855 2378 3925 quia
2398 3855 2566 3926 major
2586 3854 2763 3908 serviet
2790 3855 2974 3909 minori
2996 3853 3105 3925 (Id.
3131 3870 3205 3917 Ix.
3235 3856 3426 3922 “45)
3454 3866 3544 3911 :et
3562 3856 3709 3919 alibi,
3734 3855 3857 3910 Non

2257 3946 2537 4001 secundum
2579 3962 2734 4015 Opera
2777 3956 2972 4009 nostra,
3019 3946 3212 4015 inquit,
3260 3947 3350 4001 sed
3390 3948 3664 4002 secundum
3707 3964 3856 4002 situm

2261 4039 2573 4109 propositum
2598 4047 2644 4090 et
2667 4037 2884 4107 gratiam
2909 4037 2976 4104 (ll
3004 4037 3137 4091 Tim.
3174 4054 3210 4099 ι.
3243 4037 3320 4109 9).
3352 4039 3485 4094 Cum
3532 4054 3662 4109 ergo
3700 4039 3857 4094 andi-

2262 4144 2384 4184 ntus
2409 4146 2421 4182 :
2454 4129 2594 4197 Quos
2615 4140 2783 4183 autem
2800 4129 3195 4201 pra'drstinarit,
3217 4128 3333 4184 illos
3352 4139 3398 4183 et
3418 4130 3641 4193 vocarit;
3660 4145 3857 4186 secun-

2261 4219 2390 4275 dum
2437 4219 2765 4288 propositum
2807 4228 3025 4273 vocatos
3064 4220 3324 4274 debemus
3361 4234 3651 4290 agnoscere
3683 4238 3697 4273 :
3725 4237 3862 4289 quo.

2264 4311 2404 4365 niam
2434 4311 2555 4365 inde
2582 4312 2764 4380 rmpit,
2792 4310 2998 4372 dicens,
3029 4309 3213 4365 Omnia
3238 4324 3542 4381 cooperatur
3565 4313 3617 4365 in
3644 4311 3852 4378 bonum,

2263 4401 2343 4454 Itis
2386 4402 2470 4470 qui
2516 4401 2794 4454 secundum
2834 4402 3151 4470 propositum
3175 4402 3335 4454 vocati
3370 4412 3525 4464 sunt;
3572 4419 3636 4456 ac
3661 4401 3859 4457 deinde

2265 4493 2552 4563 subiunxit,
2582 4494 2836 4560 Quoniatn
2863 4510 2988 4563 quos
3011 4504 3129 4547 ante
3161 4494 3428 4562 pratscivit,
3452 4505 3496 4546 et
3523 4494 3861 4560 prank-uina-

2268 4584 2337 4637 rit
2364 4587 2648 4657 conformat
2676 4586 2912 4656 imaginis
2932 4584 3057 4639 Filii
3079 4587 3177 4645 sui.
3203 4597 3256 4640 ut
3276 4588 3340 4640 sit
3368 4588 3474 4656 ipse
3502 4588 3862 4657 primogenita:

2264 4676 2319 4729 in
2365 4676 2543 4730 multis
2594 4678 2876 4747 fratribus;
2922 4688 3086 4746 atque
3134 4678 3217 4733 bis
3264 4678 3551 4746 pra-missis
3606 4676 3860 4742 subdidit,

2270 4767 2410 4832 Quos
2449 4778 2617 4820 autem
2650 4768 3050 4838 pra'destinavit,
3079 4768 3196 4822 illo:
3225 4778 3271 4822 et
3298 4769 3508 4822 vocavit.
3538 4767 3648 4823 Eos
3687 4769 3863 4837 itaque

2268 4858 2379 4911 Vult
2403 4858 2645 4928 intelligi.
2688 4873 2825 4928 quos
2845 4858 3140 4914 secandum
3167 4858 3499 4929 propositum
3526 4859 3768 4923 vocavit;
3798 4872 3864 4911 ne

2270 4958 2522 5019 putentur
2547 4949 2598 5002 itt
2625 4949 2705 5004 eis
2728 4964 2851 5004 eSse
2889 4949 3053 5019 aliqui
3100 4950 3273 5003 vocati
3304 4959 3357 5003 et
3398 4964 3505 5003 non
3534 4948 3710 5012 electi,
3743 4963 3865 5016 prm

2270 5050 2391 5111 pter
2415 5040 2558 5093 illam
2588 5039 2910 5094 dominicam
2955 5040 3298 5105 sententiam,
3329 5038 3483 5093 Multi
3511 5040 3694 5104 vocati,
3718 5038 3866 5108 pauci

2269 5130 2432 5185 electi.
2462 5130 2796 5198 Quicumque
2832 5131 2974 5184 enim
3016 5130 3195 5196 electi,
3236 5131 3353 5184 sine
3390 5130 3552 5184 dubio
3577 5130 3737 5183 etiam
3777 5143 3868 5183 vo-

2270 5223 2372 5277 cati
2409 5240 2422 5275 :
2458 5238 2564 5276 non
2609 5231 2786 5276 autem
2837 5224 3160 5292 quicumque
3214 5223 3422 5287 vocati,
3474 5230 3867 5291 consequenter

2271 5312 2449 5367 electi.
2483 5312 2559 5366 Illi
2590 5329 2716 5382 ergo
2736 5312 2915 5379 electi,
2944 5324 3001 5367 ut
3022 5328 3166 5382 stt-pc
3189 5313 3389 5367 dictum
3416 5323 3520 5380 est,
3551 5314 3641 5383 qtti
3669 5328 3864 5368 secun-

2272 5402 2396 5457 dum
2425 5403 2755 5471 propositum
2783 5404 2978 5467 voeatti,
3007 5405 3095 5473 qui
3126 5404 3286 5458 etiam
3317 5403 3681 5472 praedeStinati
3707 5414 3867 5473 atque

2275 5495 2525 5565 praescili.
2574 5494 2776 5549 [lorum
2829 5496 2871 5548 si
2918 5496 3199 5565 quisquam
3253 5495 3409 5564 peril,
3456 5494 3655 5549 fallitur
3686 5495 3864 5548 Deus:

2274 5584 2368 5640 sed
2398 5598 2554 5638 nemo
2580 5598 2763 5639 eorum
2794 5585 2949 5654 perit,
2978 5585 3100 5655 quia
3129 5601 3230 5639 non
3262 5583 3459 5638 fallitur
3484 5584 3642 5638 Deus.
3667 5584 3867 5639 Horum

2275 5676 2318 5731 si
2348 5677 2624 5747 quisquam
2656 5677 2825 5747 perit,
2864 5678 2993 5731 vitio
3025 5678 3257 5731 ltttmano
3294 5677 3521 5732 vincitur
3565 5677 3704 5731 Deus
3734 5693 3748 5728 :
3778 5677 3868 5730 sed

2278 5785 2436 5823 nemo
2458 5784 2641 5823 eorum
2670 5769 2827 5837 perit,
2851 5770 2972 5839 quia
3002 5768 3143 5823 nulla
3167 5784 3224 5823 re
3253 5769 3483 5822 vincitur
3506 5767 3668 5822 Deus.
3704 5768 3871 5823 Electi

2284 5867 2461 5914 autem
2486 5869 2605 5915 sunt
2630 5861 2693 5913 ad
2718 5860 3043 5929 regnandum
3067 5874 3185 5914 cum
3208 5859 3453 5927 Christo;
3484 5876 3589 5914 non
3607 5862 3874 5923 quomodo
