4122 6520
277 635 479 689 electus
520 640 603 685 est
650 626 813 685 ludas
857 624 923 681 ad
972 637 1106 696 opus
1132 620 1217 677 cui
1262 615 1606 688 congruebat.
1652 614 1735 667 Ab
1776 610 1868 665 illo

278 727 473 796 quippe
496 723 699 777 electus
726 735 828 782 est,
858 718 948 790 qui
977 717 1125 771 novit
1150 714 1289 769 bene
1315 711 1389 765 uti
1419 709 1577 764 etiam
1608 705 1782 765 malis.
1814 713 1875 756 ut

278 828 332 871 et
360 832 453 885 per
480 813 599 884 ejus
624 827 763 882 opus
793 808 1118 869 damnabile,
1152 803 1281 859 illud
1324 813 1543 872 propter
1575 796 1718 870 quod
1760 797 1876 864 ipse

283 914 521 970 venerat,
564 918 700 973 opus
742 899 1046 956 venerabile
1089 896 1469 965 coinpleretur.
1519 890 1652 945 Cum
1698 889 1877 953 itaque

283 1000 553 1054 amlimus.
592 994 780 1049 Nonne
822 1009 913 1062 ego
943 1006 1028 1044 vos
1067 987 1332 1041 duodecim
1368 984 1512 1053 elegi.
1559 991 1606 1036 et
1647 996 1778 1034 unus
1816 992 1881 1031 ea:

287 1091 422 1146 vobis
442 1089 672 1142 diabolus
709 1094 781 1139 est
807 1083 985 1156 (Joan.
1014 1096 1089 1146 vn,
1123 1074 1259 1149 7|)?
1296 1077 1413 1129 illos
1435 1073 1693 1127 debemus
1727 1066 1883 1121 intel-

287 1180 452 1252 ligere
481 1179 682 1234 electos
710 1191 803 1246 pn-r
829 1170 1269 1231 miscricordiam,
1302 1166 1449 1221 illum
1482 1160 1881 1233 perjmlicimn;

290 1249 412 1327 ilius
430 1271 445 1302 ¹
473 1270 538 1324 ad
569 1268 918 1343 obtinendum
947 1275 1168 1333 regnum
1190 1274 1367 1321 suum,
1399 1256 1546 1311 illum
1566 1252 1633 1308 ad
1653 1249 1884 1306 funden-

291 1364 418 1420 dum
444 1360 757 1430 sanguinem
779 1369 961 1411 suum.

367 1454 455 1510 i5.
497 1450 684 1507 Merito
708 1449 952 1518 sequitur
980 1459 1081 1498 vox
1109 1440 1176 1496 ad
1206 1453 1429 1511 regnum
1461 1436 1753 1492 electorum
1783 1451 1798 1489 :
1827 1430 1890 1487 Si

298 1542 435 1602 Deus
460 1558 553 1613 pro
579 1540 741 1601 nobis,
762 1538 872 1609 quis
896 1544 1072 1590 contra
1104 1531 1233 1586 nos?
1263 1528 1362 1597 Qui
1388 1526 1523 1581 Filio
1549 1524 1756 1597 proprio
1782 1538 1883 1576 non

298 1637 538 1709 pepercit,
563 1633 651 1687 sed
677 1648 770 1703 pro
798 1628 940 1683 nobis
968 1624 1201 1679 onmibus
1232 1620 1443 1675 tradidit
1479 1634 1613 1677 eum.
1639 1613 1892 1686 quomodo

298 1705 399 1786 non
423 1739 470 1782 et
496 1742 610 1779 cum
636 1725 727 1777 illo
756 1721 896 1775 nobis
913 1719 1083 1772 omnia
1108 1713 1347 1768 donarit?
1375 1710 1502 1778 Quis
1518 1708 1772 1762 accusabit
1792 1705 1892 1759 ad-

296 1837 470 1879 versus
510 1818 691 1871 electos
726 1812 854 1867 Dei?
904 1809 1041 1862 Deus
1069 1807 1155 1877 qui
1190 1801 1484 1875 justiﬁcat.’
1534 1799 1659 1866 Quis
1703 1795 1893 1851 conde-

299 1909 518 1965 mnat'?
546 1905 776 1959 Christus
814 1901 900 1972 qui
930 1908 1158 1951 mortuus
1185 1904 1280 1960 est,
1308 1892 1469 1963 magis
1512 1899 1681 1942 autem
1720 1887 1806 1958 qui
1848 1897 1896 1940 et

299 1984 590 2060 resurrexit,
623 1994 707 2063 qui
738 2004 809 2046 est
840 1991 889 2043 in
918 1988 1125 2043 dextera
1154 1984 1269 2046 Dei,
1291 1982 1376 2053 qui
1405 1991 1449 2034 et
1479 1976 1771 2049 interpellat
1802 1992 1895 2046 pro

301 2087 483 2144 nobis?
508 2089 675 2152 Qnazn
709 2083 859 2135 fortis
887 2090 1065 2132 autem
1093 2071 1507 2146 perseverantize
1535 2083 1703 2138 usque
1746 2067 1797 2121 in
1831 2070 1896 2120 li-

303 2194 428 2233 nem
479 2189 671 2229 tnunns
715 2170 1041 2239 accept-rint,
1086 2174 1378 2230 sumantur
1415 2171 1464 2216 et
1497 2160 1721 2215 dicant:
1770 2158 1897 2225 Quis

302 2285 395 2323 nos
423 2263 672 2336 separabit
710 2280 741 2315 a
769 2264 891 2315 char
914 2270 1014 2314 tute
1041 2257 1268 2311 Christi?
1305 2251 1600 2307 tribulatio?
1637 2269 1702 2305 an
1730 2268 1895 2321 angu-

302 2358 443 2414 stia?
468 2373 534 2409 an
566 2353 879 2426 persecutio?
907 2368 973 2403 an
1003 2347 1199 2420 fontes?
1226 2364 1293 2399 an
1324 2343 1567 2398 auditas?
1591 2360 1657 2396 an
1694 2344 1896 2411 pericu-

304 2442 449 2503 intra?
487 2464 553 2500 an
596 2444 837 2516 gladius?
879 2441 1026 2496 Sicut
1063 2450 1307 2507 scrrp‘um
1333 2446 1424 2499 est,
1456 2434 1591 2503 Quia
1626 2444 1830 2503 propter
1854 2442 1902 2488 te

305 2540 672 2607 inortiﬁca-nnr
700 2545 802 2589 tota
831 2535 931 2595 die,
950 2530 1186 2587 a'stimati
1201 2544 1378 2584 sumus
1401 2538 1455 2581 ut
1480 2544 1593 2581 oves
1614 2526 1896 2581 occisionis.

308 2628 416 2686 Sed
444 2630 494 2683 in
526 2630 605 2681 his
633 2627 865 2681 omnibus
905 2622 1302 2693 superriucimus
1332 2636 1420 2691 per
1447 2635 1562 2672 eum
1600 2618 1685 2688 qui
1723 2617 1905 2671 dilexit

310 2718 629 2776 iras.‘Ccrtus
649 2735 759 2771 sum
784 2717 916 2771 enim
944 2717 1061 2786 quia
1089 2729 1245 2785 neque
1285 2729 1441 2775 mors,
1474 2728 1633 2782 neque
1656 2712 1778 2778 vita,
1809 2725 1903 2763 no-

311 2830 405 2884 que
425 2812 657 2883 angelus,
682 2826 840 2877 neque
868 2807 1202 2877 principatus,
1234 2821 1391 2873 neque
1419 2803 1709 2875 prementia,
1746 2816 1905 2874 neque

311 2907 506 2965 futura,
539 2919 698 2971 neque
721 2902 898 2964 virtus,
928 2916 1086 2969 neque
1112 2896 1349 2959 altitudo,
1379 2911 1538 2962 neque
1567 2894 1900 2965 profundum,

311 3011 471 3066 neque
493 3006 724 3049 creatura
750 2994 853 3046 alia
873 2991 1049 3064 poterit
1078 3006 1168 3044 nos
1189 3005 1428 3057 separare
1453 3004 1486 3040 a
1510 2986 1756 3040 charitate
1787 2986 1900 3054 Dei,

311 3102 428 3154 qua:
476 3095 547 3139 est
589 3086 641 3139 in
678 3082 877 3141 Christo
923 3079 1049 3136 Jesu
1098 3079 1314 3134 Domino
1363 3088 1533 3133 nostro
1578 3076 1757 3149 (Rom.
1785 3092 1902 3146 vm,

310 3177 531 3243 31-59).

386 3267 475 3323 16.
502 3266 588 3322 Isti
615 3265 896 3337 signiﬁcati
922 3277 1045 3322 sunt
1071 3264 1138 3320 ad
1159 3264 1519 3328 Timotheum,
1550 3262 1639 3318 ubi
1662 3277 1783 3318 cum
1815 3261 1905 3317 di-

315 3367 460 3415 ctum
494 3359 700 3424 fuisset,
729 3357 1073 3430 Hymenaeum
1093 3367 1145 3412 ct
1174 3357 1434 3411 Philctum
1464 3355 1618 3410 ﬁdem
1646 3371 1905 3427 quorum-

314 3451 438 3505 dam
480 3450 830 3516 subvertere;
877 3466 999 3504 mox
1046 3450 1286 3504 additum
1328 3457 1430 3511 est,
1463 3446 1698 3502 Firmum
1737 3458 1906 3501 autem

314 3542 704 3615 fundamentum
745 3542 839 3596 Dei
882 3552 1004 3602 stat,
1038 3542 1225 3595 habens
1252 3542 1574 3613 signaculum
1599 3540 1714 3605 hoc,
1746 3538 1907 3596 Scirit

316 3628 571 3687 Dominus
612 3636 702 3703 qui
740 3641 860 3686 sunt
901 3633 1012 3703 ejus
1040 3630 1102 3702 (ll
1130 3628 1266 3684 Tim.
1291 3645 1348 3693 tt,
1382 3628 1488 3696 l9).
1525 3629 1722 3683 llorum
1753 3628 1904 3693 fides,

316 3741 435 3797 quas
475 3736 573 3793 per
611 3724 947 3779 dilectionem
992 3731 1265 3792 operatur,
1300 3721 1536 3790 profecto
1565 3729 1655 3774 aut
1684 3721 1907 3775 omnino

316 3824 424 3871 non
451 3814 652 3875 deﬁcit.
684 3825 775 3869 aut
806 3815 849 3870 si
878 3815 965 3885 qui
989 3825 1113 3869 sunt
1147 3828 1373 3885 quorum
1404 3810 1600 3875 deﬁcit,
1631 3824 1909 3883 reparatur

315 3920 602 3978 antequam
624 3906 731 3960 vita
758 3907 855 3960 ista
884 3905 1116 3967 ﬁniatur.
1144 3916 1199 3961 et
1227 3905 1401 3960 deleta
1433 3921 1551 3975 quzc
1579 3906 1906 3959 intercurre-

312 4008 400 4054 rat
422 3998 720 4068 iniquitate,
744 4012 911 4066 usque
937 3996 988 4051 in
1006 3999 1165 4050 linem
1190 3996 1580 4065 perseverantia
1604 3995 1905 4063 deputatur.

312 4087 414 4158 Qui
445 4100 575 4143 vero
603 4088 990 4158 perseveraturi
1021 4101 1125 4142 n0n
1153 4098 1296 4149 Sunt.
1320 4102 1384 4142 ac
1428 4088 1506 4142 sic
1548 4103 1577 4141 a
1627 4087 1730 4143 ﬁde
1768 4087 1909 4140 chri-

312 4179 487 4251 stiana
517 4188 570 4232 ct
593 4177 1000 4234 conversatione
1032 4179 1232 4245 lapsuri
1262 4188 1407 4242 sunt,
1429 4186 1485 4231 ut
1516 4180 1646 4233 tales
1668 4194 1762 4232 eos
1788 4179 1909 4232 vitae

304 4269 475 4340 ‘ltujns
505 4269 625 4324 ﬁnis
658 4270 920 4333 inveniat;
961 4270 1143 4339 prorul
1192 4268 1353 4321 dubio
1396 4285 1493 4323 nec
1519 4268 1610 4322 illo
1642 4277 1908 4338 tempore,

308 4377 423 4432 quo
454 4362 588 4417 bene
617 4361 805 4430 pit-que
830 4359 1042 4423 vivunt,
1075 4360 1125 4414 in
1156 4359 1379 4414 istorum
1399 4360 1658 4413 'numero
1685 4375 1908 4428 compu-

312 4452 463 4508 tandi
493 4458 637 4506 sunt.
676 4449 789 4504 Non
820 4452 961 4504 enim
1010 4460 1134 4503 sum
1176 4465 1205 4502 a
1257 4465 1430 4504 massa
1470 4451 1555 4505 illi
1597 4448 1913 4518 perditionis

318 4542 655 4614 praescientia
691 4541 781 4594 Dei
821 4550 876 4595 et
922 4540 1388 4608 praidcstinatione
1428 4540 1678 4603 discreti;
1708 4551 1761 4594 et
1789 4540 1911 4593 idco

312 4648 420 4689 nec
443 4631 735 4688 secundum
765 4636 1101 4701 propositum
1133 4633 1327 4694 Vocati,
1347 4648 1411 4688 ac
1433 4647 1524 4701 per
1549 4631 1652 4686 hoc
1674 4647 1771 4687 nec
1797 4633 1914 4687 ele-

316 4723 389 4777 cti
422 4741 435 4776 :
465 4722 559 4777 sed
604 4721 658 4776 in
695 4721 774 4777 eis
813 4721 1005 4783 vocati,
1039 4721 1106 4776 de
1142 4721 1337 4791 quibus
1382 4722 1581 4776 dictum
1616 4731 1730 4786 est,
1763 4721 1916 4776 Multi

316 4814 521 4875 vocati;
551 4829 656 4868 non
703 4812 756 4866 in
797 4813 876 4866 eis
915 4812 983 4866 de
1025 4812 1219 4881 quibus
1260 4813 1457 4866 dictum
1489 4823 1591 4878 est,
1615 4813 1763 4882 pauci
1799 4829 1915 4867 vero

318 4907 482 4961 electi.
515 4906 577 4960 Et
607 4914 784 4958 tamen
816 4905 943 4973 quis
965 4914 1120 4974 neget
1164 4919 1257 4958 eos
1275 4904 1493 4967 electos,
1519 4918 1639 4958 cum
1667 4904 1912 4970 credunt,

321 5009 382 5053 et-
408 5000 762 5068 baptizantur,
792 5005 847 5051 ct
872 4997 1164 5050 scentulum
1194 4996 1359 5049 Deum
1390 4995 1603 5049 vivunt?
1640 4995 1804 5049 Plane
1832 4996 1915 5049 di-

320 5100 516 5142 cuntur
544 5084 699 5142 electi
729 5101 758 5139 a
790 5086 1150 5142 nescientibus
1188 5085 1315 5156 quid
1363 5086 1522 5139 futuri
1552 5086 1678 5147 sint,
1711 5100 1817 5139 non
1846 5085 1917 5139 ab

321 5182 414 5235 illo
443 5179 533 5249 qui
564 5190 660 5233 eos
689 5175 837 5231 novit
864 5191 968 5230 non
998 5176 1195 5231 habere
1225 5176 1673 5245 perseverantiam
1703 5190 1822 5245 qua:
1846 5174 1914 5229 ad

324 5271 535 5325 beatam
560 5268 720 5321 vitam
749 5265 985 5335 perducit
1007 5266 1228 5331 electos,
1254 5265 1461 5335 scitque
1491 5265 1616 5321 illos
1645 5265 1716 5320 ita
1744 5274 1911 5334 stare,

324 5369 382 5415 ut
413 5358 703 5427 prmscierit
734 5372 855 5412 esse
884 5371 1127 5412 casaros.

531 5448 624 5504 UT
662 5448 796 5503 Vili.
825 5477 900 5490 —-
925 5449 1013 5505 l7.
1045 5449 1141 5505 llic
1162 5449 1206 5503 si
1232 5465 1261 5501 a
1285 5465 1367 5505 me
1391 5459 1682 5520 qnmratur,
1713 5464 1810 5504 cur
1828 5450 1909 5505 eis

325 5539 464 5593 Deus
511 5540 966 5608 perseverantiam
1008 5557 1113 5594 non
1144 5540 1374 5606 dederit,
1405 5541 1604 5611 quibus
1627 5540 1785 5596 eam‘
1811 5555 1916 5611 qua

386 5691 723 5804 illos
758 5706 873 5758 ergo
901 5692 1062 5759 elegit.
1102 5697 1400 5759 atauuscrizti
1442 5711 1558 5747 vero
1581 5712 1676 5747 non
1716 5697 1915 5756 habent,

324 5768 439 5819 ergo
461 5768 621 5818 etegu.
874 5788 877 5795 ι

382 5822 407 5886 ξ
441 5814 608 5886 Plures
632 5824 757 5886 uss:
784 5814 891 5886 quis
913 5823 981 5867 cst
1005 5815 1088 5879 qui
1101 5817 1422 5870 condemnet?

387 5878 409 5909 ³
441 5878 513 5927 sic
539 5884 640 5925 uss.
682 5878 813 5930 tditi.
840 5878 945 5927 ish-

384 5940 408 5969 ⁵
442 5948 541 5986 Am.
570 5944 640 5986 ts.
681 5946 730 5987 et
755 5946 880 5993 Mss"
906 5938 985 6001 qui
1008 5952 1128 5988 eam.

1702 494 1904 553 LIBER
1941 492 2143 552 UNUS.

3464 489 3572 545 920

1981 609 2270 666 christiano
2310 607 2566 671 viverent,
2601 605 2938 661 dilectionem
2985 604 3165 673 dedit;
3208 621 3293 663 mc
3322 622 3571 678 ignorare

1980 701 2303 771 respondeo.
2335 700 2449 755 Non
2477 700 2619 754 enim
2642 710 2976 769 arroganter,
3009 698 3103 753 sed
3131 712 3430 770 agnoscens
3451 713 3569 753 mo-

1980 793 2161 848 dulum
2195 808 2393 858 memn,
2424 791 2583 846 audio
2621 791 2885 845 dicentem
2930 790 3265 860 Apostolum,
3308 787 3353 844 0
3394 788 3567 852 homo,

1982 892 2035 936 tu
2059 885 2170 952 quis
2193 900 2244 936 es
2269 884 2354 951 qui
2381 882 2686 952 respondeas
2716 881 2819 936 Deo
2850 881 3027 951 (Rom.
3059 898 3133 945 lx,
3163 881 3295 944 9.0)?
3326 892 3399 946 et,
3436 879 3572 934 Oul-

1985 975 2148 1028 titudo
2188 976 2475 1028 divitiarum
2508 973 2771 1042 sapientia:
2806 982 2851 1025 et
2896 974 3114 1026 scientia:
3156 971 3286 1025 Dei!
3312 988 3463 1043 quam
3498 971 3570 1024 in-

1985 1066 2274 1121 scrutabiliu
2308 1075 2424 1120 sunt
2446 1058 2646 1133 judicia
2688 1065 2821 1135 ejus,
2847 1072 2893 1117 et
2923 1062 3290 1133 inrestigubiles
3329 1062 3423 1115 uia:
3466 1065 3572 1133 ejus

1990 1157 2102 1228 (Id.
2128 1174 2203 1224 XI,
2233 1157 2356 1225 '52)!
2388 1157 2655 1224 Quantum
2688 1155 2865 1225 itaque
2907 1154 3059 1208 nobis
3097 1153 3295 1224 judicia
3332 1168 3429 1208 sua
3457 1169 3572 1207 ma-

1990 1250 2245 1306 nifestare
2281 1249 2547 1317 dignatur.
2581 1247 2781 1318 gratias
2824 1261 3045 1316 agamus
3083 1262 3098 1300 :
3144 1255 3402 1314 quantum
3450 1259 3579 1298 vero

1989 1341 2340 1408 abscondere,
2373 1356 2476 1394 non
2515 1340 2774 1394 adversus
2806 1338 2924 1408 ejus
2959 1337 3241 1391 consilium
3274 1352 3582 1392 murmure-

1993 1451 2136 1501 mus.
2165 1436 2260 1493 sed
2289 1436 2390 1490 hoc
2414 1450 2626 1506 quoque
2667 1433 2819 1488 nobis
2859 1432 3269 1488 saluberrimum
3314 1448 3435 1487 esse
3461 1448 3580 1486 cre‘

1994 1529 2203 1585 damus.
2231 1528 2311 1583 Tu
2337 1535 2514 1582 autem
2545 1526 2787 1598 quisquis
2836 1525 3085 1580 inimicus
3131 1524 3248 1595 ejus
3284 1525 3471 1596 gratia:
3507 1526 3587 1580 sic

1996 1622 2313 1691 interrogas,
2342 1619 2457 1691 ipse
2482 1619 2607 1690 quid
2632 1616 2803 1673 dicis?
2831 1617 2995 1682 Bene,
3023 1617 3165 1684 quod
3198 1627 3247 1670 te
3282 1632 3388 1671 non
3422 1630 3585 1686 negas

1997 1730 2116 1768 esse
2145 1713 2515 1780 christianum,
2543 1720 2597 1766 et
2623 1711 2941 1765 catholicum
2968 1708 3159 1779 jactas.
3192 1707 3248 1765 Si
3268 1722 3398 1778 ergo
3416 1706 3587 1762 conli-

2000 1806 2148 1868 teris,
2173 1805 2372 1859 donum
2415 1803 2505 1857 Dei
2555 1817 2673 1857 esse
2709 1815 3055 1872 perseverare
3084 1801 3138 1854 in
3172 1801 3312 1854 bOno
3338 1812 3506 1869 usque
3531 1795 3587 1852 in

1999 1897 2198 1962 linem;
2244 1912 2341 1952 cur
2387 1894 2490 1950 hoc
2530 1895 2727 1949 donum
2772 1893 2861 1947 ille
2908 1892 3163 1962 accipiat,
3195 1890 3285 1946 ille
3314 1884 3420 1945 non
3450 1890 3590 1944 acci-

2001 1993 2130 2062 piat,
2160 2002 2287 2062 puto
2319 1990 2461 2061 quod
2510 2004 2720 2045 mecum
2768 1988 2967 2057 pariter
2996 1987 3193 2049 nescis.
3224 1997 3277 2041 et
3305 1985 3464 2040 ambo
3504 1984 3592 2039 hic

2001 2083 2365 2140 inscrutabilia
2407 2081 2607 2152 judicia
2659 2080 2749 2134 Dei
2791 2090 3074 2150 penetrare
3126 2094 3230 2132 non
3280 2092 3590 2147 possumus.

2000 2177 2105 2232 Aut
2134 2178 2178 2231 si
2208 2176 2274 2229 ad
2304 2176 2525 2228 liberum
2569 2173 2849 2227 arbitrium
2893 2171 3143 2237 hominis,
3172 2168 3315 2239 quod
3352 2185 3457 2225 non
3499 2183 3593 2225 sc-

2001 2269 2235 2324 cundum
2268 2268 2359 2323 Dei
2384 2268 2632 2338 gratiam,
2663 2264 2756 2320 sed
2786 2275 2970 2320 contra
3010 2279 3130 2318 eam
3170 2262 3435 2325 defendis,
3470 2278 3593 2335 per-

2006 2361 2173 2417 tinere
2201 2362 2335 2415 dicis
2376 2371 2434 2415 ut
2480 2368 2791 2431 perseveret
2835 2358 2885 2412 in
2927 2358 3071 2412 bono
3097 2357 3342 2426 quisque,
3373 2355 3453 2409 vel
3486 2371 3593 2410 non

2006 2460 2328 2524 perseveret,
2360 2467 2463 2506 non
2499 2452 2606 2505 Deo
2631 2450 2867 2506 donante
2909 2448 2953 2502 si
2996 2457 3335 2520 perseveret,
3365 2447 3461 2502 sed
3490 2448 3592 2501 hu-

2007 2559 2162 2597 mana
2204 2543 2477 2597 voluntate
2524 2542 2782 2605 faciente;
2809 2540 2936 2611 quid
2984 2539 3266 2592 moliturus
3310 2553 3369 2592 es
3408 2547 3595 2593 contra

2005 2637 2167 2691 verba
2195 2635 2447 2699 dicentis,
2474 2633 2669 2704 Rogavi
2713 2650 2805 2703 pro
2848 2642 2915 2694 te,
2944 2630 3111 2693 Petre,
3135 2647 3197 2685 ne
3238 2629 3439 2700 deﬁciat
3469 2630 3601 2698 fides

2006 2738 2092 2782 tua
2110 2727 2269 2798 (an.
2303 2744 2435 2789 χιιι.
2470 2728 2598 2800 5?)?
2627 2730 2706 2781 Au
2736 2726 2957 2781 audebis
2983 2725 3162 2800 dicere
3187 2726 3345 2777 etiam
3376 2732 3608 2794 rogante

2005 2794 2229 2873 Christo
2273 2834 2341 2874 ne
2375 2794 2629 2872 deﬁerret
2658 2816 2789 2871 ﬁdes
2814 2815 2980 2879 Petri,
3008 2794 3335 2870 defecturam
3366 2813 3528 2869 fuisse
3554 2814 3599 2868 si

2009 2909 2200 2965 Petrus
2226 2925 2343 2965 eam
2375 2909 2606 2963 deﬁcere
2640 2909 2912 2971 voluisset,
2947 2907 3047 2961 hoc
3073 2916 3177 2970 est,
3210 2906 3254 2960 si
3285 2920 3402 2960 eam
3433 2920 3601 2975 usque

2008 3000 2061 3055 in
2101 3000 2258 3055 linem
2304 3014 2651 3071 perseverare
2694 2997 2989 3052 noluisset?
3015 2997 3163 3067 quasi
3212 2995 3353 3051 aliud
3410 2995 3609 3051 Petrus

2009 3093 2117 3146 ullo
2146 3091 2303 3145 modo
2334 3091 2513 3155 vellet,
2549 3105 2706 3158 quam
2736 3104 2832 3158 pro
2864 3088 2955 3142 illo
2984 3087 3231 3143 Christus
3273 3096 3515 3157 rogasset
3544 3095 3604 3143 ut

2010 3177 2193 3232 vellet.
2225 3174 2357 3230 Nam
2384 3174 2504 3245 quis
2528 3175 2757 3244 ignorat,
2783 3182 2909 3227 tunc
2932 3171 3095 3227 fuisse
3126 3172 3413 3242 perituram
3443 3171 3600 3224 tidem

2009 3264 2177 3333 Petri,
2201 3266 2247 3321 si
2269 3283 2330 3320 ea
2359 3281 2462 3336 qua
2493 3263 2666 3320 ﬁdelis
2693 3273 2809 3319 erat
2828 3251 2867 3330 ι;
2899 3264 3145 3318 voluntas
3175 3263 3288 3331 ipsa
3315 3261 3601 3327 deficeret;

2010 3368 2068 3415 et
2117 3372 2542 3428 permansuram,
2573 3358 2618 3413 si
2663 3354 2848 3411 eadem
2896 3354 3137 3408 voluntas
3184 3352 3458 3408 maneret?
3497 3352 3603 3407 Sed

2009 3450 2133 3521 quia
2165 3456 2492 3519 pra-paratur
2520 3446 2766 3501 voluntas
2804 3463 2834 3500 a
2887 3446 3111 3499 Domino
3146 3442 3326 3514 (Prov.
3360 3458 3469 3502 vm.
3499 3458 3603 3498 sec.

2011 3541 2362 3611 LXX);ideo
2393 3554 2491 3610 pro
2526 3540 2616 3595 illo
2655 3537 2854 3593 Christi
2895 3552 3001 3592 non
3048 3543 3229 3604 posset
3270 3548 3390 3588 esse
3434 3533 3606 3589 inanis

2010 3634 2202 3687 oratio.
2230 3632 2451 3698 Quando
2478 3630 2678 3700 rogavit
2715 3643 2844 3698 ergo
2879 3643 2946 3683 ne
2997 3626 3129 3681 ﬁdes
3176 3625 3291 3691 ejus
3321 3623 3604 3691 deﬁceret,

2011 3727 2136 3799 quid
2157 3725 2300 3781 aliud
2330 3726 2557 3795 rogavit,
2577 3724 2676 3778 nisi
2709 3732 2765 3777 ut
2794 3720 3083 3776 haberetin
3114 3717 3217 3773 ﬁde
3249 3717 3601 3783 liberrimam,

2013 3817 2391 3881 fortissimam,
2434 3812 2859 3874 invictissimam,
2898 3809 3485 3880 [mrscv'eraiitissitttam
3515 3823 3609 3861 vo-

2013 3907 2311 3964 luntatem?
2362 3906 2498 3962 Ecce
2544 3903 2993 3976 quemadmodum
3042 3900 3335 3954 secundum
3380 3900 3607 3968 gratiam

2015 4003 2132 4065 Dei,
2167 4017 2273 4055 non
2318 4009 2503 4055 contra
2544 4013 2685 4062 eam,
2723 3996 2942 4051 libertas
2969 3992 3273 4048 defcmlitnr
3298 3991 3615 4051 voluntatis,

2015 4094 2276 4148 Voluntas
2304 4092 2501 4163 quippe
2540 4088 2772 4144 humana
2820 4103 2926 4141 non
2973 4084 3223 4139 libertate
3262 4083 3613 4153 consequitur

2014 4185 2260 4256 gratiam,
2290 4181 2382 4235 sed
2413 4182 2581 4252 gratia
2630 4178 2805 4249 potius
2846 4177 3171 4241 libertatem,
3195 4186 3246 4229 et
3280 4183 3335 4227 ut
3363 4187 3609 4241 perseve-

2016 4286 2096 4331 ret
2118 4273 2484 4330 delectabilem
2521 4270 2955 4343 perpetuitatem,
2980 4277 3035 4324 et
3062 4266 3473 4339 insuperabilctti
3496 4265 3612 4320 for-

2019 4366 2322 4422 titudincm.

2089 4457 2178 4513 18.
2209 4455 2503 4510 Mirandum
2533 4463 2615 4510 est
2640 4453 2888 4523 quidem,
2920 4451 3252 4522 multumque
3280 4449 3612 4515 mirandum,

2016 4549 2158 4620 quod
2183 4548 2303 4603 ﬁliis
2332 4549 2445 4602 suis
2471 4546 2787 4617 quibusdam
2822 4546 2962 4599 Deus
2997 4560 3133 4614 quos
3176 4544 3512 4613 regi-iteravit
3555 4542 3615 4595 in

2018 4639 2252 4704 Christo,
2279 4639 2474 4709 quibus
2508 4637 2687 4703 tidem,
2717 4653 2890 4706 spem,
2924 4635 3265 4689 dilectioni-tn
3309 4632 3474 4693 dedit,
3505 4650 3613 4686 non

2020 4737 2111 4786 dat
2140 4729 2629 4799 persevcrantiam;
2656 4744 2779 4782 cum
2826 4726 2949 4780 ﬁliis
2990 4709 3181 4778 alienis
3226 4724 3428 4778 scelera
3464 4732 3609 4775 tanta

2021 4821 2272 4886 dimittat,
2322 4831 2482 4891 atque
2532 4820 2796 4889 impertita
2848 4819 3015 4888 gratia
3066 4818 3224 4870 faciat
3277 4817 3414 4870 lilios
3462 4831 3609 4870 suos.

2020 4912 2153 4980 Quis
2185 4915 2285 4966 hoc
2310 4930 2414 4967 non
2445 4910 2705 4966 miretur?
2729 4910 2851 4980 quis
2878 4909 2980 4963 hoc
3008 4924 3112 4962 non
3140 4908 3612 4963 vehementissime

2022 5007 2271 5076 stupeat?
2297 5004 2401 5060 Sed
2446 5006 2607 5060 etiam
2650 5002 2776 5057 illud
2825 5017 2930 5055 non
2977 5003 3155 5056 minus
3199 5001 3389 5057 mirum
3421 5012 3525 5068 cst,
3560 5011 3615 5055 et

2023 5108 2200 5154 tamen
2232 5113 2441 5163 vermn,
2473 5107 2632 5167 atque
2663 5096 2731 5148 ita
2763 5094 3126 5155 manifestum,
3162 5104 3219 5147 ut
3250 5110 3348 5148 nec
3379 5094 3477 5162 ipsi
3510 5094 3612 5147 iui-

2025 5190 2147 5244 mici
2173 5190 2357 5259 gratia:
2380 5189 2471 5242 Dei
2493 5185 2767 5255 quomodo
2799 5185 2849 5239 id
2878 5194 3076 5255 negent
3106 5185 3317 5238 valeant
3347 5184 3609 5248 invenire,

2023 5280 2163 5352 quod
2216 5280 2353 5334 ﬁlios
2395 5277 2651 5349 quosdam
2697 5278 2991 5331 amicorum
3024 5292 3265 5339 suorum,
3295 5277 3395 5331 hoc
3420 5287 3499 5330 est
3533 5293 3618 5331 re-

2023 5382 2400 5442 generatorum
2451 5370 2822 5440 bonorumque
2870 5368 3132 5436 fidelium,
3178 5368 3293 5423 sine
3338 5367 3618 5437 Baptismo

2027 5466 2150 5519 hinc
2179 5464 2426 5533 parvulos
2453 5472 2732 5528 exeuntes,
2762 5462 2954 5531 quibus
2983 5462 3166 5530 utique
3196 5460 3241 5514 si
3270 5462 3429 5516 vellet
3456 5458 3618 5529 hujus

2025 5557 2219 5610 lavacri
2265 5556 2488 5626 gratiam
2534 5564 2864 5624 procuraret,
2895 5555 2945 5606 in
2986 5552 3141 5623 cujus
3184 5562 3445 5622 potestate
3490 5560 3619 5605 sunt

2024 5649 2223 5712 omnia,
2255 5649 2451 5702 alienat
2479 5663 2509 5701 a
2535 5662 2713 5724 regno
2739 5662 2859 5711 suo,
2892 5662 2999 5715 quo
3029 5656 3275 5716 parentes
3305 5645 3467 5699 mittit
3497 5643 3618 5697 illo-

2028 5757 2165 5804 rum,
2190 5749 2244 5793 et
2266 5738 2525 5809 quosdam
2568 5738 2707 5793 lilios
2751 5738 3089 5795 inimicorum
3136 5752 3355 5793 suorum
3396 5735 3520 5790 facit
3563 5735 3616 5787 in

2029 5844 2218 5885 manus
2258 5828 2679 5884 Christianorum
2706 5830 2906 5894 venire,
2948 5839 3004 5883 et
3049 5844 3142 5897 per
3199 5828 3297 5881 hoc
3348 5828 3619 5881 lavacrum

2100 5941 2117 5973 ι
2148 5946 2245 5989 Am.
2270 5949 2321 5991 et
2344 5946 2438 5999 Ern,
2461 5954 2503 5993 St
2525 5954 2581 5993 ea
2605 5953 2716 6000 autc
2738 5939 2896 6000 ﬁdelis
2920 5947 3044 5991 erat.
