4122 6510
538 400 644 462 927

534 517 852 572 introducit‘
877 517 926 571 iu
956 533 1200 588 regnum,
1232 533 1260 570 a
1305 532 1408 585 quo
1455 533 1639 572 eorum
1689 525 1935 584 palantes
1974 512 2132 569 alieni

535 621 690 675 sunt;
717 626 836 665 cum
884 624 936 666 et
981 612 1085 665 illis
1134 612 1355 672 malum.
1384 622 1434 665 et
1487 611 1602 664 ialiS
1645 612 1842 664 bomnn
1887 612 2136 663 meritum

537 707 742 761 nullum
765 707 833 760 sit
863 706 1112 776 parvulis,
1143 721 1208 760 ex
1229 720 1412 760 eurum
1443 703 1653 775 propria
1680 702 1971 756 voluntate.
2000 701 2136 756 Cer-

539 813 592 856 te
621 802 705 856 bic
730 801 928 871 judicia
960 802 1073 864 Dei,
1098 801 1346 870 quoniam
1370 799 1513 868 jnsta
1544 807 1599 851 et
1625 798 1728 853 alta
1758 806 1901 859 sunt.
1930 812 2027 850 nec
2063 796 2139 849 vi-

540 894 774 962 tuperari
806 901 1049 962 possunt,
1082 908 1179 945 nec
1207 891 1497 960 penetrari.
1535 890 1590 943 lu
1618 888 1702 942 bis
1729 898 1807 941 est
1839 897 1891 942 ct
1920 887 2045 941 illud
2071 887 2137 941 de

540 986 961 1055 perseverantia,
985 984 1052 1038 de
1092 999 1194 1053 qua
1243 998 1382 1037 nunc
1412 982 1765 1049 disputamus.
1792 980 1865 1034 De
1897 980 2138 1048 uirisque

539 1091 669 1143 ergo
692 1076 1071 1134 nXel;ttIlt!tltltS,
1107 1072 1151 1128 Ο
1192 1073 1406 1127 altitudo
1451 1072 1745 1125 divitiarum
1787 1070 2052 1138 sapientia:
2091 1079 2137 1123 et

539 1167 760 1220 scientia!
785 1166 879 1220 Dei
896 1167 917 1220 .'
936 1183 1087 1225 quam
1108 1164 1457 1219 inst-rutubilia
1481 1178 1592 1216 sum
1615 1162 1817 1235 judicia
1845 1163 1952 1234 ejus
1975 1160 1997 1214 .'

615 1257 699 1313 19.
730 1257 835 1311 Nec
864 1256 1123 1312 miremur
1153 1274 1249 1310 nos
1280 1257 1543 1324 vestigare
1572 1270 1675 1308 non
1704 1269 1877 1321 .posse
1920 1251 2139 1307 iniesd-

539 1348 743 1415 gabiles
773 1350 881 1400 Vitis
912 1349 1046 1415 cjtts.
1079 1347 1144 1402 Ut
1171 1348 1312 1400 enim
1341 1347 1439 1400 alia
1466 1346 1874 1400 innumerabilia
1906 1353 2133 1409 taceam,

539 1456 659 1510 quze
686 1439 802 1493 aliis
829 1440 1040 1503 dantur,
1071 1440 1188 1492 aliis
1217 1454 1319 1492 non
1351 1438 1544 1492 dantur
1576 1437 1878 1490 hominibus
1899 1452 1928 1489 τι
1953 1435 2137 1491 Domi-

541 1548 611 1583 tm
663 1531 789 1590 Deo,
824 1532 960 1599 apud
1003 1548 1159 1599 quem
1212 1548 1316 1584 titttt
1364 1540 1447 1583 est
1490 1545 1652 1599 accep
1680 1529 1731 1583 io
1786 1543 2134 1598 personarum

540 1621 719 1693 (Rom.
749 1640 803 1684 tl,
842 1625 952 1688 ll),
981 1639 1076 1678 nec
1097 1624 1398 1678 tribuuntur
1425 1624 1523 1677 ista
1554 1623 1758 1677 meritis
1778 1622 2131 1687 voluntatum,

540 1717 679 1769 sicut
729 1728 852 1770 sunt
906 1716 1227 1779 Celerilates,
1280 1718 1439 1780 vires,
1493 1717 1645 1769 lunae
1700 1714 2051 1775 valetudines.
2083 1724 2138 1769 et

538 1805 960 1874 pali-britudiues
982 1821 1291 1874 corporum,
1321 1806 1528 1876 ingenia
1553 1806 1836 1866 mirabilia,
1860 1815 1912 1859 et
1936 1807 2133 1859 multa-

518 1908 654 1950 't‘uut
687 1900 877 1952 artium
909 1914 1135 1968 capaces
1162 1910 1362 1954 natura»
1395 1900 1689 1954 mentium:
1724 1900 1807 1954 rel
1839 1914 1957 1970 qua:
1980 1915 2134 1953 acce-

536 1988 1082 2056 duut‘cxlriusccits,
1118 2001 1175 2046 ut
1211 2002 1292 2045 est
1337 1992 1627 2061 opulentia.
1663 1991 1933 2055 nobilitas,
1964 1990 2137 2047 bono-

538 2100 648 2147 res,
668 2095 721 2138 et
743 2096 935 2139 «uetera
967 2085 1288 2153 hujusmmli,
1314 2103 1430 2153 qum
1451 2085 1673 2155 quisque
1697 2097 1744 2137 ut
1770 2084 1984 2150 habeat,
2024 2101 2130 2139 non

534 2175 637 2229 n‘si
668 2176 718 2229 in
751 2176 841 2229 Dei
873 2187 954 2232 est
984 2187 1245 2244 putemne
1273 2195 1284 2229 :
1308 2184 1364 2230 nt
1413 2192 1515 2231 non
1562 2177 1819 2231 immorer
1865 2176 2024 2230 etiatu
2077 2176 2128 2230 in

538 2266 862 2334 Baptismate.
897 2271 1237 2338 purvulnrttltt
1272 2268 1433 2339 (quod
1468 2269 1645 2323 nullus
1690 2268 1913 2321 istorum
1956 2276 2129 2337 potest

535 2360 715 2412 dieere
768 2361 899 2412 sicut
934 2360 1041 2423 illa,
1070 2360 1133 2413 ad
1168 2377 1388 2428 regnum
1423 2361 1512 2414 Dei
1548 2376 1652 2414 uon
1685 2359 2017 2431 perlitiere).-
2032 2374 2130 2415 cur

536 2452 608 2506 illi
653 2452 872 2518 parvulo
905 2453 1082 2516 detur,
1123 2452 1195 2507 illi
1244 2469 1347 2506 non
1374 2452 1564 2515 detur;
1597 2468 1715 2508 cum
1746 2453 1814 2505 sit
1844 2464 2127 2521 utrumque

535 2543 588 2597 in
623 2552 881 2607 potestate.
912 2544 1024 2608 Dei,
1054 2558 1106 2598 et
1145 2545 1260 2599 sine
1291 2545 1383 2598 illo
1409 2542 1757 2600 Sat-ramento
1780 2559 1940 2598 nemo
1967 2544 2126 2598 intret

535 2634 587 2688 in
620 2632 963 2703 reguum'Dei
991 2654 1002 2688 :
1028 2645 1086 2689 ιιι
1112 2651 1240 2703 ergo
1282 2636 1397 2690 Inec
1438 2645 1641 2691 taceam
1686 2636 1765 2689 vel
1803 2635 2122 2703 relinquam,

534 2724 658 2778 illos
681 2727 824 2787 ipsos
852 2726 1190 2780 intueantur"
1220 2726 1287 2781 de
1326 2727 1518 2796 quibus
1547 2727 1741 2795 agitur.
1771 2726 1843 2779 De
1870 2726 1951 2779 bis
1981 2726 2122 2780 enim

534 2814 871 2875 disserimus,
897 2817 983 2884 qui
1016 2818 1461 2885 perseverantiam
1491 2817 1872 2872 bonitatisnon
1901 2816 2119 2884 habent,

532 2905 627 2959 sed
659 2922 725 2961 ex
752 2907 890 2960 bono
924 2908 976 2962 in
1007 2910 1201 2963 malum
1226 2907 1507 2963 deﬁciente
1536 2909 1672 2962 bona
1707 2909 1978 2964 voluntate
2005 2923 2123 2964 mo-

534 2998 761 3053 riuntur.
795 2999 1191 3069 lli-spondeam,
1216 3001 1259 3054 si
1292 3010 1531 3067 possunt.
1552 3015 1646 3055 Clll‘
1670 3000 1788 3055 illos
1813 3000 1972 3058 Deus.
2000 3016 2121 3055 cum

534 3089 764 3145 ﬁdeliter
792 3102 845 3145 et
877 3093 958 3161 pie
985 3094 1243 3152 viverent.
1278 3111 1382 3148 non
1427 3103 1553 3148 tunc
1579 3094 1647 3146 de
1680 3094 1798 3147 vita:
1843 3092 1999 3161 bujns
2024 3108 2122 3165 pe-

534 3186 717 3239 riculis
744 3186 939 3254 rapuit.
974 3203 1040 3240 ne
1069 3186 1268 3241 malitia
1293 3196 1528 3241 tuntarct
1555 3187 1882 3241 intellectum
1911 3200 2123 3253 eorum,

532 3286 587 3330 et
618 3294 684 3329 ne
732 3279 874 3332 lictio
915 3278 1188 3349 deciperet
1226 3278 1434 3333 animus
1476 3295 1682 3334 eorum.
1717 3277 1904 3334 Utrum
1938 3277 2040 3333 hoc
2070 3277 2123 3333 in

532 3376 794 3435 puta-state
826 3384 929 3421 non
960 3370 1160 3433 habuit,
1185 3386 1251 3423 an
1278 3386 1463 3424 eorum
1496 3371 1632 3425 mala
1661 3370 1833 3425 l'utura
1864 3370 2125 3425 nescivit?

529 3455 731 3528 Nempe
759 3460 887 3515 nibd
926 3460 1112 3515 borum
1152 3461 1250 3515 nisi
1284 3462 1686 3531 perversissime
1710 3472 1870 3529 atque
1898 3462 2127 3517 insanis-

530 3551 667 3605 sime
697 3551 909 3605 dieitur.
938 3551 1047 3606 Cur
1094 3569 1223 3619 ergo
1267 3570 1369 3606 non
1412 3552 1576 3609 fecit?
1614 3553 1988 3623 licspondeant
2033 3553 2124 3623 qui

529 3660 625 3697 nos
657 3645 898 3710 irrident,
932 3646 1144 3715 quando
1189 3647 1239 3701 in
1279 3647 1441 3702 rebus
1482 3647 1674 3701 talibus
1733 3648 2121 3709 exclamamus.

530 3736 697 3801 Qumtt
740 3737 1088 3791 iuscrutubilia
1127 3750 1242 3791 sunt
1269 3738 1470 3809 judicia
1505 3738 1636 3808 ejus,
1669 3748 1716 3791 et
1754 3738 2126 3808 iitvestigubilcs

527 3830 622 3881 riu:
641 3829 747 3897 ejus
761 3827 782 3883 .'
812 3828 991 3899 Neque,
1019 3830 1159 3884 enim
1190 3829 1291 3885 buc
1318 3845 1422 3884 non
1446 3830 1609 3884 donat
1638 3831 1778 3884 Deus
1806 3829 1998 3901 quibus
2026 3843 2125 3883 vo-

528 3921 705 3976 luerit.
737 3932 825 3976 aut
855 3939 982 3977 vero
1004 3922 1275 3993 Scriptura
1301 3924 1385 3976 illa
1417 3924 1698 3987 mentitur,
1722 3938 1843 3993 qna-
1873 3922 1940 3976 de
1974 3937 2121 3976 inor-

530 4020 583 4065 te
623 4010 769 4065 vrlut
814 4012 1095 4066 immatura
1140 4012 1373 4067 humi-uis
1409 4012 1538 4083 juSti
1580 4010 1907 4105 ait.’Rtiptus
1948 4022 2038 4067 est.
2067 4028 2128 4067 ue

527 4105 723 4157 auditio
753 4116 963 4159 mutaret
1001 4106 1308 4161 intellectum
1335 4106 1467 4175 (jus,
1499 4114 1589 4158 aut
1614 4120 1679 4157 ne
1703 4104 1839 4172 ﬁctio
1874 4104 2125 4173 deciperet

527 4198 746 4251 animum
777 4196 1063 4267 ejus(Sap.
1096 4212 1172 4253 Iv.
1198 4198 1219 4251 1
1242 4197 1307 4263 l).
1341 4196 1449 4251 Cur
1494 4196 1654 4265 igitur
1695 4196 1797 4251 boc
1844 4205 1952 4251 tum
2005 4211 2120 4250 ma-

532 4302 694 4356 gnum
736 4288 1053 4344 benelicimn
1089 4287 1208 4341 aliis
1237 4287 1348 4347 dat.
1380 4286 1499 4340 aliis
1530 4302 1634 4339 non
1665 4285 1756 4341 dat
1788 4287 1946 4345 Deus.
1979 4286 2120 4357 apud

482 4370 498 4382 ’
527 4396 684 4447 quem
714 4380 818 4434 non
846 4390 928 4432 est
955 4380 1224 4448 iniquitas.
1257 4395 1354 4434 nec
1382 4379 1624 4448 acceptio
1658 4394 2006 4447 personarum
2028 4421 2041 4439 .
2069 4387 2125 4434 et

528 4470 579 4521 in
610 4470 762 4539 Cujus
790 4480 1054 4538 puti-state
1088 4480 1170 4525 est
1211 4471 1463 4541 quamdiu
1514 4471 1741 4541 quisque
1788 4472 1839 4526 in
1887 4472 1986 4525 bac
2019 4471 2122 4527 vita

527 4571 738 4614 maneat
799 4577 916 4630 que
962 4563 1186 4617 tentatio
1230 4561 1370 4615 dii-ta
1414 4570 1496 4615 est
1539 4576 1701 4631 super
1754 4574 1949 4618 terram
1976 4562 2118 4636 (Job.

529 4668 623 4717 vn,
660 4651 749 4721 t)?
777 4651 925 4709 Sit-ut
972 4668 1100 4721 ergo
1147 4664 1411 4720 coguntur
1452 4653 1624 4716 fateri,
1652 4653 1848 4709 donum
1879 4655 1970 4711 Dei
2001 4671 2122 4713 esse

528 4752 586 4795 ut
614 4742 760 4797 finiat
796 4743 958 4798 bumo
982 4736 1143 4797 vitam
1172 4743 1350 4806 istam,
1380 4752 1664 4814 antequam
1684 4761 1748 4799 ex
1778 4745 1917 4801 bono
1945 4759 2119 4802 mute-

526 4843 616 4886 tur
644 4833 693 4887 iu
726 4836 957 4899 malum;
989 4850 1084 4888 cur
1113 4845 1289 4889 autem
1334 4835 1453 4889 aliis
1479 4836 1724 4902 donetur,
1758 4839 1878 4895 aliis
1903 4856 2005 4893 non
2028 4826 2123 4893 do-

528 4935 708 4987 netur.
734 4927 1013 4996 ignorant:
1037 4937 1103 4981 ita
1131 4927 1330 4981 donum
1362 4928 1451 4984 Dei
1478 4944 1597 4985 esse
1628 4930 1679 4984 in
1699 4931 1839 4986 bono
1871 4948 2122 5001 perseve-

437 5033 441 5036 ’
527 5018 756 5073 rantiam
802 5019 1093 5075 secundum
1137 5018 1473 5090 Seriptnras,
1505 5021 1572 5076 de
1597 5024 1787 5088 quibus
1815 5025 2119 5081 testimonia

527 5110 694 5165 nudta
724 5109 832 5179 jam
858 5113 1028 5179 posui.
1059 5112 1324 5168 fateantur
1345 5114 1656 5181 uobiscum;
1685 5126 1737 5170 et
1758 5132 1854 5173 cur
1877 5119 1996 5173 aliis
2021 5119 2119 5174 dc-

524 5208 636 5260 tur,
667 5200 787 5254 aliis
818 5217 922 5256 uou
951 5203 1129 5268 detur,
1169 5205 1286 5261 sine
1331 5221 1607 5264 murmure
1650 5207 1907 5266 adversus
1955 5210 2120 5267 Deum

524 5290 817 5359 dignentur
844 5291 1090 5362 ignorare
1120 5294 1427 5351 nobiscum.

599 5381 825 5437 CAPUT
867 5382 1166 5441 lX.-—-—9..0.
1218 5386 1326 5442 Nec
1370 5406 1468 5445 nos
1515 5400 1759 5456 moveat,
1813 5392 1955 5464 quod
2000 5394 2121 5450 liliis

524 5473 639 5526 suis
667 5473 982 5543 quibusdam
1014 5476 1154 5532 Deus
1182 5497 1286 5535 non
1328 5481 1420 5537 dat
1459 5483 1614 5537 istam
1642 5485 2116 5554 perseverantiam.

526 5564 679 5618 Absit
703 5564 844 5623 enim
877 5577 935 5621 ct.
964 5568 1033 5623 ita
1059 5581 1219 5637 esset,
1251 5573 1294 5628 si
1346 5576 1412 5632 de
1458 5576 1561 5631 illis
1607 5577 1997 5647 pra-destinatis
2026 5594 2135 5634 es--

552 5763 561 5766 ε
592 5742 603 5771 ι
645 5742 715 5787 sic
742 5747 865 5797 Vss,
910 5748 957 5789 At
984 5742 1119 5799 editi.
1146 5742 1402 5795 itttrndurt'.

593 5805 610 5864 2
650 5814 742 5853 ιιιιι.
772 5808 843 5849 Fr.
873 5810 923 5852 et
948 5802 1111 5864 (iures
1136 5811 1259 5856 Msa...
1287 5808 1525 5857 (ιιτὶίιιιιιι.

589 5862 611 5895 ³
646 5864 859 5914 Nonnulli
886 5862 1011 5921 bis»,
1038 5867 1305 5915 iulat'iuur

1400 399 1487 456 DE
1518 400 2008 458 'CUIIREI‘TIONE
2053 398 2136 453 ΕΤ
2175 397 2453 465 GRATIA,
2490 400 2545 457 S.
2592 400 2961 461 AUCUSTINI

3733 418 3839 478 9'38

2247 523 2364 568 sent
2392 523 2446 570 et
2478 519 2772 574 secundum
2813 525 3145 592 propositum
3187 530 3405 595 vocatis,
3437 535 3528 607 qui
3558 552 3683 592 vere
3710 551 3837 596 sunt

2243 603 2336 660 lilii
2379 609 2764 675 promissionis.
2800 614 2928 670 Nam
2961 617 3046 672 iSIi
3074 633 3193 674 eum
3228 622 3313 693 pie
3342 603 3555 695 vivunt,
3584 631 3838 691 dicuutur

2246 695 2336 751 filii
2360 698 2606 756 Dei:sed
2650 707 2899 773 quoniam
2945 710 3135 769 victuri
3176 728 3301 772 snut
3345 720 3506 793 impie
3555 735 3610 782 et
3648 730 3699 784 in
3743 747 3834 789 ea-

2243 788 2364 844 dem
2401 793 2670 862 impietate
2698 800 2958 866 morituri.
2991 820 3097 861 non
3128 823 3222 863 eos
3248 810 3377 868 dicit
3403 788 3543 873 filios
3577 819 3667 876 Dei
3696 840 3834 893 pne-

2242 885 2463 938 scicntia
2498 887 2610 942 Dei.
2641 891 2774 946 Sunt
2806 896 2949 951 enim
2997 898 3086 954 lilii
3135 900 3264 969 Dei,
3307 907 3396 976 qui
3442 912 3675 968 nondum
3696 885 3835 973 'sunt

2244 976 2415 1077 nobis,
2449 988 2503 1033 et
2542 990 2669 1037 sunt
2707 984 2816 1051 jam
2864 987 3004 1053 Deo;
3038 991 3104 1045 de
3154 996 3347 1064 quibus
3390 1000 3465 1055 ait
3508 1009 3832 1077 evangelista

2240 1066 2495 1135 Jonnnes,
2529 1074 2658 1139 Quia
2679 1075 2828 1132 Jcsus
2855 1083 3132 1141 moriturus
3161 1100 3267 1142 erat
3297 1108 3388 1159 pro
3407 1102 3572 1163 gente.
3597 1066 3688 1152 mll-
3716 1109 3833 1155 lun-

2243 1170 2347 1214 tum
2383 1180 2476 1263 pro
2513 1178 2680 1237 gente.
2707 1172 2796 1225 sed
2820 1176 2969 1227 etiam
2998 1187 3053 1230 ut
3082 1180 3215 1246 ﬁlios
3245 1180 3340 1237 Dei
3360 1185 3614 1256 dispersos
3634 1208 3845 1263 cougre.

2241 1264 2385 1323 gare!
2416 1252 2466 1306 in
2496 1272 2651 1311 unum
2687 1259 2864 1329 (Joun.
2909 1279 2985 1329 XI,
3014 1267 3103 1333 Si,
3137 1269 3228 1342 52)
3256 1289 3269 1324 :
3301 1252 3451 1341 quod
3493 1279 3675 1348 utique
3717 1252 3834 1338 (ire-

2242 1342 2420 1398 dendo
2450 1345 2611 1403 futuri
2641 1365 2792 1406 erant
2826 1373 2919 1423 per
2965 1359 3231 1431 Evangelii
3277 1342 3747 1436 przrdit'alioitcm;
3777 1384 3834 1432 et

2245 1449 2421 1495 tamen
2450 1454 2731 1513 antequam
2761 1460 2901 1504 essrt
2933 1448 3151 1520 factum,
3181 1457 3291 1525 jam
3341 1459 3432 1514 lilii
3479 1463 3567 1519 Dei
3597 1477 3752 1523 erant
3774 1468 3831 1529 in

2242 1536 2535 1590 Incmoriali
2563 1537 2735 1593 Patris
2756 1542 2836 1595 sui
2864 1543 3174 1601 ineuncusszi
3202 1551 3491 1610 Stabilitale
3517 1561 3836 1631 Conscripti.

2244 1623 2309 1678 lit
2339 1636 2464 1680 sunt
2492 1644 2678 1685 rursus
2705 1633 2941 1701 quidam.
2974 1639 3062 1705 qui
3106 1640 3193 1693 lilii
3245 1642 3336 1697 Dei
3389 1658 3606 1717 propter
3651 1623 3836 1710 sus-ce.

2243 1725 2384 1783 plain
2418 1718 2500 1772 vel
2540 1724 2905 1790 temporaliter
2922 1730 3148 1798 gratiam
3173 1730 3423 1789 dicuntur
3459 1754 3489 1793 a
3531 1742 3703 1805 uobis.
3734 1762 3833 1805 nec

2239 1819 2364 1860 sunt
2396 1820 2568 1866 tamen
2603 1813 2741 1869 Deo:
2763 1816 2828 1869 de
2856 1822 3046 1888 quibus
3073 1824 3149 1877 ait
3180 1824 3319 1879 idem
3353 1827 3418 1882 .lo
3438 1848 3609 1895 nues.
3637 1834 3719 1891 Ex
3737 1854 3832 1892 no-

2241 1898 2316 1953 bis
2343 1902 2593 1967 exierunt,
2621 1907 2711 1959 sed
2732 1925 2830 1961 non
2859 1922 3003 1966 erant
3050 1931 3112 1970 ex
3150 1918 3329 1984 nobis;
3356 1924 3494 1992 quod
3544 1926 3589 1980 si
3619 1930 3831 2000 fuissent

2238 2009 2302 2047 ex
2325 1994 2487 2063 nobis,
2512 2002 2900 2067 permansisse»!
2918 2006 3088 2075 utique
3109 2009 3366 2067 uobiscum
3384 2015 3425 2085 (l
3447 1994 3686 2079 lanna".
3718 2024 3829 2092 i9).

2239 2084 2353 2139 Non
2386 2089 2480 2153 ait,
2510 2104 2572 2143 ex
2604 2092 2758 2146 nobis
2796 2096 3061 2158 exierunt.
3094 2102 3186 2154 sed
3220 2103 3340 2173 quia
3375 2084 3479 2162 non
3513 2084 3830 2171 Inanseruut

2239 2178 2537 2241 nobiscum,
2562 2180 2671 2251 jam
2702 2199 2806 2238 non
2834 2196 2957 2242 sont
2986 2206 3050 2244 ex
3083 2191 3271 2256 nobis;
3298 2212 3479 2251 verum
3510 2201 3602 2267 ait,
3635 2201 3829 2262 Exac-

2238 2267 2313 2322 bis
2343 2272 2595 2340 exierunt,
2619 2277 2708 2327 sed
2733 2293 2832 2330 nou
2859 2289 3002 2334 erant
3029 2298 3091 2336 ex
3106 2284 3287 2350 nobis;
3314 2286 3415 2342 bnc
3433 2300 3535 2357 est,
3569 2292 3638 2348 Et
3662 2312 3832 2363 quan-

2237 2359 2307 2413 do
2330 2361 2648 2418 videbantur
2688 2367 2738 2421 in
2781 2370 2958 2437 nobis,
2988 2388 3092 2427 non
3140 2388 3295 2431 erant
3322 2394 3387 2434 ex
3416 2382 3589 2437 nobis.
3715 2398 3829 2444 lan-

2236 2465 2394 2520 quam
2418 2453 2464 2506 ei
2484 2454 2773 2524 diceretur,
2799 2458 2950 2515 Unde
2980 2463 3028 2516 id
3048 2467 3326 2522 ostendis?
3356 2469 3508 2538 Quod
3531 2475 3577 2528 si
3590 2478 3826 2549 fuissent,

2238 2543 2429 2612 inquit,
2460 2562 2523 2600 ex
2543 2548 2706 2613 nobis,
2741 2556 3133 2623 pertttmtsissent
3159 2561 3327 2631 utique
3357 2543 3636 2623 uobiscum.
3661 2543 3830 2627 Filio;

2234 2649 2353 2687 rum
2394 2636 2484 2691 Dei
2515 2653 2614 2694 vox
2645 2650 2757 2695 est:
2783 2641 3018 2700 Joamnes
3057 2648 3308 2719 loquitur.
3345 2654 3396 2709 in
3432 2656 3555 2713 [iliis
3587 2661 3675 2716 Dei
3710 2663 3829 2719 loco

2235 2727 2506 2797 prmcipno
2527 2733 2867 2789 constitutus.
2896 2735 3031 2793 Cum
3061 2756 3190 2812 ergo
3221 2744 3311 2800 lilii
3344 2746 3636 2808 Dcidieunt
3656 2753 3724 2809 de
3745 2753 3830 2812 his

2234 2821 2323 2891 qui
2349 2825 2806 2886 perseverantiam
2832 2845 2934 2882 non
2960 2830 3278 2899 habuerunt.
3307 2836 3389 2893 Ex
3410 2841 3552 2895 nobis
3571 2845 3826 2915 exierunt,

2232 2912 2323 2966 sed
2347 2930 2447 2967 non
2475 2927 2617 2969 erunt
2644 2934 2708 2971 ex
2732 2921 2914 2987 nobis;
2938 2934 2990 2978 et
3018 2925 3251 2989 adduint.
3286 2929 3435 2997 Quod
3459 2936 3503 2988 si
3525 2936 3737 3005 fuissent
3761 2912 3831 2997 es

2230 3003 2394 3068 nobis,
2419 3010 2805 3073 permmtsissent
2847 3016 3019 3085 utique
3052 3020 3311 3077 uobiscum
3345 3040 3366 3080 :
3409 3003 3534 3098 quid
3560 3030 3705 3085 aliud
3734 3033 3823 3088 di-

2232 3105 2380 3163 cunt,
2411 3099 2534 3162 nisi,
2561 3099 2675 3187 Non
2708 3114 2863 3158 erant
2887 3106 3002 3165 lilii.
3021 3112 3181 3167 etiam
3205 3116 3420 3180 quando
3446 3131 3598 3175 erant
3625 3122 3677 3177 in
3702 3139 3830 3192 pro-

2233 3188 2464 3244 feSsiOue
2486 3201 2539 3246 et
2568 3195 2781 3249 nomine
2806 3196 3035 3256 ﬁliorum
3052 3202 3076 3257 ?
3094 3220 3198 3260 non
3220 3209 3341 3279 quia
3366 3210 3625 3276 justitiam
3656 3188 3829 3272 siina-

2232 3279 2507 3347 laVi-runt;
2539 3284 2631 3339 sed
2663 3287 2785 3356 quia
2839 3290 2889 3343 in
2932 3308 2993 3346 ea
3041 3310 3144 3349 non
3180 3313 3606 3365 permanserunt.
3640 3305 3827 3376 Neque

2232 3373 2374 3428 enim
2402 3376 2497 3440 ait,
2517 3375 2648 3431 Nam
2680 3380 2722 3434 si
2751 3380 2973 3439 fuissent
2992 3403 3057 3441 ex
3087 3389 3259 3457 nobis,
3283 3407 3484 3462 veram,
3510 3413 3616 3453 non
3644 3373 3824 3458 ticum!

2225 3466 2488 3537 justitiam
2520 3472 2819 3529 tenuissent
2841 3478 3021 3548 utique
3042 3481 3318 3539 uobiscum
3341 3506 3354 3540 ;
3374 3488 3492 3553 sed,
3521 3490 3566 3543 si
3586 3491 3824 3559 fuissent,

2232 3558 2424 3630 inquit,
2445 3577 2507 3616 ex
2523 3563 2685 3629 nobis,
2703 3570 3094 3633 perutausissent
3117 3574 3289 3645 utique
3306 3558 3613 3633 nobiscumd
3622 3596 3655 3635 ιι
3679 3558 3827 3637 bono

2232 3651 2355 3707 illos
2382 3655 2589 3710 volebat
2640 3659 2821 3727 procul
2866 3660 3029 3729 dubio
3079 3682 3414 3735 permanere.
3449 3672 3611 3728 Erant
3649 3675 3830 3748 itaque

2231 3742 2283 3798 in
2314 3746 2473 3812 bono,
2498 3747 2591 3801 sed
2631 3750 2753 3818 quia
2777 3750 2911 3806 ineo
2939 3769 3042 3810 nou
3065 3770 3487 3824 permanserunt.
3514 3763 3667 3820 idest
3709 3742 3816 3823 non

2232 3848 2401 3903 usipte
2426 3836 2476 3890 in
2506 3836 2662 3892 linem
2694 3855 2730 3911 p
2751 3857 3193 3913 -rscvcraveruut,
3224 3865 3323 3902 non
3351 3863 3517 3918 erant,
3548 3854 3740 3926 inquit,
3762 3873 3829 3913 ex

2231 3926 2395 3991 nobis,
2427 3938 2482 3985 et
2510 3931 2724 3999 qumndo
2754 3944 2908 3990 erant
2936 3937 3248 4005 nobiscum;
3282 3941 3382 3997 hoc
3410 3956 3513 4007 est,
3546 3960 3651 4000 non
3675 3958 3831 4005 erant

2231 4035 2299 4075 cx
2330 4037 2554 4077 numero
2587 4024 2839 4093 liliorum,
2866 4038 2919 4083 et
2942 4030 3154 4098 quando
3184 4043 3337 4088 erant
3363 4036 3413 4090 in
3444 4036 3547 4092 lide
3574 4039 3825 4095 ﬁliorum:

2230 4112 2480 4181 quoniam
2517 4116 2604 4184 qui
2644 4131 2772 4173 vere
2815 4119 2904 4172 lilii
2949 4131 3095 4185 sunt,
3123 4125 3350 4191 praesciti
3379 4136 3435 4182 et
3458 4128 3826 4198 praadestiuatl

2230 4215 2356 4262 sunt
2379 4209 2961 4283 conformes,imaginis
2989 4213 3106 4270 Filii
3140 4216 3277 4285 ejus.
3304 4229 3358 4273 et
3387 4220 3683 4276 secundum
3711 4239 3832 4293 pro-

2234 4301 2459 4366 positum
2492 4302 2663 4356 vocati
2693 4312 2819 4357 sunt
2864 4314 2919 4357 ut
2949 4305 3101 4360 elccd
3133 4318 3333 4363 essent.
3362 4308 3479 4364 Non
3507 4311 3649 4366 enim
3684 4312 3827 4380 perit

2229 4391 2369 4446 illius
2425 4396 2833 4462 prom'ISsionis.
2892 4396 2987 4453 sed
3051 4397 3191 4454 lilius
3250 4400 3567 4471 perditionis
3623 4403 3823 4475 (Joan.

2232 4498 2369 4549 XVII,
2406 4485 2515 4556 l2).

2299 4574 2390 4630 21.
2426 4575 2661 4633 Fuerunt
2704 4593 2834 4648 ergo
2860 4581 2941 4635 isti
2983 4596 3051 4637 ex
3095 4582 3435 4638 multitudine
3464 4580 3775 4644 meatorum
3808 4604 3824 4641 :

2229 4682 2293 4722 ex
2325 4669 2618 4723 electorum
2659 4682 2835 4726 autem
2876 4676 3139 4742 paucitate
3179 4691 3282 4729 non
3316 4676 3548 4733 fuerunt.
3576 4678 3693 4735 Non
3726 4682 3828 4752 igl-

2231 4767 2314 4812 tur
2360 4761 2480 4815 liliis
2527 4763 2638 4816 suis
2688 4763 3077 4832 pra-destinatis
3119 4765 3137 4799 ¹
3188 4767 3330 4821 Deus
3374 4773 3826 4840 perseverantiam

2230 4866 2335 4905 non
2362 4852 2541 4915 dedit;
2584 4852 3002 4909 ltabereuteuim
3027 4873 3143 4911 eam
3177 4858 3220 4912 si
3268 4859 3319 4913 iu
3367 4874 3433 4913 eo
3467 4860 3696 4916 liliorum
3729 4878 3830 4916 nuo

2228 4957 2380 4997 meto
2406 4957 2621 4999 essent?
2656 4955 2711 5000 et
2756 4946 2883 5015 quid
2938 4946 3235 5012 baberent,
3267 4949 3408 5019 quod
3455 4966 3560 5005 non
3587 4953 3827 5022 accepis-

2228 5045 2387 5099 sent,
2430 5037 2725 5092 secundum
2773 5039 3125 5107 apostolicam
3172 5056 3458 5112 veramque
3500 5046 3825 5100 sententiam

2228 5124 2270 5198 (Ι
2298 5126 2415 5180 Cor.
2451 5142 2521 5191 Iv,
2552 5129 2632 5196 7)?
2681 5132 2757 5182 Ac
2784 5145 2876 5196 per
2903 5130 3005 5183 hoc
3033 5131 3166 5185 tales
3198 5132 3289 5187 lilii
3317 5132 3450 5187 Filio
3475 5132 3689 5189 Christo
3714 5134 3825 5191 dati

2228 5228 2429 5283 essent,
2463 5219 2913 5288 quemadmodum
2940 5221 3055 5293 ipse
3080 5221 3211 5276 dit-it
3236 5222 3302 5277 ad
3322 5223 3558 5289 Patrem,
3591 5225 3658 5281 Ut
3680 5242 3830 5282 cuius

2226 5310 2361 5378 quod
2382 5310 2565 5366 dedisti
2586 5313 2738 5378 mihi,
2770 5329 2868 5367 nou
2899 5315 3197 5383 pereat,sed
3215 5316 3393 5370 habeat
3418 5318 3566 5371 vitam
3585 5327 3828 5374 u'tcrttum

2229 5404 2407 5473 (Joau.
2432 5420 2508 5467 nt,
2553 5406 2640 5465 l5.
2665 5416 2709 5459 et
2728 5422 2799 5472 vt,
2829 5406 2938 5477 59).
2978 5406 3039 5461 lli
3060 5422 3190 5477 ergo
3206 5407 3418 5463 Christo
3455 5409 3827 5478 intelliguntur

2228 5495 2364 5560 dari,
2394 5497 2482 5564 qui
2510 5497 2741 5550 ordinati
2765 5508 2889 5550 sunt
2913 5499 2965 5551 in
2990 5499 3151 5552 vitam
3170 5510 3448 5554 aeternam.
3473 5500 3573 5568 Ipsi
3604 5512 3727 5556 sunt
3751 5502 3823 5560 illi

2231 5586 2587 5654 pra-destinati
2633 5598 2687 5640 et
2724 5586 3013 5643 secundum
3065 5590 3396 5659 propositum
3438 5592 3645 5653 vocati,
3693 5603 3825 5663 qm:-

2229 5693 2343 5732 rum
2383 5678 2559 5732 nullus
2592 5681 2744 5747 perit.
2791 5683 2867 5731 Ac
2908 5694 2999 5748 per
3031 5681 3132 5733 hoc
3159 5681 3337 5735 nullus
3368 5698 3554 5736 eui-mn
3582 5697 3647 5736 ex
3684 5686 3827 5738 bono

2295 5815 2306 5843 ¹
2349 5819 2454 5859 tnv.
2485 5826 2494 5859 :
2528 5813 2669 5871 Igitur
2708 5811 2820 5870 ﬁliis
2846 5810 2942 5860 sui:
2969 5828 3056 5862 nov
3100 5814 3467 5873 pt'trdcs‘timitis.
3515 5817 3723 5866 Alteram
3754 5821 3823 5869 le-

2231 5877 2292 5923 cti
2327 5889 2438 5920 Itt'm
2466 5874 2619 5921 ferunt
2651 5876 2761 5921 mliti
2790 5876 2862 5922 ..ιιι
2892 5885 2935 5922 vt
2966 5882 3291 5931 titezzust't'ustl.
