4122 6510
288 381 390 436 9‘39

288 500 338 552 in
374 493 572 547 malum
607 497 836 545 mutatus
865 487 976 542 llnlt
1009 485 1146 539 hanc
1179 483 1372 546 vitam;
1403 477 1652 550 quoidam
1689 475 1766 528 sic
1790 483 1872 527 est

288 589 589 651 ordinatus,
622 594 674 640 et
702 583 823 638 idco
849 581 1060 646 (ζιινίμιο
1085 577 1239 632 datus
1259 615 1274 641 ,
1306 583 1365 628 ut
1389 589 1493 626 nun
1529 578 1709 641 pereat
1733 610 1746 632 ,
1780 565 1874 621 sed

291 680 487 736 habeat
513 679 673 732 vitam
705 685 980 729 :etcrnam.
1028 669 1097 724 Et
1123 681 1308 723 rursus
1346 679 1480 734 quos
1515 663 1743 716 dicimus
1775 659 1879 712 ini-

293 776 463 828 micos
484 772 620 839 ejus.
645 765 726 822 vel
751 763 1000 835 parVulos
1032 760 1169 814 lilios
1195 757 1532 812 inimicorum
1561 752 1696 823 ejus,
1722 763 1884 819 quos-

291 879 520 932 ettmqne
543 876 728 917 eorum
747 858 824 912 sic
849 862 1258 924 regeneraturus
1277 856 1378 910 cst,
1403 856 1453 899 ut
1481 848 1530 899 in
1560 860 1620 899 ea
1639 843 1743 897 lide
1765 855 1884 910 qua:

291 972 390 1029 per
419 954 760 1010 dilectionem
791 957 1066 1018 operatur,
1092 945 1229 998 hanc
1255 944 1415 995 vitam
1448 939 1666 1002 liniant;
1694 936 1802 1004 jam
1832 944 1887 989 ct

294 1025 579 1117 antequam
629 1043 732 1098 huc
765 1043 882 1100 liat,
915 1040 964 1092 in
989 1038 1074 1094 illa
1125 1033 1590 1104 prtcdestimttione
1625 1039 1748 1083 Sunt
1798 1025 1886 1080 lilii

295 1139 432 1208 ejus,
457 1147 511 1192 et
531 1135 638 1190 dati
666 1143 792 1188 sunt
819 1131 1035 1187 Christo
1077 1126 1209 1182 Filio
1239 1125 1386 1194 ejus,
1411 1134 1470 1180 ut
1502 1139 1606 1176 non
1637 1126 1888 1191 pereant,

295 1229 388 1287 sed
414 1220 643 1283 habeant
671 1224 830 1278 vitam
870 1231 1144 1274 :rternam.

252 1314 256 1316 ﬁ
368 1319 458 1374 ‘22.
486 1319 726 1386 Denique
754 1315 867 1384 ipse
898 1312 1165 1376 Salvator,
1196 1305 1579 1364 Sinmnscritis.
1605 1303 1810 1371 inquit,
1842 1299 1894 1354 in

296 1409 445 1466 verba
491 1424 600 1462 meo
619 1448 635 1472 ,
673 1421 785 1461 vere
809 1402 1047 1474 discipuli
1086 1401 1183 1453 mei
1224 1398 1340 1452 estis
1368 1399 1385 1460 (
1412 1396 1567 1450 Joan.
1597 1410 1686 1448 vut
1714 1435 1726 1458 ,
1761 1394 1819 1444 3t
1851 1391 1896 1462 ).

298 1498 567 1571 Numquid
590 1500 642 1554 in
677 1499 758 1551 bis
779 1492 1168 1563 cnmputandns
1195 1502 1271 1544 est
1298 1488 1481 1550 ludas,
1502 1487 1594 1557 qui
1625 1501 1728 1539 non
1753 1499 1897 1537 man-

301 1593 372 1648 sit
402 1592 454 1647 in
496 1591 659 1645 vcrho
687 1587 847 1657 ejus?
893 1582 1156 1654 Numquid
1206 1583 1258 1636 in
1293 1581 1375 1634 his
1399 1576 1743 1647 Computandi
1777 1588 1903 1629 sunt

303 1683 420 1749 illi,
452 1681 519 1738 de
541 1681 734 1752 quibus
765 1676 1108 1747 Evangelitnn
1142 1675 1218 1728 sic
1245 1672 1499 1742 loquitur,
1529 1669 1617 1722 tibi
1648 1666 1902 1721 ibnninus

305 1791 430 1833 cum
484 1770 916 1829 commendasset
943 1765 1366 1821 maiulucandam
1410 1777 1624 1816 carnem
1671 1775 1821 1813 suam
1850 1767 1905 1813 et

309 1866 599 1920 bibendum
631 1863 942 1932 sanguinem
976 1875 1154 1922 suum,
1184 1869 1255 1910 att
1286 1854 1635 1920 evangelista,
1671 1851 1794 1905 liter
1825 1850 1906 1903 dio

303 1957 380 2011 sit
428 1957 482 2009 in
528 1969 786 2024 synagoga
825 1953 1043 2014 docens,
1086 1949 1138 2001 in
1178 1947 1557 2009 Cayharuaum.
1594 1941 1742 1996 Multi
1786 1957 1906 2010 ergo

306 2047 568 2098 audientes
614 2061 676 2098 ex
723 2040 987 2111 discipulis
1033 2045 1142 2108 ejus
1185 2038 1461 2100 dixerant,
1512 2033 1684 2088 Durus
1729 2043 1799 2085 est
1827 2032 1907 2084 hic

308 2155 512 2200 sermo,
561 2138 672 2208 quis
710 2143 868 2206 potest
912 2148 1025 2186 eum
1065 2130 1288 2183 audire?
1326 2127 1504 2183 Sciens
1548 2136 1712 2178 autem
1756 2121 1908 2176 Jesus

309 2231 452 2302 apud
495 2228 814 2296 semetipsum
847 2225 966 2295 quia
1007 2228 1377 2274 nturmttrurent
1430 2219 1491 2270 de
1531 2216 1625 2267 hoc
1669 2212 1910 2282 discipuli

311 2323 450 2390 ejus,
474 2321 601 2375 dixit
627 2319 736 2373 eis:
767 2315 881 2370 Hoc
922 2331 1008 2369 vos
1046 2311 1397 2368 scandalizat?
1437 2309 1497 2362 Si
1539 2325 1655 2379 ergo
1686 2306 1910 2359 videritis

317 2415 508 2470 Filium
545 2412 761 2468 hominis
800 2409 1150 2464 ascendentem
1190 2406 1274 2460 ubi
1316 2413 1422 2459 erat
1452 2403 1632 2473 prius?
1685 2400 1912 2470 Spiritus

313 2519 388 2562 est
424 2508 509 2578 qui
550 2506 802 2580 vici/icat,
845 2518 964 2559 caro
1004 2510 1168 2554 autem
1221 2514 1322 2552 non
1366 2497 1565 2566 prodest
1616 2494 1911 2564 quidquam.

325 2598 486 2653 Verba
515 2612 628 2662 qua:
650 2612 741 2665 ego
763 2596 962 2648 locutus
985 2608 1095 2645 sum
1129 2589 1263 2644 robis
1282 2630 1297 2652 ,
1323 2589 1530 2658 spiritus
1559 2593 1607 2638 et
1648 2584 1746 2638 vita
1775 2591 1912 2637 sunt.

318 2691 425 2746 Sed
448 2701 563 2745 sunt
586 2689 792 2761 quidam
823 2703 884 2740 ex
905 2685 1039 2740 vobis
1068 2684 1155 2752 qui
1175 2699 1276 2735 non
1299 2680 1526 2733 credunt.
1553 2677 1754 2732 Sciebat
1780 2677 1914 2730 enim

316 2785 380 2837 ab
421 2784 566 2837 initio
588 2781 741 2838 Iesus
766 2822 780 2844 ,
817 2779 903 2849 qui
941 2789 1102 2830 essent
1129 2775 1414 2837 credentes,
1439 2782 1482 2825 et
1511 2771 1622 2842 quis
1641 2770 1918 2822 traditurus

319 2884 446 2930 esset
466 2889 604 2938 eum;
633 2882 677 2926 et
707 2870 900 2924 dicebat
925 2883 943 2922 :
976 2866 1254 2934 Propterea
1282 2864 1390 2918 dixi
1415 2863 1550 2916 vobis
1577 2902 1591 2927 ,
1619 2861 1750 2927 Quia
1773 2875 1918 2913 nemo

324 2968 455 3022 venit
475 2966 544 3019 ad
566 2981 644 3019 me
663 3007 678 3031 ,
720 2963 817 3017 nisi
843 2961 992 3034 fuerit
1030 2961 1075 3013 ei
1099 2959 1274 3012 datum
1300 2974 1331 3010 a
1365 2955 1520 3009 Patre
1566 2969 1694 3008 meo.
1722 2951 1804 3007 Ex
1826 2953 1920 3006 hoc

327 3059 474 3116 multi
499 3057 861 3127 discipulorum
883 3057 991 3124 ejus
1016 3052 1243 3104 abierunt
1267 3059 1402 3103 retro
1420 3089 1436 3115 ,
1461 3057 1506 3100 et
1523 3048 1638 3118 jam
1668 3063 1770 3099 non
1807 3061 1922 3098 cum

325 3153 422 3207 illo
447 3150 770 3204 antbulabant
797 3145 918 3215 (Id.
951 3161 1002 3200 γι
1026 3185 1041 3211 ,
1069 3143 1236 3199 60-67
1261 3142 1304 3212 ).
1346 3138 1608 3208 Numquid
1637 3153 1738 3192 non
1764 3148 1816 3191 et
1837 3134 1923 3190 isti

329 3241 573 3312 discipuli
598 3237 847 3308 appellati
868 3245 1026 3300 sunt,
1054 3234 1302 3304 l0quente
1324 3227 1640 3300 Evangelia?
1662 3229 1725 3282 Et
1746 3237 1923 3281 tamen

335 3349 441 3388 non
486 3340 642 3387 erant
680 3344 808 3384 vere
852 3325 1136 3395 discipuli,
1183 3324 1305 3393 quia
1361 3336 1466 3375 non
1517 3326 1828 3374 manserunt
1871 3315 1925 3371 in

333 3424 499 3480 vetbo
540 3422 692 3492 ejus,
719 3417 1011 3474 secundum
1044 3415 1094 3469 id
1121 3413 1263 3484 quod
1300 3413 1413 3476 ait,
1449 3409 1510 3465 Si
1549 3408 1834 3463 ntanseritis
1874 3408 1928 3461 in

333 3514 480 3572 uerbo
501 3529 640 3579 meo,
672 3527 784 3565 uere
805 3508 1045 3578 discipuli
1084 3507 1180 3560 mei
1215 3507 1350 3559 estis.
1381 3503 1517 3571 Quia
1544 3517 1674 3571 ergo
1698 3515 1801 3554 non
1828 3500 1926 3553 ha-

336 3609 568 3663 buerunt
616 3602 1101 3675 perseverantiam,
1160 3599 1297 3652 sicut
1349 3611 1456 3650 non
1502 3609 1628 3648 vere
1683 3591 1930 3660 discipuli

333 3698 570 3763 Christi,
600 3696 669 3749 ita
702 3707 802 3750 nec
821 3707 948 3748 vere
990 3691 1080 3744 lilii
1115 3689 1206 3743 Dei
1247 3687 1490 3756 luerunt,
1521 3685 1682 3739 etiam
1712 3681 1931 3753 quando

333 3805 457 3848 esse
483 3787 802 3843 videbantur
843 3791 900 3839 et
955 3783 1026 3837 ita
1058 3780 1405 3836 vocabantur.
1436 3777 1780 3846 Appellamus
1804 3787 1932 3842 ergo

337 3898 436 3939 nos
460 3891 513 3936 et
537 3881 738 3936 electos
759 3918 776 3944 ,
809 3885 864 3930 et
890 3872 1092 3930 Christi
1128 3870 1421 3940 discipulos
1449 3869 1464 3900 ¹
1487 3909 1501 3933 ,
1535 3876 1590 3922 et
1619 3867 1709 3921 Dei
1756 3865 1892 3919 lilios
1911 3905 1928 3929 ,

324 3976 463 4044 quia
490 3972 569 4027 sic
592 3967 896 4041 appellandi
938 3973 1091 4031 sunt,
1119 3979 1254 4034 quos
1278 3972 1622 4032 regeneratos
1645 3960 1728 4028 pie
1756 3959 1934 4013 vivere

339 4065 652 4122 cernit-ms:
682 4061 777 4117 sed
824 4067 952 4115 tunc
983 4073 1111 4112 vere
1157 4064 1280 4111 sunt
1307 4052 1449 4124 (ιιιοά
1489 4053 1825 4122 appellantur
1845 4090 1858 4114 ,
1889 4049 1934 4103 si

341 4153 641 4210 manserint
683 4152 735 4206 in
783 4166 851 4207 eo
893 4156 1111 4218 propter
1151 4146 1292 4216 quod
1337 4145 1418 4200 sic
1471 4142 1831 4212 appellantur.
1879 4138 1936 4195 Si

282 4298 298 4309 ,
342 4257 522 4303 autem
577 4240 1030 4315 perseverantiam
1079 4255 1182 4292 non
1226 4237 1462 4300 habent,
1515 4235 1565 4288 id
1610 4241 1730 4301 est,
1779 4236 1829 4287 in
1871 4248 1938 4288 eo

339 4337 488 4409 quod
518 4343 802 4407 cozpcrunt
825 4348 944 4388 esse
973 4347 1078 4385 non
1107 4339 1358 4392 manent,
1391 4343 1497 4381 non
1526 4341 1649 4381 vere
1674 4325 1940 4396 appellau-

297 4429 299 4431 ’
348 4446 434 4486 tur
459 4429 600 4502 quod
644 4428 982 4496 appellamur
1023 4434 1079 4478 et
1116 4438 1221 4476 non
1265 4430 1390 4474 sunt
1415 4437 1429 4474 :
1458 4419 1600 4489 apud
1636 4433 1758 4472 eum
1795 4418 1938 4471 etaim

343 4525 454 4579 .ltoc
483 4538 588 4577 non
619 4529 765 4584 sunt,
793 4518 876 4573 cui
900 4525 1082 4572 notum
1120 4523 1204 4571 est
1231 4513 1372 4585 quod
1391 4511 1553 4567 futuri
1581 4520 1724 4575 sunt,
1755 4510 1803 4563 id
1835 4517 1938 4574 est,

347 4631 414 4669 ex
445 4615 599 4667 bonis
627 4611 774 4666 mali.

417 4708 509 4763 23.
547 4705 772 4774 Propter
803 4702 904 4757 hoc
945 4699 1230 4773 Apostolus
1272 4711 1392 4752 cum
1440 4695 1696 4760 dixisset,
1741 4693 1944 4750 Scimus

349 4800 588 4870 quoniam
616 4797 940 4866 diligentibus
961 4793 1119 4846 Deum
1149 4791 1318 4844 omnia
1345 4799 1643 4859 cooperatur
1663 4787 1713 4839 in
1735 4785 1942 4848 bonum;

350 4894 528 4948 sciens
554 4889 840 4944 nonnullos
866 4887 1085 4956 diligere
1114 4884 1278 4937 Deum
1303 4924 1318 4946 ,
1349 4891 1404 4936 et
1435 4887 1488 4934 in
1513 4895 1579 4933 eo
1603 4879 1743 4932 bono
1779 4892 1946 4946 usque

353 4988 404 5038 in
433 4983 591 5039 linem
620 4996 725 5036 non
753 4991 1067 5050 permanere
1085 5018 1099 5041 ,
1134 4990 1256 5029 mox
1282 4973 1517 5038 addidit,
1548 4973 1627 5025 his
1654 4971 1742 5041 qui
1765 4987 1946 5025 secun-

352 5078 474 5131 dum
498 5072 811 5144 propositum
840 5069 1001 5123 vocati
1028 5075 1167 5121 sunt.
1209 5066 1270 5119 lli
1296 5065 1438 5120 enim
1468 5064 1520 5117 in
1561 5079 1625 5116 eo
1654 5061 1794 5132 quod
1822 5061 1947 5114 dili-

350 5178 484 5241 gunt
500 5170 688 5232 Deum,
706 5172 1021 5236 permanent
1043 5176 1211 5230 usque
1232 5159 1284 5214 in
1310 5159 1487 5222 linem;
1512 5166 1565 5211 et
1593 5157 1680 5227 qui
1711 5155 1775 5210 ad
1811 5166 1915 5210 tem
1931 5184 1947 5192 ο

354 5277 455 5331 pus
479 5260 606 5316 inde
631 5258 843 5312 deviant
862 5296 878 5321 ,
905 5259 1265 5317 revertuntur,
1293 5259 1353 5305 ut
1383 5265 1550 5319 usque
1573 5249 1624 5302 in
1648 5249 1803 5301 linem
1832 5262 1950 5315 per-

349 5355 584 5416 ducant,
643 5349 784 5419 quod
839 5348 892 5402 in
951 5346 1092 5400 bono
1145 5358 1267 5398 esse
1305 5349 1602 5412 coeperunt.
1649 5338 1950 5395 Ostendcns

353 5452 535 5500 autem
585 5441 712 5514 quid
739 5442 809 5495 sit
853 5437 1147 5494 secundum
1196 5435 1524 5506 prepositum
1568 5431 1775 5497 vocari,
1819 5444 1946 5484 mox

355 5536 560 5590 addidit
589 5550 648 5587 ea
695 5549 812 5603 qua:
838 5523 962 5601 jam
983 5544 1139 5599 supra
1183 5527 1368 5597 posui,
1404 5525 1654 5591 Quoniam
1685 5539 1806 5592 quos
1835 5529 1953 5573 ante

417 5675 434 5705 ί
473 5677 583 5719 Lov.
605 5654 626 5718 τ’
643 5665 946 5731 appellamus
968 5676 1083 5727 ergo
1103 5674 1182 5712 eos
1205 5666 1250 5731 et
1277 5658 1450 5731 electos
1472 5654 1650 5731 christ;
1671 5655 1948 5731 discipulos.

353 5716 616 5782 antistiit
635 5716 936 5792 Appellamus
958 5716 1178 5792 eriionos
1198 5729 1242 5773 et
1270 5723 1439 5792 electos
1460 5719 1637 5770 Christi
1661 5716 1950 5792 di:-ripttlos:

353 5779 904 5854 uiniss‘a’postﬂlertos,
945 5779 1200 5849 copulante
1229 5781 1480 5847 particula,
1519 5795 1660 5843 quam
1709 5784 1752 5829 in
1787 5779 1951 5827 multis

341 5857 690 5918 manuscripts
714 5854 1002 5915 reperimus.

1710 357 1909 414 LlBEll
1950 305 2150 414 UNCS.

3472 354 3568 407 95C

1986 471 2254 542 pra’scit'il,
2271 478 2319 524 et
2331 468 2695 537 pradestiuauit
2717 472 2997 539 mufmmcs
3033 471 3266 542 imaginis
3288 471 3408 526 Filii
3445 489 3576 538 qus,

1986 571 2037 616 ut
2057 563 2119 616 sit
2150 562 2255 630 ipse
2275 560 2634 632 primogenitus
2663 562 2714 612 in
2743 561 2909 613 multis
2938 562 3178 630 fratribus
3203 578 3222 615 :
3266 579 3388 629 quos
3418 574 3587 617 autem

1987 652 2374 724 prtedestinuvit.
2401 653 2516 705 illos
2527 662 2573 705 et
2595 653 2803 712 vocat-it,
2825 653 3028 707 scilicet
3045 654 3334 708 secundum
3358 657 3591 724 proposi-

1989 752 2101 798 tum
2123 761 2137 807 ;
2156 761 2279 815 quos
2295 748 2458 797 auteui
2473 744 2684 806 vocavit,
2705 745 2840 813 ipsos
2859 755 2900 797 et
2912 746 3042 814 justi
3045 747 3213 813 [icavit
3234 762 3249 808 ;
3283 763 3406 818 quos
3425 758 3590 800 autent

1981 841 2302 913 justiﬁcacit,
2359 841 2494 909 ipsos
2518 850 2562 893 et
2589 839 2888 911 gloriﬁcarit
2919 841 3094 911 (liam.
3126 843 3464 914 \‘tu.9.8-50).
3501 846 3592 898 Illa

1993 932 2166 986 omnia
2195 933 2301 998 jam
2325 931 2457 984 facta
2480 942 2624 986 sum.
2645 933 2892 1003 pra'scicit
2913 974 2925 992 ,
2957 934 3345 1001 prtedestiuavit,
3381 937 3590 989 voravit.

1986 1025 2281 1094 justiﬁt'at-it
2299 1042 2316 1089 ;
2336 1025 2581 1092 qttnniatn
2609 1035 2659 1080 et
2676 1040 2862 1080 onmes
2877 1026 2984 1094 j.nn
3005 1044 3112 1096 prae
3143 1030 3231 1083 citi
3251 1031 3599 1098 actura-desti-

1998 1117 2108 1170 nati
2137 1128 2294 1181 sunt,
2324 1126 2378 1172 ct
2411 1116 2560 1170 mulli
2584 1117 2692 1184 jam
2731 1119 2900 1171 voeati
2929 1128 3087 1188 atque
3109 1119 3380 1188 jtlsllllCdll
3413 1140 3427 1176 :
3454 1123 3592 1190 quad

1930 1211 1933 1213 ’
1999 1221 2175 1263 autem
2219 1211 2390 1279 posuit
2435 1209 2486 1263 in
2539 1210 2678 1275 line,
2731 1211 2846 1264 illos
2883 1222 2927 1264 et
2969 1212 3270 1282 glori/icarit
3311 1215 3595 1283 (siquidem

2002 1303 2086 1357 illa
2131 1303 2297 1372 gloria
2323 1313 2403 1356 est
2451 1303 2535 1356 hic
2572 1303 2953 1371 intelligenda,
2984 1305 3048 1358 de
3091 1321 3194 1374 qua
3235 1307 3373 1360 idem
3430 1307 3554 1360 dit-il
3581 1348 3596 1366 .

2003 1393 2127 1448 Cum
2178 1393 2409 1448 Christus
2455 1396 2752 1464 apparuerit
2787 1396 2885 1448 vita
2915 1406 3074 1449 vestra
3097 1438 3112 1460 ,
3141 1408 3259 1451 tunc
3299 1409 3344 1452 et
3376 1416 3459 1451 ros
3486 1415 3601 1452 cum

2003 1484 2472 1553 illoapparcbitisiu
2499 1488 2659 1555 gloria
2683 1483 2898 1558 [Coloss.
2924 1503 3001 1551 ιιι,
3021 1488 3122 1560 4]),
3152 1492 3383 1544 nondum
3407 1492 3599 1545 lia-lunt

2006 1585 2106 1630 est.
2134 1576 2386 1641 Quamvis
2416 1586 2467 1629 ct
2501 1576 2586 1628 illa
2619 1577 2742 1638 (illo,
2769 1577 2818 1630 id
2850 1587 2932 1631 est
2956 1619 2970 1641 ,
3001 1582 3190 1632 vocavit
3219 1581 3601 1650 t-tjusti/icaeit,

2007 1683 2113 1719 non
2169 1666 2221 1720 in
2267 1666 2515 1720 omnibus
2567 1669 2697 1721 laeta
2730 1668 2869 1730 sint,
2905 1668 2973 1723 dc
3016 1671 3212 1740 quibus
3259 1673 3401 1726 dicta
3443 1684 3602 1732 sunt:

2009 1756 2184 1809 adhuc
2231 1758 2372 1811 enim
2415 1774 2578 1826 usque
2615 1758 2663 1810 in
2713 1759 2870 1813 linem
2900 1763 3078 1814 saeuli
3122 1763 3269 1816 umlti
3305 1766 3525 1819 \ocandi
3551 1776 3608 1820 et

2005 1848 2330 1918 justilicandi
2373 1861 2494 1903 sunt
2523 1867 2536 1903 :
2562 1861 2611 1902 ct
2643 1861 2818 1906 tamen
2865 1854 3022 1906 verba
3063 1856 3312 1922 pra-teri“
3349 1864 3604 1925 temporis

2012 1941 2188 2010 posuit
2214 1942 2279 1995 de
2323 1942 2480 1994 rebus
2531 1943 2688 1996 etiam
2720 1942 2911 1999 futuris
2935 1984 2950 2008 ,
2979 1956 3228 2014 tanquam
3268 1947 3378 2012 jam
3423 1949 3610 2004 l'ecerit

2015 2032 2191 2095 Deus,
2223 2050 2340 2103 qua:
2387 2034 2495 2100 jam
2549 2045 2602 2088 ut
2650 2036 2839 2090 liett'nt
2884 2054 2946 2091 ex
2995 2041 3292 2092 :l'tet'nitate
3324 2041 3608 2112 dispasuit.

2013 2123 2136 2178 ideo
2157 2127 2222 2178 de
2242 2125 2536 2180 illodicitet
2559 2127 2810 2195 propin-ta
2841 2126 3017 2192 lsaias,
3051 2130 3150 2194 Qui
3175 2133 3418 2200 ,I‘eritqua'
3438 2137 3610 2202 [utura

2013 2228 2128 2271 sunt
2147 2216 2278 2286 (lsai
2298 2234 2414 2272 ην.
2429 2236 2528 2272 sec.
2557 2219 2742 2287 LXX).
2765 2221 3097 2292 Quicmnque
3113 2227 3302 2289 ct'gnin
3326 2226 3414 2280 Dei
3436 2228 3613 2296 provi-

2017 2306 2326 2361 dentissitna
2346 2309 2695 2376 ("SPOSlllUnC
2725 2313 2974 2378 pra-sciti,
3021 2315 3396 2381 pra-destinati.
3420 2321 3611 2383 vincui,

2011 2397 2753 2470 Ῑιιςιὶιὶο.ιιὶ,ςιυι·ἰ1ἰιιιιὶδιιιιι.
2775 2419 2878 2458 non
2907 2405 3027 2459 dico
3064 2408 3222 2460 etiam
3255 2415 3485 2464 nondum
3533 2425 3618 2466 re-

2018 2494 2145 2554 nati,
2169 2492 2261 2547 scd
2284 2495 2440 2547 «tiam
2465 2496 2696 2549 nomium
2729 2499 2856 2560 Itali,
2880 2495 2988 2567 jam
3025 2501 3111 2552 lilii
3137 2499 3226 2553 Dei
3253 2513 3393 2565 sunt,
3419 2511 3472 2556 et
3503 2519 3619 2556 um-

2021 2585 2147 2637 niuo
2178 2585 2349 2652 perire
2370 2599 2474 2638 non
2499 2597 2738 2655 possunt.
2769 2587 2827 2640 Ili
2858 2605 2978 2644 vero
3006 2592 3219 2645 \eainnt
3239 2593 3302 2646 ad
3325 2594 3614 2660 Christum;

2021 2678 2140 2747 quia
2175 2677 2244 2732 ita
2275 2677 2488 2732 veniunt
2511 2719 2526 2741 ,
2555 2681 2822 2749 quomodo
2849 2683 2961 2751 ipse
2983 2676 3111 2738 dicit
3135 2725 3152 2750 ,
3188 2685 3351 2740 Omne
3373 2688 3509 2759 quod
3529 2690 3619 2742 dat

2023 2768 2148 2821 mihi
2180 2767 2356 2835 Pater,
2384 2769 2452 2823 ad
2479 2786 2557 2824 me
2586 2772 2748 2824 veniet
2769 2789 2787 2837 ;
2811 2783 2859 2825 et
2888 2790 3002 2826 eum
3021 2777 3105 2845 qui
3133 2778 3263 2829 venit
3292 2781 3360 2830 ad
3386 2796 3484 2843 me,
3518 2796 3620 2834 non

2025 2860 2224 2930 ejiriam
2251 2863 2412 2933 foras.
2449 2862 2512 2915 Et
2543 2863 2700 2932 paulo
2731 2875 2850 2934 post
2875 2907 2890 2928 ,
2921 2865 3045 2920 lltvc
3069 2878 3176 2933 est,
3209 2869 3413 2939 inquit,
3438 2875 3620 2925 volun-

2027 2961 2104 3006 tas
2130 2953 2242 3021 ejus
2280 2953 2365 3024 qui
2396 2953 2529 3006 misit
2557 2971 2636 3007 me
2672 2953 2844 3008 Putris
2865 2998 2878 3020 ,
2913 2967 2964 3008 ut
2991 2974 3138 3012 omne
3163 2961 3298 3029 quod
3329 2962 3464 3013 dedit
3496 2963 3621 3015 mihi

2027 3058 2127 3096 non
2159 3046 2366 3114 perdant
2393 3060 2454 3098 ex
2473 3060 2528 3097 eo
2557 3043 2734 3114 (Joau.
2765 3061 2817 3099 γι
2839 3088 2852 3108 ,
2883 3047 2970 3106 57,
3005 3048 3117 3117 39).
3149 3051 3230 3103 Ab
3258 3051 3348 3104 Illo
3370 3068 3498 3122 ergo
3524 3053 3622 3108 da-

2031 3143 2117 3187 tur
2144 3135 2302 3188 etiam
2331 3135 2724 3203 perseverantia
2755 3137 2806 3189 in
2842 3137 2982 3191 bono
3011 3155 3176 3208 tlsquu
3205 3142 3254 3193 in
3288 3145 3446 3195 linem
3477 3160 3490 3195 τ
3522 3161 3621 3199 ne-

2030 3241 2134 3295 qne
2154 3225 2295 3280 enim
2325 3225 2510 3289 datur,
2542 3227 2641 3280 nisi
2669 3227 2747 3280 eis
2786 3229 2875 3298 qui
2907 3245 3011 3283 non
3059 3233 3334 3301 peribunt;
3367 3235 3620 3305 (yroniam

2031 3317 2119 3397 qui
2150 3331 2253 3370 non
2279 3331 2621 3385 persiwt-rant
2649 3320 2915 3389 peribunt.

2103 3408 2193 3462 Ἡ.
2241 3408 2460 3465 Talibus
2489 3410 2630 3465 Dens
2671 3412 3014 3481 diligentibus
3055 3432 3176 3469 eum
3205 3417 3382 3472 omnia
3425 3434 3622 3488 conpe-

2033 3512 2181 3556 ratur
2207 3501 2257 3554 in
2291 3501 2509 3567 bonum;
2547 3516 2713 3572 usque
2741 3504 2876 3558 adeo
2902 3520 3121 3576 prorsus
3146 3511 3343 3569 (ttlttlla.
3380 3519 3435 3563 nt
3461 3512 3622 3566 etiam

2035 3593 2079 3646 si
2137 3593 2223 3662 qui
2280 3610 2463 3648 eorum
2514 3594 2728 3650 det-iant
2779 3603 2832 3650 et
2889 3598 3230 3664 exorbitant,
3289 3604 3448 3656 etiam
3525 3603 3627 3660 huc

2038 3686 2208 3754 ipsum
2235 3686 2314 3740 eis
2335 3687 2490 3741 faciat
2517 3689 2777 3756 prolicere
2809 3689 2860 3743 in
2905 3689 3099 3745 bonum
3121 3733 3136 3758 ,
3169 3695 3290 3764 quia
3317 3694 3629 3754 humiliores

2037 3779 2264 3835 redeunt
2309 3789 2468 3850 atque
2518 3780 2807 3837 doctiores.
2857 3784 3072 3838 Discutit
3115 3787 3255 3840 enim
3286 3788 3470 3857 inipSa
3499 3790 3581 3843 via
3607 3791 3626 3823 ‘

2033 3871 2176 3941 jnsta
2209 3887 2330 3926 cum
2363 3883 2594 3929 tremore
2629 3890 2688 3930 se
2715 3875 2983 3932 exsultare
3013 3876 3231 3943 debere,
3266 3897 3371 3934 non
3409 3883 3508 3936 sibi
3539 3899 3628 3938 ar-

2039 3964 2278 4034 rogando
2303 3974 2551 4035 tanquam
2574 3965 2640 4020 de
2661 3982 2754 4020 sua
2776 3968 2966 4022 virtute
2991 3969 3235 4024 liduciatu
3261 3975 3630 4041 permanendi,

2047 4070 2147 4110 nec
2177 4056 2402 4110 dicendo
2434 4057 2483 4110 in
2516 4058 2836 4114 abundantia
2880 4075 2972 4114 sua
2999 4103 3012 4126 ,
3039 4061 3156 4117 Non
3202 4065 3534 4124 mmebimur
3581 4069 3632 4122 in

2042 4157 2323 4202 mternum.
2356 4148 2580 4218 Propter
2627 4151 2768 4220 quod
2799 4151 2877 4205 eis
2924 4151 3150 4212 dicitur.
3182 4153 3376 4210 Servite
3419 4157 3635 4212 Domino

2043 4241 2094 4294 in
2123 4250 2300 4294 timore
2319 4282 2332 4303 ,
2361 4251 2410 4294 et
2452 4243 2673 4295 exultate
2709 4243 2755 4296 ei
2781 4259 2897 4297 cum
2923 4254 3138 4300 tremore
3156 4287 3172 4310 ,
3209 4264 3273 4300 ne
3299 4251 3502 4317 quando
3527 4251 3634 4303 ira-

2044 4343 2216 4387 scatur
2249 4331 2495 4386 Dominus
2519 4375 2533 4399 ,
2560 4344 2606 4387 et
2634 4336 2850 4402 pereatis
2871 4335 2934 4390 de
2959 4338 3039 4390 eia
3059 4339 3202 4410 justa
3233 4339 3406 4410 (Psal.
3441 4358 3473 4396 tt
3496 4384 3512 4409 ,
3549 4345 3635 4407 ll,

2047 4425 2158 4497 12).
2205 4424 2389 4495 Neque
2413 4427 2555 4480 enim
2587 4427 2695 4493 ait,
2727 4428 2791 4482 Et
2823 4444 2926 4482 non
2955 4430 2976 4461 ³
3001 4433 3225 4486 veniatis
3273 4435 3340 4487 ad
3386 4439 3524 4490 viam
3545 4440 3636 4506 ju-

2047 4528 2204 4583 stam;
2233 4519 2344 4582 sed,
2371 4536 2432 4572 ne
2447 4520 2682 4590 pereatis,
2709 4520 2898 4588 inquit,
2919 4523 2981 4574 de
2999 4523 3078 4576 via
3092 4523 3238 4592 jttsltt
3269 4540 3288 4579 :
3309 4525 3432 4595 quid
3457 4540 3638 4582 osten-

2048 4611 2201 4676 dens,
2235 4611 2332 4666 nisi
2359 4627 2453 4667 eos
2477 4628 2598 4667 esse
2620 4615 2995 4677 etnnmonitos,
3022 4617 3109 4682 qui
3136 4616 3247 4682 jam
3279 4619 3552 4674 ambulant
3581 4621 3638 4676 in

2051 4703 2131 4758 via
2154 4703 2318 4773 justa,
2348 4712 2401 4756 ut
2425 4703 2475 4756 in
2501 4704 2691 4757 timore
2711 4705 2818 4758 lb-o
2845 4705 3101 4769 serviant,
3133 4706 3182 4760 id
3209 4717 3310 4774 est,
3339 4726 3443 4763 non
3471 4711 3637 4766 altum

2051 4794 2293 4862 sapiant,
2323 4793 2415 4846 sed
2449 4796 2669 4848 timeant
2699 4792 2885 4864 (Rom.
2913 4811 2996 4858 ιι,
3028 4796 3148 4865 20)?
3169 4799 3308 4866 quod
3336 4801 3601 4870 signiﬁcat
3620 4845 3638 4869 ,

2050 4884 2167 4940 Non
2196 4886 2506 4955 saperbiant
2527 4927 2543 4952 ,
2577 4885 2670 4940 sed
2718 4886 2944 4943 humiles
2975 4888 3080 4940 sint
3107 4905 3121 4943 :
3153 4892 3291 4946 umlc
3317 4903 3370 4947 et
3394 4895 3518 4948 alibi
3557 4896 3642 4951 di-

2053 4978 2162 5042 cit,
2209 4976 2329 5030 Non
2373 4979 2477 5030 alta
2521 4979 2772 5047 sapientes
2794 5019 2810 5044 ,
2845 4980 2934 5033 sed
2963 4980 3242 5036 humilibus
3280 4987 3644 5042 consentientes

2055 5066 2165 5138 (Id.
2207 5084 2278 5121 xu
2305 5110 2319 5134 ,
2353 5067 2441 5137 lli)
2473 5085 2485 5119 :
2516 5067 2780 5122 exsultent
2811 5069 2950 5136 Deo,
2993 5071 3084 5125 sed
3115 5087 3234 5127 cum
3280 5083 3548 5144 tremore;
3590 5080 3642 5133 in

2055 5160 2201 5215 nullo
2246 5160 2574 5231 gloriantes,
2614 5161 2826 5230 quando
2867 5170 3108 5217 nostrum
3157 5163 3284 5220 nihil
3326 5167 3434 5232 sit;
3465 5179 3523 5223 ut
3551 5171 3645 5240 qui

2054 5251 2340 5321 gloriatur,
2375 5252 2426 5304 in
2460 5251 2685 5305 Domino
2715 5251 2971 5320 glorietur
3015 5255 3229 5318 (Jerem.
3258 5272 3313 5312 tx
3335 5299 3350 5324 ,
3379 5258 3478 5319 23,
3510 5261 3602 5331 2.!)
3629 5279 3643 5319 :

2057 5356 2124 5394 ne
2152 5350 2371 5407 pereant
2395 5340 2462 5396 de
2486 5342 2568 5394 via
2593 5341 2734 5410 justa
2757 5384 2772 5408 ,
2803 5342 2854 5396 in
2884 5359 2986 5412 qua
3024 5345 3132 5412 jam
3158 5349 3432 5414 ambulare
3461 5365 3643 5422 caspca

2058 5439 2201 5494 runt.
2231 5431 2356 5485 dmn
2379 5432 2477 5486 sibi
2499 5432 2597 5487 hoc
2625 5431 2794 5501 ipsum
2819 5434 3091 5503 asdguant
3112 5480 3125 5503 ,
3157 5438 3298 5507 quod
3331 5441 3382 5495 in
3407 5455 3470 5496 ea
3495 5453 3640 5498 sunt.

2058 5525 2152 5579 llis
2180 5524 2352 5578 verbis
2382 5539 2508 5579 usus
2535 5537 2616 5579 est
2650 5535 2703 5579 et
2726 5527 3011 5596 Apostolus
3030 5569 3046 5590 ,
3075 5529 3161 5583 ubi
3188 5531 3288 5595 ait,
3316 5529 3442 5587 Cum
3469 5536 3649 5593 timo"

2058 5625 2104 5668 et
2155 5624 2370 5668 tremore
2427 5627 2638 5669 vestram
2684 5617 2910 5685 ipsorum
2957 5619 3170 5673 salutem
3223 5626 3522 5694 ορεναηήηῑ,
3579 5629 3644 5686 Et

2123 5779 2134 5807 ¹
2178 5785 2274 5822 Am.
2303 5782 2354 5824 et
2379 5772 2544 5837 plures
2566 5781 2690 5830 Mss,
2718 5773 2827 5823 rita.

2126 5843 2143 5869 ί
2183 5840 2313 5896 tam,
2341 5835 2414 5887 ne.
2456 5835 2620 5885 Melius
2646 5845 2768 5896 \zss.,
2791 5849 2900 5886 non.
