4122 6528
548 309 644 363 931

547 423 841 479 ostendens
883 439 1050 495 quare
1086 440 1208 481 cum
1252 424 1443 480 timore
1489 436 1544 482 et
1588 439 1820 484 tremore
1853 447 1866 483 :
1899 426 2036 486 Deus
2072 439 2147 485 est

546 520 680 571 enim
700 557 715 584 ,
773 518 972 588 inquit,
1001 519 1087 584 ηιιὶ
1122 528 1362 583 operatur
1381 520 1432 574 in
1459 519 1596 575 vobis
1622 530 1667 574 et
1690 520 1816 576 uelle
1834 530 1884 579 et
1902 524 2104 595 operari
2130 564 2148 587 ,

551 624 647 679 pro
670 610 801 663 bona
825 612 1082 665 uoluntate
1104 608 1363 683 (Philipp.
1392 628 1426 667 ιι
1446 654 1462 679 ,
1487 612 1575 680 12,
1605 612 1711 679 15).
1745 611 1864 671 Non
1891 615 2032 669 enim
2056 613 2149 670 ba-

552 699 715 755 bebat
763 703 904 758 hunc
950 703 1197 758 timorem
1241 714 1297 759 et
1343 714 1676 776 tremorem,
1712 708 1804 779 qui
1846 707 2063 763 dicebat
2092 707 2145 762 iu

546 792 870 849 abundantia
922 810 1015 850 sua
1042 839 1057 862 ,
1089 795 1208 850 Non
1237 799 1467 854 movebar
1491 796 1546 855 in
1578 811 1844 856 internum.
1891 800 1995 856 Sed
2023 800 2145 871 quia

547 883 688 940 filius
729 895 845 939 erat
887 887 1278 956 promissionis,
1321 904 1429 946 non
1477 892 1793 961 perditionis
1818 932 1834 958 ,
1890 900 2146 961 expertus

546 973 658 1031 Deo
708 978 977 1047 paululum
1014 977 1301 1037 «laseretite
1340 982 1465 1052 quid
1502 991 1646 1037 esset
1691 982 1848 1051 ipse:
1880 980 2135 1048 Domine,

541 1065 732 1135 inquit,
763 1068 817 1122 in
841 1067 1104 1128 voiuntatc
1124 1084 1213 1126 tua
1244 1073 1525 1144 prmatitisti
1551 1073 1720 1131 decori
1746 1090 1857 1128 meo
1886 1076 2143 1139 uirtutem;

539 1160 768 1218 arerltsti
808 1168 991 1234 facient
1033 1176 1173 1228 tuom
1194 1181 1226 1218 α
1252 1181 1365 1232 nte,
1397 1175 1444 1220 et
1474 1168 1640 1235 factus
1668 1181 1781 1219 sum
1816 1166 2144 1220 conturbatus

545 1249 720 1324 (ιιωι.
743 1272 893 1321 xxtx,
919 1256 972 1319 7,
995 1256 1075 1328 8).
1101 1257 1238 1312 Ecce
1263 1257 1472 1312 doctior
1490 1299 1504 1323 ,
1529 1265 1585 1313 et
1622 1257 1692 1313 ob
1723 1258 1823 1313 hoc
1843 1258 2004 1314 etiam
2045 1257 2144 1312 hu-

543 1348 726 1403 milior
746 1388 763 1413 ,
793 1349 961 1402 tenuit
989 1350 1162 1416 viam,
1187 1348 1298 1419 jam
1323 1348 1510 1405 videns
1550 1358 1606 1404 et
1644 1349 1907 1404 conﬁtens
1932 1392 1947 1415 ,
1974 1350 2025 1403 in
2052 1366 2145 1405 vo-

543 1437 747 1493 luntate
790 1455 882 1494 sua
922 1440 1085 1494 Deum
1131 1440 1311 1495 decori
1349 1440 1466 1511 ejus
1505 1440 1819 1510 prtestitisse
1848 1440 2138 1494 virtutem:

542 1529 684 1600 quod
714 1529 814 1585 sibi
862 1530 974 1600 ipse
1027 1530 1267 1585 tribuens
1316 1531 1462 1585 etde
1490 1545 1550 1586 se
1593 1545 1927 1602 praesumens
1966 1529 2018 1584 in
2052 1529 2141 1585 tali

539 1622 860 1677 abundantia
879 1638 1035 1692 quam
1057 1623 1378 1690 prtestiterat
1407 1623 1567 1685 Deus,
1589 1638 1693 1675 non
1716 1621 1783 1677 de
1799 1621 1891 1675 illo
1912 1621 1997 1691 qui
2021 1636 2141 1675 eam

540 1715 865 1783 prtestilet‘at
888 1755 903 1779 ,
930 1714 1161 1781 diccbat,
1189 1711 1311 1767 Non
1338 1713 1569 1768 urat-clior
1585 1713 1638 1767 in
1659 1723 1923 1767 internum.
1948 1711 2144 1767 Factus

537 1814 619 1858 est
643 1818 772 1874 ergo
792 1803 1170 1866 conturbatus,
1201 1811 1331 1858 utse
1371 1804 1630 1859 inveniret
1654 1844 1671 1868 ,
1697 1812 1752 1858 et
1769 1802 2041 1857 humiliter
2056 1817 2143 1856 sa-

536 1894 722 1963 piens,
755 1909 860 1948 non
897 1896 1069 1948 solum
1114 1905 1333 1949 ceterum
1361 1894 1484 1949 vita:
1506 1936 1521 1960 ,
1547 1909 1733 1949 verum
1761 1893 1922 1948 etiam
1955 1893 2006 1946 in
2040 1892 2141 1948 hac

533 1984 642 2038 vita
677 1984 775 2053 pize
802 1985 1227 2039 conversationis
1256 1993 1312 2039 et
1340 1984 1772 2053 perseverantiae,
1802 1984 1853 2037 in
1878 1997 1985 2053 quo
2014 1996 2140 2052 spes

536 2075 781 2131 habenda
805 2087 947 2131 CSsct
966 2119 982 2142 ,
1010 2076 1334 2132 addisceret.
1363 2076 1491 2131 [huc
1520 2091 1621 2130 vox
1659 2085 1712 2130 et
1734 2075 1961 2145 apostoli
1994 2074 2138 2129 l‘etri

532 2183 655 2224 esse
687 2170 856 2238 potuit
884 2169 1131 2224 :dtxerat
1157 2170 1352 2239 quippe
1373 2176 1427 2223 et
1448 2168 1562 2237 ipse
1594 2168 1645 2222 in
1672 2166 1994 2222 abundantia
2015 2180 2133 2233 sua,

530 2262 770 2318 Animam
815 2277 993 2326 meam.
1026 2279 1119 2331 pro
1148 2272 1197 2316 te
1238 2277 1425 2332 ponam
1464 2259 1662 2332 (Joan.
1706 2275 1799 2314 xm
1825 2302 1839 2325 ,
1867 2257 2001 2330 57);
2034 2259 2134 2314 sibi

532 2352 838 2410 festinando
866 2355 1106 2409 tribuens
1126 2395 1141 2420 ,
1170 2354 1312 2425 quod
1338 2354 1386 2408 ei
1435 2354 1607 2409 fuerat
1635 2368 1665 2406 a
1694 2353 1921 2407 Domino
1949 2363 2133 2425 postea

532 2446 886 2516 largiendum.
916 2448 1125 2503 Avertit
1171 2457 1351 2501 autem
1378 2446 1446 2501 ab
1475 2446 1567 2501 illo
1616 2445 1804 2500 faciem
1841 2445 2130 2512 Dominus,

533 2547 591 2592 et
615 2538 787 2595 factus
823 2549 907 2594 est
954 2539 1340 2602 conturbatus,
1375 2537 1445 2592 ita
1476 2547 1536 2592 ut
1561 2552 1683 2592 eum
1729 2536 1864 2591 mori
1909 2551 2010 2608 pro
2040 2537 2132 2592 illo

527 2640 776 2685 metuens
814 2637 896 2686 ter
920 2639 1159 2700 negaret.
1208 2627 1315 2684 Sed
1364 2642 1553 2683 rursus
1600 2627 1868 2682 convertit
1913 2627 1978 2680 ad
2008 2642 2130 2682 eunt

529 2720 718 2776 faciem
767 2736 917 2776 suam
966 2722 1262 2787 Dominus,
1308 2729 1361 2777 et
1404 2720 1614 2790 culpam
1661 2719 1912 2791 lacrymis
1949 2718 2124 2776 diluit.

528 2810 665 2880 Quid
706 2820 790 2866 est
835 2810 976 2866 enim
1027 2811 1167 2866 aliud
1189 2852 1204 2875 ,
1237 2810 1481 2881 Respexit
1502 2826 1615 2865 eum
1642 2808 1795 2882 (Luc.
1825 2825 1961 2875 χιιι,
1992 2806 2125 2883 6i);

528 2903 630 2959 nisi
655 2946 669 2965 .
705 2901 916 2959 Faciem
942 2944 957 2968 ,
984 2918 1142 2973 quam
1175 2903 1445 2973 paululum
1476 2901 1546 2957 ab
1575 2901 1668 2956 illo
1697 2909 2002 2967 averterat,
2034 2916 2126 2956 re-

528 2994 740 3049 vocavit
764 2993 830 3047 ad
858 3010 978 3047 eum
999 2993 1023 3047 Υ
1046 2993 1236 3048 Factus
1260 3008 1389 3062 ergo
1416 2990 1589 3047 fuerat
1618 2990 1968 3047 conturbatus
1993 3008 2009 3047 :
2031 2990 2126 3047 sed

527 3086 652 3155 quia
694 3085 885 3139 didicit
924 3099 1029 3138 non
1051 3083 1119 3138 de
1142 3099 1203 3138 se
1233 3083 1351 3152 ipso
1377 3082 1544 3137 ﬁdere
1565 3123 1580 3146 ,
1601 3084 1764 3137 etiam
1793 3081 1898 3137 hoc
1923 3082 1972 3137 ei
2001 3096 2127 3152 pro-

525 3175 650 3232 fecit
705 3177 755 3230 in
798 3176 1036 3241 bonum,
1064 3174 1292 3230 faciente
1337 3174 1429 3228 illo
1477 3174 1568 3245 qui
1615 3173 1960 3243 diligentibus
2001 3188 2125 3229 eum

522 3269 702 3323 omnia
730 3279 1050 3337 cooperator
1088 3266 1142 3322 in
1182 3266 1412 3334 bonum;
1453 3266 1575 3337 quia
1612 3266 1905 3322 secundum
1936 3280 2129 3337 propo-

520 3362 683 3416 situm
725 3372 944 3416 vocatus
982 3368 1099 3416 erat
1122 3402 1135 3425 ,
1166 3369 1222 3415 ut
1255 3376 1413 3416 nemo
1458 3376 1581 3416 eum
1611 3369 1791 3433 posset
1816 3361 2028 3433 eripere
2058 3361 2128 3420 de

522 3469 686 3508 manu
711 3453 908 3507 (Zbristi
930 3494 946 3519 ,
977 3452 1063 3508 cui
1096 3452 1251 3508 datus
1275 3461 1410 3509 erat.

589 3567 681 3623 95.
711 3565 880 3623 Nemo
897 3582 1028 3638 ergo
1056 3566 1199 3623 dicat
1220 3582 1325 3623 non
1344 3582 1464 3623 esse
1484 3568 1884 3639 eorripiendum
1905 3568 1997 3641 qui
2026 3584 2125 3625 ex-

518 3658 715 3713 orbitat
743 3659 809 3713 de
843 3659 924 3712 via
965 3659 1104 3729 justa
1127 3700 1142 3726 ,
1171 3658 1267 3714 sed
1306 3658 1356 3715 ei
1399 3658 1630 3715 reditum
1675 3668 1731 3715 et
1768 3676 2125 3731 persevcran-

520 3752 650 3805 tiam
680 3768 707 3803 a
739 3751 966 3806 Domino
1001 3761 1205 3805 tantum
1246 3766 1367 3807 esse
1408 3752 1733 3822 poscendam
1765 3770 1778 3807 :
1810 3769 1968 3809 nemo
1999 3771 2127 3824 pru-

522 3842 658 3898 dens
709 3850 764 3897 ct
794 3842 964 3897 ﬁdelis
996 3842 1097 3897 hoc
1121 3843 1284 3898 dicat.
1324 3842 1383 3898 Si
1423 3843 1567 3898 enim
1601 3843 1899 3899 secundum
1933 3860 2128 3916 propo-

520 3935 681 3990 situm
709 3944 926 3990 vocatus
955 3946 1035 3990 est
1075 3935 1197 4002 iste,
1226 3935 1414 4008 procul
1444 3934 1608 3991 dubio
1635 3936 1711 3992 illi
1736 3977 1750 4001 ,
1780 3937 1941 3991 etiam
1973 3937 2114 4008 quod

520 4028 825 4096 corripitur,
858 4028 996 4082 Deus
1035 4036 1359 4097 cooperatur
1389 4028 1442 4081 in
1473 4026 1699 4082 bonum.
1730 4026 1918 4083 Utrum
1945 4037 2124 4084 autem

522 4122 594 4175 ita
645 4121 717 4176 sit
741 4130 961 4175 vocatus
984 4161 999 4186 ,
1036 4120 1289 4191 quoniam
1336 4118 1428 4190 qui
1456 4118 1680 4189 corripit
1720 4119 1926 4185 nescit,
1956 4118 2118 4176 faciat

522 4212 637 4282 ipse
682 4227 803 4267 cum
858 4209 1119 4267 charitale
1145 4208 1289 4282 quod
1335 4209 1439 4265 scit
1480 4224 1603 4265 esse
1643 4208 1946 4265 faciendum
1977 4228 1992 4266 :
2023 4211 2125 4267 scit

521 4303 662 4358 enim
714 4302 871 4357 talem
915 4301 1354 4372 corripiendum;
1395 4301 1600 4355 facturo
1630 4300 1740 4355 Deo
1788 4309 1880 4355 aut
1913 4301 2124 4357 miseri-

517 4394 779 4458 cordiam,
804 4401 897 4447 aut
917 4390 1176 4460 judicium
1201 4392 1218 4423 ¹
1246 4407 1261 4445 :
1295 4388 1715 4445 misericordiam
1742 4389 1956 4459 quidem
1977 4431 1993 4457 ,
2021 4392 2065 4446 si
2091 4407 2121 4447 a

520 4502 698 4542 massa
733 4484 1050 4555 perditionis
1079 4483 1171 4538 ille
1199 4483 1288 4554 qui
1321 4481 1645 4552 corripitur,
1667 4483 1852 4553 gratia:
1877 4482 2123 4555 largitate

523 4582 786 4636 discretus
814 4588 933 4645 est,
981 4586 1036 4632 et
1065 4592 1173 4632 non
1210 4586 1294 4633 est
1337 4576 1478 4631 inter
1501 4589 1626 4629 vasa
1671 4575 1765 4630 ira:
1791 4591 1909 4646 qua:
1950 4576 2124 4647 perfe-

522 4684 607 4730 cta
637 4683 761 4729 sunt
785 4673 838 4727 in
873 4671 1263 4742 perditionem,
1291 4668 1386 4725 sed
1418 4669 1557 4723 inter
1587 4682 1713 4722 vasa
1741 4668 2122 4725 misericordia:

521 4783 643 4837 qum
690 4763 1007 4837 prmparavit
1052 4763 1192 4817 Deus
1224 4764 1273 4815 in
1304 4761 1530 4832 gloriam
1563 4760 1741 4830 (Rom.
1768 4775 1843 4826 ιι,
1868 4758 1961 4828 22,
1987 4759 2118 4834 25);

520 4858 776 4929 judicium
804 4872 953 4923 vero,
980 4855 1025 4910 si
1055 4855 1106 4910 in
1130 4854 1234 4910 illis
1260 4862 1343 4909 cst
1369 4853 1674 4920 damnatus,
1706 4854 1758 4907 in
1788 4851 1872 4908 bis
1904 4868 2009 4909 non
2040 4864 2123 4911 est

526 4951 953 5021 ptandcstinatus.

599 5077 825 5135 CAPUT
858 5075 923 5132 Χ.
945 5106 1016 5116 -
1040 5074 1132 5130 9.6.
1165 5074 1262 5129 ilic
1283 5075 1305 5106 ¹
1326 5073 1566 5129 exoritur
1593 5073 1694 5128 alia
1736 5074 1984 5144 qumstio,
2013 5089 2119 5129 non

528 5187 655 5228 sane
676 5168 1090 5233 ceiitemnenda,
1121 5166 1217 5222 sed
1246 5167 1296 5221 in
1326 5165 1590 5236 adjutorio
1615 5165 1848 5224 Domini,
1887 5165 1938 5218 iu
1968 5165 2122 5234 cujus

530 5278 688 5316 manu
716 5271 839 5315 sunt
866 5269 920 5313 ct
947 5268 1118 5314 noset
1137 5272 1414 5312 sermones
1445 5257 1614 5312 nostri
1646 5254 1665 5328 (
1697 5255 1828 5327 δίῳ.
1854 5272 1947 5321 vn,
1981 5257 2045 5312 16
2073 5253 2115 5326 ),

528 5351 882 5424 aggredienda
910 5358 1071 5422 atque
1105 5350 1386 5405 solvenda.
1417 5347 1687 5418 Quaeritur
1704 5351 1849 5404 enim
1875 5364 1905 5404 a
1937 5348 2114 5415 nobis,

587 5555 611 5586 ¹
644 5552 782 5611 t‘diti,
806 5547 936 5600 hinc.
962 5556 1023 5618 At
1041 5557 1168 5607 ξτες»,
1195 5545 1289 5599 Iric.
1349 5608 1370 5618 Δ
1425 5614 1436 5618 _
1573 5617 1592 5618 ί
1766 5612 1778 5618 Α
1869 5608 1881 5618 ι
2079 5606 2090 5618 ,

590 5618 605 5647 ¹
646 5626 745 5664 Am.
771 5608 846 5662 Fr.
885 5621 936 5662 et
980 5610 1161 5674 plures
1194 5620 1296 5674 vss.
1340 5608 1528 5674 [iactura
1565 5617 1660 5659 nco
1694 5612 1778 5659 aut
1814 5608 1881 5658 ad
1925 5608 2114 5658 anseri-

524 5676 747 5727 rordiam
769 5709 783 5734 ,
828 5681 909 5724 avt
947 5670 1013 5722 ad
1052 5670 1308 5734 judicium.
1340 5670 1350 5674 ’
1379 5673 1704 5721 mvanienses
1746 5677 2114 5727 exnunxerunt,

524 5741 622 5803 od;
656 5752 768 5803 (pta:
809 5734 1037 5800 [articulat
1061 5738 1198 5784 abest
1224 5734 1369 5783 etiam
1391 5747 1419 5782 a
1443 5740 1769 5788 vetustissimo
1814 5739 1980 5789 codice
2000 5742 2114 5786 mr-

525 5801 727 5850 bencnSi.

1425 311 1513 367 os
1554 294 2033 370 COBREPTIODfl-Z
2073 314 2164 373 ετ
2203 317 2484 389 οιῑΑτιςι,
2525 320 2583 379 s.
2623 322 2998 381 aucusrm

3746 330 3861 389 85!

2262 444 2516 499 quantum
2541 435 2729 491 attinet
2757 435 2823 492 ad
2855 436 2956 492 hoc
2986 436 3183 492 donum
3218 437 3332 505 Dei,
3359 439 3500 511 quod
3523 441 3682 498 estin
3710 443 3861 499 bono

2261 540 2605 592 perseverare
2643 544 2810 600 usque
2844 529 2898 584 in
2930 528 3121 597 linem,
3149 530 3274 601 quid
3302 532 3370 587 de
3396 531 3512 601 ipso
3540 534 3712 605 primo
3753 533 3857 592 bo-

2257 615 2401 672 mine
2443 622 2756 686 sentiamus,
2781 622 2879 692 ’qui
2908 631 3055 677 certe
3092 623 3210 677 sine
3253 622 3361 678 ullo
3406 625 3534 681 vitio
3575 625 3745 683 factus
3769 638 3858 686 est

2256 717 2457 765 rectus.
2506 709 2616 766 Nec
2658 710 2779 767 dico
2812 730 2826 768 :
2854 712 2909 769 Si
2958 716 3414 784 perseverantiam
3462 732 3569 771 non
3622 719 3848 787 habuit,

2253 803 2524 871 quomodo
2546 803 2662 860 sine
2684 805 2810 859 vitio
2835 803 2955 870 fuit,
2979 807 3063 861 cui
3092 818 3195 861 tam
3226 808 3589 863 necess:irium
3624 811 3713 865 Dei
3743 812 3845 867 do-

2255 884 2381 948 num
2432 895 2695 951 defuit“!
2750 897 2886 954 Huic
2945 915 3176 970 namque
3232 900 3635 971 interrogationi
3696 905 3852 961 facile

2252 986 2629 1055 respondetur,
2653 1005 2776 1043 eum
2809 995 3261 1060 persevemntiam
3291 1010 3401 1048 non
3427 994 3699 1063 habuisse,
3723 999 3854 1068 quia

2252 1078 2303 1131 in
2339 1093 2404 1131 eo
2458 1079 2617 1142 bono,
2663 1097 2771 1151 quo
2816 1081 2934 1137 sine
2979 1084 3108 1137 vitio
3154 1085 3269 1147 fuit,
3304 1102 3408 1140 non
3437 1092 3800 1156 perseveravit
3833 1108 3849 1141 :

2250 1171 2411 1241 cmpit
2437 1173 2579 1226 enim
2605 1173 2800 1229 habere
2826 1175 3009 1230 vitium
3031 1194 3097 1232 ex
3117 1195 3224 1248 quo
3252 1180 3477 1246 cecidit;
3511 1191 3564 1235 et
3592 1183 3634 1238 si
3658 1185 3846 1252 coepit,

2250 1272 2537 1332 antequam
2565 1265 2838 1334 cmpisset,
2885 1268 3067 1338 utique
3111 1269 3228 1324 sine
3258 1271 3387 1325 vitio
3413 1270 3531 1326 fuit.
3563 1275 3719 1329 Aliud
3763 1286 3849 1331 est

2249 1352 2392 1405 enim
2423 1369 2526 1407 non
2555 1353 2753 1410 habere
2781 1358 2986 1423 vitium;
3017 1367 3072 1414 et.
3110 1359 3253 1415 aliud
3288 1374 3371 1415 est
3396 1362 3447 1417 in
3468 1379 3534 1418 ea
3562 1364 3804 1424 bonitate
3826 1409 3843 1431 ,

2249 1443 2301 1497 in
2342 1461 2446 1517 qua
2484 1447 2685 1502 nullum
2724 1450 2910 1505 vitium
2938 1466 3040 1518 est,
3077 1469 3182 1508 non
3236 1471 3477 1513 manere.
3526 1458 3604 1512 Eo
3639 1462 3840 1530 quippe

2249 1534 2366 1605 ipso
2391 1538 2532 1607 quod
2564 1556 2668 1593 non
2697 1541 2897 1596 dicitttr
2922 1561 3195 1616 nunquam
3219 1546 3336 1603 sine
3358 1550 3485 1605 vitio
3519 1549 3702 1615 fuisse,
3740 1554 3838 1608 sed

2246 1627 2440 1682 dicitur
2474 1632 2592 1686 sine
2621 1633 2750 1687 vitio
2773 1650 2877 1689 non
2918 1641 3303 1707 permansisse,
3338 1644 3523 1711 procul
3551 1644 3714 1698 dubio
3736 1645 3842 1702 de-

2246 1733 2574 1778 monstratur
2601 1724 2718 1781 sine
2761 1728 2888 1782 vitio
2936 1728 3119 1795 fuisse,
3167 1731 3218 1788 in
3264 1749 3371 1804 quo
3416 1736 3557 1791 bono
3587 1753 3691 1791 non
3720 1754 3845 1808 per-

2244 1815 2510 1871 mansisse
2533 1818 2797 1887 culpatur.
2829 1820 2935 1878 Sed
2962 1823 3091 1879 illud
3126 1826 3294 1896 magis
3331 1830 3679 1895 qutcrendum
3710 1847 3842 1902 ope-

2243 1908 2528 1979 rosiusque
2576 1912 2911 1968 tractandum
2949 1928 3066 1981 est,
3098 1918 3370 1986 quomodo
3413 1923 3837 1992 respondeamus

2238 1997 2322 2051 eis
2349 2001 2437 2069 qui
2464 2000 2666 2066 dicunt,
2699 2021 2718 2054 ι
2755 2002 2810 2059 Si
2841 2005 2892 2060 in
2912 2005 2998 2060 illa
3018 2009 3337 2066 rectitudine
3361 2010 3534 2083 inqua
3559 2014 3679 2068 sine
3706 2015 3833 2071 vitio

2241 2086 2411 2144 factus
2436 2100 2543 2155 est,
2577 2090 2763 2149 habuit
2800 2101 3273 2167 persevcrantiam,
3316 2103 3682 2171 proculdubio
3708 2116 3834 2176 pcr-

2241 2183 2506 2236 severavit
2536 2184 2588 2238 in
2610 2201 2670 2239 ea
2701 2202 2715 2240 :
2742 2196 2799 2243 et
2825 2188 2869 2242 si
2892 2192 3272 2259 perseveravit,
3303 2193 3485 2263 utique
3516 2210 3619 2249 non
3642 2212 3803 2265 pecca
3826 2229 3840 2239 -

2240 2274 2337 2341 vit,
2370 2290 2472 2331 nec
2511 2276 2653 2331 illam
2695 2294 2845 2334 suam
2876 2284 3247 2338 rectitudiuetn
3279 2285 3554 2356 Deumque
3578 2288 3830 2344 deseruit.

2238 2363 2374 2420 Eum
2394 2376 2571 2423 autem
2598 2385 2869 2439 peccasse,
2896 2383 2948 2428 et
2968 2373 3302 2431 desertoretn
3337 2378 3459 2432 boni
3482 2379 3670 2445 fuisse,
3689 2382 3830 2436 veri-

2238 2464 2322 2511 tas
2366 2458 2581 2514 clamat.
2632 2460 2748 2516 Non
2790 2479 2920 2533 ergo
2960 2463 3145 2520 habuit
3197 2467 3250 2523 in
3295 2468 3387 2522 illo
3412 2470 3553 2524 bono
3585 2487 3831 2541 perseve-

2236 2551 2464 2604 rantiam
2514 2567 2528 2606 :
2582 2561 2638 2608 et
2683 2554 2730 2609 si
2781 2571 2887 2611 non
2933 2556 3155 2623 habuit,
3208 2574 3314 2616 nan
3365 2561 3549 2634 utique
3597 2567 3825 2636 accepit.

2235 2639 2515 2709 Quomodo
2538 2646 2684 2705 enim
2709 2659 2765 2705 et
2791 2651 3086 2721 accepisset
3118 2656 3570 2723 perseverantiam
3588 2698 3603 2723 ,
3630 2668 3686 2714 et
3720 2674 3829 2715 non

2235 2738 2679 2805 perseverasset?
2729 2740 2917 2805 Porro,
2945 2742 2990 2798 si
3020 2755 3300 2814 propterea
3333 2762 3438 2802 non
3468 2740 3673 2816 habuit,
3701 2750 3826 2821 quia

2235 2841 2342 2882 non
2372 2830 2610 2900 accepit;
2634 2832 2759 2903 quid
2783 2833 2897 2902 ipse
2916 2849 3022 2891 non
3045 2838 3437 2905 perseverando
3462 2843 3719 2910 peccavit,
3737 2842 3827 2913 qui

2234 2924 2687 2989 perseverantiam
2720 2940 2826 2980 non
2855 2927 3096 2996 accepit?
3116 2926 3300 3000 Neque
3328 2933 3470 2986 enim
3497 2933 3599 2988 dici
3628 2944 3827 3003 potest,

2234 3009 2360 3066 ideo
2383 3028 2488 3068 non
2515 3017 2811 3084 accepisse,
2841 3019 2962 3088 quia
3006 3036 3111 3075 non
3148 3033 3232 3076 est
3261 3022 3527 3079 discretus
3566 3041 3598 3080 ει
3652 3041 3826 3082 massa

2233 3104 2548 3176 perditionis
2573 3101 2759 3177 gratim
2791 3111 3053 3181 largitate.
3083 3111 3330 3173 Nondum
3360 3118 3558 3187 quippe
3592 3129 3709 3173 erat
3738 3120 3826 3176 illa

2230 3197 2285 3254 in
2314 3214 2515 3270 genere
2556 3199 2795 3261 humano
2826 3204 3142 3273 perditionis
3171 3221 3345 3262 massa
3375 3220 3663 3282 antequam
3699 3227 3825 3285 pec-

2230 3298 2429 3355 casset,
2458 3305 2521 3345 ex
2553 3307 2661 3362 quo
2684 3300 2850 3348 tracta
2881 3305 2965 3350 est
2989 3296 3142 3368 origo
3172 3298 3377 3353 vitiata.
3414 3318 3436 3352 ι

2301 3400 2392 3456 27.
2434 3402 2772 3474 Quapropter
2800 3402 3155 3463 saluberrime
3179 3410 3518 3475 conﬁtemur,
3559 3410 3703 3482 quod
3734 3427 3821 3469 re-

2230 3491 2472 3551 ctissime
2517 3496 2808 3561 credimus,
2857 3497 3027 3555 Deum
3072 3498 3462 3571 Dominumth
3498 3518 3677 3559 rerum
3702 3519 3824 3560 om-

2230 3583 2399 3649 nium,
2449 3584 2541 3655 qui
2596 3586 2799 3641 creavit
2843 3588 3024 3643 omnia
3055 3589 3192 3645 bona
3231 3590 3422 3657 valde,
3471 3602 3526 3648 et
3571 3594 3712 3649 mala
3746 3609 3819 3651 ex

2228 3674 2388 3731 bonis
2434 3677 2703 3732 exoritura
2746 3693 2870 3734 esse
2923 3681 3212 3761 praescivit,
3262 3692 3318 3737 et
3358 3683 3516 3739 scivit
3557 3686 3726 3757 magis
3755 3685 3823 3741 ad

2228 3783 2382 3824 suam
2408 3771 2981 3841 omnipotentissimam
3012 3773 3305 3832 bonitatem
3334 3776 3624 3846 pertinere,
3655 3779 3818 3835 etiam

2202 3861 2298 3919 .dc
2326 3864 2482 3918 malis
2509 3864 2646 3921 bene
2676 3863 2855 3922 facere
2881 3868 2903 3900 ³
2922 3908 2938 3933 ,
2967 3882 3131 3938 quant
3170 3869 3308 3924 tnala
3336 3885 3459 3927 esse
3491 3886 3597 3926 non
3619 3872 3819 3938 sinere,

2227 3953 2306 4009 sic
2324 3953 2603 4012 ordinasse
2630 3957 2960 4028 Angelorum
2983 3969 3038 4015 et
3062 3958 3340 4016 hominum
3377 3962 3565 4026 vitam.
3591 3972 3647 4018 ut
3674 3964 3727 4019 in
3756 3979 3821 4022 ea

2227 4043 2378 4116 prius
2400 4047 2706 4104 ostenderet
2721 4048 2848 4119 quid
2867 4060 3245 4121 posseteorum
3266 4053 3490 4108 liberum
3511 4054 3814 4120 arbitrium,

2227 4135 2421 4194 deinde
2445 4138 2572 4211 quid
2592 4150 2773 4212 posset
2796 4156 2910 4197 aute
2933 4143 3118 4214 gratiae
3142 4143 3461 4207 beneﬁcium
3483 4146 3817 4223 justitiaaque

2223 4229 2503 4300 judicium.
2552 4233 2792 4304 Denique
2829 4234 3004 4306 angeli
3033 4234 3281 4305 quidam.
3313 4252 3542 4308 quorum
3572 4239 3853 4309 princeps.

2226 4330 2308 4376 est
2332 4321 2643 4392 quidicitur
2657 4322 2928 4393 diabolus,
2955 4340 3049 4396 per
3070 4325 3297 4382 liberum
3334 4327 3619 4384 arbitrium
3648 4343 3680 4384 a
3709 4329 3820 4385 Do-

2226 4414 2375 4468 mino
2400 4414 2509 4469 Deo
2545 4413 2745 4486 refuga:
2784 4414 2909 4471 facti
2949 4426 3093 4473 sunt.
3116 4417 3466 4489 Itefugientes
3492 4427 3670 4475 tamen
3696 4420 3815 4488 ejus

2227 4508 2541 4575 bonitatem,
2584 4523 2689 4579 qua
2741 4508 2881 4567 beati
2920 4507 3160 4577 fuerunt,
3210 4526 3318 4566 non
3365 4520 3658 4583 potuerunt
3701 4513 3820 4582 ejus

2226 4597 2461 4669 eii'ugere
2496 4598 2779 4669 judicium,
2816 4615 2914 4670 per
2959 4600 3104 4670 quod
3145 4602 3431 4657 miserrimi
3471 4602 3646 4658 effecti
3674 4612 3816 4658 sunt.

2227 4690 2416 4746 Carleri
2448 4700 2625 4746 autem
2651 4706 2747 4761 per
2766 4691 2942 4761 ipsum
2966 4691 3191 4747 liberum
3219 4694 3496 4748 arbitrium
3521 4694 3573 4748 in
3592 4695 3821 4750 veritate

2227 4788 2512 4847 steterunt,
2543 4796 2773 4852 eamque
2796 4781 2866 4837 de
2889 4796 2992 4837 suo
3034 4798 3161 4837 casu
3192 4799 3461 4853 nunquam
3500 4784 3683 4840 futuro
3703 4799 3819 4839 cer-

2227 4871 2490 4926 tissimam
2515 4871 2654 4928 scire
2680 4882 3009 4928 meruerunt.
3043 4872 3100 4929 Si
3127 4875 3273 4933 enim
3306 4891 3404 4933 nos
3432 4875 3501 4932 de
3529 4875 3821 4946 Scripturis

2225 4963 2426 5016 sanctis
2459 4976 2621 5017 nosse
2655 4964 2928 5035 potuimus
2957 4973 3178 5019 sanctos
3218 4965 3454 5035 Angelos
3477 4965 3589 5035 iatn
3638 4965 3820 5025 nullos

2227 5070 2347 5111 esse
2366 5070 2612 5119 casuros;
2644 5064 2845 5125 quanto
2875 5057 3043 5125 magis
3075 5057 3176 5114 hoc
3200 5057 3301 5127 ipsi
3334 5058 3561 5115 revelata
3588 5058 3695 5123 sibi
3724 5074 3788 5114 stt
3806 5088 3820 5097 -

2226 5147 2442 5202 blimius
2470 5147 2694 5203 veritate
2720 5148 3025 5207 noverunt?
3048 5148 3215 5207 Nobis
3256 5150 3456 5219 quippe
3492 5149 3650 5206 beata
3698 5150 3816 5205 sine

2228 5238 2333 5295 line
2356 5240 2461 5293 vita
2498 5238 2764 5310 promissa
2790 5248 2907 5306 est,
2934 5250 2991 5303 et
3029 5241 3302 5311 inqualitas
3340 5241 3668 5311 Angelorum
3699 5258 3712 5294 :
3742 5256 3810 5297 ex

2225 5345 2329 5401 qua
2370 5329 2727 5398 promissione
2777 5329 2912 5385 certi
2950 5345 3157 5395 sumus,
3196 5345 3318 5393 cum
3358 5331 3424 5393 ad
3464 5332 3611 5397 illam
3653 5331 3815 5385 vitam

2226 5432 2345 5494 post
2374 5420 2629 5492 judicium
2655 5421 2982 5488 venerimus,
2998 5438 3102 5478 non
3128 5421 3250 5477 inde
3268 5438 3368 5477 nos
3386 5438 3510 5478 esse
3526 5422 3770 5493 lapsuros
3793 5437 3810 5480 :

2288 5643 2302 5673 ¹
2342 5648 2452 5713 Am.‘
2466 5645 2539 5713 ξος.
2564 5652 2623 5690 ac
2660 5637 2885 5705 plerique
2926 5647 3056 5709 διεδ..
3086 5638 3171 5693 cui
3200 5646 3360 5692 tamet!
3380 5638 3709 5701 amorim
3734 5639 3818 5692 Dei

2222 5701 2400 5754 donum
2421 5701 2528 5764 fuit.
2663 5701 2670 5702 “
2801 5701 2816 5705 ⁷
2994 5704 2997 5709 ⁴

2286 5774 2303 5801 ι
2340 5766 2505 5816 l‘lures
2527 5770 2652 5822 λιες..
2678 5761 2799 5823 bona
2818 5764 2997 5823 facere.
