4122 6510
300 402 403 456 935

300 516 442 590 quod
470 516 514 571 si
539 511 607 569 de
635 527 692 568 se
715 510 842 582 ipsis
872 506 1056 579 Angeti
1081 505 1346 568 nesciunt,
1375 519 1479 559 non
1507 504 1762 576 mquales,
1795 502 1890 558 sed

302 613 572 665 beatiores
600 609 820 662 erimus.
858 604 1068 659 Veritas
1092 611 1271 656 autem
1301 601 1452 654 uobis
1474 615 1658 654 eorum
1693 598 1896 668 promi-

302 703 750 772 sita-qualitatem
781 699 798 769 (
832 696 1016 751 tlluttlt.
1049 711 1185 760 χχιι,
1215 693 1282 749 50
1313 691 1351 764 ).
1377 691 1591 748 Certum
1624 704 1704 746 est
1736 692 1894 760 igitur

303 795 405 852 hoe
431 810 526 849 eos
558 809 718 848 nosse
746 807 839 861 per
865 791 1120 858 Speciem,
1151 787 1290 856 quod
1320 802 1416 839 nos
1444 801 1540 855 per
1569 784 1750 851 tidem,
1779 782 1897 836 uul-

305 891 407 945 lam
437 889 639 943 scilicet
673 889 881 943 ruinam
920 883 1232 952 cujusquam
1277 881 1442 935 Sancti
1479 879 1650 942 angeli
1677 872 1785 946 jam
1816 874 1898 930 fu-

305 995 498 1038 Ittrant.
530 980 778 1033 Diabolus
803 992 931 1028 Vero
960 986 1009 1028 et
1041 973 1211 1042 angeli
1245 973 1383 1037 ejus,
1417 971 1515 1025 etsi
1555 969 1694 1023 beati
1742 975 1926 1021 erant'

303 1085 589 1139 antequam
633 1069 906 1123 caderent.
931 1073 985 1119 et
1013 1079 1070 1117 se.
1117 1063 1165 1114 in
1212 1062 1480 1114 misrriam
1521 1073 1740 1112 casuros
1775 1071 1896 1110 esse

305 1165 638 1224 ιιιξποιυιςτιιιι,
664 1171 779 1215 erat
812 1169 987 1212 tamen
1020 1157 1196 1208 adhuc
1221 1152 1359 1217 quod
1391 1168 1576 1207 eorum
1608 1151 1898 1204 adderetur

307 1254 640 1312 beatitudini,
670 1252 712 1305 si
745 1265 840 1321 per
886 1249 1107 1301 liberum
1135 1245 1413 1298 arbitrium
1455 1243 1505 1293 in
1535 1251 1758 1295 veritate
1786 1251 1898 1294 ste-

306 1348 496 1401 tissent
527 1387 542 1408 ,
593 1344 623 1397 d
666 1358 763 1396 ιιι-(ε
804 1341 957 1395 iSIatn
1008 1353 1231 1390 summa.-
1285 1333 1624 1388 bvatitudinis
1669 1333 1899 1401 plenitu-

305 1439 506 1500 dinem,
537 1446 789 1498 tanquam
828 1430 1103 1500 prauuiuut
1137 1427 1303 1493 ipsius
1342 1425 1730 1496 pertnausiOnis
1757 1421 1898 1476 acci-

309 1538 519 1597 perent.
551 1527 598 1578 id
625 1535 727 1586 est,
755 1532 808 1576 ιιι
854 1537 1040 1591 tu:-gna
1091 1535 1184 1588 per
1225 1519 1478 1588 Spiritum
1509 1524 1750 1569 sanctum
1778 1513 1901 1568 data

301 1618 626 1673 abundantia
655 1614 929 1668 charitatis
955 1612 1069 1673 Dei,
1094 1611 1284 1662 cadere
1307 1607 1530 1662 ulterius
1551 1607 1772 1659 omnino
1797 1620 1902 1658 non

310 1722 550 1780 possunt.
576 1717 629 1761 et
667 1707 765 1760 huc
790 1678 857 1759 de
880 1720 938 1758 se
958 1703 1256 1758 CCI‘lissittte
1285 1709 1524 1754 no~seot.
1554 1698 1699 1752 llztttc
1729 1697 1901 1766 pleni-

309 1801 548 1854 tudinem
581 1796 926 1852 betitudinis
951 1811 1054 1846 nun
1090 1793 1355 1844 habebant
1389 1791 1516 1842 :sed
1547 1791 1669 1858 quia
1701 1787 1906 1842 nescie-

309 1897 437 1946 haut
478 1909 627 1945 suam
681 1890 910 1943 futuram
960 1885 1252 1947 miseriam,
1300 1884 1508 1936 minore
1546 1881 1783 1951 quidem,
1809 1879 1900 1934 sed

314 1994 492 2039 tamen
540 1980 870 2036 beatitudine
895 1980 1009 2030 sine
1037 1977 1143 2029 ullo
1179 1975 1306 2028 vitio
1335 1973 1664 2028 fruebantur.
1695 1971 1825 2026 Nam
1857 1970 1904 2026 si

309 2093 464 2131 suum
484 2092 668 2127 casum
685 2072 916 2127 futurum
938 2080 1156 2124 nossent
1178 2079 1544 2135 tl‘lCl'tttlttttltle
1561 2067 1901 2135 supplicium,

309 2169 448 2234 beati
476 2169 656 2232 utique
688 2179 806 2220 esse
833 2180 934 2216 non
966 2171 1203 2232 possent,
1246 2175 1381 2229 quos
1421 2158 1578 2227 hujus
1606 2159 1736 2213 tanti
1777 2157 1903 2212 mali

308 2267 481 2314 luctus
497 2258 605 2326 jam
636 2267 760 2310 tunc
793 2255 1015 2308 mi~erus
1040 2267 1159 2306 esse
1189 2251 1557 2320 compelleret.

379 2352 471 2405 9.8.
513 2351 603 2404 Sic
645 2360 698 2400 et
751 2346 1018 2400 hominem
1062 2345 1184 2397 fecit
1209 2360 1330 2396 cum
1365 2341 1531 2396 libero
1561 2339 1803 2407 arbitrio,
1851 2348 1907 2394 et

309 2459 495 2514 quaun
512 2442 556 2495 is
577 2441 655 2492 sui
685 2439 843 2493 futuri
863 2453 1019 2490 casus
1047 2438 1309 2505 ignarum,
1335 2445 1508 2488 tamen
1532 2433 1651 2487 ideo
1671 2433 1902 2496 beatum,

310 2535 433 2603 quia
463 2543 510 2584 et
538 2549 641 2583 nou
675 2530 806 2582 mori
826 2539 879 2583 et
909 2531 1160 2581 miserum
1191 2542 1293 2578 nou
1315 2525 1428 2578 ﬁeri
1454 2525 1503 2578 in
1527 2539 1619 2577 sua
1647 2533 1907 2592 potestate

310 2639 430 2678 csse
461 2621 742 2676 sentiebd.
778 2621 830 2674 Ιιι
859 2635 964 2688 quo
994 2629 1133 2672 statu
1157 2626 1303 2670 recto
1327 2632 1389 2668 ac
1411 2617 1525 2670 sine
1553 2614 1702 2681 vitio,
1733 2614 1776 2669 si
1815 2629 1909 2682 per

312 2715 486 2783 ipsmn
520 2714 743 2766 liberum
787 2710 1063 2764 arbitrium
1098 2724 1315 2761 manere
1357 2706 1637 2770 voluisset,
1669 2704 1907 2775 profecto

310 2805 428 2858 sine
457 2804 564 2858 ullo
594 2802 781 2856 mortis
812 2813 865 2853 (οι
887 2799 1211 2853 infelicitatis
1231 2800 1617 2866 experimento,
1642 2795 1908 2866 acciperet

312 2898 480 2960 illam,
517 2895 706 2948 tut-ritu
735 2891 922 2961 hujusl
950 2889 1374 2959 permansionis,
1408 2886 1750 2942 beatitudinis
1791 2887 1905 2958 plc—

313 2989 632 3046 ltllt;tlitt0ttt.
661 3001 763 3056 qua
793 2995 847 3039 et
890 2982 1057 3036 sancti
1092 2979 1275 3050 Angeli
1303 2987 1427 3033 sunt
1453 2979 1613 3043 beati,
1645 2978 1697 3032 id
1725 2987 1828 3045 est,
1852 2984 1910 3032 ut

312 3081 509 3136 cadere
537 3096 639 3131 non
693 3086 870 3146 posset
911 3075 1152 3137 ulterius,
1185 3084 1238 3128 et
1268 3073 1371 3127 hoc
1396 3073 1694 3126 certissime
1723 3071 1905 3124 sciret.

311 3172 446 3227 Nam
480 3187 651 3239 neque
682 3169 793 3238 ipse
821 3177 1001 3236 posset
1023 3168 1183 3219 etiam
1213 3165 1264 3217 in
1291 3165 1534 3234 paradiso
1555 3164 1741 3218 beatus
1767 3178 1906 3229 esse,

317 3265 424 3319 imo
455 3264 523 3316 ibi
552 3277 654 3316 non
684 3261 861 3314 esset'
883 3301 898 3324 ,
932 3259 1018 3312 ubi
1045 3273 1164 3312 esse
1187 3256 1437 3310 miserum
1466 3272 1571 3309 non
1596 3255 1831 3320 deceret,
1863 3255 1910 3309 si

314 3371 438 3410 eum
487 3354 564 3408 sui
604 3367 762 3407 casus
794 3350 1125 3421 pra-scientia
1171 3351 1361 3402 timore
1384 3347 1404 3380 ³
1437 3350 1565 3402 tanti
1595 3347 1718 3401 mali
1745 3348 1909 3401 mise-

316 3464 435 3502 rum
466 3447 683 3501 faceret.
709 3443 842 3510 Quia
888 3458 1017 3497 vero
1063 3458 1158 3512 per
1187 3441 1407 3495 liberum
1436 3439 1714 3495 arbitrium
1742 3439 1910 3493 Deum

313 3539 574 3596 deseruit,
604 3534 1083 3606 justumjtnlicimn
1133 3531 1222 3585 Dei
1267 3542 1521 3600 expertus
1558 3540 1660 3596 est,
1705 3538 1908 3585 utcum

316 3639 429 3684 tota
455 3645 546 3681 sua
570 3628 757 3696 stirpe,
788 3642 906 3693 qua:
939 3625 990 3678 in
1020 3623 1112 3677 illo
1137 3623 1312 3676 adhuc
1340 3623 1506 3692 posita
1533 3630 1640 3676 tota
1671 3636 1791 3676 cum
1822 3620 1913 3676 illo

320 3730 653 3793 peccaverat,
679 3721 1042 3774 damnaretur.
1076 3715 1349 3785 Quotquot
1369 3715 1508 3768 enim
1533 3731 1597 3769 ex
1630 3716 1729 3768 hac
1747 3714 1914 3784 stirpe

321 3816 488 3886 gratia
519 3814 608 3868 Dei
644 3807 1365 3891 liberantur,adamuatione
1393 3807 1574 3876 utique
1600 3805 1910 3870 liberantur,

321 3925 426 3979 qua
451 3908 561 3978 jam
592 3916 841 3960 tenentur
865 3903 1130 3960 obstricti.
1160 3900 1312 3957 Unde
1341 3901 1550 3956 etiamsi
1581 3901 1755 3955 nullus
1783 3899 1915 3953 Iibe-

323 4012 554 4063 raretur,
577 3998 781 4069 justum
815 3997 907 4050 Dei
949 3995 1208 4064 judicium
1256 4008 1413 4047 nemo
1438 3993 1583 4063 juste
1625 3991 1916 4062 reprehen-

322 4092 494 4146 deret.
522 4089 674 4158 Quod
700 4103 828 4158 crgo
849 4088 1000 4157 pauci
1030 4085 1082 4139 in
1106 4085 1509 4154 comparatione
1538 4083 1872 4152 pereuntium
1893 4121 1911 4145 ,

323 4185 377 4239 in
396 4200 494 4238 suo
525 4197 654 4238 vero
677 4194 900 4235 aumero
931 4179 1077 4232 nmlti
1108 4178 1421 4242 liberantur,
1446 4177 1612 4246 gratia
1641 4174 1717 4240 lit,
1749 4174 1916 4245 gratis

326 4276 406 4340 ﬁt,
438 4273 622 4344 gratia:
643 4280 769 4327 sunt
791 4270 1011 4341 agenda:
1037 4270 1160 4339 quia
1189 4269 1266 4333 lit,
1292 4283 1360 4322 ne
1393 4268 1512 4338 quis
1534 4268 1680 4322 velut
1706 4265 1774 4322 de
1803 4267 1916 4322 suis

326 4367 534 4424 meritis
563 4365 867 4428 extollatur,
889 4361 982 4418 scd
1007 4377 1169 4417 omne
1188 4375 1250 4416 os
1269 4361 1577 4415 obstruatur
1599 4358 1618 4433 (
1640 4357 1791 4414 Rom.
1835 4375 1911 4424 ιιι,

330 4463 454 4532 19),
486 4471 538 4516 et
564 4461 652 4529 qui
680 4459 960 4528 gloriatur,
995 4455 1046 4509 iu
1078 4455 1304 4509 Domino
1329 4453 1605 4523 glorietur.

397 4550 628 4608 CAPUT
660 4550 749 4605 XI.
774 4547 959 4604 —29.
994 4546 1129 4613 Quid
1168 4544 1342 4616 ergo?
1378 4545 1546 4600 Adam
1592 4560 1696 4600 non
1737 4543 1921 4600 habuit

330 4645 420 4700 Dei
449 4641 714 4716 gratiam?
737 4643 846 4696 hno
868 4656 995 4695 vero
1017 4639 1198 4693 habuit
1222 4653 1486 4708 magnam,
1506 4637 1599 4692 sed
1629 4637 1914 4708 diSparem.

331 4739 422 4793 llle
441 4737 493 4792 in
525 4735 680 4791 bonis
707 4744 843 4796 erat,
873 4748 992 4801 qum
1017 4731 1087 4786 de
1128 4731 1366 4784 bonitate
1391 4729 1472 4784 sui
1503 4729 1808 4784 Conditoris
1833 4743 1922 4784 ae-

330 4837 594 4901 ceperat:
629 4842 800 4896 neque
839 4825 980 4880 enim
1030 4839 1092 4878 ea
1147 4823 1285 4877 bona
1334 4831 1389 4877 et
1438 4822 1530 4877 ille
1566 4823 1677 4878 suis
1717 4823 1920 4877 meritis

332 4930 756 4993 comparaverat,
805 4919 857 4972 in
904 4917 1095 4986 quibus
1135 4929 1354 4985 prorsus
1383 4915 1584 4968 nullum
1622 4915 1922 4984 patiebatur

331 5017 552 5070 malum.
580 5011 761 5068 Sancti
787 5025 916 5067 vero
947 5010 998 5064 in
1033 5009 1134 5064 hac
1171 5009 1300 5071 vita,
1333 5007 1399 5061 ad
1440 5021 1573 5076 quos
1598 5007 1828 5077 pertinet
1855 5007 1921 5061 li-

332 5104 628 5162 herationis
654 5103 771 5158 haec
813 5102 1005 5172 gratia,
1045 5101 1096 5154 in
1127 5099 1284 5153 malis
1323 5107 1466 5160 sunt,
1495 5114 1561 5152 ex
1597 5099 1789 5167 quibus
1813 5097 1924 5152 cla-

334 5207 482 5254 mant
511 5195 576 5250 ad
607 5195 792 5255 Deum,
825 5192 1009 5247 Libera
1039 5208 1130 5246 nos
1155 5208 1186 5244 a
1216 5191 1350 5245 malo
1397 5191 1414 5260 (
1451 5189 1638 5244 Matth.
1667 5205 1718 5244 νι
1737 5230 1754 5256 ,
1783 5190 1851 5246 13
1877 5191 1920 5261 ).

334 5290 428 5345 Ille
470 5290 524 5343 in
569 5287 674 5342 illis
703 5285 860 5340 bonis
888 5283 1086 5340 Christi
1134 5291 1306 5338 morte
1344 5297 1452 5337 non
1492 5281 1637 5351 eguit
1673 5299 1687 5336 :
1720 5281 1851 5334 istos
1879 5295 1921 5335 -a

335 5390 484 5435 reatu
511 5388 566 5434 et
613 5375 956 5432 hazrcditario
1008 5382 1064 5430 et
1093 5373 1328 5444 proprio,
1371 5373 1509 5427 illius
1541 5373 1677 5443 Agni
1709 5371 1923 5443 sanguis

334 5475 581 5532 absolvit.
622 5473 718 5528 ille
756 5486 863 5526 non
905 5485 1040 5539 opus
1070 5468 1299 5525 habebat
1347 5483 1412 5523 eo
1450 5466 1736 5546 adjutorio,
1783 5465 1923 5536 quod

337 5568 623 5637 implorant
669 5562 758 5618 isti
809 5577 932 5617 cum
989 5560 1213 5616 dicunt:
1252 5557 1410 5614 Video
1460 5559 1614 5612 aliam
1666 5558 1824 5628 legem
1871 5555 1922 5611 in

411 5731 425 5760 '
454 5750 527 5792 sic
547 5747 653 5789 Mss.
678 5737 815 5793 Etlitl,
838 5733 1124 5798 Imjusmotti.

407 5803 426 5831 ²
456 5799 773 5868 raticani‘duo
795 5806 1064 5868 lissam-se.

400 5873 419 5902 ³
455 5861 674 5915 ttonnttlli
705 5868 832 5914 llas"
855 5865 900 5910 et
919 5861 1060 5910 ωηατ

1739 387 1940 444 LIBER
1982 386 2176 444 UNUS.

3491 405 3595 459 9η

2003 505 2234 559 membris
2267 506 2410 573 meis,
2441 517 2803 576 repugnantem
2828 509 2925 579 (egi
2953 510 3131 564 mentis
3172 529 3313 572 mea.
3344 522 3392 568 et
3420 518 3593 580 capti-

2001 610 2198 651 vantem
2221 615 2297 650 me
2325 599 2375 650 in
2398 599 2502 669 lege
2525 601 2732 668 peccati,
2759 617 2872 668 quae
2889 613 2958 657 est
2984 603 3035 656 in
3061 607 3296 660 membris
3323 609 3465 662 meis.
3493 608 3520 662 Ι
3529 628 3592 663 ιι-

2002 688 2130 757 felix
2148 704 2238 758 ego
2260 691 2430 753 homo,
2453 690 2564 759 quis
2603 707 2680 744 me
2709 691 2936 745 liberabit
2962 695 3026 748 de
3050 711 3262 766 corpore
3291 699 3467 753 mortis
3497 700 3596 754 Itu-

1992 779 2081 849 jus
2100 778 2125 831 Ζ)
2147 777 2323 832 Gratia
2353 779 2447 833 Dei
2475 798 2564 848 per
2591 780 2621 834 J
2630 799 2766 834 esum
2793 782 3045 838 Christum
3072 786 3341 841 Dominum
3370 802 3595 845 nostrum

2003 871 2020 938 (
2056 869 2202 924 Rom.
2221 887 2328 947 _vtt.
2358 872 2524 928 ‘35-‘25
2556 876 2593 941 ).
2619 874 2880 942 Quoniam
2918 878 2968 930 iu
2995 878 3074 932 eis
3112 895 3238 934 caro
3264 884 3595 948 conettpiscit

2003 961 2257 1014 adversus
2279 966 2543 1032 spzrilum,
2569 977 2615 1018 et
2644 967 2858 1033 spiritus
2879 968 3138 1023 adversus
3154 988 3369 1026 carnem
3393 971 3595 1043 (Galnt.

2004 1067 2057 1112 v,
2089 1053 2202 1119 ii),
2235 1065 2394 1122 atque
2424 1054 2472 1106 iu
2504 1054 2591 1108 tali
2622 1058 2918 1112 certamine
2961 1059 3266 1114 laborantes
3296 1079 3358 1118 ac
3387 1065 3595 1132 pericli-

1952 1216 1954 1219 ν
2006 1155 2177 1199 tzmtes
2203 1146 2316 1199 dari
2361 1147 2460 1200 sibi
2503 1150 2768 1219 pugnandi
2816 1152 3170 1222 vincendique
3214 1155 3461 1210 virtutem
3503 1172 3601 1226 per

2004 1235 2202 1290 Christi
2233 1239 2454 1306 gratiam
2486 1251 2728 1308 poscunt.
2764 1242 2856 1296 Ille
2893 1259 3022 1298 vero
3068 1245 3210 1298 nulla
3241 1248 3328 1300 tali
3373 1246 3484 1302 rixa
3529 1249 3597 1303 de

2007 1344 2064 1383 se
2091 1331 2205 1398 ipso
2231 1331 2245 1361 ⁸
2277 1331 2532 1386 adversus
2557 1349 2616 1388 se
2647 1335 2816 1406 ipsum
2856 1346 3085 1390 tentatus
3126 1350 3285 1407 atque
3333 1341 3596 1402 turbatus.

2007 1422 2060 1476 in
2085 1422 2174 1475 illo
2199 1424 2543 1478 beatitudinis
2570 1425 2687 1480 IoCo
2713 1442 2805 1481 sua
2829 1443 3009 1482 secum
3043 1445 3172 1501 pace
3202 1431 3495 1486 fruebatur.

2079 1514 2168 1568 50.
2213 1513 2444 1568 Proinde
2476 1517 2573 1570 etsi
2603 1533 2707 1570 non
2733 1518 2942 1571 interim
2967 1520 3169 1575 lzetiore
3188 1539 3362 1586 nunc;
3388 1539 3602 1578 verum-

2009 1614 2187 1660 tamen
2221 1608 2521 1676 potentiore
2555 1611 2722 1678 gratia
2757 1611 2993 1679 indigent
3033 1612 3116 1666 isti
3148 1622 3236 1668 :et
3265 1631 3383 1682 qum
3412 1627 3602 1683 potrn-

2011 1699 2116 1752 tior
2158 1715 2316 1770 quam
2379 1700 2470 1754 Dei
2519 1702 2821 1768 unigenitus
2868 1702 3054 1767 Filius,
3101 1707 3318 1774 requalis
3363 1707 3506 1761 Patri
3547 1718 3602 1762 et

2007 1801 2330 1852 eoa-ternos,
2359 1807 2456 1859 pro
2481 1793 2558 1848 eis
2589 1791 2748 1848 homo
2781 1793 2966 1856 factus,
2988 1806 3040 1850 et
3065 1796 3180 1850 sine
3209 1813 3308 1852 suo
3337 1799 3357 1830 ³
3389 1799 3496 1852 ullo
3516 1799 3602 1856 vel

2008 1883 2253 1951 originali
2283 1885 2358 1938 rel
2392 1888 2608 1954 proprio
2636 1899 2854 1956 peccato
2884 1889 2951 1943 ab
2974 1890 3280 1944 hominibus
3308 1895 3602 1960 peccatori-

2009 1974 2108 2029 bus
2146 1975 2465 2032 crucifixus?
2513 1977 2611 2046 Qui
2665 1980 2907 2048 quamvis
2955 1981 3041 2034 die
3089 1981 3247 2035 tertio
3283 1984 3595 2042 resurrexit.

2010 2081 2279 2131 nunquam
2307 2070 2596 2123 moriturus
2621 2071 2873 2135 ulterius;
2907 2073 3118 2140 pertulit
3143 2083 3317 2127 tamen
3339 2091 3432 2142 pro
3455 2090 3601 2129 mor-

2011 2158 2200 2210 talibus
2232 2170 2459 2214 mortem
2481 2201 2494 2223 ,
2525 2161 2614 2231 qui
2647 2163 2872 2217 mortuis
2903 2164 3146 2232 pra-stitit
3187 2166 3369 2227 vitam,
3419 2177 3476 2220 ut
3515 2183 3600 2220 re-

2009 2249 2209 2320 dempti
2239 2252 2355 2319 ejus
2389 2253 2669 2323 sanguinc,
2715 2263 2863 2309 tanto
2888 2271 2951 2310 ac
2984 2256 3073 2311 tali
3122 2257 3340 2326 pignore
3378 2270 3599 2326 accepto

2010 2342 2292 2398 dicerent:
2325 2345 2386 2399 Si
2437 2346 2572 2400 Deus
2617 2364 2708 2416 pro
2743 2349 2906 2412 nobis,
2948 2350 3061 2420 quis
3110 2360 3284 2404 contra
3329 2352 3461 2405 nos?
3501 2351 3602 2416 Qui

2011 2431 2153 2486 Filio
2183 2451 2274 2488 suo
2307 2437 2514 2504 proprio
2540 2455 2640 2490 non
2672 2440 2892 2508 pepercit
2912 2481 2926 2501 ,
2958 2441 3048 2494 sed
3083 2459 3174 2509 pro
3201 2443 3342 2496 nobis
3371 2443 3604 2500 omnibus

2011 2523 2220 2576 tradidit
2240 2541 2377 2590 eum,
2401 2527 2650 2596 quomodo
2679 2546 2779 2581 non
2807 2539 2852 2583 et
2879 2547 2992 2583 cum
3017 2530 3107 2583 illo
3132 2533 3304 2585 omnia
3329 2534 3470 2586 nobis
3497 2534 3596 2588 do-

2013 2616 2148 2668 navit
2177 2625 2193 2686 (
2224 2615 2375 2672 Rom.
2411 2634 2524 2682 vnt,
2571 2620 2662 2685 5t,
2694 2620 2762 2674 5'2
2790 2621 2807 2689 )
2843 2621 2866 2674 ?
2895 2621 3032 2675 Deus
3072 2638 3201 2691 ergo
3234 2635 3474 2679 naturam
3509 2642 3604 2679 no-

2013 2716 2199 2770 stram,
2228 2709 2276 2762 id
2299 2719 2381 2764 est
2409 2710 2640 2764 animam
2674 2713 2986 2766 rationalem
3015 2729 3340 2784 carnemque
3371 2716 3603 2775 hominis

2014 2796 2207 2852 Christi
2240 2798 2261 2830 ³
2305 2802 2561 2869 suscepit,
2601 2804 2945 2870 susceptione
2988 2804 3330 2873 singulariter
3375 2809 3603 2864 mirabili

2015 2890 2099 2944 vel
2128 2889 2442 2946 mirabiliter
2470 2893 2752 2963 singulari,
2792 2905 2847 2948 ut
2875 2897 3001 2949 nulli
3028 2898 3246 2964 justitia:
3270 2914 3380 2954 sua:
3407 2915 3608 2970 pra-ee-

2013 2981 2262 3036 dentibus
2285 2985 2488 3038 meritis
2517 2983 2684 3039 Filius
2715 2986 2804 3040 Dei
2828 2986 2904 3041 sic
2931 2999 3073 3042 esset
3101 2991 3336 3044 abimtio
3361 3008 3465 3061 quo
3487 3010 3609 3049 esse

2016 3072 2178 3126 homo
2205 3074 2476 3143 coepisset,
2508 3085 2563 3130 ut
2584 3077 2695 3144 ipse
2718 3087 2773 3132 ct
2799 3078 3024 3152 \j'erhum
3045 3081 3183 3150 quod
3202 3083 3601 3151 sineinitioest,

2015 3180 2120 3218 una
2151 3180 2376 3235 persona
2415 3176 2578 3222 esset.
2627 3167 2808 3239 Neque
2855 3171 2998 3224 enim
3029 3189 3309 3243 qtt:squaut
3342 3186 3481 3229 tanta
3526 3179 3603 3232 rei

2017 3255 2176 3324 hujus
2204 3266 2259 3310 et
2287 3255 2410 3311 ﬁdei
2437 3274 2612 3314 czt‘cus
2639 3271 2722 3314 est
2748 3261 3069 3328 ignorantia,
3102 3277 3158 3318 ut
3186 3268 3377 3320 audeat
3403 3271 3604 3334 dicere,

2018 3348 2262 3418 quamvis
2286 3348 2351 3401 de
2373 3349 2573 3418 Spiritu
2603 3363 2791 3406 sancto
2814 3361 2868 3406 et
2897 3353 3097 3424 virgine
3118 3355 3283 3410 Maria
3315 3358 3480 3414 lilntm
3507 3361 3607 3415 ho-

2020 3439 2176 3494 minis
2209 3451 2412 3507 natum,
2451 3455 2549 3513 per
2591 3443 2815 3498 liberum
2848 3455 3022 3500 tamen
3053 3448 3331 3503 arbitrium
3366 3454 3502 3507 bene
3533 3455 3612 3508 vi-

2018 3532 2212 3599 vendo,
2239 3542 2294 3588 et
2331 3534 2449 3589 sine
2480 3547 2696 3605 peccato
2721 3539 2858 3593 bona
2885 3556 3046 3609 opera
3079 3543 3319 3599 faciendo
3347 3550 3609 3604 meruisse

2020 3634 2076 3678 ut
2098 3636 2239 3679 esset
2263 3626 2355 3680 Dei
2385 3627 2426 3681 F
2433 3629 2572 3695 ilius,
2591 3631 2874 3686 resistente
2894 3632 3182 3703 Evangelia
3199 3646 3358 3706 atque
3373 3639 3608 3705 dicente,

2033 3715 2246 3772 Verbum
2274 3735 2392 3773 caro
2421 3720 2612 3790 factum
2638 3733 2707 3777 est
2751 3723 2769 3794 (
2798 3724 2954 3779 Joan.
2989 3741 3026 3791 t,
3060 3728 3128 3782 14
3155 3729 3194 3797 ).
3225 3729 3358 3784 Νιιιιι
3392 3733 3479 3785 ubi
3510 3733 3613 3787 hoc

2021 3810 2215 3866 factum
2247 3822 2347 3877 est,
2382 3813 2482 3867 nisi
2525 3814 2576 3868 in
2606 3825 2758 3871 utero
2785 3817 3070 3888 virginali,
3102 3823 3242 3878 unde
3273 3825 3368 3878 fuit
3401 3826 3608 3881 initium

2021 3901 2254 3957 hominis
2297 3904 2536 3959 Christi?
2566 3906 2806 3978 Itemque
2852 3909 3067 3981 Virgine
3109 3915 3447 3984 requirente,
3479 3933 3600 3988 quo-

2021 3994 2181 4049 modo
2209 3996 2362 4051 ﬁeret
2391 3999 2532 4068 quod
2555 3999 2602 4054 ei
2639 4017 2732 4070 per
2757 4003 3005 4073 angelum
3045 4009 3418 4078 nuntiabatur,
3453 4029 3614 4083 ange-

2020 4083 2106 4140 lus
2133 4088 2443 4156 respondit,
2486 4089 2713 4160 Spir-itus
2741 4105 2946 4149 sanctus
2972 4101 3282 4164 superveniet
3323 4102 3376 4156 in
3415 4114 3464 4160 te
3491 4104 3533 4168 ⁸,
3568 4116 3614 4160 ct

2021 4178 2176 4232 virtus
2195 4178 2444 4234 Altissimi
2463 4183 2775 4238 obuntbmbit
2799 4186 2887 4240 tibi
2917 4205 2936 4242 :
2963 4201 3250 4258 prapterea,
3283 4197 3421 4265 quod
3441 4214 3617 4253 nasce-

2002 4279 2106 4327 tur
2125 4287 2186 4326 ea:
2210 4281 2257 4325 te
2282 4270 2552 4342 Sanctum,
2581 4278 2838 4332 vocabitur
2867 4278 3037 4335 Filius
3067 4282 3165 4337 Dei
3191 4284 3210 4355 (
3236 4285 3363 4342 Luc.
3391 4305 3426 4355 ι,
3469 4291 3538 4347 55
3568 4291 3609 4363 ).

2023 4358 2303 4431 PrOpterea
2324 4403 2339 4429 ,
2375 4363 2583 4434 inquit:
2619 4383 2724 4422 non
2770 4383 2988 4440 propter
3013 4388 3200 4442 opera,
3233 4393 3352 4446 qua:
3377 4358 3611 4435 nonduin

2024 4455 2134 4508 nati
2172 4455 2353 4525 utique
2383 4457 2527 4512 nulla
2567 4468 2721 4526 sunt;
2767 4462 2860 4515 sed
2905 4477 3169 4534 propterea
3216 4470 3336 4538 quia
3387 4472 3615 4543 Spiritus

2022 4555 2224 4600 sanctus
2253 4548 2563 4616 superveniet
2592 4550 2644 4604 in
2672 4563 2738 4615 te,
2767 4563 2811 4606 et
2840 4555 2998 4609 uirtus
3023 4557 3268 4614 Altissimi
3300 4562 3615 4620 obumbrabit

2026 4637 2133 4704 tibi,
2165 4637 2300 4707 quod
2325 4648 2558 4693 nascetur
2577 4657 2640 4694 ea:
2664 4651 2712 4695 te
2739 4641 3280 4711 Sanctum,vocabitur
3301 4651 3468 4707 Filius
3497 4655 3613 4709 Dei.

2024 4726 2128 4783 lsta
2163 4729 2413 4783 nativitas
2455 4731 2694 4801 profecto
2730 4736 2958 4802 gratuita
2986 4738 3263 4808 conjunxit
3291 4743 3342 4796 in
3370 4747 3572 4802 unitate
3597 4750 3617 4780 ⁸

2025 4836 2269 4892 personre
2300 4822 2569 4879 hominem
2602 4826 2729 4892 Deo,
2748 4843 2963 4884 carnem
2996 4831 3188 4889 Verbo.
3227 4837 3384 4892 Istam
3419 4844 3611 4897 nativi-

2030 4923 2190 4970 tatem
2221 4915 2358 4969 boua
2391 4932 2552 4985 opera
2584 4930 2763 4974 secuta
2807 4932 2950 4988 sunt,
2990 4939 3095 4979 non
3139 4927 3275 4982 bona
3302 4946 3465 5001 opera
3498 4952 3612 4990 me-

2028 5014 2267 5062 ruerunt.
2292 5007 2474 5077 Neque
2491 5010 2632 5063 enim
2658 5014 3001 5069 metuendum
3023 5028 3158 5084 erat,
3193 5036 3260 5076 ne
3288 5023 3389 5080 isto
3431 5026 3614 5084 inetia-

2031 5098 2123 5154 bili
2164 5100 2322 5154 modo
2354 5101 2409 5155 in
2448 5106 2708 5157 unitatem
2737 5119 2980 5173 persona:
3021 5124 3050 5162 a
3081 5110 3255 5166 Verbo
3289 5115 3399 5171 Deo
3427 5131 3612 5176 natura

2031 5188 2260 5246 humana
2303 5201 2572 5260 suscepta,
2621 5209 2717 5263 per
2760 5195 2985 5252 liberum
3035 5202 3322 5260 voluntatis
3369 5223 3621 5278 peccaret

2031 5279 2331 5348 arbitrium,
2362 5297 2484 5336 cum
2531 5283 2642 5352 ipsa
2669 5288 2936 5356 susceptio
2966 5289 3088 5344 talis
3126 5303 3289 5362 esset,
3326 5307 3383 5352 ut
3428 5312 3617 5356 natura

2031 5371 2266 5428 hominis
2313 5389 2341 5426 a
2397 5374 2510 5430 Deo
2539 5376 2606 5429 ita
2647 5387 2894 5448 suscepta
2920 5421 2936 5448 ,
2971 5383 3172 5438 nullum
3212 5387 3263 5440 in
3311 5405 3368 5444 se
3415 5403 3616 5448 motum

2095 5488 2115 5560 ξ
2146 5487 2218 5560 sic
2241 5487 2552 5560 vetus.oodcx
2577 5490 2901 5560 Corbeiensis.
2927 5501 2984 5545 At
3007 5495 3153 5558 editi,
3176 5503 3209 5541 α
3238 5505 3291 5542 se
3313 5495 3433 5560 ipso.

2095 5549 2116 5580 ²
2147 5549 2247 5605 Πίον
2271 5561 2374 5607 ενοι
2401 5562 2462 5599 ex
2491 5558 2594 5600 Mss.
2621 5553 2941 5604 restituimus.
3140 5549 3152 5558 '
3196 5562 3304 5568 νεακ-

2096 5609 2251 5698 .'..‘..'3:;
2281 5612 3382 5698 {12.3}E33z:f!i"“f3t§:.3£°_'bimembres
3401 5628 3542 5698 ψιτυιι
3560 5644 3620 5698 νςη

2031 5670 2246 5744 “iam”
2281 5671 2424 5749 ¹¹¹¹έ¹ι⁸
2455 5670 2716 5749 “imitus.
2753 5676 2966 5749 ςιινίειίι
3000 5670 3184 5745 quibus
3200 5670 3622 5742 stuariam:

2032 5735 2291 5796 quissimus
2313 5735 2466 5782 codex
2490 5735 2814 5788 mrbeiensis.

2098 5798 2119 5863 ’ἑ
2153 5799 2377 5863 Plerique
2398 5809 2526 5863 Mss,
2550 5803 2700 5856 veniet
2711 5813 2858 5863 super
2876 5810 2919 5854 te

2103 5816 2119 5830 ν
2154 5816 2377 5864 tuerique
2399 5816 2526 5864 mss,
2550 5816 2700 5856 veniet
2711 5816 2858 5863 super
2876 5816 2937 5854 te.

2103 5862 2123 5894 ³
2154 5869 2359 5918 Quatuor
2384 5873 2508 5925 3755.,
2533 5865 2582 5916 in
2605 5867 2845 5916 raritatem.
3115 5883 3138 5896 δ’
