4122 6564
503 353 608 407 965

502 464 661 518 make
704 461 996 519 voluntatis
1040 458 1369 519 admitteret.
1412 459 1516 536 Per
1551 460 1694 516 hunc
1748 459 2092 514 .tlediatorem

505 558 647 614 heus
673 555 908 613 ostendit
936 570 1052 622 eos,
1082 570 1220 628 quos
1236 554 1356 625 ejus
1377 555 1635 625 sanguine
1651 554 1899 617 redemit,
1918 552 2095 609 facere

505 662 566 702 se
592 662 656 701 ex
688 647 844 701 malis
870 646 1124 717 deinceps
1168 646 1220 700 in
1260 656 1521 700 teternunt
1565 645 1755 710 bonos,
1802 659 1962 715 quem
2017 643 2097 699 sic

499 739 759 808 Suscepit,
794 747 853 792 ut
884 753 1152 807 nunquam
1185 745 1329 792 esset
1358 736 1551 802 malus,
1598 752 1696 792 nec
1738 752 1804 791 ex
1834 734 1979 790 malo
2019 733 2096 789 fa-

505 840 625 884 ctus
651 843 867 899 Semper
894 840 1037 885 esset
1063 830 1235 884 bonus
1261 830 1302 885 ί.

577 922 665 976 ⁸51.
709 919 864 976 [stam
896 921 1118 991 gratiam
1151 935 1253 974 non
1296 919 1483 975 habuit
1511 920 1674 976 homo
1719 920 1947 992 primus,
1994 936 2097 991 qua

504 1028 774 1082 nunquam
824 1014 984 1066 vellet
1028 1028 1147 1068 esse
1188 1013 1360 1067 malus
1388 1013 1410 1044 ⁸
1444 1030 1458 1066 :
1491 1013 1585 1067 sed
1631 1030 1760 1068 sane
1805 1013 2011 1076 habuit.
2044 1014 2097 1068 in

502 1121 605 1176 qua
636 1106 680 1159 si
725 1119 1041 1176 permanere
1087 1104 1269 1172 vellet,
1318 1120 1586 1174 nunquam
1637 1106 1810 1159 malus
1839 1116 2000 1168 esset,
2043 1115 2100 1163 et

500 1198 619 1252 sine
662 1209 766 1266 qua
804 1198 965 1251 etiam
996 1210 1118 1251 eum
1164 1196 1332 1251 libero
1376 1196 1598 1250 arbitrio
1639 1196 1812 1251 bonus
1843 1212 2099 1251 essenon

505 1296 708 1359 posset,
748 1285 844 1342 sed
884 1303 1001 1341 eam
1031 1295 1207 1342 tamen
1240 1301 1334 1356 per
1362 1287 1587 1342 liberum
1616 1287 1894 1341 arbitrium
1939 1288 2097 1343 desc-

503 1397 623 1435 rere
655 1388 851 1448 posset.
891 1378 1002 1434 Nec
1054 1380 1224 1447 ipsunt
1267 1393 1393 1449 ergo
1434 1379 1574 1432 Deus
1620 1394 1740 1433 esse
1770 1379 1940 1434 voluit
1982 1380 2100 1435 sine

504 1486 596 1526 sita
621 1471 810 1541 gratia.
843 1485 1001 1541 quam
1031 1469 1249 1539 reliquit
1279 1470 1330 1522 in
1359 1469 1475 1539 ejus
1498 1470 1668 1524 libero
1690 1468 1931 1525 arbitrio.
1958 1470 2101 1539 Quo-

498 1565 647 1619 niam
681 1562 904 1615 liberum
935 1561 1212 1615 arbitrium
1244 1560 1309 1615 ad
1333 1561 1532 1614 nudum
1560 1559 1780 1627 sufficit,
1807 1562 1873 1615 ad
1901 1561 2099 1616 bonum

502 1666 684 1709 autem
728 1669 911 1724 parum
954 1663 1034 1708 est
1066 1653 1108 1718 ³,
1157 1654 1259 1708 nisi
1301 1652 1585 1721 adjuvetur
1631 1654 1699 1707 ab
1746 1654 2099 1724 omnipotenti

509 1747 669 1801 bono.
703 1744 856 1816 Quod
888 1746 1209 1813 adiutorium
1237 1745 1283 1800 si
1312 1745 1474 1799 homo
1505 1746 1593 1800 ille
1625 1761 1718 1814 per
1740 1745 1966 1801 liberum
1995 1763 2100 1801 non

504 1841 828 1897 deseruisset
872 1840 1175 1903 arbitrium,
1218 1853 1433 1908 semper
1460 1848 1603 1894 esset
1634 1816 1806 1893 lienus
1834 1856 1848 1894 :
1882 1838 1974 1893 sed
2005 1838 2102 1893 de-

505 1934 694 1998 seruit,
741 1942 793 1988 et
821 1933 1066 1987 desertus
1092 1942 1194 1986 est.
1236 1931 1367 1985 Tale
1392 1931 1588 2000 quippe
1613 1943 1728 1985 erat
1755 1930 2099 1999 adjatorium,

506 2028 647 2096 quod
689 2026 967 2081 desereret
994 2041 1115 2079 cum
1158 2024 1339 2085 vellet,
1380 2033 1436 2079 et
1465 2026 1515 2077 in
1555 2040 1662 2094 quo
1692 2034 2033 2095 permaneret
2058 2025 2101 2078 si

506 2118 699 2173 vellet:
734 2134 839 2171 non
869 2133 974 2187 quo
1004 2116 1159 2172 fieret
1185 2125 1244 2170 ut
1268 2117 1447 2171 vellet.
1492 2115 1615 2170 lIa-e
1640 2117 1808 2187 prima
1834 2130 1908 2171 est
1935 2117 2105 2187 gratia

509 2226 630 2279 quae
657 2213 778 2264 data
799 2220 881 2263 est
912 2210 1083 2279 primo
1114 2209 1280 2263 Adam
1316 2226 1329 2262 :
1358 2207 1450 2263 sed
1477 2207 1575 2262 hac
1603 2206 1625 2240 ⁸
1654 2210 1922 2278 potentior
1951 2223 2030 2264 ρει
2051 2210 2104 2264 in

509 2302 747 2357 St'CttntIo
769 2301 955 2356 Adam.
989 2300 1159 2354 Prima
1185 2311 1264 2355 est
1288 2300 1429 2354 enim
1447 2315 1550 2368 qua
1570 2298 1627 2353 lit
1656 2309 1710 2354 ut
1737 2300 1922 2354 habeat
1946 2300 2105 2353 homo

511 2394 832 2464 justitiauisi
855 2393 1259 2449 velitzserunda
1286 2394 1543 2464 etguplus
1569 2402 1742 2463 potest
1757 2394 1799 2460 ⁸,
1817 2408 1918 2463 qua
1945 2394 2102 2447 etiam

519 2490 578 2541 lit
599 2500 647 2541 ut
680 2488 825 2545 velit.
855 2495 909 2541 et
936 2497 1137 2539 tantum
1170 2485 1319 2546 velit,
1337 2495 1590 2554 tantoque
1606 2485 1796 2540 ardore
1825 2485 2029 2555 diligat,
2052 2495 2108 2540 ut

516 2582 697 2638 carnis
728 2579 1050 2633 voluntatem
1072 2578 1337 2631 contraria
1354 2578 1818 2647 concupiscentem
1838 2578 2108 2632 voluntate

513 2674 733 2743 spiritus
761 2669 783 2701 ⁸
808 2670 1004 2724 vincat.
1046 2668 1152 2722 Nec
1178 2668 1263 2720 illa
1289 2666 1504 2736 quidem
1535 2684 1695 2739 parva
1720 2678 1856 2730 erat,
1884 2683 1985 2738 qua
2014 2667 2110 2724 de-

516 2772 811 2818 monstrata
840 2771 925 2815 est
953 2762 1111 2815 etiam
1141 2761 1373 2829 potentia
1416 2759 1567 2815 liberi
1596 2760 1822 2822 arbitrii,
1853 2761 2107 2833 quoniam

517 2857 597 2911 sic
626 2853 997 2920 adjuvabatnr,
1044 2861 1101 2905 ut
1145 2851 1263 2905 sine
1308 2851 1409 2905 hoc
1437 2851 1702 2920 adjutorio
1734 2852 1785 2907 in
1832 2853 1973 2908 buuo
2003 2869 2108 2910 non

518 2956 781 3009 maneret,
810 2946 903 3000 sed
927 2945 1029 3001 bec
1053 2944 1376 3014 adjutorium
1399 2943 1442 2997 si
1473 2943 1629 2998 vellet
1657 2943 1952 3001 desereret.
1984 2946 2110 3002 Herc

516 3049 694 3094 autem
719 3046 864 3091 tanto
891 3036 1062 3104 major
1085 3043 1188 3101 est,
1224 3043 1281 3089 ut
1307 3051 1491 3104 parum
1515 3036 1583 3089 sit
1612 3038 1811 3090 homini
1843 3053 1936 3107 per
1962 3038 2106 3092 illam

518 3145 768 3201 reparare
794 3129 1053 3201 perditam
1083 3128 1405 3193 libertatem,
1436 3142 1623 3199 parum
1650 3129 1720 3183 sit
1741 3129 1970 3200 denique
1997 3146 2104 3186 non

521 3238 677 3292 posse
721 3222 837 3278 sine
884 3221 971 3276 illa
1015 3220 1103 3276 vel
1136 3221 1545 3290 apprehendere
1590 3221 1810 3285 bonum,
1855 3222 1937 3278 vel
1988 3239 2109 3293 per-

518 3330 737 3369 manere
788 3314 841 3368 in
892 3314 1034 3368 bono
1086 3314 1129 3367 si
1181 3313 1327 3379 velit,
1385 3314 1486 3368 nisi
1540 3314 1701 3369 etiam
1751 3314 2013 3371 efficiatur
2056 3327 2113 3372 ut

520 3408 665 3462 velit.

595 3499 683 3554 32.
725 3498 876 3553 Tunc
916 3511 1045 3565 ergo
1074 3496 1293 3551 dederat
1322 3496 1525 3551 homini
1559 3496 1698 3553 Dens
1740 3496 1934 3552 bonam
1963 3499 1985 3531 ⁷
2017 3514 2113 3553 vo-

520 3595 814 3655 luntatem;
848 3592 898 3644 in
931 3591 1019 3645 illa
1065 3591 1263 3661 quippe
1293 3606 1415 3643 emn
1447 3587 1647 3645 fecerat
1677 3590 1765 3660 qui
1799 3593 1996 3646 fecerat
2026 3607 2113 3647 re-

521 3695 666 3738 ctum
702 3702 714 3737 :
745 3683 967 3737 dederat
1013 3681 1335 3750 adjutoriutn
1382 3682 1441 3746 ⁸,
1489 3682 1605 3737 sine
1644 3698 1751 3753 quo
1796 3683 1848 3737 in
1900 3699 1961 3739 ea
2009 3701 2113 3740 non

523 3785 701 3846 posset
732 3788 1047 3842 permanere
1089 3772 1134 3826 si
1165 3772 1360 3836 vellet;
1413 3782 1468 3826 ut
1496 3783 1672 3828 autem
1707 3775 1885 3839 vellet,
1920 3777 1971 3829 in
1999 3775 2116 3846 ejus

522 3867 694 3920 libero
743 3864 949 3932 reliquit
1006 3863 1249 3917 arbitrio.
1291 3863 1480 3918 Posset
1530 3880 1659 3935 ergo
1702 3880 2021 3935 permanere
2070 3870 2115 3925 si

523 3958 681 4013 vellet
716 3973 730 4010 :
763 3958 884 4024 quia
926 3970 1031 4010 non
1057 3953 1239 4009 deerat
1270 3955 1590 4024 adjutorium
1623 3972 1716 4025 per
1740 3958 1879 4028 quod
1912 3970 2114 4029 posset,

521 4059 575 4103 et
604 4048 722 4103 sine
758 4062 863 4115 quo
895 4062 998 4099 non
1045 4053 1225 4113 posset
1269 4056 1676 4113 perseveranter
1706 4046 1904 4101 bonum
1935 4058 2118 4105 tenere

523 4139 666 4210 quod
697 4137 871 4191 vellet.
902 4134 1008 4191 Sed
1031 4135 1151 4205 quia
1180 4135 1352 4189 noluit
1379 4150 1711 4204 permanere.
1744 4139 1981 4207 profecto
2002 4139 2117 4207 ejus

523 4232 677 4302 culpa
698 4241 800 4296 ρει,
821 4228 978 4299 cujus
998 4228 1247 4282 meritum
1276 4226 1482 4289 fuisset.
1505 4228 1550 4283 si
1580 4244 1892 4298 permanere
1914 4231 2116 4287 voluis-

526 4335 611 4381 set
641 4342 655 4378 ε
686 4326 825 4379 sicut
852 4324 1092 4377 fecerunt
1120 4321 1305 4392 Angeli
1332 4322 1525 4387 sancti,
1544 4323 1635 4392 qui
1663 4322 1975 4379 cadentibus
2001 4326 2119 4381 aliis

530 4433 627 4488 per
656 4417 881 4470 liberum
911 4413 1210 4476 arbitrium,
1245 4427 1340 4482 per
1383 4413 1521 4467 idem
1575 4414 1797 4468 liberum
1841 4418 2118 4474 arbitrium

527 4516 786 4561 steterunt
812 4505 933 4574 ipsi,
964 4512 1021 4557 et
1048 4503 1201 4574 hujus
1227 4503 1619 4572 perntansinuis
1647 4505 1879 4560 debitam
1907 4524 2116 4565 merce-

528 4600 648 4652 detn
677 4596 915 4663 recipere
940 4604 1273 4659 meruerunt,
1315 4604 1513 4648 tantam
1544 4595 1750 4650 scilicet
1779 4598 2122 4656 beatitudinis

532 4681 937 4752 plenitudinem,
989 4695 1091 4747 qua
1138 4679 1217 4733 eis
1254 4678 1611 4733 certissimum
1656 4681 1769 4735 sit’
1806 4699 2020 4754 semper
2061 4702 2120 4742 se

536 4774 589 4827 in
622 4772 708 4826 illa
752 4787 874 4827 esse
901 4785 1202 4824 mansuros.
1241 4768 1295 4824 Si
1325 4780 1502 4823 autem
1546 4772 1647 4826 hoc
1682 4772 2002 4842 adjutorium
2036 4779 2119 4833 vel

532 4865 724 4935 angelo
746 4863 827 4919 vel
856 4862 1079 4926 homini,
1107 4876 1228 4915 eum
1272 4862 1498 4931 primunt
1520 4860 1640 4917 facti
1663 4875 1805 4928 sunt,
1833 4867 2118 4935 defuisset;

595 4979 612 5010 ί
649 4982 716 5027 tta
742 4977 948 5026 Vaticani
972 4984 1180 5040 quatuor
1190 4981 1306 5040 tias.
1344 4973 1427 5025 Alii
1454 4975 1559 5040 libri
1583 4977 1782 5039 habent,
1818 4996 1879 5035 ne
1903 4997 1967 5035 ea:
1997 4986 2126 5040 malo

532 5040 707 5111 ﬁctus,
724 5045 828 5111 _etc.
857 5044 906 5087 ιιι
932 5037 1280 5111 ιιρειιειοιυείιιιιε
1318 5037 1585 5111 nonuullis_
1602 5037 1894 5111 cdjtiouiibus
1936 5037 2126 5111 adjecta

538 5097 768 5162 jarticula
804 5097 1021 5162 negante
1053 5097 1255 5163 legitur,
1288 5111 1349 5150 ne
1385 5111 1451 5150 ex
1485 5098 1615 5152 malo
1643 5104 1798 5166 factus
1819 5118 1916 5157 non
1934 5097 2125 5167 θείηἇῖ

534 5175 659 5220 esset
685 5169 851 5217 bonus.

601 5234 620 5294 ξ
645 5231 876 5294 Quinque
900 5227 1034 5294 llas"
1055 5240 1150 5294 qua
1166 5240 1414 5294 umquam
1425 5234 1552 5294 esset
1573 5226 1750 5278 malus.

597 5292 623 5327 ³
649 5293 664 5340 ξ
686 5304 785 5350 ov.,
809 5289 927 5339 nihil
951 5297 1034 5339 est.
1065 5289 1188 5340 Editi
1216 5289 1299 5340 alii
1324 5300 1376 5342 et
1399 5291 1534 5346 Mss,
1560 5303 1738 5352 parum
1754 5295 1842 5340 est.

599 5356 622 5387 ⁸
643 5354 756 5403 Αιιι.
784 5352 863 5400 Er.
892 5360 946 5401 et
972 5353 1111 5413 Lov.,
1135 5353 1219 5402 sed
1258 5353 1378 5404 haec.
1423 5354 1719 5404 Concituiius
1740 5354 1931 5413 aliquot
1974 5352 2115 5411 Mss.,

533 5416 1115 5532 “g'il'iﬁerciensisblsq
1139 5475 1349 5539 secunda
1371 5475 1479 5539 pfus
1501 5482 1697 5539 potens;
1727 5476 2087 5539 omisso,crgr.

599 5540 917 5601 βιῖυςειιικιιςὶε
962 5538 1082 5601 Μιιί,
1121 5536 1418 5587 contrariam
1462 5536 1824 5601 rdncupzScente
1866 5536 2113 5601 vnittiitute

534 5600 736 5673 spiritus
780 5600 888 5648 Duo
907 5600 1149 5659 aiii-Mss.,
1172 5602 1416 5650 contraria
1444 5597 1854 5664 concupiscentem
1878 5597 2107 5650 vottuttati

532 5671 751 5715 zm’rt’tus.

562 5721 567 5727 ‘
599 5729 616 5756 τ
643 5724 870 5786 Quinque
894 5722 1027 5781 Mm,
1051 5722 1268 5773 liberam.

595 5789 617 5818 "
644 5783 675 5837 ,ἱ
687 5783 948 5849 pndl.ov.,
975 5786 1176 5849 dederat
1200 5792 1244 5835 et
1262 5783 1574 5849 il_tijitf()t'ittill.

596 5852 617 5882 ⁹
643 5846 765 5899 Tres
790 5861 817 5897 ρ
842 5846 1089 5899 Vaticanis
1112 5846 1246 5909 Mss,
1272 5846 1325 5913 ﬁt

1357 345 1447 402 DE
1484 345 1966 404 CURREPTIUNE
2008 343 2095 399 ΕΤ
2134 342 2414 411 ΕΒΑΤΙΛ,
2458 345 2514 401 S.
2559 345 2930 404 AUGUSTINI

3699 346 3804 403 936

2204 458 2455 528 quoniam
2470 474 2573 514 non
2594 461 2715 516 talis
2740 472 2926 517 natura
2954 461 3087 519 facta
3103 468 3238 527 erat,
3255 468 3312 517 ut
3326 459 3442 519 sine
3462 460 3541 516 dit
3555 462 3643 517 inn
3660 463 3724 515 ad
3723 463 3785 533 ju

2203 549 2341 606 torio
2364 563 2542 621 posset
2557 568 2773 609 manere
2800 555 2845 610 si
2869 554 3046 621 vellet,
3061 569 3164 608 non
3184 555 3367 625 utique
3383 569 3480 609 sua
3495 555 3647 626 culpa
3665 555 3803 611 ceci-

2203 641 2409 696 dissent
2427 660 2440 698 :
2458 642 2780 713 adjutorium
2799 645 2995 714 quippe
3015 643 3292 708 defuisset,
3316 646 3432 701 sine
3454 662 3559 715 quo
3587 662 3808 703 manere

2203 748 2313 788 non
2334 746 2569 799 possent.
2595 735 2744 792 Nunc
2762 748 2939 794 autem
2954 738 3147 808 quibus
3162 740 3315 794 deest
3333 740 3435 794 tale
3456 740 3805 809 adjutorituu,

2196 822 2309 894 jam
2329 839 2482 893 pretia
2512 829 2713 896 pccmti
2740 837 2821 882 est
2845 846 2859 882 :
2883 829 3075 897 quibus
3094 838 3272 884 autem
3300 829 3477 894 datur,
3507 832 3805 885 Secundum

2204 918 2426 987 gratiam
2444 918 2623 985 datur,
2638 935 2746 974 tton
2761 919 3051 974 secundum
3070 920 3330 982 debitum;
3350 933 3402 974 et
3416 930 3563 974 tanto
3577 920 3811 992 amplius

2204 1006 2361 1063 datttr
2387 1025 2480 1079 per
2505 1009 2687 1065 Jesuut
2709 1011 2981 1065 Christum
3014 1011 3295 1066 Dominum
3321 1022 3584 1073 nostrum,
3610 1015 3809 1082 quibus

2206 1098 2258 1154 id
2284 1100 2412 1156 dare
2435 1102 2542 1156 Deo
2569 1102 2783 1171 placuit.
2815 1112 2872 1156 ut
2897 1118 3003 1158 non
3032 1105 3205 1157 solum
3235 1104 3375 1158 adsit
3406 1105 3522 1159 sine
3551 1121 3655 1175 quo
3688 1122 3812 1173 per-

2206 1208 2425 1250 manere
2448 1210 2553 1249 nou
2576 1210 2881 1264 possumus,
2914 1197 3073 1250 etiam
3097 1197 3141 1249 si
3165 1198 3410 1259 velimus,
3438 1214 3620 1252 verum
3646 1202 3808 1252 etiam

2206 1293 2410 1340 tantum
2442 1300 2504 1340 ac
2541 1286 2644 1341 tale
2674 1287 2760 1352 sit,
2796 1298 2855 1342 ut
2881 1288 3125 1342 velimus.
3173 1288 3256 1343 Fit
3285 1291 3301 1320 ί
3334 1290 3530 1359 quippe
3568 1290 3617 1343 in
3651 1290 3809 1344 nobis

2207 1390 2305 1445 per
2344 1375 2483 1431 hanc
2526 1377 2614 1432 Dei
2654 1379 2879 1447 gratiam
2911 1378 2962 1432 in
3005 1378 3145 1433 bono
3173 1381 3484 1449 recipiendo
3527 1391 3580 1435 et
3613 1397 3803 1449 perse-

2206 1478 2459 1522 veranter
2505 1470 2755 1533 tenendo,
2798 1486 2902 1523 non
2945 1471 3117 1525 solum
3154 1488 3314 1542 posse
3354 1474 3493 1542 quod
3538 1475 3839 1539 volunms,‘

2209 1574 2391 1613 verum
2420 1560 2579 1614 etiam
2621 1560 2759 1615 velle
2788 1561 2927 1632 quod
2959 1578 3258 1630 possumus.
3300 1565 3451 1631 Quod
3494 1582 3598 1619 non
3627 1564 3721 1619 fttit
3753 1566 3806 1619 in

2208 1648 2423 1704 humine
2444 1651 2613 1719 primo
2644 1669 2659 1706 :
2689 1668 2849 1705 unum
2876 1654 3016 1707 enim
3043 1654 3230 1708 borum
3256 1655 3306 1710 in
3328 1656 3419 1710 illo
3441 1656 3552 1717 fuit.
3578 1659 3809 1713 alterum

2209 1756 2313 1795 non
2361 1741 2479 1796 fuit.
2521 1743 2760 1814 Namque
2808 1755 2864 1799 ιιι
2904 1746 3167 1815 reciperet
3214 1748 3433 1809 bonum,
3478 1750 3649 1821 gratia
3699 1767 3807 1810 non

2207 1833 2430 1902 egebat,
2477 1835 2598 1904 quia
2645 1836 2880 1890 nondum
2929 1838 3279 1906 perdiderat:
3313 1848 3368 1893 ιιι
3416 1855 3593 1895 autem
3644 1843 3695 1894 in
3742 1857 3810 1896 eo

2209 1937 2579 1996 permaneret,
2630 1929 2821 1998 egebat
2863 1930 3129 1996 adjuturio
3169 1934 3387 2001 gratim,
3437 1934 3553 1986 sine
3597 1950 3703 2007 quo
3752 1934 3805 1989 id

2208 2020 2425 2074 omnino
2452 2036 2555 2074 non
2587 2030 2768 2091 posset
2800 2042 2811 2075 :
2843 2030 2900 2077 et
2925 2034 3206 2093 acceperat
3252 2041 3407 2096 posse
3434 2027 3475 2078 si
3506 2027 3682 2091 vellet,
3712 2028 3808 2081 sed

2210 2127 2315 2165 non
2346 2110 2528 2166 ltabuit
2558 2113 2692 2166 velle
2719 2115 2859 2183 quod
2889 2124 3107 2184 posset;
3141 2133 3260 2170 naut
3288 2117 3331 2171 si
3364 2118 3652 2175 habuisset.
3686 2135 3809 2186 per-

2211 2213 2537 2259 severasset.
2582 2204 2767 2259 Posset
2788 2205 2929 2259 enim
2961 2222 3304 2276 perseverare
3331 2214 3373 2262 si
3399 2209 3559 2263 vellet
3579 2210 3600 2241 '
3632 2211 3811 2280 :quod

2213 2307 2267 2350 ut
2298 2298 2482 2364 nollet,
2510 2299 2575 2351 de
2608 2299 2775 2355 libero
2813 2300 3089 2357 descendit
3115 2302 3377 2367 arbitrio;
3407 2301 3547 2375 quod
3593 2311 3720 2359 tunc
3743 2306 3811 2358 ita

2212 2386 2436 2442 liberum
2469 2398 2604 2451 erat,
2631 2398 2687 2443 nt
2707 2402 2759 2444 et
2780 2391 2913 2447 bene
2928 2393 3064 2448 velle
3087 2403 3261 2465 posset
3283 2405 3336 2449 et
3366 2395 3523 2447 male.
3543 2394 3678 2464 Quid
3704 2396 3812 2451 erit

2210 2488 2388 2533 autem
2441 2480 2656 2535 liberius
2705 2483 2871 2537 libero
2910 2486 3153 2541 arbitrio.
3201 2487 3412 2555 quando
3464 2503 3571 2541 non
3621 2489 3813 2557 poterit

2212 2573 2416 2627 servire
2459 2583 2698 2641 peccato,
2745 2590 2864 2645 qut?
2913 2574 3084 2629 futura
3126 2587 3241 2631 erat
3286 2576 3308 2608 ³
3336 2587 3386 2632 et
3420 2578 3641 2641 lmmini,
3675 2580 3812 2636 sicut

2212 2659 2350 2716 facta
2378 2672 2458 2718 est
2485 2664 2701 2734 Angelis
2726 2666 2945 2729 sant-tis,
2977 2682 3183 2721 merces
3210 2668 3424 2721 meriti?
3454 2667 3602 2722 Nunc.
3625 2681 3805 2723 autem

2213 2771 2310 2828 per
2334 2767 2611 2827 peccatum
2641 2758 2849 2829 perdito
2878 2759 3018 2815 bono
3041 2761 3248 2823 merito,
3279 2761 3331 2814 in
3357 2761 3438 2814 bis
3465 2762 3552 2831 qui
3580 2759 3815 2816 liberan-

2215 2860 2302 2906 tur
2333 2853 2525 2905 lactum
2557 2859 2640 2907 est
2666 2851 2863 2906 denunt
2903 2857 3107 2924 gratiae,
3137 2868 3257 2924 quae
3288 2868 3494 2908 merces
3520 2854 3697 2909 meriti
3728 2853 3813 2909 fu-

2215 2953 2331 2999 tura
2365 2953 2499 2998 erat.

2288 3034 2514 3093 CAPUT
2559 3035 2675 3092 XII.
2719 3065 2791 3078 -—
2835 3038 2924 3093 53.
2966 3036 3322 3109 Quapropter,
3373 3038 3495 3093 bina
3544 3037 3643 3094 ista
3687 3037 3812 3109 quid

2215 3128 2355 3183 inter
2390 3144 2449 3184 se
2479 3129 2746 3195 dim-rant,
2779 3130 3064 3201 diligenter
3093 3141 3147 3186 et
3179 3133 3458 3202 vigilanter
3498 3132 3811 3187 intuemlum

2216 3234 2317 3285 est;
2362 3237 2516 3291 posse
2547 3238 2650 3277 non
2678 3238 2921 3294 peccare.
2966 3234 3021 3278 et
3050 3241 3155 3278 nun
3188 3241 3344 3293 posse
3375 3240 3617 3298 peccare,
3653 3240 3815 3296 posse

2219 3331 2324 3369 non
2368 3315 2524 3381 mori,
2566 3324 2748 3369 etnon
2781 3329 2939 3385 posse
2967 3316 3124 3381 mori,
3158 3316 3352 3375 bonum
3396 3331 3551 3386 posse
3582 3334 3685 3371 non
3717 3316 3815 3371 de-

2217 3421 2419 3470 serere,
2462 3416 2515 3461 et
2554 3406 2749 3460 bonum
2782 3422 2887 3460 non
2936 3422 3095 3476 posse
3137 3406 3409 3464 deserere.
3452 3407 3630 3462 Potuit
3671 3409 3817 3463 enim

2219 3514 2327 3553 non
2360 3514 2582 3568 peccare
2627 3500 2828 3570 primus
2857 3497 3042 3563 homo,
3089 3500 3257 3567 potuit
3298 3516 3400 3552 non
3439 3499 3595 3558 mori.
3645 3501 3819 3570 putuit

2219 3588 2417 3644 bonum
2466 3606 2569 3645 non
2601 3592 2871 3646 deserere.
2913 3590 3178 3663 Numquid
3227 3593 3414 3646 dicturi
3447 3607 3653 3656 sumus,
3702 3593 3818 3649 Non

2220 3682 2391 3754 potuit
2421 3697 2663 3751 pecmre,
2702 3682 2790 3752 qui
2833 3682 2938 3736 tale
2970 3681 3196 3736 habebat
3244 3684 3467 3737 liberum
3495 3682 3773 3736 arbitrium
3795 3683 3821 3737 τ

2220 3785 2345 3840 aut,
2381 3776 2491 3831 Non
2525 3778 2693 3845 potuit
2735 3777 2890 3840 muri,
2922 3776 3005 3832 eui
3037 3777 3236 3832 dictum
3267 3787 3369 3837 est.
3400 3776 3455 3832 Si
3492 3777 3817 3845 peccaveris,

2211 3881 2394 3925 morte
2423 3869 2667 3925 muricris
2690 3868 2840 3938 (Gen.
2873 3885 2933 3935 tt,
2979 3869 3111 3939 l7)?
3134 3881 3246 3934 aut,
3277 3868 3391 3923 Non
3422 3870 3592 3937 potuit
3619 3870 3819 3924 bonum

2222 3963 2490 4026 deserere,
2519 3978 2641 4017 cum
2671 3962 2770 4017 hoc
2801 3961 3067 4032 peccando
3097 3961 3417 4026 deseruerit,
3447 3973 3497 4016 et
3527 3961 3646 4015 ideo
3672 3976 3819 4015 mor-

2224 4066 2345 4111 tuus
2389 4057 2495 4112 sit?
2527 4057 2701 4110 Prima
2730 4072 2857 4125 ergo
2900 4056 3117 4110 libertas
3162 4055 3450 4112 voluntatis
3494 4065 3630 4116 erat.
3661 4070 3822 4125 posse

2225 4163 2331 4203 non
2361 4162 2620 4219 peccare;
2651 4147 2938 4201 novissima
2964 4147 3062 4200 erit
3094 4146 3263 4200 multo
3297 4146 3487 4214 major.
3522 4161 3626 4199 non
3662 4160 3823 4216 posse

2224 4256 2448 4313 peccare
2478 4259 2492 4295 :
2525 4240 2691 4311 prima
2723 4239 3096 4293 immortalitas
3131 4248 3267 4303 erat,
3315 4254 3469 4309 posse
3498 4254 3603 4292 non
3637 4238 3817 4303 mori;

2226 4333 2512 4388 novissima
2551 4332 2650 4386 erit
2683 4332 2850 4385 inuito
2895 4330 3082 4401 major,
3111 4346 3216 4388 non
3249 4346 3405 4399 poSse
3436 4328 3569 4384 mori
3602 4347 3615 4384 τ
3648 4334 3818 4397 prima

2225 4435 2340 4477 erat
2372 4423 2780 4492 perseveranter:
2813 4433 3046 4492 potestas
3066 4465 3081 4485 ,
3114 4422 3310 4477 bomun
3345 4437 3500 4491 posse
3530 4438 3634 4476 non
3662 4422 3823 4475 dese-

2226 4531 2384 4580 rere;
2419 4514 2704 4568 novis~ima
2735 4515 2839 4568 erit
2884 4513 3114 4568 felicitas
3161 4513 3593 4582 perseverantize,
3625 4512 3823 4566 bonum

2228 4623 2333 4661 non
2367 4622 2523 4679 posse
2551 4607 2824 4661 deserere.
2867 4604 3155 4674 Numquid,
3206 4608 3325 4674 quia
3366 4614 3522 4659 erunt
3554 4606 3688 4657 bona
3732 4621 3825 4656 no-

2228 4699 2440 4752 vissima
2464 4698 2666 4767 potiora
2697 4707 2856 4766 atque
2884 4697 3123 4763 meliora,
3148 4695 3268 4749 ideo
3293 4693 3510 4750 fuerunt
3540 4694 3625 4749 illa
3656 4695 3825 4764 prima

2226 4790 2309 4844 vel
2354 4791 2492 4843 nulla
2521 4788 2603 4843 vel
2631 4789 2834 4857 parva?
3760 4795 3765 4800 “

2300 4882 2391 4938 54.
2433 4880 2671 4952 Itemque
2691 4885 2797 4950 ipsa
2822 4879 3081 4950 adjutoria
3100 4879 3471 4951 distinguenda
3490 4889 3635 4934 sunt.
3670 4880 3825 4935 Aliud

2230 4981 2313 5027 est
2355 4971 2676 5043 adjutorinm
2708 4972 2824 5025 sine
2863 4989 2968 5039 quo
2998 4970 3194 5040 aliquid
3230 4986 3331 5024 non
3375 4972 3451 5036 lit,
3498 4980 3551 5024 et
3578 4971 3718 5024 aliud
3747 4981 3826 5025 est

2229 5064 2556 5135 adjutorium
2587 5078 2695 5134 quo
2732 5064 2932 5134 aliquid
2978 5062 3056 5119 lit.
3096 5063 3229 5119 Nam
3269 5063 3385 5119 sine
3423 5063 3693 5124 albuit-etis
3722 5080 3826 5118 non

2288 5167 2303 5196 ¹
2331 5165 2412 5214 Sic
2435 5179 2608 5213 omnes
2634 5165 2747 5215 Mss.
2773 5169 2835 5214 At
2860 5164 3000 5218 editi.
3021 5169 3107 5213 est.

2285 5229 2307 5259 ⁸
2333 5224 2483 5285 Ιίόίιὶ,
2502 5224 2708 5276 etiamsi
2734 5225 2886 5276 vellet.
2912 5225 3152 5288 Plerique
3181 5226 3519 5288 imanuscripti
3545 5223 3801 5288 omittunt,

2219 5288 2396 5349 etiam;
2417 5292 2557 5345 cuius
2576 5291 2828 5349 particulae
2852 5292 2959 5336 loco
2982 5285 3109 5334 unus
3125 5285 3153 5334 é
3179 5286 3616 5349 Vaticanisbabet,
3630 5285 3803 5349 Adam.

2285 5352 2307 5384 ³
2339 5345 2586 5398 llcttricus'
2628 5352 2834 5399 tiravius
2880 5351 2977 5411 tegi
3006 5348 3218 5405 ruebat,
3248 5359 3359 5411 (pm:
3402 5345 3608 5396 libertis
3641 5347 3811 5410 {uturit

2221 5419 2325 5464 erat
2347 5425 2365 5461 :
2388 5413 2502 5472 quia
2524 5412 3032 5473 «cilicetprunomen,
3057 5421 3184 5473 qum,
3209 5423 3304 5458 nou
3330 5411 3591 5457 concordat
3614 5422 3760 5468 geuei
3777 5421 3807 5455 e

2221 5488 2332 5523 cum
2376 5470 2532 5522 libero
2556 5470 2780 5525 arbitrio.
2804 5473 2933 5534 quod
2960 5474 3006 5519 in
3034 5470 3186 5534 prima
3226 5480 3365 5533 parte
3394 5480 3660 5519 sentcuttaa
3684 5484 3810 5531 prae-

2222 5537 2374 5585 cessit
2414 5536 2514 5583 Sed
2539 5548 2631 5581 nou
2659 5537 2974 5596 ineleganter
3000 5534 3174 5583 factum
3197 5541 3343 5582 estut
3366 5535 3735 5581 concordarete.
3760 5546 3807 5580 ιιι

2218 5600 2418 5645 nomine
2444 5605 2614 5657 postea
2639 5606 2907 5657 sequente.
2952 5597 3167 5657 scilicet,
3209 5608 3412 5645 merces.
3448 5596 3515 5643 lio
3543 5596 3809 5642 locutionis

2215 5660 2361 5707 modo
2384 5656 2557 5708 Cicero
2578 5660 2625 5705 in
2654 5656 2777 5705 iib'ro
2799 5660 2862 5705 de
2889 5656 3108 5718 Legibus
3131 5662 3219 5714 ait,
3248 5673 3266 5703 ι
3299 5657 3490 5706 Animal
3527 5657 3804 5718 providum,

2221 5735 2240 5766 ι
2270 5734 2440 5781 sagax,
2463 5732 2612 5779 quem
2644 5732 2872 5767 vocamus
2904 5720 3172 5768 hominem.
3205 5734 3223 5766 ι
3257 5718 3316 5768 lit
3340 5721 3537 5768 actione
3556 5719 3728 5781 quinta
3755 5720 3807 5765 in

2216 5778 2445 5840 Verrem,
2475 5778 2493 5825 ᾱ
2526 5783 2702 5830 (Zarcer
2723 5782 2831 5838 itte,
2856 5794 2968 5843 qua:
3005 5783 3220 5830 latumize
3246 5790 3501 5831 vetantur.
3542 5794 3560 5826 ι
3596 5778 3657 5829 Et
3687 5791 3806 5827 eum

2217 5846 2397 5907 passim
2424 5844 2643 5895 imitatur
2668 5844 2989 5905 Augustinus.
3414 5852 3417 5855 ‘
