4122 6524
317 401 425 459 9‘57

301 524 585 586 possumus
612 512 811 574 vivere,
843 516 942 562 nec
963 511 1139 561 tamen
1168 517 1287 558 cum
1315 502 1582 558 adfuerint
1607 499 1890 586 alimenta.

310 584 391 659 eis
420 602 479 659 ﬁt
505 611 565 658 ut
607 602 749 657 vivat
794 601 885 673 qui
915 600 1051 655 mori
1099 595 1344 651 voluerit.
1388 594 1528 662 Ergo
1569 584 1895 658 adiutorium

311 697 686 751 alimentorum
714 704 798 749 est
839 693 956 747 sine
980 706 1087 761 quo
1117 704 1222 743 non
1254 688 1331 753 ﬁt,
1364 699 1468 739 non
1511 695 1620 753 quo
1650 679 1709 734 lit
1731 686 1789 731 ut
1818 675 1903 730 vi-
1930 695 1939 705 -

310 803 516 844 vamus.
560 790 630 844 At
676 802 807 844 vero
843 785 1114 841 beatitudo
1154 799 1313 854 quam
1352 797 1457 836 non
1503 777 1666 833 habet
1695 774 1859 829 homo
1884 810 1899 835 ,

313 898 437 938 cum
468 881 589 936 data
629 878 807 943 fuerit,
838 877 1092 934 continuo
1117 875 1175 929 ﬁt
1203 874 1413 929 beatus.
1454 866 1793 938 Adjutorium
1819 870 1903 917 est

311 976 454 1029 enim
488 988 594 1027 non
623 973 797 1027 solum
827 971 943 1025 sine
985 984 1090 1039 quo
1119 982 1225 1023 non
1257 969 1335 1030 lit,
1367 977 1554 1019 verum
1593 960 1754 1015 etiam
1795 970 1903 1026 quo

313 1065 372 1120 ﬁt
404 1073 619 1136 propter
665 1062 806 1134 quod
853 1061 1029 1116 datur.
1069 1059 1404 1129 Quapropter
1446 1054 1549 1109 hoc
1579 1049 1900 1121 adjzttorium

310 1168 366 1214 et
405 1172 513 1229 quo
560 1157 619 1212 ﬁt
641 1166 745 1222 est,
791 1164 848 1211 et
891 1154 1006 1210 sine
1034 1169 1142 1225 quo
1173 1169 1279 1208 non
1321 1150 1380 1205 ﬁt
1411 1168 1424 1204 :
1454 1148 1577 1220 quia
1606 1156 1661 1202 et
1707 1145 1753 1200 si
1780 1144 1903 1198 data

314 1249 476 1306 fuerit
527 1248 727 1303 homini
775 1245 1067 1311 beatitudo,
1118 1245 1372 1300 continuo
1401 1242 1706 1303 litheatus;
1762 1244 1819 1292 et
1859 1234 1907 1289 si

312 1341 433 1396 data
475 1354 747 1410 nunquam
781 1337 959 1402 fuerit,
1007 1352 1277 1407 nunquam
1307 1336 1426 1391 erit.
1469 1335 1735 1387 Alimenta
1777 1342 1907 1383 vero

313 1449 420 1487 non
447 1440 838 1501 consequenter
880 1431 1077 1486 faciunt
1107 1439 1165 1484 ut
1189 1429 1352 1484 homo
1376 1428 1521 1482 vivat
1551 1444 1565 1480 :
1598 1424 1693 1480 scd
1726 1432 1905 1478 tamen

314 1524 432 1580 sine
460 1524 565 1579 illis
594 1540 703 1579 non
751 1532 927 1590 potest
971 1527 1172 1579 vivere.
1211 1522 1393 1577 Primo
1428 1522 1607 1590 itaque
1656 1516 1904 1583 homini,

314 1616 404 1685 qui
427 1616 479 1669 in
502 1629 567 1669 co
582 1615 724 1670 bono
746 1629 852 1684 quo
869 1614 1039 1669 factus
1060 1613 1231 1669 fuerat
1250 1622 1429 1668 rectus
1449 1619 1729 1679 acceperat
1749 1623 1907 1679 posse

315 1722 423 1762 non
469 1721 713 1776 peccare,
766 1721 925 1776 posse
962 1722 1071 1760 non
1116 1706 1275 1770 mori,
1308 1719 1462 1775 posse
1493 1703 1666 1774 ipsum
1707 1702 1905 1756 bonum

315 1815 423 1854 non
467 1797 741 1864 deserere,
785 1797 967 1851 datum
997 1805 1081 1852 est
1105 1795 1428 1866 adjutorium
1455 1792 1866 1864 perseverantiae
1889 1833 1905 1859 ,

316 1905 424 1946 non
466 1903 570 1959 quo
614 1888 767 1943 ﬁeret
796 1896 852 1943 ut
881 1896 1267 1957 perseveraret,
1300 1886 1395 1941 sed
1422 1886 1539 1941 sine
1564 1899 1671 1955 quo
1714 1898 1810 1954 per
1839 1881 1907 1937 li-

316 1982 504 2036 berum
543 1980 821 2035 arbitrium
853 1996 1200 2051 perseverare
1227 1995 1332 2034 non
1363 1988 1563 2049 posset.
1602 1976 1756 2032 Nunc
1784 1989 1910 2030 vero

316 2078 514 2132 sanctis
541 2078 591 2130 in
619 2092 840 2145 regnum
881 2075 976 2130 Dei
1019 2090 1114 2146 per
1135 2074 1360 2145 gratiam
1395 2072 1487 2127 Dei
1522 2068 1911 2141 prmdestinatis

316 2186 425 2225 non
454 2172 558 2225 tale
589 2171 605 2202 ¹
636 2169 959 2240 adiutorium
1002 2166 1417 2239 perseverantia:
1456 2165 1632 2230 datur,
1678 2163 1775 2218 sed
1808 2161 1911 2217 tale

318 2272 377 2316 ut
404 2261 482 2318 cis
509 2264 904 2331 perseverantia
935 2263 1049 2331 ipsa
1087 2261 1355 2324 donetur;
1378 2273 1485 2314 non
1517 2258 1686 2313 solum
1716 2265 1775 2311 ut
1794 2256 1912 2310 sine

317 2355 422 2409 isto
442 2353 584 2409 dono
606 2364 1009 2424 perseverantes
1029 2368 1150 2409 esse
1170 2368 1274 2408 non
1297 2352 1523 2423 possint,
1545 2365 1728 2406 verum
1751 2349 1911 2404 etiam

318 2455 377 2499 ut
406 2460 500 2514 per
529 2444 633 2500 hoc
660 2444 859 2500 donum
905 2459 1012 2499 non
1044 2444 1146 2499 nisi
1193 2448 1598 2514 perseverantes
1629 2441 1754 2496 sint.
1795 2439 1913 2495 Non

318 2536 491 2592 solum
517 2536 658 2591 enim
682 2537 836 2601 dixit,
865 2535 993 2592 Sine
1012 2552 1090 2590 me
1115 2536 1245 2591 nihil
1270 2535 1475 2607 potestis
1496 2534 1663 2604 facere
1688 2548 1707 2587 :
1728 2546 1912 2587 verum

316 2630 479 2683 etiam
505 2628 658 2695 dixit,
688 2630 809 2683 Non
837 2646 920 2684 ros
948 2645 1027 2683 me
1055 2630 1311 2700 elegistis;
1337 2629 1426 2683 sed
1453 2644 1542 2699 ego
1578 2626 1703 2697 elegi
1728 2640 1837 2693 vos,
1868 2632 1917 2679 et

320 2719 466 2788 posui
492 2736 595 2784 vos,
628 2729 682 2773 ut
705 2721 851 2786 eatis,
879 2729 926 2774 et
952 2723 1173 2791 fructum
1201 2717 1447 2786 a/Teratis,
1479 2727 1525 2772 et
1545 2717 1745 2787 fructus
1760 2723 1917 2771 vester

319 2819 520 2863 maneat
550 2809 726 2881 (Joan.
759 2825 852 2874 xv,
898 2811 953 2877 5,
989 2807 1099 2882 lli).
1141 2808 1343 2877 Quibus
1369 2808 1547 2864 verbis
1584 2807 1667 2862 eis
1692 2821 1800 2862 non
1828 2820 1917 2861 so-

320 2900 430 2954 lum
452 2900 736 2969 justitiam,
768 2916 950 2954 verum
980 2900 1142 2954 etiam
1172 2900 1223 2954 in
1253 2899 1342 2955 illa
1375 2899 1827 2970 perseverantiam
1858 2912 1918 2953 se

320 2991 534 3047 dedisse
561 2991 896 3045 monstravit.
935 2989 1153 3045 Christo
1178 2990 1322 3045 enim
1363 2991 1443 3046 sic
1479 3004 1575 3045 eos
1600 2998 1833 3060 ponente
1860 2997 1917 3045 ut

320 3091 468 3151 eant,
496 3091 553 3138 et
598 3081 826 3137 fructum
865 3081 1106 3147 alferant,
1150 3090 1206 3137 et
1229 3080 1435 3137 fructus
1464 3096 1650 3137 eorum
1680 3089 1914 3147 maneat,

322 3174 442 3245 quis
483 3173 674 3229 audeat
703 3172 903 3238 dicere,
936 3172 1051 3227 Non
1081 3173 1319 3228 manebit
1354 3171 1421 3226 ’Ἰ
1464 3173 1583 3243 quis
1610 3171 1802 3227 audeat
1829 3171 1913 3226 dr-

322 3281 467 3331 cere,
496 3266 738 3322 Forsitan
762 3280 868 3321 non
891 3265 1156 3320 manebit?
1186 3266 1311 3321 Sine
1336 3265 1626 3337 paenitentia
1650 3264 1919 3319 sunt'enim

323 3357 461 3413 dona
485 3357 739 3411 etvocatio
768 3355 866 3411 Dei
889 3354 1061 3428 (Rom.
1093 3354 1285 3425 1529)
1319 3374 1333 3409 :
1365 3356 1461 3411 sed
1495 3356 1703 3411 vocatio
1729 3369 1916 3411 eorum

324 3452 414 3522 qui
441 3450 733 3506 secundum
763 3450 1096 3521 prepositum
1128 3448 1300 3504 vocati
1329 3457 1473 3503 sunt.
1513 3447 1618 3504 Pro
1647 3446 1730 3502 his
1759 3447 1919 3518 igitur

324 3540 701 3611 interpellante
742 3541 960 3597 Christo
1005 3556 1073 3597 ne
1115 3540 1329 3596 deﬁciat
1370 3539 1505 3596 ﬁdes
1548 3555 1754 3607 eorum,
1803 3541 1921 3597 sine

323 3632 489 3688 dubio
517 3649 623 3688 non
645 3633 860 3689 deﬁciet
885 3648 1053 3703 usque
1079 3633 1130 3687 in
1163 3632 1321 3687 ﬁnem
1350 3650 1364 3687 :
1393 3646 1458 3688 ac
1487 3647 1581 3703 per
1606 3632 1712 3689 hoc
1731 3646 1918 3703 perse-

327 3724 534 3778 verabit
563 3738 729 3793 usque
752 3725 804 3779 in
848 3723 1029 3792 ﬁnem,
1058 3740 1158 3780 nec
1185 3738 1305 3779 eam
1336 3724 1436 3779 nisi
1464 3731 1771 3780 manentem
1795 3722 1921 3781 vita

328 3813 487 3883 hujus
512 3814 748 3870 inveniet
771 3814 793 3846 ⁸
821 3815 960 3869 linis.

398 3909 489 3963 35.
528 3906 696 3977 Major
722 3907 919 3979 quippe
958 3907 1178 3966 libertas
1210 3917 1293 3965 est
1340 3910 1638 3966 necessaria
1665 3909 1922 3968 adversus

326 4009 407 4056 tot
431 4009 487 4056 et
520 4008 692 4056 tantas
739 4002 1062 4058 tentationcs
1088 4001 1132 4064 ⁸.
1173 4019 1293 4074 qua:
1322 4004 1376 4059 in
1406 4005 1651 4074 paradiso
1674 4022 1781 4061 non
1808 4005 1925 4063 fue-

328 4098 474 4158 runt,
516 4091 660 4145 dono
706 4093 1118 4161 perseverantiae
1160 4096 1363 4150 munita
1405 4105 1564 4166 atque
1601 4096 1833 4165 ﬁrmata,
1868 4106 1926 4153 ut

327 4194 451 4237 cum
490 4182 739 4237 omnibus
784 4184 1078 4249 amoribus,
1126 4186 1453 4250 terroribus,
1499 4189 1773 4244 erroribus
1812 4189 1924 4245 suis

330 4276 571 4330 vincatur
611 4274 695 4329 hic
725 4275 953 4330 mundus
985 4294 999 4331 :
1031 4276 1133 4332 hoc
1175 4285 1481 4333 sanctorum
1528 4282 1782 4351 martyria
1826 4279 1924 4335 do-

328 4374 574 4420 cuerunt.
606 4365 840 4435 Denique
862 4366 954 4422 ille
981 4365 1058 4438 (a)
1088 4376 1142 4422 et
1176 4376 1410 4423 terrente
1430 4369 1598 4437 nullo,
1631 4381 1683 4425 et
1705 4371 1923 4441 insuper

327 4467 513 4511 contra
562 4454 651 4509 Dei
697 4456 946 4510 terrentis
976 4456 1256 4525 imperium
1301 4457 1471 4513 libero
1498 4474 1623 4514 usus
1660 4459 1881 4516 arbitrio
1904 4500 1920 4529 ,

330 4561 435 4601 non
465 4544 611 4599 stetit
640 4546 694 4600 in
739 4553 882 4600 tanta
913 4545 1185 4612 felicitate,
1232 4547 1284 4600 in
1328 4556 1470 4602 tanta
1514 4564 1619 4602 non
1666 4552 1923 4620 peccandi

330 4635 579 4689 facilitate
608 4635 740 4699 :isti
767 4644 966 4700 autem,
1001 4648 1105 4688 non
1148 4634 1268 4690 dico
1313 4643 1548 4691 terrente
1578 4638 1795 4704 mundo,
1827 4639 1921 4694 sed

329 4725 583 4779 saeviente
624 4739 694 4780 ne
734 4732 957 4789 Starent,
989 4731 1252 4778 steterunt
1290 4725 1343 4780 in
1389 4724 1529 4788 ﬁde;
1560 4742 1681 4782 cum
1717 4729 1924 4785 videret

312 4816 420 4870 ille
459 4816 596 4871 bona
624 4815 905 4886 praesentia
932 4830 1051 4884 qua:
1078 4812 1249 4870 fuerat
1285 4816 1588 4884 relicturus,
1633 4817 1720 4873 isti
1746 4819 1921 4875 futura

327 4921 448 4975 quae
476 4902 746 4974 accepturi
776 4905 987 4960 fuerant
1015 4920 1120 4959 non
1149 4904 1412 4962 viderent.
1457 4904 1609 4964 Unde
1647 4908 1771 4976 hoc,
1817 4910 1921 4965 nisi

327 4999 562 5055 donante
598 4999 709 5065 illo,
739 5013 769 5053 a
808 5014 915 5070 quo
946 4999 1363 5055 misericordiam
1390 5002 1662 5056 consecuti
1698 5009 1823 5056 sunt
1863 5012 1924 5059 ut

329 5091 518 5147 ﬁdeles
545 5097 724 5146 essent
751 5090 793 5162 (l
833 5088 953 5146 Cor.
983 5106 1075 5156 vn,
1101 5090 1220 5161 ἥδ),
1252 5107 1283 5146 a
1317 5106 1423 5162 quo
1446 5101 1768 5163 acceperunt
1806 5098 1921 5163 spl-

328 5182 512 5249 ritum,
541 5196 647 5236 non
680 5182 905 5249 timoris,
936 5196 1043 5253 quo
1067 5183 1510 5255 persequentibus
1529 5183 1805 5254 cederent,
1823 5184 1919 5242 sed

392 5316 409 5347 ι
445 5312 586 5374 Editi,
609 5325 704 5362 non
720 5318 905 5364 tantum
932 5310 1043 5363 tale.
1078 5314 1242 5374 Abest,
1266 5320 1469 5374 tantum,
1506 5328 1536 5366 a
1557 5319 1921 5369 Lovaniensinm

325 5381 435 5442 Ilss.
455 5373 679 5442 Belgicis,
699 5374 833 5442 nullo
856 5381 1086 5442 excepto,
1103 5388 1133 5424 a
1155 5378 1389 5442 Vaticanis
1403 5373 1542 5442 novae
1566 5379 1791 5442 editionis
1811 5393 1923 5442 gra—

327 5438 393 5486 tia
416 5434 620 5500 collatis,
646 5443 698 5500 et
718 5438 782 5486 ab
811 5434 1036 5487 OﬂlttibDS
1056 5434 1181 5500 quos
1201 5439 1403 5500 vidimus
1417 5438 1619 5490 Gallicis.

393 5500 414 5564 ξ
448 5499 529 5548 Hic
544 5499 669 5564 editi
693 5498 1124 5561 praetereuntmiis
1144 5498 1321 5552 audeat
1343 5500 1524 5564 dicere,
1552 5510 1652 5553 Non
1673 5501 1879 5555 manebit
1898 5501 1923 5554 .’

327 5560 518 5609 Habent
541 5560 588 5608 id
611 5572 786 5608 omnes
801 5569 953 5622 prope
977 5560 1083 5622 Mss.

391 5623 413 5653 ³
447 5629 547 5669 Arn.
574 5627 648 5668 Er.
674 5628 726 5670 et
749 5619 1098 5682 Bisalticam.

326 5682 752 5797 agnoui-beiensis
774 5690 876 5743 ats.,
902 5683 1192 5748 necessaria,
1215 5691 1260 5738 et
1281 5685 1405 5739 inter
1441 5691 1507 5737 tot
1530 5693 1576 5739 et
1592 5691 1748 5743 laruas
1771 5694 1921 5742 lenta-

390 5828 466 5890 (a)
496 5826 543 5877 td
569 5834 675 5890 est,
688 5827 861 5878 Adam.

566 5906 837 5968 Peraea.
877 5907 1091 5975 XLlV.

1738 372 1941 431 LIBER
1984 371 2183 428 UNUS.

3502 370 3606 420 υὸὸ

2011 494 2216 549 virtutis
2246 504 2295 547 et
2325 492 2597 546 clmritatis
2622 497 2677 544 et
2701 485 3041 542 contin-ntim
3073 483 3133 553 (ll
3163 479 3297 538 Tim.
3328 495 3367 548 ι,
3388 479 3470 553 7),
3492 496 3601 552 quo

2017 600 2207 647 cuncta
2241 591 2516 658 minantia,
2548 597 2739 645 cuncta
2766 589 3064 653 invitantia,
3093 600 3282 645 cuncta
3313 593 3607 646 cruciamm

2015 684 2370 756 superarent?
2408 685 2485 739 llli
2512 699 2640 755 ergo
2668 683 2782 738 sine
2814 692 3033 755 peccato
3063 684 3172 738 ullo
3201 683 3325 739 data
3352 694 3453 750 est,
3483 699 3605 738 cum

2015 793 2117 848 qua
2142 776 2388 831 conditus
2408 785 2510 842 est,
2544 777 2786 831 voluntas
2816 775 3001 840 libera,
3030 784 3085 830 et
3112 790 3228 829 eam
3255 773 3381 830 fecit
3405 776 3610 830 servire

2015 876 2235 939 peccato
2261 887 2274 923 :
2300 868 2489 923 horu'm
2516 883 2643 924 vero
2671 882 2790 923 cum
2823 867 3009 923 fuisset
3035 868 3279 923 voluntas
3304 883 3456 924 serva
3486 883 3612 938 pec-

2015 960 2141 1025 cati,
2172 960 2389 1014 liberata
2405 967 2487 1014 est
2515 974 2607 1028 per
2628 958 2772 1013 illum
2798 959 2886 1028 qui
2918 958 3070 1023 dixit,
3091 958 3152 1013 Si
3170 976 3254 1013 ros
3287 957 3453 1013 Filius
3483 959 3606 1013 libe—

2016 1052 2218 1114 raverit,
2248 1061 2366 1105 tunc
2391 1067 2502 1105 vere
2527 1051 2670 1105 liberi
2703 1052 2841 1106 eritis
2862 1049 3041 1121 (Jomt.
3070 1067 3181 1118 \'ltl,
3209 1051 3333 1121 56).
3376 1051 3441 1106 Et
3466 1053 3606 1106 acci-

2016 1141 2169 1211 piunt
2188 1150 2385 1195 tantam
2405 1157 2501 1211 per
2521 1141 2672 1196 istam
2692 1141 2914 1212 gratiam
2930 1142 3249 1207 libertatem,
3267 1151 3327 1197 ut
3341 1143 3605 1211 quamvis,

1961 1242 1964 1246 '
2015 1233 2268 1303 quamdiu
2313 1232 2401 1287 hic
2428 1233 2631 1300 vivunt,
2663 1242 2898 1303 pugnent
2936 1243 3121 1289 contra
3150 1235 3610 1304 concupiscentias

2017 1332 2381 1393 peccatorum,
2407 1324 2593 1394 eisque
2619 1324 2875 1379 nonnulla
2902 1325 3214 1396 subrepant,
3248 1337 3466 1397 propter
3490 1342 3607 1397 quae

2016 1416 2195 1471 dicant
2223 1417 2482 1487 quotidie,
2525 1417 2736 1472 Dimitte
2780 1418 2923 1472 nobis
2970 1418 3139 1473 debita
3170 1429 3343 1473 nostra
3393 1418 3608 1491 (Matth.

2016 1527 2089 1578 vt,
2124 1510 2251 1583 l2);
2282 1526 2388 1566 non
2430 1521 2607 1567 tamen
2640 1512 2778 1567 ultra
2806 1512 3044 1568 serviant
3081 1524 3302 1583 peccato
3344 1514 3484 1584 quod
3531 1525 3611 1570 est

2016 1603 2083 1658 ad
2110 1613 2356 1670 mortem,
2389 1604 2456 1659 de
2479 1620 2584 1674 quo
2621 1604 2752 1659 dicit
2775 1604 3008 1660 Joannes
3032 1605 3326 1675 apostolus,
3362 1606 3452 1660 Est
3492 1622 3612 1678 pec-

2017 1704 2185 1747 catum
2213 1695 2281 1747 ad
2307 1704 2517 1748 mortem
2540 1709 2560 1758 ;
2589 1711 2688 1748 non
2717 1711 2809 1764 pro
2837 1694 2927 1749 illo
2954 1694 3066 1749 dico
3095 1706 3150 1748 ut
3178 1706 3317 1767 roget
3341 1696 3357 1728 ί
3385 1696 3427 1764 (l
3449 1696 3609 1751 Joan.

2016 1803 2070 1851 v,
2104 1787 2212 1857 l6).
2255 1786 2331 1841 De
2358 1801 2465 1857 quo
2486 1796 2704 1857 peccato
2732 1788 3003 1858 (quoniam
3031 1803 3136 1843 non
3164 1804 3474 1858 expressum
3502 1793 3609 1860 est)

2017 1886 2242 1950 possunt
2268 1878 2432 1932 multa
2456 1887 2510 1934 et
2537 1878 2750 1934 diversa
2792 1879 2979 1935 sentiri
3014 1897 3026 1933 :
3059 1895 3158 1951 ego
3186 1889 3363 1935 autem
3407 1881 3528 1937 dico
3559 1882 3611 1936 id

2017 1985 2138 2026 esse
2176 1979 2471 2040 peccatum,
2503 1970 2659 2025 ﬁdem
2700 1986 2819 2041 qua:
2847 1986 2942 2041 per
2969 1970 3309 2026 dilectionem
3340 1983 3609 2043 operatur,

2017 2060 2268 2116 deserere
2307 2077 2476 2129 usque
2514 2060 2580 2115 ad
2626 2070 2871 2116 mortem.
2915 2061 3048 2116 lluic
3079 2070 3299 2131 peccato
3339 2064 3470 2117 ultra
3505 2078 3610 2117 neu

2018 2154 2275 2221 serviunt,
2296 2169 2400 2208 non
2439 2153 2608 2225 prima
2631 2152 2958 2217 conditione,
2989 2154 3126 2208 sicut
3152 2153 3258 2220 ille,
3292 2155 3444 2210 liberi
3470 2170 3485 2220 ;
3517 2156 3613 2209 scil

2021 2263 2116 2319 per
2144 2247 2439 2301 secundum
2469 2246 2637 2301 Adam
2673 2246 2763 2301 Dci
2792 2246 2961 2317 gratia
2993 2246 3226 2314 liberati,
3255 2258 3310 2303 et
3352 2247 3448 2302 ista
3477 2248 3613 2301 libe-

2020 2339 2227 2396 ratione
2283 2339 2543 2394 habentcs
2597 2338 2825 2394 liberum
2876 2338 3153 2394 arbitrium
3209 2355 3317 2410 quo
3377 2343 3617 2395 serviant

2021 2434 2153 2499 Deo,
2183 2448 2286 2487 non
2317 2448 2422 2503 quo
2458 2433 2792 2503 captivenlur
2820 2447 2849 2485 a
2878 2431 3107 2487 diabolo.
3153 2431 3386 2487 Liberali
3414 2432 3555 2491 enim
3583 2448 3615 2486 a

2020 2532 2242 2596 peccato
2268 2524 2406 2579 servi
2435 2524 2554 2579 facti
2583 2532 2705 2578 sunt
2728 2523 2945 2594 justilim
2978 2520 3155 2594 (Rom.
3183 2539 3255 2586 vr,
3286 2522 3399 2595 l8),
3432 2524 3482 2579 in
3513 2540 3615 2603 qua

2021 2615 2236 2672 stabunt
2260 2631 2429 2687 usque
2457 2616 2512 2670 in
2543 2616 2723 2681 ﬁnem,
2754 2616 2989 2670 donante
3018 2615 3120 2670 sibi
3148 2616 3239 2671 illo
3271 2631 3617 2686 perseveran—

2024 2707 2169 2770 tiam,
2194 2707 2281 2778 qui
2307 2721 2402 2762 eos
2425 2706 2711 2777 praescivit,
2730 2715 2783 2762 et
2804 2705 3222 2776 praedestinavit,
3248 2714 3300 2761 et
3325 2707 3615 2761 secundum

2022 2800 2354 2871 propositum
2402 2798 2632 2862 vocavit,
2683 2806 2738 2853 ct
2778 2797 3107 2867 justiﬁcavit,
3157 2806 3211 2852 et
3256 2798 3612 2869 gloriﬁcavit;

2021 2890 2271 2964 quoniam
2300 2891 2390 2945 illa
2421 2906 2538 2962 qum
2565 2889 2631 2944 de
2661 2891 2681 2922 ³
2708 2888 2790 2942 his
2818 2889 3083 2958 promisit,
3110 2890 3269 2944 etiam
3309 2890 3484 2945 futura
3507 2891 3617 2961 jam

2019 2983 2149 3041 fecit
2178 3001 2193 3037 :
2225 2983 2308 3039 cui
2339 2983 2672 3053 promittenti
2702 2982 2915 3037 credidit
2944 2982 3225 3046 Abraham,
3254 2993 3300 3039 et
3324 2985 3619 3053 deputatum

2020 3086 2096 3133 est
2119 3077 2196 3131 illi
2218 3074 2283 3129 ad
2299 3075 2575 3146 justitiam.
2608 3073 2915 3129 Dcditcnim
2937 3074 3153 3146 gloriam
3182 3074 3305 3139 Deo,
3333 3077 3621 3146 plenissime

2021 3170 2250 3237 credens,
2296 3169 2430 3225 sicut
2460 3169 2713 3240 scriptum
2745 3175 2846 3237 est,
2874 3168 2992 3238 quia
3017 3183 3133 3240 qua:
3161 3169 3412 3240 promisit,
3444 3180 3620 3241 potens

2022 3274 2093 3322 est
2123 3273 2167 3320 et
2197 3267 2381 3336 facere.

2096 3356 2186 3412 56.
2219 3356 2333 3426 Ipse
2373 3369 2500 3426 ergo
2542 3354 2663 3409 illos
2706 3354 2876 3409 bonos
2906 3352 3065 3421 facit,
3108 3364 3170 3410 ut
3208 3354 3345 3410 bona
3395 3353 3619 3411 faciant.

2023 3447 2206 3518 Neque
2247 3448 2389 3503 enim
2438 3456 2717 3517 propterea
2761 3461 2858 3501 eos
2901 3446 3147 3517 promisit
3189 3446 3450 3512 Abrahre,
3495 3448 3618 3518 quia

2024 3538 2291 3610 prmscivit
2316 3555 2345 3593 a
2368 3553 2426 3594 se
2456 3539 2586 3608 ipsis
2606 3537 2775 3592 bonos
2794 3538 3023 3591 futuros.
3049 3536 3185 3592 Nam
3214 3537 3257 3592 si
3288 3538 3359 3592 ita
3386 3547 3486 3602 cst,
3511 3555 3617 3593 non

2025 3644 2202 3697 suum,
2235 3630 2330 3686 sed
2358 3641 2545 3685 eorum
2577 3628 2828 3700 estquod
2860 3628 3125 3699 promisit.
3168 3628 3284 3684 Non
3330 3640 3511 3687 autem
3540 3632 3618 3685 sic

2026 3722 2253 3778 credidit
2281 3721 2573 3788 Abraham,
2604 3721 2720 3787 sed,
2746 3738 2849 3775 non
2869 3730 2942 3775 est
2965 3721 3252 3791 inﬁrmatus
3273 3724 3326 3777 in
3346 3724 3470 3794 ﬁde,
3492 3725 3622 3777 dans

2026 3814 2244 3887 gloriam
2269 3813 2378 3869 Deo
2397 3853 2411 3879 ,
2437 3822 2492 3869 et
2521 3813 2813 3885 plenissime
2838 3813 3045 3868 credens
3083 3815 3203 3883 quia
3228 3831 3343 3885 qua:
3368 3819 3620 3886 promisit,

2028 3917 2204 3981 potens
2231 3917 2302 3962 est
2326 3916 2373 3961 et
2403 3906 2570 3975 facere
2595 3905 2770 3977 (Rom.
2794 3921 2867 3972 tv,
2896 3907 2950 3969 5,
2980 3905 3193 3976 19-21).
3224 3906 3340 3962 Non
3371 3908 3465 3975 ait,
3489 3909 3619 3976 Qua:

2010 3998 2325 4070 'prtescivit,
2356 3996 2999 4068 potensestpromittere;
3025 4004 3135 4061 aut,
3173 3997 3302 4065 Quae
3344 3999 3619 4069 praedixit,

2029 4098 2223 4161 potens
2251 4097 2334 4145 est
2358 4087 2677 4153 ostendere;
2708 4094 2800 4141 aut
2818 4127 2834 4154 ,
2862 4086 2993 4156 Quae
3021 4088 3297 4157 promisit,
3326 4098 3517 4160 potens
3539 4104 3622 4148 εει

2031 4180 2283 4251 praescire
2314 4198 2328 4234 :
2366 4178 2483 4247 sed,
2509 4193 2622 4248 qua:
2650 4179 2899 4249 promisit,
2925 4188 3100 4249 potens
3125 4188 3197 4234 est
3223 4190 3270 4234 et
3295 4184 3480 4252 facere.
3505 4183 3624 4254 Ipso

2030 4270 2193 4342 igitur
2218 4285 2313 4326 eos
2336 4269 2462 4324 facit
2488 4283 2837 4340 perseverare
2859 4270 2910 4323 in
2936 4269 3097 4334 bono,
3121 4270 3209 4341 qui
3240 4270 3364 4327 facit
3382 4273 3403 4304 ³
3428 4274 3620 4332 bonos.

2029 4362 2133 4432 Qui
2176 4347 2356 4418 autem
2402 4362 2600 4417 cadunt
2640 4371 2697 4417 et
2742 4371 2998 4431 pererrat,
3034 4363 3086 4416 in
3120 4364 3621 4434 praedestinatorum

2032 4472 2258 4512 numero
2290 4471 2397 4511 non
2432 4455 2669 4511 fuerunt.
2699 4454 2954 4524 Quamvis
2984 4470 3114 4526 ergo
3148 4456 3216 4513 de
3257 4460 3505 4515 omnibus
3532 4478 3621 4517 re-

2024 4546 2299 4619 generatis
2322 4555 2377 4601 et
2406 4547 2491 4617 pie
2522 4546 2822 4601 viventibus
2854 4546 3167 4616 loqueretur
3197 4549 3508 4618 Apostolus,
3536 4552 3623 4608 di~

2030 4654 2178 4706 cens,
2196 4637 2274 4693 Tu
2286 4640 2399 4709 quis
2421 4656 2471 4694 es
2486 4640 2572 4710 qui
2586 4636 2790 4711 judices
2806 4638 3026 4693 alienum
3046 4655 3243 4694 servum
3258 4641 3284 4695 Ρ
3303 4659 3396 4697 suo
3416 4644 3624 4701 domino

2031 4741 2130 4787 stat
2168 4739 2259 4784 aut
2298 4730 2468 4797 cadit;
2495 4731 2748 4786 continuo
2772 4739 2947 4786 tamen
2977 4730 3210 4799 respexit
3240 4732 3306 4787 ad
3344 4735 3623 4803 praedes“-

2030 4832 2206 4889 natos,
2238 4832 2293 4879 et
2319 4824 2411 4888 ait,
2441 4822 2609 4879 Stabit
2629 4834 2795 4878 autem
2822 4839 2842 4878 :
2861 4832 2916 4880 et
2940 4838 3008 4880 ne
3033 4823 3135 4879 hoc
3153 4824 3252 4879 sibi
3280 4841 3615 4898 arrogarent,

2033 4913 2220 4969 Potens
2243 4922 2317 4968 est
2341 4911 2472 4967 enim
2495 4912 2653 4980 Deus,
2682 4913 2875 4984 inquit,
2897 4923 3113 4969 statuere
3132 4931 3247 4969 eum
3268 4915 3380 4986 (Id.
3404 4935 3518 4984 xw,
3541 4923 3596 4989 4)

2032 5004 2150 5076 Ipse
2180 5005 2357 5075 itaque
2391 5003 2481 5058 dat
2527 4993 2974 5074 perseveraniiam
2996 5046 3011 5072 ,
3040 5006 3131 5077 qui
3168 5015 3403 5065 statuere
3431 5022 3625 5081 pntcn‘.

2030 5108 2114 5155 est
2139 5113 2233 5153 eos
2256 5097 2345 5169 qui
2371 5105 2549 5162 stant,
2581 5105 2641 5150 ιιι
2664 5098 3195 5167 perseverantissime
3221 5110 3392 5167 stent;
3422 5104 3506 5158 vel
3533 5122 3621 5159 re-

2032 5191 2255 5246 stituere
2282 5188 2371 5260 qui
2404 5186 2791 5243 ceciderunt‘:
2819 5188 3075 5244 Dominus
3099 5190 3242 5246 enim
3269 5194 3424 5264 erigit
3463 5196 3621 5250 elisos

2032 5281 2203 5356 (Psal.
2232 5295 2390 5347 θην,
2413 5278 2492 5351 8).

2105 5376 2194 5430 57.
2231 5374 2299 5431 Ut
2319 5389 2449 5444 ergo
2471 5388 2575 5428 non
2598 5373 2866 5444 acciperet
2890 5372 2993 5429 hoc
3012 5374 3211 5431 donum
3239 5378 3354 5446 Dei,
3385 5379 3434 5433 ἰιΙ
3462 5392 3542 5436 est
3569 5384 3617 5438 in

2034 5465 2176 5521 bono
2204 5464 2676 5536 perseverantiam,
2712 5464 2916 5534 primus
2943 5464 3125 5533 homo,
3154 5468 3247 5523 sed
3276 5484 3623 5539 perseverare

2097 5582 2287 5654 '_Ed_iti,
2309 5586 2363 5654 ut
2382 5585 2515 5646 roget
2540 5574 2662 5642 quis.
2696 5578 2861 5639 Abest,
2906 5576 3029 5640 quis,
3066 5591 3095 5629 a
3139 5586 3244 5630 Mss.
3265 5616 3279 5642 ,
3308 5589 3359 5632 et
3394 5596 3422 5633 a
3466 5599 3629 5649 ενα-ω

2032 5652 2174 5697 textu
2196 5652 2404 5693 Joannis.

2097 5709 2118 5738 ²
2150 5705 2306 5756 Hicin
2330 5705 2474 5754 editis
2508 5714 2754 5762 omrssum,
2780 5703 2874 5760 de;
2891 5702 3022 5765 quod
3047 5712 3207 5765 exstat
3230 5706 3281 5756 in
3305 5714 3409 5755 uss.

2100 5769 2122 5801 ³
2157 5766 2514 5828 vetustissimus
2535 5766 2838 5828 mrbeiensls
2860 5764 2960 5826 Ms},
2986 5764 3119 5828 fecit.

2099 5828 2123 5863 ⁸
2153 5830 2225 5880 Sic
2245 5834 2351 5877 uss.
2376 5827 2514 5889 aditi,
2536 5825 2812 5881 ceciderint.

3066 5913 3385 5991 (Tn-tte.)
