4122 6506
547 371 652 428 939

547 485 631 541 vel
665 499 767 541 non
799 494 1146 556 perseverare
1189 479 1240 535 in
1285 476 1402 548 ejus
1441 477 1831 548 relinqueretur
1873 475 2092 530 arbitrio
2115 517 2130 541 ,

547 577 681 632 tales
710 576 854 630 vires
883 572 1112 628 habebat
1140 569 1257 642 ejus
1285 568 1531 622 voluntas
1549 607 1564 632 ,
1589 582 1709 637 qure
1735 565 1850 620 sine
1879 565 1988 620 ullo
2018 563 2138 620 fuc-

547 679 631 724 rat
659 669 900 723 instituta
926 673 1168 738 peccato,
1190 671 1244 718 et
1264 661 1395 717 nihil
1424 659 1498 714 illi
1524 675 1592 715 ex
1617 673 1675 714 se
1695 657 1812 728 ipso
1838 658 1854 690 ¹
1883 658 2138 729 concupi-

547 757 872 815 scentialiter
918 755 1241 819 resistebat,
1293 760 1351 808 ιιι
1395 750 1554 821 digne
1603 759 1764 805 tanta:
1812 749 2036 804 bonitati
2082 758 2139 804 et

549 858 708 906 tantae
729 849 751 881 ¹
778 848 915 903 bene
946 843 1162 902 vivendi
1191 841 1431 898 facilitati
1470 837 1856 912 perseverandi
1889 839 2136 894 commit-

551 938 752 997 teretur
777 938 1054 995 arbitrium
1080 955 1092 991 :
1121 936 1229 990 Deo
1256 932 1467 1006 quidem
1500 933 1815 1002 praesciente
1841 929 1967 1000 quid
1994 939 2136 985 esset

553 1034 785 1087 tacturus
813 1030 1038 1100 injuste;
1082 1027 1397 1098 pra‘sciente
1427 1034 1603 1077 tamen
1624 1063 1639 1087 ,
1677 1038 1782 1077 non
1809 1019 1875 1076 ad
1914 1020 2014 1075 hoc
2043 1034 2140 1074 co-

547 1117 746 1194 gente:
777 1122 872 1178 sed
910 1121 1066 1176 simul
1113 1119 1314 1173 sciente
1355 1114 1482 1186 quid
1531 1115 1601 1171 de
1645 1113 1738 1170 illo
1783 1115 1896 1184 ipse
1940 1111 2140 1166 faceret

544 1218 710 1284 juste.
738 1213 888 1269 Nunc
915 1227 1042 1268 vero
1084 1219 1428 1280 posteaquam
1459 1215 1543 1262 est
1585 1205 1672 1260 illa
1713 1219 1903 1275 magna
1938 1202 2140 1273 peccati

550 1307 742 1362 merito
772 1304 964 1360 amissa
997 1301 1252 1365 libertas,
1285 1301 1445 1356 etiam
1476 1297 1769 1367 majoribus
1793 1295 1949 1350 donis
1977 1295 2135 1364 adju—

550 1399 717 1454 vanda
767 1396 1022 1454 remansit
1066 1392 1368 1449 inﬁrmitas.
1409 1389 1620 1445 Placuit
1658 1387 1800 1442 enim
1844 1387 1986 1453 Deo,
2031 1399 2139 1455 quo

551 1491 780 1546 maxime
824 1489 1071 1544 humana:
1117 1482 1418 1554 superbiam
1461 1477 1896 1551 praesumptionis
1937 1475 2144 1532 exstin-

549 1593 752 1654 gueret,
783 1589 839 1634 ut
858 1595 960 1634 non
983 1576 1228 1650 glorietur
1251 1573 1414 1629 omnis
1439 1587 1560 1627 caro
1587 1585 1761 1625 coram
1783 1569 1917 1640 ipso,
1949 1567 2003 1622 id
2033 1574 2135 1633 est,

548 1676 724 1732 omnis
749 1675 928 1730 homo.
957 1669 1110 1728 Unde
1137 1677 1316 1724 autem
1343 1680 1450 1721 non
1478 1663 1740 1736 glorietur
1781 1675 1910 1716 caro
1951 1674 2138 1714 coram

550 1773 686 1839 ipso,
711 1768 809 1822 nisi
831 1765 898 1821 de
924 1764 1128 1820 meritis
1153 1759 1304 1817 suis?
1327 1773 1448 1830 quae
1472 1755 1687 1829 quidem
1713 1756 1884 1826 potuit
1913 1753 2133 1819 habere,

549 1861 641 1918 sed
672 1858 935 1931 perdidit;
961 1865 1015 1912 et
1041 1869 1139 1926 per
1163 1850 1305 1924 quod
1329 1850 1532 1905 habere
1563 1847 1755 1918 potuit,
1783 1861 1880 1916 per
1905 1843 2006 1898 hoc
2027 1859 2142 1914 per-

548 1951 716 2020 didit,
742 1950 844 2005 hoc
872 1958 982 2013 est,
1015 1959 1112 2016 per
1137 1944 1366 2000 liberum
1393 1940 1676 1996 arbitrium
1707 1957 1722 1994 :
1751 1945 1972 2009 propter
1995 1934 2140 2006 quod

548 2060 654 2100 non
681 2053 847 2100 resmt
872 2037 1162 2097 liberandis
1204 2035 1305 2092 nisi
1333 2033 1504 2106 gratia
1546 2029 1843 2088 liberantis.
1889 2028 1964 2084 Ita
2013 2041 2142 2098 ergo

548 2153 653 2193 non
681 2135 938 2207 gloriatur
965 2131 1142 2188 omnis
1170 2145 1299 2185 caro
1327 2141 1508 2183 coram
1540 2125 1675 2196 ipso.
1700 2124 1816 2180 Non
1847 2115 1992 2180 enim
2017 2121 2143 2192 glo-

549 2232 753 2286 riantur
779 2227 986 2300 injusti,
1015 2225 1105 2296 qui
1127 2224 1148 2255 ⁸
1177 2236 1282 2276 non
1310 2219 1510 2274 habent
1529 2215 1701 2280 unde;
1725 2230 1824 2270 nec
1842 2213 1994 2285 justi,
2019 2211 2140 2283 quia

546 2340 612 2377 ex
645 2325 762 2392 ipso
789 2321 992 2374 habent
1017 2315 1192 2380 unde,
1231 2327 1332 2369 nec
1369 2311 1568 2366 habent
1601 2308 1830 2380 gloriam
1857 2321 2010 2362 suam
2039 2305 2142 2362 nisi

551 2418 747 2486 ip4um.
777 2413 862 2470 cui
890 2412 1093 2476 dicunt,
1122 2407 1297 2463 Gloria
1325 2421 1460 2471 mea,
1483 2401 1780 2458 clamitans
1809 2407 1958 2470 caput
1976 2413 2142 2453 meum

551 2507 722 2578 (Paul.
747 2521 826 2572 ιιι,
857 2505 938 2576 4).
963 2505 1039 2558 Ac
1071 2516 1168 2572 per
1197 2499 1301 2554 hoc
1326 2496 1392 2552 ad
1423 2509 1640 2551 onmem
1673 2491 1944 2548 hominem
1975 2491 2142 2562 perti-

553 2610 644 2654 net
671 2597 810 2669 (ιιιοά
847 2594 1107 2664 scriptum
1142 2599 1261 2659 est,
1307 2587 1375 2644 L't
1405 2603 1505 2642 non
1548 2585 1794 2658 glorietur
1821 2583 1984 2639 omnis
2022 2597 2142 2637 caro

551 2709 722 2746 rorant
759 2693 891 2761 ipso.
923 2687 1002 2742 Ad
1037 2687 1212 2758 justos
1250 2692 1430 2738 autem
1460 2679 1610 2746 illud,
1645 2678 1746 2746 Qui
1783 2677 2051 2750 gloriatur,
2089 2676 2142 2730 in

553 2783 772 2838 Domino
815 2780 1076 2852 glorietur.
1115 2777 1230 2832 Hoc
1257 2771 1440 2830 enim"
1475 2771 1766 2843 Apostolus
1808 2767 2144 2836 apertissime

550 2875 803 2938 ost-'ndit,
831 2873 921 2944 qui
946 2885 1066 2928 cum
1087 2869 1333 2930 dixisset,
1361 2863 1428 2922 Ut
1449 2881 1550 2918 non
1575 2863 1820 2935 glorietur
1841 2862 2002 2914 omnis
2021 2874 2144 2913 caro

553 2985 722 3022 romm
753 2967 904 3037 ipso;
929 2977 997 3018 ne
1025 2967 1283 3033 putarent
1308 2957 1477 3012 sancti
1505 2955 1620 3010 sine
1647 2953 1816 3024 gloria
1847 2965 1904 3007 se
1930 2965 2145 3006 reman-

551 3061 706 3125 si~so,
731 3072 856 3112 mox
897 3053 1131 3118 addidit,
1175 3049 1262 3104 Ea:
1299 3049 1412 3119 ipso
1449 3055 1616 3100 autem
1646 3061 1731 3098 vos
1769 3043 1886 3099 estis
1929 3043 1982 3096 in
2020 3039 2145 3096 Iesu

551 3151 777 3214 Christo,
806 3147 891 3218 qui
915 3146 1081 3216 [actus
1105 3151 1177 3198 est
1213 3139 1356 3194 nobis
1377 3137 1625 3210 sapientia
1647 3151 1678 3189 α
1704 3133 1829 3200 Deo,
1847 3143 1891 3186 et
1909 3129 2108 3204 justitia
2125 3171 2142 3198 ,

554 3253 598 3294 rt
629 3239 964 3309 stutctiﬁcatio
984 3277 1000 3303 ,
1031 3246 1076 3290 et
1104 3232 1417 3304 redemptio;
1457 3241 1533 3292 ut,
1565 3226 1991 3302 quemadmodum
2019 3223 2146 3280 scri-

553 3344 692 3405 ptum
719 3341 812 3397 est,
843 3329 944 3397 Qui
961 3328 1228 3400 gloriatur,
1256 3325 1308 3378 in
1340 3321 1560 3376 Domino
1585 3319 1832 3392 glorietur
1855 3318 1874 3390 (
1898 3317 1914 3372 Ι
1943 3314 2061 3372 Cor.
2095 3317 2142 3384 ι,

551 3425 760 3498 2951).
795 3423 927 3478 llinc
953 3427 1040 3476 est
1061 3418 1202 3490 quod
1242 3417 1296 3472 in
1338 3415 1440 3470 hoc
1486 3413 1607 3468 loco
1653 3411 2010 3475 miseriarum,
2058 3407 2147 3464 ubi

555 3519 778 3574 tentatio
807 3524 892 3570 cst
920 3514 1023 3568 vita
1052 3511 1282 3566 humana
1337 3521 1500 3578 Super
1529 3515 1724 3561 terram
1757 3501 1896 3575 (Job
1919 3517 2010 3567 vu,
2051 3501 2072 3556 ί
2099 3499 2144 3571 ),

553 3614 708 3665 uirtus
730 3611 781 3662 in
808 3606 1106 3678 inﬁrmitate
1131 3601 1391 3675 perﬁcitur
1413 3597 1493 3673 (11
1523 3597 1642 3652 Cor.
1665 3612 1759 3662 xu,
1785 3593 1840 3663 9)
1865 3607 2016 3664 :quat
2040 3591 2149 3647 vir-

556 3715 665 3769 tus,
689 3701 791 3757 nisi
823 3707 874 3752 ut
899 3697 984 3765 qui
1005 3695 1274 3769 gloriatur,
1297 3691 1352 3746 in
1375 3689 1594 3745 Domino
1611 3685 1900 3759 glorietur?

625 3795 716 3852 38.
761 3797 839 3850 Ac
879 3806 976 3862 per
1019 3789 1125 3844 hoc
1167 3792 1267 3842 nec
1306 3785 1375 3840 de
1418 3785 1532 3854 ipsa
1575 3779 1976 3852 perseverantia
2021 3776 2149 3833 boni

559 3887 728 3941 voluit
761 3885 900 3938 Deus
927 3887 1152 3938 sanctos.
1175 3884 1302 3933 suos
1329 3875 1383 3930 in
1416 3873 1621 3928 viribus
1651 3871 1794 3937 suis,
1827 3869 1923 3924 sed
1954 3871 2006 3924 in
2035 3868 2152 3938 ipso

555 3977 771 4050 gloriari
797 3993 810 4031 :
837 3975 928 4046 qui
958 3973 1038 4030 eis
1067 3986 1173 4026 non
1198 3966 1374 4025 solum
1397 3965 1490 4022 dat
1513 3963 1832 4035 adjutorium
1859 3961 2014 4034 quale
2041 3961 2153 4030 pri-

559 4090 647 4128 mo
676 4068 878 4125 homini
908 4066 1075 4133 dedit,
1103 4063 1220 4120 sine
1241 4072 1346 4133 quo
1367 4075 1480 4114 non
1511 4057 1715 4129 possint
1736 4069 2088 4126 perseverare
2102 4053 2150 4109 si

559 4167 754 4231 velint;
785 4161 878 4217 sed
915 4160 967 4215 iu
1004 4158 1084 4214 eis
1109 4156 1271 4212 etiam
1293 4195 1309 4222 ,
1348 4159 1609 4222 operatur
1635 4156 1689 4203 et
1715 4147 1854 4203 velle
1883 4165 1898 4202 :
1924 4156 1984 4201 ut
2013 4159 2153 4216 quo-

558 4262 700 4316 niam
749 4271 854 4312 non
898 4249 1354 4325 perseverabunt,
1386 4243 1490 4300 nisi
1521 4251 1574 4298 et
1603 4241 1813 4312 possint
1851 4249 1908 4296 et
1952 4238 2152 4302 velint,

563 4343 936 4422 perseverandi
980 4343 1059 4400 eis
1106 4349 1163 4395 et
1204 4335 1532 4410 possibilitas
1569 4341 1625 4390 et
1663 4331 1910 4387 voluntas
1953 4330 2154 4386 divina:

561 4421 744 4511 gratim
773 4437 1013 4508 largitate
1039 4432 1290 4488 donetur.
1313 4428 1542 4483 Tantum
1573 4424 1771 4494 quippe
1795 4421 1997 4493 Spiritu
2019 4436 2150 4477 san-

563 4542 648 4587 cto
677 4525 987 4584 accenditur
1013 4523 1261 4577 voluntas
1279 4531 1466 4574 eorum
1485 4558 1499 4580 ,
1530 4523 1588 4569 ut
1613 4514 1736 4570 ideo
1765 4512 2004 4584 possint,
2032 4511 2154 4582 quia

563 4626 639 4680 sic
665 4622 884 4684 volunt;
912 4616 1036 4674 ideo
1059 4615 1139 4672 sic
1161 4611 1348 4678 velint,
1371 4609 1496 4681 quia
1524 4607 1667 4663 Deus
1691 4616 1944 4676 operatur
1973 4614 2032 4661 ut
2057 4619 2154 4661 ve-

565 4717 679 4771 lint.
709 4712 842 4768 Nam
883 4709 930 4766 si
971 4706 1026 4764 in
1059 4714 1206 4763 tanta
1234 4700 1546 4758 inﬁrmitate
1583 4700 1707 4756 vita:
1735 4698 1895 4769 hujus
1933 4697 2028 4768 (in
2052 4711 2158 4768 qua

566 4819 742 4862 tamen
797 4799 1106 4858 inﬁrmitate
1163 4803 1383 4867 propter
1429 4791 1714 4849 elationem
1761 4787 2154 4861 reprimendam

565 4896 752 4968 perlici
794 4895 1043 4949 virtutem
1089 4885 1411 4968 oportebat)
1461 4885 1589 4955 ipsis
1631 4884 2022 4954 relinqueretur
2063 4895 2158 4938 v0-

569 4964 744 5043 lnntas
775 5000 868 5040 sua
891 5024 908 5048 ,
939 4992 997 5037 ut
1027 4981 1082 5035 in
1110 4964 1377 5048 adjutorio
1403 4976 1497 5030 Dei
1523 4975 1639 5030 sine
1667 4990 1772 5044 quo
1810 4987 2160 5044 perseverare

571 5097 678 5136 non
722 5084 975 5148 possent,
1019 5082 1301 5127 manerent
1325 5071 1370 5124 si
1403 5069 1635 5134 vellent,
1666 5081 1766 5122 nec
1806 5068 1944 5120 Deus
1987 5064 2043 5119 in
2081 5064 2160 5120 eis

570 5177 886 5242 eperaretur
914 5175 973 5221 ut
999 5165 1234 5230 vellent,
1268 5163 1410 5216 inter
1439 5168 1516 5215 tot
1543 5168 1598 5214 et
1637 5167 1811 5213 tantas
1836 5157 2160 5211 tentationes

573 5261 883 5319 inﬁrmitate
910 5272 1006 5314 sua
1045 5255 1291 5310 voluntas
1333 5253 1445 5322 ipsa
1486 5249 1893 5312 succumberet,
1941 5255 1996 5302 et
2040 5245 2161 5300 ideo

547 5363 920 5424 perseverare
949 5362 1054 5403 non
1083 5353 1322 5416 possent,
1348 5341 1470 5410 quia
1499 5339 1810 5394 deﬁcientes
1850 5337 2160 5399 inﬁrmitate

576 5463 674 5500 nec
701 5443 922 5509 vellent,
950 5448 1042 5494 aut
1068 5455 1173 5492 non
1201 5436 1271 5490 ita
1295 5435 1494 5489 vellent
1523 5430 1833 5486 inﬁrmitate
1871 5429 2162 5484 voluntatis

641 5603 654 5633 ί
693 5601 766 5645 sic
788 5605 892 5645 Vss.
918 5602 967 5643 At
993 5594 1127 5644 editi.
1152 5604 1215 5641 ex
1236 5604 1287 5640 se
1309 5588 1428 5650 ipsa.

639 5664 659 5693 ¹
695 5643 901 5716 ιίιῖιιὶξοι
933 5655 1045 5705 liene
1081 5651 1263 5704 rit-cudi
1281 5688 1294 5712 ,
1320 5643 1582 5714 facilitati:
1605 5651 1800 5708 OmiSSO,
1825 5651 2007 5710 tmtw;
2037 5643 2167 5710 quod

580 5738 642 5774 es
679 5731 784 5770 Mss.
811 5719 1077 5770 rt-sLituiLur

647 5789 663 5852 ξ
699 5791 810 5852 ιλιι·ἶ
834 5791 883 5830 ιιι
910 5783 1203 5851 (interiores
1227 5776 1482 5835 editiones,
1507 5771 1637 5840 quia.

643 5849 663 5878 ι
699 5847 815 5895 t-LJzti
858 5847 932 5895 eti.
943 5855 1017 5892 am.

1405 361 1494 417 DE
1531 331 2027 418 conuentu-Ne
2050 361 2137 417 ET
2175 361 2454 434 GRlTlA,
2497 362 2551 420 s.
2595 362 2964 422 aucusrun

3265 293 3292 321 με
3331 297 3388 309 ’πο
3397 302 3425 314 α.
3439 304 3490 320 ,μ’

3729 367 3838 424 940

2249 487 2306 532 ιιι
2327 488 2560 548 possent.
2580 479 2910 536 Subventum
2932 490 3012 537 est
3037 481 3195 554 igitur
3221 479 3513 538 inﬁrmitati
3543 481 3841 540 voluntatis

2247 568 2512 635 humanae.
2543 583 2598 625 ut
2623 571 2799 628 divina
2821 575 2988 644 gratia
3010 573 3453 630 inderliuabiliter
3475 583 3530 630 et
3559 576 3838 646 insepara-

2247 661 2425 716 biliter
2447 663 2464 694 ‘
2491 671 2774 733 ageretur;
2807 673 2860 720 et
2889 666 3028 728 ideo.
3061 669 3304 737 quamvis
3332 665 3577 732 inﬁrma,
3613 683 3720 722 nun
3753 679 3838 723 ta-

2247 765 2367 806 men
2395 751 2651 810 deﬁceret
2675 795 2689 819 ,
2721 771 2894 825 neque
2935 756 3260 813 adversitate
3295 758 3470 828 aliqua
3507 760 3839 814 vinceretur.

2247 841 2320 897 Ita
2351 842 2548 898 Paetum
2578 854 2660 901 est
2691 855 2746 901 ut
2775 847 3018 902 voluntas
3047 847 3278 903 hominis
3303 848 3535 904 invalida
3575 857 3631 904 et
3659 849 3844 905 imbe-

2244 937 2365 992 cilla
2397 937 2450 992 in
2482 937 2623 992 bene
2651 939 2824 994 adhuc
2865 955 3028 1010 parvo
3059 951 3428 1010 perseveraret
3460 953 3556 1011 per
3582 942 3844 996 virtutem

2249 1026 2341 1082 Dei
2371 1044 2384 1082 :
2411 1043 2534 1083 cum
2569 1029 2855 1085 voluntas’
2887 1031 3043 1102 primi
3071 1033 3307 1087 hominis.
3342 1031 3494 1088 fortis
3525 1040 3584 1087 et
3621 1048 3751 1088 sana
3783 1033 3840 1087 in

2245 1120 2389 1176 beno
2425 1121 2684 1190 ampliore
2723 1116 2829 1211 non
2861 1125 3314 1194 perseveraverit,
3347 1123 3552 1180 habens
3583 1125 3840 1179 virtutem

2247 1211 2400 1266 liberi
2439 1212 2672 1278 arbitrii;
2715 1215 2964 1284 quamvis
3009 1231 3114 1270 nun
3155 1215 3404 1270 defuturo
3443 1214 3712 1284 adjutorio
3745 1216 3842 1270 Dei

2247 1303 2362 1374 sine
2389 1318 2495 1373 quo
2525 1320 2626 1358 non
2655 1315 2834 1374 posset
2859 1321 3200 1376 perseverare
3228 1307 3272 1360 si
3303 1307 3492 1371 vellet,
3519 1323 3626 1361 non
3659 1317 3840 1362 tamen

2245 1395 2336 1449 tali
2361 1411 2468 1465 quo
2495 1395 2546 1450 in
2576 1396 2666 1450 illo
2695 1397 2833 1452 Deus
2867 1411 3184 1467 operaretur
3215 1407 3270 1467 ut
3296 1397 3480 1453 vellet.
3514 1398 3842 1455 FortiSsiino

2245 1485 2440 1556 quippe
2467 1485 2671 1555 dimisit
2697 1497 2856 1559 atque
2881 1489 3123 1558 permisit
3153 1488 3329 1546 facere
3347 1489 3492 1561 quod
3515 1491 3676 1546 vellet
3703 1508 3718 1544 :
3749 1491 3838 1544 in-

2245 1577 2414 1634 ﬁrntis
2456 1581 2723 1644 servavit,
2773 1589 2830 1636 ιιι
2876 1581 2992 1652 ipso
3039 1581 3272 1636 danante
3312 1581 3658 1640 invictissime
3689 1579 3840 1652 quod

2245 1668 2443 1725 bonum
2465 1679 2549 1725 est
2574 1671 2792 1734 vellent.
2820 1682 2875 1726 et
2895 1671 2916 1704 ³
2944 1671 3047 1727 hoc
3068 1671 3320 1727 deserere
3345 1672 3690 1728 invictissime
3721 1673 3841 1728 nol-

2245 1759 2377 1814 lent.
2408 1762 2626 1818 Dicente
2664 1777 2792 1833 ergo
2821 1763 3072 1829 Christo,
3110 1764 3306 1834 Rogavi
3335 1780 3428 1834 pro
3459 1773 3505 1818 te
3543 1780 3607 1818 ne
3633 1765 3840 1834 deﬁciat

2245 1851 2372 1921 ﬁdes
2397 1862 2483 1906 tua
2509 1851 2659 1924 (Luc.
2691 1869 2822 1920 χιιι,
2845 1853 2915 1909 39.
2935 1854 2976 1924 ),
3001 1854 3358 1924 intelligamus
3380 1853 3428 1910 ei
3452 1853 3678 1921 dictum,
3705 1856 3796 1926 qui
3816 1857 3839 1888 δ

2244 1943 2537 1999 aediﬁcatur
2561 1961 2725 2015 super
2754 1954 2980 2017 petram.
3006 1948 3179 2017 Atque
3201 1948 3270 2000 ita
3295 1946 3458 2001 homo
3482 1946 3574 2002 Dei
3604 1962 3710 2002 non
3737 1961 3835 2002 so.

2245 2033 2354 2090 lum
2384 2035 2505 2106 quia
2537 2037 2957 2092 misericordiam
2981 2045 3304 2092 consecutus
3332 2045 3418 2092 est
3457 2047 3513 2092 ut
3545 2036 3717 2092 ﬁdelis
3745 2053 3833 2092 es-

2245 2137 2351 2192 set,
2365 2141 2548 2182 verum
2573 2128 2735 2182 etiam
2751 2128 2874 2198 quia
2900 2127 3030 2184 ﬁdes
3051 2128 3162 2200 ipsa
3185 2143 3292 2184 non
3312 2127 3512 2194 deﬁcit,
3533 2129 3622 2199 qui
3643 2128 3840 2201 gloria-

2247 2225 2351 2285 tur,
2382 2217 2434 2271 in
2460 2217 2685 2272 Domino
2713 2219 2980 2290 glorietur.

2315 2309 2541 2368 CAPUT
2571 2310 2893 2368 lint.—39.
2924 2313 3048 2368 llzec
3065 2311 3132 2368 de
3159 2312 3244 2368 his
3269 2312 3478 2382 lotluor,
3505 2313 3597 2384 qui
3632 2311 3840 2382 prmde-

2245 2402 2422 2458 stinati
2449 2414 2571 2458 sunt
2597 2404 2648 2458 in
2681 2419 2903 2474 regnum
2933 2404 3046 2472 Dei,
3073 2419 3302 2475 quorum
3326 2405 3396 2459 ita
3420 2413 3603 2460 certus
3620 2418 3706 2460 est
3736 2421 3838 2460 nu-

2245 2508 2450 2560 merus,
2477 2503 2535 2548 ut
2561 2509 2659 2548 nec
2680 2495 2906 2549 addatur
2921 2499 3002 2550 eis
3027 2495 3330 2566 quisquam.
3355 2510 3456 2551 nec
3483 2497 3754 2550 minuatur
3773 2511 3842 2553 ex

2244 2583 2324 2640 eis
2351 2602 2364 2640 :
2393 2600 2497 2639 non
2527 2583 2594 2640 de
2621 2584 2704 2638 his
2731 2587 2818 2656 qui
2837 2627 2850 2650 ,
2881 2599 3002 2641 cum
3028 2586 3402 2641 annuntiasset
3436 2595 3492 2642 et
3519 2585 3733 2642 locutus
3757 2601 3845 2643 θεν

2245 2683 2348 2742 set,
2369 2675 2700 2744 multiplicati
2727 2685 2850 2730 sunt
2865 2691 3028 2746 super
3049 2691 3334 2732 numerum
3354 2673 3530 2743 (Paul.
3556 2691 3739 2740 xxxix,
3761 2677 3841 2746 ϐ).

2247 2763 2352 2836 ipsi
2376 2766 2519 2822 enim
2549 2767 2722 2822 voeati
2755 2767 2858 2823 dici
2891 2779 3134 2837 possunt,
3165 2783 3274 2823 non
3302 2777 3480 2823 autem
3512 2769 3692 2836 electi,
3719 2770 3844 2840 quia

2247 2871 2352 2911 non
2381 2857 2672 2912 secundum
2713 2859 3041 2929 propositum
3073 2859 3266 2913 vocati.
3309 2859 3523 2914 Certum
3555 2874 3685 2914 vero
3724 2874 3846 2915 esse

2246 2961 2528 3003 numerum
2546 2949 2860 3013 electorum,
2882 2963 3053 3019 neque
3073 2949 3376 3018 augendum
3397 2965 3570 3019 neque
3596 2951 3845 3006 minuen-

2245 3037 2394 3106 dum,
2421 3040 2660 3110 quamvis
2681 3049 2735 3095 et
2757 3040 2990 3096 Joannes
3013 3041 3243 3111 Baptista
3269 3041 3553 3112 signiﬁcet,
3580 3042 3668 3097 ubi
3691 3042 3844 3109 dicit,

2247 3131 2429 3188 Facite
2451 3149 2569 3205 ergo
2591 3136 2816 3201 fructum
2836 3133 3045 3204 dignum
3067 3132 3375 3204 paenitentiae
3390 3149 3410 3188 :
3431 3142 3478 3188 et
3498 3134 3656 3188 nolite
3675 3133 3847 3190 dicere

2255 3227 2397 3296 apud
2421 3225 2768 3296 vosmetipsos,
2798 3223 3000 3278 Patrem
3018 3223 3257 3279 [iubemus
3271 3223 3561 3289 Abraham;
3583 3235 3758 3295 potens
3772 3232 3851 3280 est

2248 3317 2380 3372 enim
2426 3313 2567 3370 Deus
2603 3314 2669 3370 de
2710 3313 2966 3384 lapidibus
3010 3314 3122 3368 istis
3165 3315 3409 3369 suscitare
3452 3313 3589 3384 ﬁlios
3628 3313 3850 3370 Abram

2254 3405 2466 3478 (Matth.
2499 3421 2575 3469 ιιι,
2599 3404 2654 3473 8,
2685 3403 2740 3478 9)
2765 3422 2780 3472 ;
2809 3413 2866 3460 ut
2885 3403 3134 3460 ostendat
3157 3405 3235 3460 sic
3261 3405 3394 3460 istos
3418 3417 3541 3460 esse
3562 3413 3847 3474 amputan-

2247 3498 2349 3554 dos
2369 3499 2413 3553 si
2438 3513 2544 3552 non
2570 3495 2795 3552 fecerint
2815 3495 3066 3563 fructum,
3090 3503 3148 3550 ut
3173 3510 3279 3550 non
3307 3493 3448 3550 desit
3472 3509 3730 3550 numerus
3755 3494 3846 3564 qui

2251 3591 2545 3663 promissus
2571 3599 2649 3645 est
2674 3588 2902 3645 Abrahm
2925 3606 2941 3645 :
2965 3597 3140 3644 tamen
3167 3589 3404 3658 apertius
3433 3587 3486 3642 in
3518 3585 3845 3658 Apocalypsi

2249 3681 2464 3747 dicitur,
2493 3679 2626 3736 Tene
2663 3680 2799 3752 quod
2837 3680 2988 3735 habes
3009 3720 3026 3748 ,
3065 3695 3128 3734 ne
3167 3681 3302 3735 alius
3347 3679 3566 3750 accipiat
3605 3695 3849 3734 coronam

2253 3785 2388 3830 tuam
2415 3775 2599 3850 (Apoc.
2630 3792 2708 3840 ιιι,
2735 3775 2846 3848 ll).
2871 3774 2929 3832 Si
2957 3775 3100 3830 enim
3129 3774 3266 3830 alius
3286 3789 3391 3830 non
3420 3783 3506 3830 est
3531 3782 3851 3844 accepturus

2254 3868 2354 3924 nisi
2382 3869 2480 3922 iste
2504 3867 2813 3939 perdiderit,
2840 3876 3022 3924 certus
3046 3875 3129 3922 est
3159 3881 3435 3922 numerus.

2324 3959 2414 4015 40.
2444 3959 2597 4028 Quod
2637 3969 2816 4015 autem
2857 3959 3018 4014 etiam
3065 3957 3488 4029 perseveraturis
3529 3957 3730 4014 sanctis
3769 3956 3852 4014 sic

2256 4051 2355 4108 ista
2383 4052 2654 4120 dicuntur,
2680 4051 2833 4123 quasi
2862 4065 2958 4109 eos
2990 4060 3428 4123 perseveraturos
3470 4049 3736 4106 habeatur
3765 4051 3848 4106 in-

2255 4155 2459 4201 certum
2489 4163 2504 4202 :
2533 4160 2638 4200 non
2669 4145 2828 4201 aliter
2855 4143 2972 4200 lucc
3000 4143 3185 4199 audire
3213 4142 3430 4209 debent,
3461 4141 3659 4212 quibus
3687 4155 3852 4210 expe-

2255 4237 2336 4294 dit
2363 4251 2468 4293 non
2495 4237 2658 4291 altum
2688 4250 2898 4306 sapere,
2930 4235 3024 4292 sed
3053 4235 3244 4292 timere
3273 4234 3448 4306 (Rom.
3472 4249 3549 4300 XI,
3572 4231 3691 4304 αθ).
3717 4233 3852 4300 Quis

2257 4329 2401 4385 enim
2427 4345 2490 4383 ex
2515 4328 2856 4384 multitudine
2883 4327 3137 4392 ﬁdelium,
3162 4327 3414 4399 quamdiu
3441 4327 3494 4382 in
3525 4327 3627 4382 hac
3653 4336 3858 4382 morta-

2259 4419 2406 4476 litate
2447 4419 2668 4482 vivitur,
2713 4419 2768 4473 in
2817 4432 3043 4474 numero
3086 4416 3584 4488 prmdestinatorum
3630 4431 3692 4471 se
3732 4430 3856 4470 esse

2258 4510 2586 4584 praesumat?
2606 4510 2739 4580 Quia
2771 4509 2822 4566 id
2845 4509 3102 4566 occultari
3130 4523 3264 4581 opus
3286 4517 3371 4566 est
3395 4508 3448 4564 in
3470 4507 3575 4564 hoc
3600 4508 3740 4574 loco,
3763 4508 3858 4564 ubi

2322 4659 2342 4692 ἰ
2377 4664 2428 4708 ιιι
2449 4663 2520 4717 8.,
2544 4654 2950 4718 insuperabilitcr,
2977 4668 3088 4706 cum
3124 4655 3217 4718 huc
3250 4654 3598 4705 adnotatione:
3633 4671 3657 4701 ι
3679 4662 3861 4718 Αιιιηοι

2261 4726 2358 4792 E_r.,
2379 4715 2781 4792 ὺιρειρηναὺξζξιεν,
2804 4717 3040 4792 ιιιοιιὰρεθ
3061 4729 3118 4792 ac
3137 4717 3542 4792 dissentientibus
3565 4723 3670 4792 Mss.
3696 4733 3720 4760 ι
3747 4715 3860 4792 tile-

2261 4777 2406 4844 rique
2427 4777 2577 4844 igitur
2596 4780 2717 4844 editi
2736 4787 2920 4844 τις-ρξε’).
2947 4778 3128 4844 ferunt,
3171 4777 3581 4844 insuperabiliter.
3617 4779 3692 4844 _sic
3713 4778 3859 4826 etiam

2265 4797 2406 4895 ἮΠΘ
2427 4797 2577 4844 Igitur
2596 4797 2715 4830 eum
2736 4797 2794 4830 ac
2815 4797 2920 4829 MSS.
2947 4797 3128 4840 terunt,
3171 4797 3578 4842 msupertwtuwr.
3618 4797 3692 4827 δια
3713 4797 3859 4826 etiam

2331 4844 2416 4894 itio
2460 4849 2568 4892 Lov.
2611 4843 2721 4890 anni
2767 4836 3037 4904 1577,qu:e
3073 4839 3179 4904 hac
3215 4840 3265 4888 in
3307 4838 3689 4904 nota___subjicit:
3740 4856 3764 4884 ι
3795 4845 3860 4904 ιιι

2271 4926 2294 4955 ι
2316 4913 2453 4955 recte
2489 4904 2793 4964 manuscripti
2815 4899 2988 4964 omnes
3019 4914 3121 4964 pro,
3151 4899 3561 4964 inseparabiliter;
3592 4907 3690 4948 Non
3713 4901 3864 4964 sentit

2271 4987 2295 5018 ι
2316 4975 2480 5018 autem
2499 4961 2791 5028 Augustinus
2807 4963 2993 5014 electos
3011 4961 3038 5011 ιι
3061 4967 3138 5028 via
3157 4961 3291 5013 recta
3305 4961 3552 5012 declinare
3564 4968 3626 5028 _et
3640 4962 3862 5028 superari

2272 5049 2296 5078 α
2318 5043 2346 5078 a
2370 5023 2638 5078 tentatioiie
2673 5039 2768 5074 non
2814 5039 2986 5086 posse;
3022 5024 3112 5074 sed
3136 5033 3234 5075 tam
3257 5031 3506 5086 potentem
3531 5024 3604 5072 eis
3625 5023 3726 5072 dari
3754 5036 3866 5086 gra-

2273 5111 2296 5140 ι
2321 5092 2450 5148 tiam,
2474 5098 2530 5138 ut
2551 5083 2858 5151 quantumvis
2879 5083 3049 5135 inﬁrmi
3084 5093 3136 5136 et
3156 5083 3448 5151 imbetilles,
3472 5083 3867 5151 tameuiiec’de-

2273 5172 2297 5202 ι
2318 5145 2503 5202 cliueut
2527 5145 2620 5200 nec
2638 5156 2930 5211 superentur
2955 5162 2968 5197 :
2996 5155 3050 5196 ut
3073 5160 3167 5197 non
3188 5145 3676 5211 negandapeecandi
3716 5146 3868 5211 impo-

2275 5233 2298 5263 ι
2320 5215 2490 5272 tentia,
2509 5213 2597 5261 sed
2617 5207 2826 5260 eventus
2848 5217 3033 5272 tantum
3047 5207 3376 5272 (signiﬁcetur.
3390 5208 3444 5272 td_
3449 5207 3588 5270 quod
3606 5207 3870 5270 sequentia

2274 5295 2298 5324 α
2318 5266 2487 5324 vet-la
2505 5274 2624 5322 satis
2663 5273 2872 5334 indicant
2895 5286 2909 5322 :
2933 5279 2976 5334 et
3001 5266 3118 5320 ideo
3131 5268 3349 5334 quamvis
3361 5266 3572 5334 inﬁrma,
3593 5266 3696 5318 noti
3713 5274 3870 5334 tamen

2276 5357 2300 5385 α
2322 5335 2549 5398 deﬁceret
2591 5346 2742 5398 neque
2781 5333 3066 5398 adret‘situte
3110 5331 3274 5398 aliqua
3304 5331 3590 5398 parceretur.
3625 5338 3679 5398 at
3704 5331 3866 5398 _in.ra:

2277 5418 2299 5446 ι
2321 5391 2529 5458 infirmis
2552 5391 2773 5458 servavit,
2800 5401 2848 5458 ut
2873 5395 2974 5456 ipso
2996 5391 3200 5458 donante
3217 5392 3523 5458 invictissime
3547 5393 3674 5455 quod
3699 5391 3873 5440 bonum

2277 5479 2300 5509 ι
2321 5454 2390 5510 est
2415 5457 2610 5516 vellent,
2637 5465 2684 5506 ct
2707 5455 2791 5505 hoc
2818 5454 3040 5506 deierare
3076 5455 3380 5506 invictissime
3422 5454 3615 5505 nollent.
3645 5471 3666 5494 ιν
3699 5461 3872 5502 vocem

2268 5519 2652 5574 insuperabililer
2675 5519 2985 5567 nihilominus
3017 5519 3362 5582 espunxiutus,
3379 5525 3547 5580 utpote
3577 5518 3717 5566 novis
3739 5529 3872 5565 crto-

2270 5587 2405 5634 ribus
2425 5585 2688 5632 faventem.
2753 5587 2810 5627 Μ.

2338 5625 2531 5704 ﬁniti:
2541 5625 2719 5692 alii}:
2743 5625 2974 5692 uoluntas.
2999 5643 3162 5704 Abest,
3187 5625 3250 5702 ετ,
3277 5653 3304 5689 a
3329 5647 3434 5689 Mss.

2337 5709 2359 5739 ³
2393 5707 2557 5754 Plures
2584 5713 2704 5760 \tss.,
2741 5710 2808 5752 ut.

2337 5768 2359 5800 δ
2394 5767 2560 5814 tlnres
2591 5772 2716 5828 Μὴ,
2743 5777 2866 5820 απαξ.
2915 5771 2960 5813 tn
2998 5767 3218 5828 proxime
3253 5771 3498 5828 sequente
3537 5773 3682 5813 versu
3717 5760 3874 5819 abest.

2276 5830 2413 5879 homo
2441 5828 2536 5889 Dei,
2567 5840 2590 5874 It
2617 5826 2864 5888 plerisque
2892 5836 2992 5876 \lss.
