4122 6568
298 504 391 560 9i!

297 624 373 678 sic.
399 620 631 677 cavenda
661 629 741 675 est
766 619 949 686 elatio,
976 626 1033 674 ut
1060 616 1218 673 etiam
1244 631 1339 688 per
1368 626 1568 672 satana:
1593 610 1842 682 angelum
1863 646 1880 673 ,

298 730 365 769 ne
422 713 812 785 extolleretur,
880 720 1056 766 tantus
1120 709 1544 780 colaphizaretur
1612 702 1886 775 aposwlus

1719 489 1921 548 LIBER
1962 485 2162 545 UNUS.

3485 487 3590 543 942

2001 600 2111 656 lum
2158 598 2315 655 nullis
2361 598 2514 655 bonis
2538 640 2553 665 ,
2604 597 2700 655 sed
2740 596 2899 653 etiam
2932 597 3115 654 multis
3154 598 3306 654 malis
3333 601 3584 669 cperibm

1996 692 2442 764 praecedentibus,
2476 692 2844 749 misericordia
2870 692 2985 763 ejus
3007 694 3263 763 prmvenit
3294 692 3592 753 hominem.

300 806 363 875 (ll
391 803 510 861 Cor.
537 822 631 873 xu,
654 782 735 876 7).
754 803 889 859 llinc
908 802 1178 873 Apostolis
1199 799 1496 866 dicebatur,
1522 797 1585 853 Si
1605 794 1888 849 manseritis
1936 793 2055 889 gnat
2082 785 2337 841 liberetur
2378 800 2409 839 a
2460 785 2613 840 malis
2632 826 2646 851 ,
2679 792 2731 840 et
2761 800 2881 855 qua:
2926 782 3084 851 fecit,
3128 793 3182 841 et
3209 801 3328 855 quae
3353 785 3591 841 facturus

296 914 348 952 tn
372 914 449 953 me
477 897 655 971 (Joan.
684 912 775 960 xv,
809 896 865 967 7)
897 913 910 949 :
942 894 1153 950 dicente
1180 892 1272 949 illo
1297 891 1386 962 qui
1412 905 1506 946 eos
1536 889 1720 959 utique
1749 886 1889 942 scie-

296 991 388 1048 bat
411 1006 531 1046 esse
561 1004 863 1045 mansuros.
889 987 959 1042 Et
985 1002 1079 1057 per
1107 984 1445 1056 prephetam,
1476 981 1539 1039 Si
1559 980 1820 1037 volueritis
1845 986 1893 1033 et

298 1082 557 1137 audieritis
586 1098 664 1136 me
686 1079 851 1153 (Isai.
875 1095 913 1145 ι,
945 1076 1046 1150 l9)
1073 1096 1086 1131 :
1112 1092 1234 1133 cum
1265 1076 1428 1131 sciret
1455 1074 1569 1146 ipse
1609 1073 1664 1128 in
1702 1070 1894 1142 quibus

299 1184 613 1245 aperaretnr
640 1181 693 1227 et
721 1172 857 1227 velle
886 1169 1147 1242 (Philipp.
1173 1185 1236 1235 tt,
1267 1169 1380 1237 15).
1410 1168 1476 1222 Et
1504 1164 1699 1221 similia
1724 1162 1893 1218 multa

299 1266 567 1320 dicuntur.
600 1264 729 1319 Nam
756 1266 771 1296 ι
801 1272 1021 1334 propter
1058 1261 1220 1331 hujus
1247 1261 1527 1315 utilitatem
1565 1256 1794 1322 secreti,
1828 1270 1896 1310 ne

301 1359 441 1412 forte
468 1358 590 1428 quis
617 1357 926 1422 extollatur,
957 1354 1048 1409 sed
1079 1368 1267 1409 omnes
1296 1352 1455 1407 etiam
1488 1349 1577 1421 qui
1606 1349 1744 1404 bene
1769 1363 1895 1403 cur-

298 1458 423 1503 runt
450 1448 690 1514 timeant,
720 1446 845 1502 dum
873 1445 1141 1501 occultum
1169 1454 1251 1500 est
1276 1443 1365 1514 qui
1394 1441 1709 1513 perveniant
1736 1457 1749 1493 :
1774 1454 1898 1509 pro-

300 1550 423 1609 pter
468 1540 628 1609 hujus
670 1554 798 1609 ergo
847 1538 1129 1592 utilitatem
1179 1535 1374 1591 secreti
1429 1530 1758 1587 credendum
1815 1536 1900 1585 est

299 1631 558 1700 quosdam
588 1630 656 1685 de
682 1629 805 1683 ﬁliis
833 1626 1167 1699 perditionis,
1208 1640 1314 1680 non
1342 1631 1564 1693 accepto
1601 1620 1744 1677 dono
1777 1635 1900 1689 per-

299 1723 581 1780 severandi
611 1738 776 1792 usque
800 1722 850 1775 in
875 1720 1058 1785 linem,
1085 1719 1139 1773 in
1168 1716 1275 1774 ﬁde
1297 1732 1418 1788 qua:
1440 1730 1536 1786 per
1557 1714 1901 1769 dilectionem

301 1823 555 1886 operatur
587 1814 821 1884 incipere
848 1813 1066 1877 vivere,
1116 1818 1170 1866 et
1210 1807 1521 1880 aliquandiu
1567 1806 1797 1862 ﬁdeliter
1838 1819 1904 1860 ac

297 1910 442 1978 jnste
470 1908 678 1972 vivere,
726 1915 780 1961 ct
829 1914 1012 1976 postea
1055 1903 1270 1969 cadere,
1316 1916 1489 1972 neque
1536 1900 1606 1955 de
1649 1898 1753 1955 bac
1795 1897 1903 1953 vita

301 2001 614 2070 priusquam
647 1997 750 2052 hoc
786 1997 867 2054 eis
894 1998 1168 2066 conlingat
1210 1994 1431 2049 auferri.
1462 1993 1700 2062 Quorum
1733 1991 1776 2047 si
1805 2006 1904 2047 ne-

302 2095 436 2150 mini
484 2092 832 2164 contigisset,
884 2089 1090 2145 tamdiu
1142 2088 1405 2144 haberent
1446 2086 1697 2141 homines
1741 2086 1904 2141 istum

306 2185 717 2241 saluberrimum
741 2183 1011 2244 timorem,
1035 2194 1140 2251 quo
1160 2179 1346 2235 vitium
1375 2178 1621 2234 elationis
1640 2177 1904 2247 opprimi-

307 2286 416 2340 tur,
446 2275 616 2330 donec
644 2273 709 2328 ad
736 2264 930 2328 Christi
960 2273 1188 2343 gratiam
1216 2286 1320 2342 qua
1360 2270 1447 2340 pie
1487 2269 1682 2324 vivitur
1710 2283 1904 2338 perve-

304 2368 517 2434 nirent,
555 2365 809 2434 deinceps
832 2365 941 2433 jam
972 2362 1148 2418 securi
1177 2375 1448 2432 nunquam
1479 2374 1539 2416 se
1567 2359 1636 2415 ab
1665 2358 1757 2414 illo
1783 2373 1905 2416 esse

307 2472 551 2515 casuros.
587 2456 718 2524 Qua:
758 2453 1102 2525 przesumptio
1147 2452 1200 2507 in
1248 2452 1350 2507 isto
1394 2449 1749 2506 tentationum
1786 2449 1908 2506 loco

307 2565 418 2606 non
446 2546 689 2617 expedit,
719 2546 807 2602 ubi
836 2554 980 2600 tanta
1018 2552 1103 2599 est
1142 2541 1425 2598 inﬁrmitas
1448 2582 1464 2609 ,
1507 2550 1565 2597 ut
1600 2540 1906 2612 superbiam

311 2641 482 2713 possit
506 2653 764 2710 generare
785 2637 1064 2692 securitas.
1090 2634 1507 2706 Deniqueetiam
1530 2632 1633 2689 hoc
1652 2633 1755 2689 erit
1774 2650 1788 2699 ;
1814 2631 1910 2689 sed

312 2742 465 2800 tunc,
497 2729 637 2802 quod
658 2731 678 2761 ’
704 2729 815 2799 jam
846 2738 927 2783 est
955 2727 1010 2783 in
1037 2727 1275 2797 angelis,
1317 2726 1477 2781 etiam
1520 2725 1573 2780 in
1602 2724 1911 2780 hominibus

307 2824 439 2885 erit,
459 2820 673 2892 quando
698 2821 802 2875 ulla
832 2818 1079 2888 superbia
1109 2833 1231 2874 esse
1259 2831 1369 2873 non
1399 2816 1615 2886 poterit.
1640 2815 1914 2873 Numerus

309 2928 445 2982 ergo
470 2918 777 2966 sanctorum
808 2924 904 2977 per
930 2908 1022 2963 Dei
1047 2908 1276 2980 gratiam
1307 2907 1402 2962 Dei
1428 2922 1596 2978 regno
1633 2906 1915 2979 prtedesti-

311 3012 496 3070 natus,
520 3000 715 3056 donata
734 3000 835 3055 sibi
856 3000 1013 3054 etiam
1038 3014 1203 3070 usque
1228 2999 1278 3053 in
1303 3000 1462 3054 ﬁnem
1487 2999 1911 3071 perseverantia,

312 3095 448 3150 illuc
469 3094 676 3163 integer
706 3091 1047 3162 perducetur,
1066 3099 1121 3146 et
1145 3091 1251 3146 illic
1274 3091 1648 3161 integerrimus
1662 3091 1773 3163 jam
1800 3092 1918 3149 sine

313 3186 425 3240 line
460 3183 801 3240 beatissimus
844 3182 1168 3249 servabitur,
1208 3181 1517 3238 adhaerente
1559 3182 1662 3239 sibi
1704 3183 1920 3240 miseri-

311 3277 505 3335 cotdia
543 3276 834 3332 Salvatoris
873 3274 989 3343 sui,
1039 3276 1152 3333 sive
1193 3290 1315 3331 cum
1360 3283 1766 3345 convertuntur,
1806 3275 1921 3333 sive

311 3386 446 3430 cum
477 3371 805 3444 prriiantur,
833 3369 945 3423 sive
973 3382 1092 3423 cum
1120 3376 1467 3423 coronantur.

395 3467 486 3522 41.
514 3465 645 3521 Nam
667 3472 721 3521 et
748 3473 875 3519 tunc
892 3477 1012 3518 esse
1040 3461 1145 3517 illis
1168 3462 1261 3517 Dei
1289 3460 1709 3518 misericordiam
1735 3475 1923 3517 neces-

311 3558 523 3617 sariam
568 3565 752 3612 sancta
797 3555 1071 3624 Scriptura
1121 3560 1367 3620 testatur,
1417 3551 1506 3608 ubi
1548 3551 1811 3608 sanetus'
1854 3551 1924 3609 de

314 3649 559 3705 Domino
586 3647 702 3703 Deo
726 3661 824 3702 suo
846 3644 868 3678 δ
901 3645 1033 3701 dicit
1061 3643 1253 3698 anima:
1278 3658 1410 3711 sum,
1438 3642 1538 3709 Qui
1559 3652 1770 3698 coronat
1794 3652 1843 3699 te
1870 3643 1924 3698 in

311 3742 650 3798 miseratione
681 3748 726 3794 et
749 3736 1093 3793 misericordia
1121 3736 1139 3805 (
1163 3733 1309 3789 Psal.
1338 3749 1433 3802 cu,
1463 3735 1499 3790 4
1523 3734 1563 3806 ).
1586 3734 1727 3789 Dicit
1759 3733 1925 3790 etiam

309 3834 560 3892 Iacobus
588 3830 880 3902 apostolus,
912 3826 946 3883 Ι
953 3828 1177 3882 udicium
1201 3826 1310 3882 sine
1346 3825 1693 3880 misericordia
1728 3824 1809 3880 illi
1836 3831 1927 3897 qut

313 3942 434 3981 non
481 3924 600 3995 fecit
630 3920 1032 3976 misericordiam
1061 3916 1273 3992 (Jacobi
1303 3932 1361 3983 tt,
1388 3915 1487 3988 15)
1517 3934 1533 3972 :
1560 3914 1650 3972 ubi
1691 3916 1927 3974 ostendit

311 4018 494 4074 etiam
524 4014 579 4069 in
608 4012 699 4068 illo
723 4011 947 4083 judicio,
974 4011 1025 4065 in
1053 4025 1159 4081 quo
1180 4009 1312 4080 justi
1334 4017 1680 4076 coronantur,
1708 4008 1926 4080 injusti-

309 4122 436 4178 quc
479 4105 818 4168 damnantur,
866 4102 1001 4156 alios
1046 4116 1168 4156 cum
1217 4098 1618 4167 misericordia,
1646 4100 1783 4156 alios
1812 4101 1929 4158 sine

310 4195 701 4255 misericordia
736 4192 1075 4264 jutlieandos.
1118 4192 1345 4261 Propter
1380 4190 1521 4262 quod
1565 4192 1725 4246 etiam
1755 4201 1930 4248 mater

307 4286 757 4345 Machabmorum
778 4284 886 4338 (ilio
910 4297 1010 4340 suo
1033 4281 1180 4345 dicit,
1203 4280 1269 4338 Ut
1292 4283 1346 4336 in
1365 4283 1457 4337 illa
1474 4281 1795 4337 miseratione
1812 4298 1928 4337 cum

308 4379 580 4458 fratribus
605 4388 652 4432 te
673 4379 914 4447 recipiam
936 4375 999 4448 (ιι
1028 4374 1267 4430 Macltab.
1290 4390 1387 4439 vu,
1409 4372 1524 4448 29).
1546 4372 1673 4431 Cum
1688 4375 1820 4430 enim
1839 4391 1930 4430 rea:

298 4475 503 4546 justus
523 4512 538 4536 ,
571 4469 707 4524 sicut
738 4468 993 4537 scriptum
1019 4473 1136 4532 est,
1173 4464 1354 4520 sederit
1387 4463 1444 4519 in
1471 4465 1682 4532 throno,
1711 4481 1814 4521 non
1835 4465 1931 4519 ad-

304 4560 613 4618 versabitur
630 4567 746 4613 ante
768 4574 882 4611 eum
906 4573 1054 4612 ontne
1086 4556 1298 4609 malum.
1334 4555 1461 4623 Quis
1498 4555 1803 4627 gloriabitur
1838 4572 1929 4610 ca-

305 4665 470 4711 stum
494 4669 548 4709 se
572 4652 755 4717 habere
772 4651 897 4705 cor?
920 4658 1008 4703 aut
1027 4648 1140 4720 quis
1162 4648 1463 4720 gloriabitur
1487 4648 1731 4703 utendum
1752 4665 1807 4703 se
1824 4665 1932 4704 esse

300 4770 345 4805 a
381 4757 598 4820 peccato
615 4744 795 4819 (Prov.
818 4760 910 4809 xx,
930 4743 985 4811 8,
1003 4742 1058 4807 9,
1082 4758 1182 4797 sec.
1201 4739 1410 4811 LXX)?
1430 4741 1509 4796 Ac
1530 4756 1626 4811 per
1645 4740 1749 4797 hoc
1767 4742 1926 4798 etiam

303 4841 403 4897 ibi
435 4839 527 4896 Dei
559 4835 923 4893 misericordia
968 4831 1266 4890 necessaria
1305 4840 1423 4897 est,
1450 4847 1553 4903 qua
1584 4830 1645 4888 lit
1666 4833 1687 4865 ⁸
1718 4832 1927 4899 beatus,

298 4932 419 4989 cui
455 4943 561 4983 non
589 4927 869 4997 imputavit
893 4924 1154 4982 Dominus
1178 4931 1455 4993 peccatum
1483 4921 1655 4995 (Psal.
1676 4939 1824 4988 χιιι,
1844 4923 1927 4985 2).

301 5020 444 5080 Sed
475 5029 602 5075 tunc
631 5032 727 5089 pro
756 5017 1019 5074 bonorum
1054 5029 1278 5086 operum
1310 5013 1515 5069 meritis
1538 5011 1688 5083 justo
1726 5011 1930 5082 judicio

1995 875 2170 933 fuerat
2206 876 2306 931 nisi
2340 876 2433 931 Dei
2475 876 2646 949 gratia
2691 877 3031 948 regeretur‘,
3074 886 3129 932 ct
3174 893 3294 948 qua:
3338 893 3592 948 passurus

1996 966 2167 1024 iuerat
2196 969 2249 1025 in
2280 979 2539 1026 :eternum
2571 970 2671 1026 nisi
2693 979 3023 1026 erueretura
3052 980 3316 1041 potestate
3346 975 3564 1027 tenebra

1998 1075 2138 1122 rum,
2166 1070 2219 1115 et
2250 1059 2633 1117 transferretur
2672 1061 2725 1116 in
2766 1076 2989 1132 regnum
3023 1061 3143 1116 Filii
3175 1062 3454 1118 eharitatis
3495 1063 3588 1119 Dei

2003 1149 2218 1223 (Caloss.
2252 1167 2289 1217 ι,
2325 1151 2431 1223 15).
2464 1151 2840 1207 Verumtamen
2866 1152 2989 1222 quia
3010 1161 3065 1207 et
3091 1153 3205 1222 ipsa
3233 1154 3338 1207 vita
3366 1162 3589 1214 :rterna,

1944 1242 1947 1245 ’
1999 1259 2159 1315 quam
2198 1253 2401 1299 certum
2448 1254 2531 1299 ea
2573 1243 2728 1299 bonis
2775 1244 3028 1313 operibus
3070 1243 3305 1299 debitam
3352 1243 3524 1310 reddi,
3557 1259 3590 1299 a

2002 1348 2150 1397 tanto
2173 1342 2430 1413 Apostolo
2453 1339 2623 1412 gratia
2652 1340 2743 1394 Dei
2774 1339 2968 1395 dicitur
2993 1338 3016 1414 (
3031 1338 3187 1393 Rom.
3215 1338 3438 1412 “,25),
3466 1354 3590 1395 cum

2000 1433 2169 1504 gratia
2196 1449 2301 1487 non
2329 1433 2583 1503 operibus
2609 1432 2883 1499 reddatur,
2914 1431 3011 1487 sed
3045 1432 3213 1502 gratis
3253 1432 3443 1498 detur;
3475 1434 3595 1490 sine

2004 1524 2107 1579 ulla
2135 1523 2467 1581 dubitatione
2494 1523 2861 1580 confitendum
2887 1535 3008 1589 est,
3037 1523 3160 1579 ideo
3180 1509 3405 1595 gratiam
3433 1526 3597 1580 vitam

2002 1625 2259 1675 aeternam
2291 1616 2491 1682 vocari,
2523 1615 2643 1686 quia
2674 1615 2757 1669 his
2787 1616 2994 1671 meritis
3024 1615 3286 1682 redditur,
3320 1632 3444 1685 qua:
3468 1632 3593 1687 gra-

2005 1710 2078 1764 tia
2100 1709 2327 1763 contulit
2354 1707 2578 1763 homini.
2602 1708 2766 1764 Recte
2786 1708 2982 1779 quippe
3003 1708 3116 1778 ipsa
3145 1708 3460 1778 intelligitur
3479 1725 3600 1778 quas

2008 1802 2061 1856 in
2088 1801 2377 1872 Evangelio
2406 1801 2594 1873 legitur
2612 1803 2655 1866 ³,
2687 1800 2867 1858 Gratia
2893 1817 2989 1872 pro
3014 1803 3181 1872 gratia
3209 1801 3387 1876 (Joan.
3418 1819 3456 1869 ι,
3483 1803 3601 1875 16).

2007 1893 2060 1950 id
2088 1902 2189 1958 est,
2218 1908 2317 1964 pro
2348 1893 2431 1948 his
2457 1893 2664 1949 meritis
2688 1908 2806 1964 qua:
2834 1893 3066 1949 contulit
3085 1896 3273 1964 gratia.

2077 1984 2171 2041 42.
2194 1984 2259 2040 lli
2283 2000 2410 2039 vero
2436 1984 2525 2054 qui
2550 2000 2659 2039 non
2690 1985 2956 2054 pertinent
2980 1983 3045 2038 ad
3075 1984 3219 2041 hunc
3242 1987 3564 2058 prrcdestina
3581 2016 3599 2029 -

2010 2086 2185 2133 torum
2219 2093 2499 2133 numerum
2519 2118 2535 2144 ,
2561 2092 2697 2148 quos
2728 2076 2822 2132 Dei
2871 2075 3039 2146 gratia
3069 2075 3184 2132 sive
3227 2077 3463 2134 nomium
3508 2080 3602 2133 ba-

2009 2171 2201 2229 bentes
2238 2172 2404 2226 ullum
2436 2171 2663 2228 liberum
2692 2186 2805 2226 suae
2842 2170 3130 2226 voluntatis
3158 2171 3459 2239 arbitrium,
3490 2174 3603 2228 sive

2009 2278 2132 2319 cum
2175 2262 2399 2319 arbitrio
2446 2263 2758 2328 voluntatis,
2787 2262 2907 2318 ideo
2943 2278 3067 2318 vere
3105 2262 3273 2318 libero
3297 2305 3311 2330 ,
3344 2264 3467 2335 quia
3509 2281 3606 2335 per

2011 2352 2183 2424 ipsam
2208 2352 2435 2425 gratiam
2466 2352 2712 2420 liberato,
2740 2352 2983 2423 perducit
3010 2352 3074 2408 ad
3105 2368 3326 2423 regnutn
3355 2371 3369 2411 :
3394 2354 3447 2408 hi
3475 2370 3605 2425 ergo

2011 2447 2101 2519 qui
2139 2463 2246 2503 non
2274 2448 2544 2518 pertinent
2580 2445 2647 2502 ad
2678 2446 2837 2501 istum
2874 2446 3230 2503 certissimum
3273 2458 3327 2503 et
3366 2447 3604 2503 felicissi—

2015 2556 2164 2596 mum
2208 2555 2528 2605 numerum,
2573 2554 2673 2610 pro
2722 2539 2928 2595 meritis
2962 2539 3258 2611 iustissime
3280 2541 3608 2613 judicantur.

2018 2634 2127 2690 Aut
2143 2634 2286 2690 enim
2292 2633 2497 2713 Jacent
2515 2632 2614 2689 sub
2643 2640 2865 2703 peccato
2883 2673 2898 2693 .
2922 2632 3064 2702 quod
3091 2632 3421 2703 originaliter
3445 2648 3612 2703 geneo

2013 2725 2261 2782 ratione'
2293 2732 2607 2791 traxerunt,
2654 2732 2710 2780 et
2755 2739 2879 2779 cum
2909 2724 3003 2779 illo
3048 2723 3387 2781 ltmrcditario
3433 2726 3612 2781 debito

2016 2817 2142 2874 hinc
2167 2826 2384 2885 exeunt,
2415 2816 2557 2888 quod
2597 2831 2704 2872 non
2741 2824 2826 2872 est
2863 2817 3268 2887 regeneratione
3296 2818 3610 2881 dimissum;

2017 2919 2110 2967 aut
2136 2926 2234 2982 per
2268 2910 2501 2967 liberum
2552 2908 2832 2965 arbitrium
2868 2909 2970 2963 alia
3001 2909 3220 2980 insuper
3246 2910 3563 2966 addiderunt
3594 2931 3613 2970 :

2019 3002 2322 3069 arbitrium,
2360 3001 2597 3073 inquam,
2630 3000 2879 3069 liberum,
2903 2999 2996 3055 sed
3019 3016 3125 3056 non
3152 3001 3460 3068 liberatum;
3485 3002 3615 3059 libe-

2021 3110 2138 3151 rum
2168 3094 2413 3165 justitite,
2453 3094 2657 3163 peccati
2688 3101 2867 3148 autem
2906 3106 3120 3148 servum
3143 3134 3158 3159 ,
3194 3110 3299 3164 quo
3331 3095 3616 3149 volvuntur

2022 3201 2121 3258 per
2144 3186 2385 3242 diversas
2410 3185 2598 3242 noxias
2616 3184 2956 3255 cupiditates,
2975 3184 3064 3239 alii
3091 3186 3280 3257 magis,
3303 3186 3391 3242 alii
3413 3189 3612 3252 minus;

2024 3278 2119 3337 sed
2148 3293 2338 3335 omnes
2366 3278 2514 3342 mali,
2542 3286 2598 3333 et
2634 3292 2733 3349 pro
2762 3278 2875 3348 ipsa
2902 3277 3208 3333 diversitate
3236 3279 3465 3335 diversis
3493 3295 3619 3351 Stip-

2024 3372 2199 3443 pliciis
2221 3369 2515 3443 judicandi.
2538 3370 2646 3425 Aut
2664 3368 2886 3440 gratiam
2910 3370 3002 3425 Dei
3029 3372 3341 3441 suscipiunt,
3366 3373 3459 3427 sed
3482 3381 3620 3428 tem-

2025 3464 2239 3537 porales
2263 3471 2407 3530 sunt,
2435 3478 2535 3519 nec
2564 3473 2937 3533 perseverant;
2962 3462 3249 3518 deserunt‘
3281 3474 3337 3520 et
3361 3463 3619 3521 deseruit.

2028 3567 2136 3615 tur.
2167 3557 2382 3614 Dimissi
2419 3557 2561 3613 enim
2605 3565 2726 3611 sunt
2756 3555 2923 3610 libero
2965 3555 3219 3622 arbitrio,
3251 3572 3357 3612 non
3400 3569 3618 3629 accepto

2029 3650 2441 3725 perseverantiae
2466 3648 2630 3715 dono,
2657 3647 2859 3718 judicio
2890 3647 2982 3702 Dei
3004 3646 3151 3716 justo
3179 3656 3233 3703 et
3256 3649 3486 3704 occulto.

2103 3742 2329 3803 CAPUT
2367 3740 2509 3799 XIV.
2552 3771 2622 3784 -—
2659 3741 2750 3797 45.
2792 3741 3071 3795 Patiautur
3106 3756 3236 3811 ergo
3274 3742 3520 3798 homines
3559 3757 3620 3800 se

2031 3838 2231 3909 corripi
2251 3834 2465 3908 quando
2490 3842 2739 3905 peccant,
2772 3847 2875 3888 nec
2895 3832 2963 3887 de
2986 3832 3098 3902 ipsa
3130 3834 3469 3906 correptione
3490 3850 3623 3890 con-

2033 3940 2112 3990 tra
2139 3930 2362 4002 gratiam
2384 3934 2847 3999 argumentemur,
2879 3940 2978 3981 nec
3005 3925 3072 3982 de
3099 3927 3266 3996 gratia
3289 3937 3473 3984 contra
3499 3944 3619 3985 cor-

2033 4022 2333 4095 reptionem
2358 4037 2373 4074 :
2403 4020 2526 4091 quia
2546 4028 2602 4077 et
2629 4017 2831 4090 peccati
2848 4017 2992 4087 justa
3019 4033 3175 4089 ptena
3205 4018 3447 4089 debetur,
3475 4030 3530 4077 et
3553 4023 3620 4077 ad

2034 4115 2203 4185 ipsam
2221 4111 2453 4183 pertinet
2465 4111 2608 4180 justa
2630 4108 2917 4179 correptio,
2933 4124 3053 4179 quae
3070 4108 3459 4167 medicinaliter
3471 4112 3624 4169 adhi-

2033 4206 2212 4271 betur,
2245 4201 2454 4258 etiamsi
2482 4201 2630 4258 salus
2669 4199 2980 4270 aegrotantis
3019 4199 3221 4255 incerta
3256 4210 3375 4256 est:
3408 4212 3464 4258 ut
3502 4204 3547 4259 si
3580 4206 3625 4259 is

2033 4295 2123 4368 qui
2141 4293 2448 4364 corripitur,
2464 4291 2530 4348 ad
2549 4290 3047 4363 praedestinatorum
3070 4306 3349 4348 numerum
3373 4295 3620 4364 pertinet.

2034 4387 2101 4443 sit
2125 4388 2174 4443 ei
2200 4384 2471 4455 correptio
2495 4382 2711 4439 salubre
2733 4381 3212 4448 medicamentum;
3239 4385 3284 4438 si
3313 4395 3489 4441 autem
3516 4402 3622 4442 non

2034 4478 2287 4551 pertinet,
2309 4475 2380 4532 sit
2404 4474 2452 4530 ei
2483 4474 2752 4543 correptio
2776 4473 2988 4543 ptenale
3016 4482 3357 4530 tormentum.
3387 4476 3497 4532 Sub
3521 4478 3624 4533 isto

2034 4584 2164 4640 ergo
2192 4569 2399 4623 incerto
2428 4581 2496 4620 ex
2523 4563 2786 4621 eharitate
2810 4561 3114 4619 adhibenda
3142 4573 3243 4629 eet,
3275 4566 3425 4635 cujus
3452 4569 3625 4623 exitus

2042 4661 2351 4731 ignoratur;
2384 4665 2439 4717 et
2468 4670 2564 4727 pro
2602 4655 2695 4711 illo
2718 4654 2803 4712 cui
2833 4654 3135 4720 adhibetur,
3167 4656 3429 4710 orandum
3460 4666 3541 4712 est
3570 4667 3626 4711 ut

2036 4759 2277 4807 sanetur.
2321 4740 2456 4802 Cum
2499 4754 2679 4802 autem
2725 4743 2971 4800 homines
3009 4758 3106 4814 per
3145 4745 3539 4815 correptionetn
3570 4746 3624 4802 in

2037 4843 2175 4896 viam
2210 4836 2433 4910 justitiae
2456 4851 2551 4892 seu
2582 4835 2804 4891 veniunt
2824 4849 2917 4889 seu
2948 4843 3316 4901 revertuntur,
3347 4838 3468 4908 quis
3495 4853 3627 4908 ope-

2038 4944 2185 4995 ratur
2220 4932 2273 4987 in
2301 4928 2553 4986 cordibus
2578 4942 2765 4982 eorum
2796 4926 3057 4991 salutem,
3086 4925 3190 4981 nisi
3219 4926 3309 4982 ille
3334 4928 3424 4998 qui
3450 4931 3627 4998 quoli-

2039 5027 2130 5084 bet
2156 5025 2429 5097 plantante
2465 5029 2625 5092 atque
2660 5021 2901 5091 rigante,
2937 5027 2992 5074 et
3019 5018 3262 5089 quolibet
3301 5020 3351 5076 in
3377 5022 3519 5093 agris
3542 5023 3628 5080 vel

293 5116 499 5172 ctiam
529 5110 643 5180 ipsa
667 5106 1033 5164 misericttrdia
1062 5106 1345 5162 tribuetur.
1369 5104 1505 5159 Cum
1533 5105 1677 5161 enim
1706 5104 1924 5172 dicitur,

293 5206 340 5261 ,1
350 5203 602 5258 udicium
631 5206 741 5258 sine
767 5198 1116 5253 misericordia
1143 5196 1222 5251 illi
1245 5198 1334 5267 qui
1363 5212 1466 5250 non
1497 5196 1615 5268 fecit
1644 5196 1930 5250 misericor-

290 5297 511 5357 diam;
537 5289 910 5348 manifestatur
934 5288 988 5344 in
1019 5289 1102 5344 his
1124 5287 1180 5343 in
1208 5286 1401 5359 quibus
1426 5286 1767 5343 inveniuntur
1790 5286 1929 5345 bona

288 5401 502 5459 opera
530 5380 934 5449 misericordiae,
957 5379 1215 5451 judicium
1241 5394 1362 5435 cum
1388 5378 1754 5439 misericordia
1779 5378 1929 5447 ﬁeri;

291 5495 383 5536 ac
428 5491 531 5547 per
558 5473 662 5530 hoc
689 5473 853 5528 etiam
882 5472 1052 5542 ipsam
1079 5469 1501 5527 misericordiam
1535 5470 1742 5526 meritis
1766 5469 1935 5526 bono—

285 5584 458 5630 rum
482 5579 707 5638 operum
728 5562 899 5622 reddi.
925 5561 1044 5618 Non
1065 5561 1143 5617 sic
1171 5569 1254 5618 est
1284 5575 1448 5627 nunc,
1477 5565 1693 5632 quando
1713 5574 1819 5617 non
1845 5575 1933 5616 so-

2039 5116 2331 5176 arbustulis
2354 5122 2612 5185 operante
2651 5111 2743 5167 dat
2780 5111 3168 5166 incrementum
3203 5111 3378 5179 Deus;
3411 5114 3496 5170 cui
3536 5128 3642 5170 νοου

2039 5212 2168 5269 lenti
2208 5210 2411 5266 salvum
2446 5206 2628 5261 facere
2664 5202 2870 5258 nullum
2901 5201 3179 5258 hominum
3200 5203 3220 5234 ⁵
3250 5203 3451 5261 resistit
3483 5206 3631 5261 arbi-

2039 5304 2199 5361 trium
2216 5300 2241 5356 i
2258 5299 2349 5358 Sic
2375 5298 2518 5355 enim
2544 5294 2683 5352 velle
2702 5309 2796 5350 seu
2826 5292 2971 5383 nolle
2996 5292 3047 5349 in
3074 5293 3305 5349 volentis
3323 5305 3413 5351 aut
3437 5297 3597 5355 noleu
3616 5328 3634 5345 ο

2041 5397 2110 5452 tis
2137 5405 2219 5449 est
2257 5398 2550 5463 potestate,
2580 5397 2639 5444 ut
2678 5388 2915 5443 divinam
2946 5387 3275 5446 voluntatem
3322 5405 3425 5447 non
3460 5391 3629 5463 impe-

2040 5488 2171 5551 diat.
2197 5499 2297 5542 nec
2324 5493 2540 5554 superet
2562 5489 2904 5553 potestatem.
2936 5479 3107 5536 Etiam
3131 5480 3153 5512 ⁸
3178 5480 3245 5537 de
3270 5481 3351 5539 his
3377 5483 3518 5539 enim
3542 5487 3633 5556 qui

2040 5577 2241 5635 faciunt
2260 5591 2379 5648 qua:
2408 5590 2516 5629 non
2543 5574 2674 5639 vult,
2700 5573 2821 5627 facit
2849 5571 2965 5644 ipse
2991 5588 3109 5645 quae
3135 5573 3267 5629 vnit.

2105 5713 2121 5743 ³
2157 5705 2230 5760 Sic
2250 5719 2427 5757 novem
2446 5712 2554 5755 Mss.
2578 5703 2698 5755 [aditi
2722 5715 2860 5764 vero,
2885 5710 3270 5766 τίθενται-ερατ.

2056 5804 2059 5807 -
2104 5773 2125 5805 ²
2161 5780 2259 5819 Itin.
2281 5776 2355 5818 Er.
2377 5775 2431 5818 et
2453 5766 2620 5831 plures
2644 5775 2771 5831 Mss,
2794 5778 2905 5829 quae
2917 5765 3077 5831 gratia
3097 5765 3149 5818 in
3167 5765 3435 5831 Emam-lio.

2105 5835 2127 5867 ³
2158 5833 2293 5887 Editi,
2315 5828 2707 5893 degenerath.
2727 5828 2891 5889 Abest,
2917 5828 2995 5887 dc,
3018 5841 3043 5876 a
3067 5836 3171 5877 less.

2103 5896 2125 5926 δ
2158 5903 2260 5945 nuo
2279 5891 2408 5950 tussi;
2431 5892 2517 5943 sed
2540 5891 2780 5943 mutarunt.

2106 5959 2127 5991 ³
2161 5954 2262 6004 Sola
2289 5955 2435 6005 editio
2463 5960 2593 6009 Lov.,
2616 5953 2831 6002 hominis.

2107 6020 2127 6048 °
2154 6015 2296 6073 Ειιω.
2328 6025 2394 6068 m
2412 6017 2484 6066 Itis
2507 6016 2650 6065 man.
2674 6028 2865 6075 iniussa,
2898 6012 3059 6071 €ii.:m,
3100 6014 3226 6075 quod
3255 6022 3413 6064 exstat
3444 6013 3492 6064 it~
3518 6021 3622 6064 atas.

376 5728 399 5758 ι
462 5733 560 5771 sm.
587 5727 638 5770 et
659 5726 735 5768 Br.
754 5719 1000 5775 omittunt,
1030 5724 1168 5768 Nom.
1192 5715 1383 5766 Habent
1403 5716 1555 5766 nostri
1576 5722 1683 5767 Mss.

372 5789 403 5819 ³
456 5780 676 5832 Mmtulli
699 5787 828 5840 Mss...
851 5780 937 5832 sed
955 5786 1088 5840 tunc,
1110 5776 1304 5836 quando
1324 5775 1468 5840 quod.

372 5856 404 5882 ο
455 5845 593 5895 Editi.
621 5841 704 5892 ubi
722 5836 916 5905 sanctus
938 5836 1501 5905 narid._ttbest,_barid,
1525 5850 1553 5887 a
1578 5845 1702 5905 Mss,
1920 5900 1927 5905 ι
1953 5854 2003 5904 ;_

370 5914 401 5940 δ
456 5906 624 5955 ιἰιειυυδ
644 5912 770 5964 Mss,
793 5904 855 5955 de
880 5903 1078 5954 Domino
1097 5898 1218 5951 dicit
1242 5897 1419 5950 mm
1439 5911 1542 5951 sate
1569 5912 1587 5950 :
1611 5902 1807 5962 animo;
1826 5900 1933 5951 Μ

278 5986 423 6067 sui?"
458 6038 556 6075 Am.
584 6034 657 6076 Er.
688 6036 733 6076 ct
758 6026 931 6087 aliquot
961 6035 1045 6074 \Iss
1069 6060 1080 6077 .
1105 6023 1201 6082 fit.
1239 6031 1340 6077 ῐὶυο
1368 6033 1454 6074 uss
1478 6058 1489 6069 .
1521 6024 1616 6074 fiat.
