4098 6516
649 426 750 482 9εὸ

718 517 807 573 ω.
853 515 915 571 Et
943 514 1082 587 quod
1120 514 1374 586 scriptum
1397 524 1500 578 est,
1524 514 1663 586 quod
1689 516 1792 569 vult
1817 531 1987 569 omnes
2012 515 2236 568 homines

648 610 815 663 salvos
840 609 949 677 ﬁeri
977 609 1017 681 (l
1048 607 1178 663 Tim.
1196 624 1254 675 st,
1278 608 1359 680 4),
1383 623 1489 663 nec
1515 618 1690 663 tamen
1717 623 1902 663 omnes
1925 608 2055 662 salvi
2084 609 2235 669 liunt,

650 702 832 758 multis
855 701 1068 771 quidem
1084 700 1259 755 modis
1283 699 1501 770 intelligi
1527 709 1716 769 potest,
1745 714 1807 754 ex
1839 698 2096 769 quibusin
2123 697 2241 753 aliis

650 794 922 863 opusculis
938 793 1135 847 nostris
1159 792 1362 860 aliquos
1382 792 1918 846 commemoravimus
1943 787 2237 863 (Enclu'rid.

651 902 765 954 cap.
795 885 932 950 105;
957 883 1134 939 lib.‘3'2
1155 884 1218 938 de
1243 883 1388 938 Civil.
1413 881 1528 945 Dei,
1557 899 1707 952 capp.
1740 883 1764 937 l
1794 881 1921 945 etﬁ;
1946 899 2119 951 δαῖτα,
2150 882 2237 935 lib.

650 977 684 1030 4
713 986 891 1030 contra
916 976 1139 1039 Iuliam,
1167 993 1279 1047 cap.
1310 975 1343 1030 8
1370 1017 1384 1041 ,
1413 974 1535 1045 etc.)
1569 992 1581 1028 :
1609 974 1703 1030 sed
1733 974 1816 1028 hic
1848 990 2008 1027 unum
2039 974 2234 1028 dicam.

651 1068 722 1122 lta
751 1070 949 1123 dictum
980 1078 1080 1132 est,
1116 1067 1302 1123 Omnes
1328 1068 1554 1121 homines
1584 1067 1686 1121 vult
1717 1068 1884 1120 salvos
1914 1068 2044 1135 ﬁeri,
2079 1076 2133 1121 ut
2154 1067 2241 1120 in-

651 1162 954 1230 telligantur
995 1176 1182 1215 omnes
1239 1160 1632 1231 przedestinati;
1686 1160 1805 1229 quia
1859 1175 2019 1215 omne
2072 1175 2240 1229 genus

652 1255 924 1309 hominum
953 1255 1004 1309 in
1032 1256 1111 1309 eis
1135 1264 1234 1308 est.
1263 1254 1413 1309 Sicut
1438 1256 1633 1308 dictum
1657 1262 1734 1307 est
1760 1253 2061 1313 Pltat-ismis,
2087 1253 2241 1306 Deci-

649 1349 800 1402 matis
824 1364 970 1401 onme
995 1349 1104 1401 olus
1127 1346 1272 1414 (Luc.
1306 1363 1380 1410 Xl,
1408 1346 1499 1417 49.)
1527 1364 1539 1399 :
1573 1346 1658 1399 tthi
1691 1361 1794 1399 non
1821 1355 1901 1399 est
1937 1346 2241 1414 intelligen-

647 1440 775 1494 dum
821 1441 921 1494 nisi
952 1456 1110 1493 omne
1139 1440 1279 1509 quod
1331 1438 1627 1501 habebant;
1676 1453 1853 1507 neque
1897 1439 2038 1491 enim
2082 1453 2241 1490 omne

648 1532 769 1585 olus
805 1531 944 1602 quod
988 1540 1103 1585 erat
1146 1533 1196 1585 in
1234 1540 1343 1586 toto
1383 1541 1647 1586 terrarum
1701 1532 1832 1585 orbe
1881 1530 2237 1585 decimabant.

646 1621 948 1679 Secundum
980 1623 1137 1677 istum
1177 1622 1461 1677 locutionis
1491 1622 1704 1676 modum
1734 1622 1932 1677 dictum
1961 1630 2063 1687 est,
2094 1621 2241 1675 Sicut

646 1724 695 1768 et
715 1729 804 1785 ego
830 1714 1059 1769 omnibus
1087 1730 1174 1782 per
1217 1714 1385 1767 omnia
1409 1716 1583 1783 placeo
1615 1713 1653 1785 (I
1683 1712 1800 1767 Cor.
1832 1729 1898 1779 χ,
1930 1713 2040 1785 53).
2070 1712 2239 1768 Num-

644 1804 771 1873 quid
801 1805 943 1859 euim
973 1808 1062 1874 qui
1109 1803 1210 1859 hoc
1252 1804 1419 1869 divit,
1465 1805 1705 1873 placebat
1735 1803 1893 1859 etiam
1924 1814 2028 1858 tam
2061 1805 2239 1858 multis

592 1914 595 1917 ·
646 1895 1078 1963 persecutoribus
1109 1895 1255 1949 suis?
1285 1894 1388 1950 Sed
1417 1894 1662 1965 placebat
1689 1897 1830 1949 omni
1855 1895 2037 1964 generi
2064 1895 2236 1949 homi-

645 2002 796 2052 num,
821 1984 960 2058 quod
991 1987 1185 2042 Christi
1210 1988 1569 2058 congregabat
1598 1987 1853 2054 Ecclesia,
1886 1988 1998 2043 sive
2018 1989 2126 2059 jam
2152 1988 2235 2042 in-

644 2086 733 2132 tus
764 2081 969 2148 positis,
996 2080 1108 2134 sive
1132 2079 1535 2133 introdueendis
1565 2080 1616 2133 in
1645 2095 1785 2135 eam.

715 2171 807 2226 45.
847 2170 963 2226 Non
991 2179 1075 2225 est
1102 2172 1278 2242 itaque
1310 2171 1684 2236 dubitandum,
1719 2172 1974 2226 voluntati
2004 2172 2114 2237 Dei,
2147 2176 2237 2243 qui

643 2263 698 2315 in
748 2263 887 2317 cmlo
934 2271 989 2317 et
1037 2262 1089 2316 in
1136 2272 1275 2316 terra
1321 2263 1499 2316 omnia
1544 2277 1889 2332 quacumque
1919 2264 2083 2317 voluit
2114 2263 2238 2318 fecit

648 2353 668 2421 (
695 2352 839 2407 Psal.
871 2368 1096 2421 cxxxrv,
1126 2352 1223 2425 6),
1254 2362 1308 2409 et
1333 2356 1422 2424 qui
1452 2354 1613 2408 etiam
1645 2355 1730 2408 illa
1769 2371 1885 2425 qua:
1914 2356 2083 2409 l’otura
2114 2365 2237 2410 sunt

646 2445 772 2500 fecit
802 2444 952 2513 (lsai.
988 2461 1109 2509 xcv,
1140 2462 1238 2500 sec.
1281 2444 1469 2515 LXX),
1516 2445 1779 2500 httman'rs
1803 2446 2104 2500 voluntates
2130 2463 2234 2499 non

645 2550 806 2603 posse
856 2537 1148 2599 resistere,
1197 2536 1482 2604 quominus
1526 2534 1683 2589 faciat
1725 2536 1837 2607 ipse
1880 2536 2022 2607 quod
2065 2538 2176 2591 vult
2218 2554 2232 2590 :

645 2627 1077 2698 quandoquidem
1104 2629 1263 2682 etiam
1292 2628 1360 2683 de
1391 2628 1517 2696 ipsis
1550 2628 1822 2683 hominum
1854 2629 2232 2691 voluntatibus,

648 2720 793 2789 quod
826 2721 970 2784 vult,
1000 2735 1123 2775 cum
1166 2720 1309 2785 vult,
1344 2719 1489 2774 facit.
1524 2720 1632 2774 Nisi
1662 2719 1803 2776 forte
1835 2725 1935 2791 (ut
1958 2738 2024 2775 ex
2054 2723 2235 2776 multis

646 2813 823 2882 aliqua
853 2812 1308 2884 commemorem)
1335 2811 1548 2881 quando
1579 2812 1721 2866 Deus
1752 2814 1918 2868 voluit
1962 2814 2107 2869 Sauli
2152 2829 2238 2870 re-

643 2920 805 2972 gnum
836 2904 985 2970 dare,
1010 2904 1084 2959 sic
1110 2913 1227 2960 erat
1253 2905 1301 2957 in
1330 2913 1598 2975 potestate
1624 2903 1976 2959 lsraelitarum
2006 2905 2235 2961 subdere

644 3010 703 3049 se
748 3005 1041 3050 memorato
1067 2997 1199 3057 viro,
1244 2994 1356 3049 sive
1386 3009 1489 3049 non
1519 2995 1766 3061 subdere,
1805 2998 1944 3066 quod
1973 2998 2153 3068 utique
2182 2998 2233 3051 in

644 3101 831 3141 eorum
855 3094 970 3141 erat
998 3087 1229 3157 positum
1263 3086 1560 3149 voluntate,
1592 3093 1647 3139 ut
1673 3087 1833 3141 etiam
1865 3088 1971 3142 Deo
1999 3088 2233 3143 valerent

648 3181 922 3235 resistere.
956 3180 1059 3247 Qui
1086 3189 1269 3235 tamen
1287 3178 1387 3234 hoc
1417 3194 1521 3233 non
1563 3178 1708 3243 fecit,
1737 3179 1838 3233 nisi
1868 3194 1964 3249 per
1992 3182 2231 3250 ipsorum

644 3273 921 3327 hominum
949 3273 1284 3336 voluntates,
1314 3272 1429 3327 sine
1456 3272 1620 3326 dubio
1648 3271 1851 3326 habens
1882 3272 2233 3327 humanorum

642 3367 885 3422 eordium
912 3382 1017 3437 quo
1044 3366 1279 3437 placeret
1320 3363 1745 3420 inclinandorum
1773 3366 2235 3435 omnipotentissi-

645 3475 788 3515 mum
836 3467 1175 3528 potestatem.
1216 3458 1305 3513 Sic
1335 3458 1476 3511 enim
1508 3457 1765 3527 scriptum
1793 3467 1908 3524 est,
1948 3456 2017 3510 Et
2046 3457 2237 3512 dimisit

646 3550 861 3607 Samuel
898 3552 1165 3622 papulum,
1192 3559 1242 3605 et
1264 3550 1387 3604 abiit
1414 3551 1755 3620 unusquisque
1778 3551 1830 3604 in
1859 3550 2024 3605 locum
2053 3567 2235 3615 suum:

642 3657 690 3699 el
719 3645 849 3700 Saiil
876 3645 996 3698 abiit
1021 3646 1073 3698 in
1103 3644 1308 3699 domum
1336 3660 1480 3699 suam
1504 3644 1556 3697 in
1588 3643 1801 3708 Gabaa;
1822 3653 1868 3697 et
1896 3643 2125 3697 abierunt
2146 3662 2237 3715 po-

643 3747 799 3792 tentes
825 3752 1038 3807 quorum
1070 3735 1225 3805 tetigit
1255 3734 1503 3789 Dominus
1526 3735 1683 3789 corda
1706 3751 1820 3787 cum
1843 3732 2021 3790 Satile.
2052 3735 2116 3789 Et
2142 3737 2237 3804 ﬁlii

645 3825 929 3894 pestilentes
962 3825 1198 3881 dixerunt
1226 3840 1244 3879 :
1276 3826 1401 3892 Quis
1426 3826 1635 3881 salvabit
1660 3827 1788 3881 nos?
1810 3826 1892 3878 hic
1914 3824 1971 3878 ιι
1993 3824 2059 3879 Et
2091 3826 2239 3881 inlic-

644 3927 946 3974 noraverunt
974 3936 1107 3983 eum,
1132 3928 1178 3973 et
1196 3936 1298 3973 non
1323 3920 1599 3975 attulerunt
1622 3918 1669 3973 ei
1698 3935 1907 3971 munera
1931 3919 1984 3989 (l
2019 3917 2147 3990 Reg.
2179 3936 2232 3986 ι,

646 4012 856 4082 25-27).
888 4010 1150 4081 Numquid
1172 4010 1362 4081 aliquis
1382 4010 1621 4065 dicturus
1640 4019 1743 4072 est,
1764 4024 1868 4064 non
1889 4010 2080 4065 iturum
2106 4011 2235 4065 [uiso

649 4120 710 4159 se
740 4119 859 4158 cum
884 4097 1033 4167 Baﬁl,
1061 4117 1384 4173 quemquam
1416 4116 1635 4167 eorum,
1665 4116 1890 4171 quorum
1915 4101 2084 4172 tetigit
2111 4116 2235 4155 eor-

648 4197 714 4249 da
751 4195 1002 4251 Dominus
1033 4206 1091 4250 ut
1121 4196 1257 4249 irent
1282 4210 1401 4248 eum
1433 4194 1559 4257 illo;
1599 4203 1692 4247 aut
1730 4194 1835 4247 isse
1872 4195 2100 4265 aliquem
2139 4208 2235 4265 pe-

648 4289 962 4355 stilentium,
987 4303 1214 4356 quorum
1243 4296 1299 4340 ut
1320 4286 1421 4341 hoc
1445 4285 1681 4341 facerent
1704 4286 1864 4342 corda
1893 4303 1997 4341 non
2030 4288 2239 4358 tetigit?

647 4384 780 4435 ltem
822 4382 890 4436 de
936 4380 1124 4446 David,
1151 4394 1310 4450 quem
1350 4378 1604 4433 Dominus
1634 4378 1686 4433 in
1726 4394 1946 4449 regnum
1986 4394 2235 4435 successu

650 4474 988 4545 prosperiore
1012 4472 1312 4537 constituit.
1339 4472 1411 4529 ita
1440 4473 1639 4543 legitur
1668 4489 1682 4526 :
1717 4472 1783 4527 Et
1811 4473 2096 4526 ambulabat
2124 4472 2235 4525 Da-

651 4567 734 4619 onl
768 4564 1056 4635 proﬁciens,
1078 4574 1143 4617 .et
1169 4564 1609 4635 magniﬁcabatur,
1637 4574 1685 4617 et
1723 4563 1973 4617 Dominus
1990 4573 2098 4618 erat
2125 4581 2239 4618 cum

653 4659 741 4710 illo
764 4657 807 4726 (ι
844 4655 967 4709 Par.
1000 4669 1078 4721 ιι,
1103 4653 1183 4727 9).
1218 4653 1330 4709 Hoc
1354 4668 1474 4708 eum
1500 4654 1831 4723 prtemissum
1854 4651 2061 4717 fuisset,
2080 4654 2241 4723 paulo

657 4758 775 4822 post
799 4748 997 4803 dictum
1030 4757 1113 4803 est
1141 4766 1156 4803 :
1188 4745 1253 4800 Et
1279 4744 1504 4815 Spiritus
1534 4744 1702 4798 induit
1729 4745 1937 4799 Amasai
1962 4745 2242 4814 principem

653 4844 911 4913 triginta”,
936 4851 980 4894 et
1007 4840 1135 4894 dixit
1159 4853 1177 4894 :
1198 4836 1296 4892 Tui
1323 4852 1516 4901 sumus,
1540 4853 1569 4887 ο
1596 4834 1781 4899 David,
1801 4844 1849 4889 et
1872 4844 2030 4891 tecum
2061 4834 2241 4906 futuri,

657 4939 731 5006 ﬁli
749 4937 769 4970 ³
804 4938 965 4991 Jesse.
1002 4935 1146 4998 Pax,
1171 4949 1273 5003 pax
1307 4933 1414 4992 tibi,
1439 4941 1484 4985 et
1512 4948 1613 5002 prta:
1636 4931 1954 5001 adjutoribus
1972 4931 2092 4994 tuis,
2124 4930 2243 4999 quia

657 5026 939 5082 mu'iliatus
955 5038 1026 5081 est
1051 5026 1137 5079 tibi
1159 5024 1315 5079 Deus.
1346 5022 1610 5092 Numquid
1641 5023 1739 5076 iste
1769 5032 1947 5091 posset
1969 5020 2239 5076 adversari

658 5121 917 5175 voluntati
945 5120 1059 5187 Dei,
1093 5128 1146 5174 et
1186 5132 1289 5173 non
1327 5118 1501 5188 potius
1533 5115 1649 5185 ejus
1679 5114 1853 5169 facere
1882 5113 2247 5180 voluntatem,

658 5217 746 5285 qui
791 5215 843 5268 in
886 5213 1004 5282 ejus
1026 5212 1191 5271 corde
1238 5219 1490 5280 operatus
1525 5217 1607 5262 est
1648 5224 1744 5277 per
1786 5207 2040 5276 Spiritum
2088 5220 2242 5258 suum

661 5324 766 5377 quo
795 5308 1009 5362 indutus
1038 5314 1121 5361 est
1141 5347 1155 5371 ,
1193 5314 1249 5358 ιιι
1280 5306 1382 5381 hoc
1408 5301 1603 5367 vellet,
1633 5303 1855 5364 diceret,
1888 5309 1941 5351 et
1973 5296 2247 5353 faceret“?

664 5400 791 5453 ltetu
828 5396 982 5466 paulo
1013 5405 1131 5466 post
1166 5396 1239 5449 sit
1270 5394 1454 5450 eadem
1496 5393 1768 5461 Scriptura
1809 5412 1820 5445 :
1857 5390 2043 5441 ()mnes
2072 5390 2124 5442 lii
2151 5390 2245 5444 viri

727 5612 741 5640 ¹
779 5610 851 5657 sic
871 5614 978 5657 Mss.
1011 5607 1150 5679 juxta
1341 5607 1521 5679 Anam;
1541 5609 1633 5662 Er.,
1660 5610 1776 5650 Num
1797 5596 1993 5648 salt'abit
2019 5610 2103 5647 nos
2126 5594 2204 5647 hic
2226 5594 2251 5647 .’

664 5678 794 5730 t.ov.,
822 5663 1521 5734 .\‘umqu_idsalvab;tnos/lic?
1647 5727 1657 5734 Δ
1694 5722 1704 5733 ,
1745 5723 1753 5730 θ
1794 5730 1803 5734 _
1871 5721 1985 5734 -Ν

726 5737 746 5765 ί
763 5719 829 5781 ⁷ἱιι
847 5719 971 5786 MSS...
994 5731 1149 5781 induit
1174 5727 1333 5778 Sutrini
1356 5727 1478 5789 prim
1494 5725 1616 5785 ipem
1641 5722 1852 5784 t‘ig’nta.
1871 5721 1985 5768 Etliti
2009 5719 2248 5780 ferebant,

668 5808 929 5855 prominent
950 5794 1078 5855 inter
1097 5791 1311 5855 triginta.
1332 5791 1495 5855 abest,
1520 5789 1663 5843 inter,
1688 5799 1714 5833 a
1740 5792 1846 5832 L.\.\
1872 5792 1924 5833 et
1946 5796 1971 5831 a
1994 5791 2095 5830 atss.

732 5861 749 5889 ³
784 5851 855 5905 Er.
893 5863 1020 5913 t.ov.,
1046 5853 1136 5913 ﬁlii
1160 5851 1181 5902 ’ἐ
1207 5851 1455 5913 mendose.

728 5917 749 5951 ⁵
1518 5925 1561 5963 et
1585 5910 1761 5967 facere.
1787 5908 2087 5963 Sorbouicus,
2112 5890 2246 5955 uellet

3336 318 3343 343 ι

1290 421 1376 478 DE
1414 420 1892 479 CORREPTIONE
1932 421 2021 477 ET
2059 419 2337 487 GRATIA,
2381 419 2438 477 S.
2482 421 2846 488 AUGUSTlNl
2888 424 3088 485 LIBER
3127 429 3326 489 UNUS.
3803 447 3882 505 θη

2350 513 2640 580 bellatores,
2677 517 2945 589 dirigentes
2981 522 3139 577 aciem
3179 525 3330 579 corde
3365 527 3574 599 paciﬁca
3612 547 3823 592 venerunt
3845 544 3883 593 is

2351 602 2578 672 Hebron,
2607 616 2659 659 ut
2687 610 3041 665 constituerent
3084 612 3249 667 Darid
3279 632 3432 687 super
3452 636 3639 675 omnem
3665 623 3809 681 Israel
3843 636 3854 689 l
3870 632 3884 685 Ι

2353 694 2479 751 f’ar.
2520 712 2613 764 xu,
2648 699 2733 762 l8,
2775 699 2891 771 38).
2931 701 3035 757 Sua
3082 705 3354 763 voluntate
3395 712 3573 781 utique,
3617 714 3695 768 iSIi
3723 723 3885 773 consli-

2349 795 2563 844 ttterunt
2586 807 2763 861 regem
2795 794 2977 849 David.
3010 796 3140 864 Quis
3176 814 3281 854 non
3321 801 3530 857 videat?
3554 809 3667 875 quis
3693 808 3780 863 hoc
3808 829 3883 865 nc-

2346 884 2469 953 gct‘!
2499 884 2610 939 Non
2645 888 2785 941 enim
2833 888 2933 944 hoe
2974 906 3076 944 non
3106 907 3169 946 ex
3201 894 3378 949 animo
3400 937 3415 959 ,
3456 908 3543 951 aut
3570 915 3668 953 non
3695 917 3751 955 ex
3776 903 3882 960 bon:

2348 976 2615 1033 voluntate
2672 979 2962 1045 fecerunt,
3017 984 3156 1053 quod
3222 984 3511 1042 fecerunt'
3560 993 3710 1048 corde
3770 998 3883 1064 paci»

2350 1068 2450 1121 lico
2480 1086 2492 1122 :
2521 1079 2574 1125 et
2602 1080 2778 1126 tamen
2808 1072 2908 1128 hoc
2936 1074 2986 1128 in
3021 1077 3097 1129 eis
3126 1079 3249 1147 egit,
3280 1079 3370 1148 qui
3400 1085 3449 1133 in
3476 1082 3716 1139 cordibus
3738 1085 3883 1141 homi-

2346 1175 2471 1213 num
2498 1163 2636 1231 quod
2673 1165 2899 1219 voluerit
2928 1178 3197 1235 operatur.
3242 1169 3463 1239 Propter
3492 1175 3625 1242 quod
3666 1180 3881 1246 pra-misit

2347 1252 2639 1322 Scriptura,
2669 1255 2733 1309 Et
2760 1258 3051 1312 ambulabat
3080 1258 3243 1313 David
3270 1263 3570 1332 proﬁciens,
3611 1278 3653 1319 et
3678 1271 3875 1338 magni/i-

2346 1345 2576 1412 cabatur,
2605 1357 2651 1401 et
2683 1346 2932 1402 Dominus
2967 1351 3280 1419 omnipotens
3307 1363 3414 1406 erat
3446 1371 3556 1408 cum
3586 1357 3687 1410 illo.
3724 1362 3789 1412 Ac
3811 1376 3885 1429 per

2347 1436 2447 1490 hoc
2480 1437 2735 1491 Dominus
2761 1441 3103 1510 omnipotens
3144 1444 3231 1512 qui
3262 1439 3523 1500 erat‘cum
3555 1449 3641 1502 illo
3662 1492 3676 1513 ,
3702 1451 3877 1508 adduxit

2349 1527 2479 1582 istos
2508 1537 2561 1582 ιιι
2592 1545 2711 1584 cum
2743 1547 2919 1600 regem
2942 1534 3349 1588 constituerent.
3384 1537 3442 1590 Et
3465 1540 3717 1608 quomodo
3744 1545 3877 1598 addu-

2346 1621 2455 1673 xit?
2487 1623 2741 1692 numquid
2766 1626 3138 1693 corporalibus
3170 1627 3289 1680 ullis
3311 1628 3534 1683 vinculis
3555 1632 3795 1702 alligavit?
3817 1637 3875 1687 lt:-

2347 1721 2429 1764 tus
2457 1714 2582 1781 egit,
2606 1715 2763 1768 corda
2795 1716 2979 1775 tenuit,
3021 1717 3183 1771 corda
3213 1719 3397 1784 movit,
3425 1736 3621 1793 eosque
3642 1725 3875 1779 voluntati-

2347 1803 2445 1858 ltus
2476 1821 2660 1861 eorum
2680 1851 2693 1872 ,
2722 1824 2853 1878 quas
2886 1809 2998 1877 ipse
3026 1809 3075 1862 itt
3114 1810 3221 1863 illis
3250 1820 3502 1881 operatus
3539 1824 3635 1877 est,
3664 1816 3814 1870 traxit.
3833 1816 3873 1868 Si

2341 1908 2469 1963 ergo
2510 1910 2630 1950 cum
2671 1897 2900 1951 voluerit
2930 1913 3083 1967 reges
3128 1900 3178 1953 in
3214 1908 3353 1954 terra
3398 1901 3537 1956 Dens
3570 1907 3870 1964 constituere,

2348 1987 2515 2056 magis
2558 1988 2715 2041 habet
2745 1987 2795 2042 in
2837 1996 3102 2059 potestate
3128 1990 3427 2046 voluntates
3458 1993 3713 2047 hominum
3748 2012 3870 2064 quam

2346 2078 2442 2147 ipsi
2473 2096 2629 2143 snas;
2659 2082 2777 2150 quis
2805 2082 2942 2135 alios
2964 2080 3088 2135 facit
3114 2092 3169 2136 ιιι
3201 2082 3432 2138 salubris
3457 2086 3521 2138 sit
3548 2087 3807 2155 correptio,
3832 2098 3870 2140 et

2342 2170 2431 2221 ﬁat
2460 2171 2510 2223 in
2540 2172 2771 2240 correpti
2799 2171 2961 2227 corde
3002 2174 3284 2239 correctio,
3318 2181 3374 2237 ut
3401 2176 3602 2230 cmlesti
3625 2179 3869 2235 constitua-

2342 2269 2426 2313 tur
2455 2262 2505 2313 in
2537 2262 2742 2331 regno?

2412 2353 2638 2407 CAPUT
2678 2353 2793 2408 XV.
2827 2385 2896 2395 -ο
2924 2354 3013 2410 46.
3056 2355 3427 2428 Corripiantur
3458 2359 3626 2430 itaque
3650 2376 3675 2416 a
3706 2376 3867 2432 μιτρο-

2340 2444 2456 2498 sitis
2494 2445 2603 2497 suis
2642 2445 2838 2499 subditi
2870 2445 3061 2502 fratres
3109 2450 3540 2519 correptionibus
3568 2452 3632 2507 de
3658 2453 3865 2509 charitate

2339 2538 2710 2604 venientibus,
2754 2554 2852 2609 pro
2890 2544 3166 2610 culparum
3209 2544 3523 2601 diversitate
3561 2547 3779 2612 diversis,
3805 2548 3864 2601 vel

2339 2630 2653 2695 minoribus,
2683 2632 2766 2685 vel
2793 2632 3159 2701 amplioribus.
3192 2635 3322 2702 Quia
3344 2646 3397 2689 et
3422 2638 3530 2706 ipsa
3561 2638 3862 2708 qumdamua-

2341 2721 2414 2774 tio
2452 2723 2787 2788 nominatur,
2820 2738 2977 2794 quam
3010 2723 3135 2779 facit
3163 2728 3468 2798 episcopale
3501 2728 3759 2799 judicium,
3784 2744 3858 2798 qua

2340 2826 2494 2880 poma
2547 2813 2598 2866 in
2647 2813 2883 2869 Ecclesia
2936 2815 3081 2869 nulla
3126 2817 3295 2885 major
3322 2826 3436 2880 est,
3479 2828 3672 2889 potest,
3698 2821 3734 2873 si
3762 2820 3863 2873 Deus

2338 2904 2589 2968 voluerit,
2612 2904 2671 2957 in
2694 2906 3087 2975 correptionetn
3120 2908 3524 2964 saluberrimam
3550 2914 3723 2967 cedere
3744 2921 3862 2979 :thtte.

2337 2997 2616 3066 prolicere.
2639 2996 2822 3067 Neque
2844 3001 2985 3053 enim
3010 3000 3207 3054 scimus
3226 3002 3349 3071 quid
3380 3004 3647 3073 contingat
3674 3003 3860 3072 sequetui

2337 3088 2454 3152 die;
2478 3099 2569 3143 aut
2592 3099 2715 3145 ante
2738 3089 2893 3146 linem
2920 3091 3042 3145 vita:
3066 3092 3221 3161 hujus
3246 3092 3312 3148 de
3340 3093 3521 3165 aliquo
3539 3094 3861 3165 desperandum

2338 3186 2447 3242 est;
2476 3189 2566 3233 aut
2589 3181 2881 3235 contradici
2913 3181 3021 3236 Deo
3044 3191 3237 3250 potest.
3268 3200 3333 3239 ne
3360 3186 3605 3255 respiciat
3628 3196 3674 3240 et
3687 3185 3758 3237 del
3782 3197 3860 3252 pm-

2338 3270 2613 3323 niteutiam
2637 3311 2652 3333 ,
2694 3279 2748 3324 et
2794 3281 3013 3342 accepto
3042 3273 3301 3326 sacriﬁcio
3327 3276 3548 3344 spiritus
3589 3276 3858 3329 contribulati

2338 3362 2620 3432 eordisqtte
2651 3364 2865 3419 contriti
2894 3380 2922 3418 a
2954 3374 3102 3419 reatu
3127 3367 3373 3436 quamvis
3394 3367 3551 3437 justzc
3576 3366 3863 3422 damnationis

2338 3454 2607 3520 absolvat,
2648 3454 3059 3526 damnatumque
3100 3458 3215 3525 ipse
3244 3474 3347 3511 non
3374 3462 3605 3513 damnet.
3633 3455 3860 3513 Pastoralis

2338 3556 2516 3604 tamen
2552 3551 2842 3604 necessitas
2871 3549 3024 3603 habet
3046 3591 3061 3616 ,
3107 3565 3172 3605 ne
3216 3566 3310 3619 per
3341 3550 3520 3621 plures
3555 3558 3745 3620 serpant
3777 3547 3858 3601 dira

2338 3642 2604 3712 contagia,
2634 3656 2883 3711 separare
2902 3643 2969 3697 ab
2989 3642 3177 3696 ovibus
3197 3644 3339 3697 sanis
3366 3644 3651 3699 morbidam
3675 3662 3686 3697 :
3706 3642 3761 3693 ab
3778 3639 3856 3696 illo.

2339 3735 2423 3788 cui
2454 3734 2584 3788 nihil
2606 3743 2688 3789 est
2716 3734 3064 3803 impossibile,
3096 3734 3206 3803 ipsa
3236 3734 3460 3789 forsitan
3485 3735 3855 3804 separatione.“-

2342 3816 2591 3879 nandam’.
2625 3825 2933 3880 Nescientes
2961 3827 3101 3879 enim
3132 3826 3251 3895 quis
3278 3829 3538 3895 pertineat
3565 3826 3626 3880 ad
3648 3822 3859 3894 pra-deni.

2341 3926 2585 3970 n-ttorum
2618 3932 2916 3978 numerum.
2952 3917 3069 3987 quis
3100 3932 3202 3971 non
3234 3919 3529 3987 pertineat;
3557 3918 3629 3972 sic
3655 3914 3766 3968 allici
3789 3910 3856 3962 de-

2340 4007 2529 4062 bemus
2543 4007 2814 4061 charilatis
2830 4006 3041 4070 allecto,
3063 4018 3119 4061 ut
3137 4022 3323 4062 omnes
3348 4011 3569 4063 velimus
3594 4009 3743 4061 Salvos
3760 4001 3856 4055 fieri-

2342 4098 2456 4177 lloc
2480 4100 2675 4169 quippe
2708 4099 2791 4164 lit,
2823 4114 2943 4153 cum
2967 4101 3203 4169 singulos
3242 4115 3503 4171 quosque,
3527 4111 3580 4154 ut
3598 4093 3858 4153 occurrerint

2341 4206 2461 4247 cum
2488 4193 2681 4263 quibus
2703 4192 2752 4246 id
2779 4208 2939 4263 agere
2963 4193 3256 4259 valeamus,
3281 4192 3345 4247 ad
3370 4193 3471 4248 hoc
3493 4205 3725 4248 conamur
3739 4183 3859 4240 addu-

2341 4283 2504 4349 dere,
2545 4293 2602 4337 ut
2622 4281 2892 4352 jttstilicati
2936 4297 3001 4339 ex
3031 4283 3132 4339 llde
3177 4299 3358 4354 pacem
3403 4284 3623 4338 habeant
3659 4278 3714 4333 ad
3737 4278 3857 4331 Deum

2300 4381 2310 4392 '
2343 4374 2521 4445 (Rom.
2548 4391 2601 4442 v,
2631 4374 2683 4443 1)
2714 4390 2727 4427 :
2759 4390 2916 4445 quam
2942 4375 3261 4445 przedicabat
3290 4376 3450 4430 etiam
3478 4372 3750 4445 Apostolus.
3771 4378 3856 4420 cunt

2342 4465 2574 4527 dicebat,
2605 4463 2712 4519 Pro
2738 4466 2936 4519 Christo
2960 4481 3079 4536 ergo
3113 4466 3361 4537 legatione
3386 4466 3655 4537 fungimur,
3679 4468 3857 4526 tanquam

2345 4556 2453 4612 Deo
2480 4559 2777 4611 exhortante
2797 4573 2885 4627 per
2906 4572 3034 4611 nos:
3063 4560 3378 4610 obsecramus
3403 4572 3496 4627 pro
3516 4555 3713 4613 Christo,
3732 4555 3858 4601 ιε’ῖοπ·

2346 4648 2511 4701 ciliari
2540 4646 2648 4701 Deo
2681 4646 2747 4711 (11
2781 4646 2901 4703 Cor.
2933 4662 2984 4711 v,
3012 4644 3126 4719 20).
3156 4646 3292 4715 Quid
3319 4655 3402 4701 est
3427 4646 3566 4701 enim
3593 4645 3636 4699 ei
3673 4636 3855 4696 reconci-

2347 4738 2487 4803 liari,
2511 4738 2610 4792 nisi
2653 4753 2835 4809 pacem
2861 4738 2926 4791 ad
2958 4738 3101 4792 illum
3132 4737 3363 4791 habere?
3392 4736 3616 4805 Propter
3642 4743 3771 4802 quam
3795 4738 3857 4794 ω-

2348 4845 2465 4883 ecm
2492 4828 2651 4883 etiam
2681 4828 2794 4897 ipse
2834 4828 3089 4882 Dominus
3120 4827 3279 4883 Iesus
3304 4827 3435 4881 dixit
3473 4824 3724 4895 discipulis
3746 4816 3854 4872 suis:

2350 4918 2415 4973 In
2444 4935 2809 4989 quamcumque
2847 4919 3050 4973 domum
3092 4919 3429 4985 intraveritis,
3478 4918 3683 4989 primum
3720 4907 3855 4963 dicite.

2351 5010 2469 5065 Paa:
2495 5011 2610 5065 huic
2633 5011 2807 5064 domui
2832 5026 2851 5064 :
2876 5020 2926 5063 et-
2950 5011 2995 5064 si
3023 5010 3092 5063 ibi
3118 5011 3269 5081 fuerit
3299 5008 3437 5077 ﬁlius
3472 5007 3626 5076 pacis,
3653 5000 3860 5071 requiat”

2350 5118 2504 5171 super
2541 5102 2687 5154 illum
2725 5117 2828 5171 pax
2865 5109 3063 5165 vestra;
3106 5101 3183 5153 sin
3226 5111 3412 5161 autem,
3447 5098 3514 5151 ad
3552 5112 3633 5150 vos
3655 5093 3861 5147 remitti"

2352 5193 2527 5265 (Luc.
2564 5211 2620 5259 x,
2650 5194 2703 5258 5,
2735 5194 2833 5264 6).
2880 5194 3013 5246 Cum
3057 5192 3190 5245 hanc
3230 5192 3586 5259 evangelizant
3625 5194 3793 5255 pacem.
3817 5173 3862 5270 ἀς

2353 5289 2544 5359 quibus
2568 5287 2877 5358 prardictum
2905 5294 3005 5347 est,
3042 5285 3206 5349 Quam
3243 5283 3455 5353 speciosi
3483 5281 3625 5351 pedes
3650 5278 3859 5359 eorum

2353 5380 2654 5433 anmtnliunt
2686 5392 2879 5447 pacem,
2909 5377 2996 5446 qui
3015 5376 3316 5429 annuntiant
3348 5376 3474 5427 bona
3502 5371 3657 5444 (Isai.
3688 5381 3758 5424 ut.
3783 5353 3859 5420 7)!

2354 5471 2511 5529 nobis
2538 5469 2750 5539 quidem
2799 5477 2922 5521 tunc
2960 5467 3145 5534 incipit
3173 5482 3292 5519 esse,
3328 5465 3547 5532 quisque
3584 5460 3708 5511 [ilius
3733 5457 3861 5539 ρπξξ·
3940 5524 3941 5539 1

2354 5578 2475 5617 cum
2503 5532 2765 5617 obedierit
2791 5568 2845 5612 et
2870 5532 3157 5612 crediderit
3184 5556 3307 5611 huic
3330 5553 3629 5623 Evangelia,
3657 5556 3702 5601 et
3719 5558 3769 5595 ex
3792 5532 3859 5588 fttle
3938 5624 3939 5637 χ

2358 5780 2556 5832 diceret.
2595 5776 2731 5827 vellet
2774 5782 2819 5827 et
2859 5776 3039 5839 faceret
3065 5787 3082 5825 :
3107 5773 3229 5823 forte
3260 5785 3360 5835 pro,
3387 5767 3525 5820 tellet
3561 5763 3733 5818 dicere,
3769 5748 3860 5801 NW

2357 5850 2400 5907 ﬂ
2426 5848 2646 5958 (dfligi;
2673 5914 2768 5949 uno
2794 5901 3013 5974 φύσειηο
3037 5906 3115 5946 \zs.
3142 5896 3369 5954 addimus,
3395 5888 3521 5953 quod
3542 5889 3748 5949 ποίησαι

3973 3962 3975 4021 l

3971 4058 3973 4115 l

3969 4126 3971 4207 l

3962 4400 3965 4485 l

3962 4498 3963 4579 l

3960 4620 3961 4671 t

3945 5148 3949 5321 ί

3925 6076 3929 6249 (
