4098 6510
295 439 404 499 945

293 547 616 620 instillatus
663 557 846 616 pacem
873 541 939 598 ad
971 541 1135 597 Deum
1165 537 1362 592 habere
1391 533 1613 604 coeperit
1647 550 1659 585 :
1691 543 1884 584 secun-

303 619 428 700 dum
465 649 643 693 autem
679 633 1198 707 pra‘destinationcm
1247 629 1376 695 Dei,
1420 627 1528 698 jam
1566 623 1701 678 (ilius
1748 619 1891 690 meis

301 740 436 789 erat.
461 729 641 800 Neque
661 728 803 782 enim
830 726 1030 781 dictum
1061 731 1164 789 est,
1195 721 1368 792 Super
1389 733 1544 787 quem
1572 712 1895 785 requieverit

305 840 404 896 pax
437 833 633 887 vestra,
667 819 758 874 lict
785 819 921 872 titius
949 817 1091 888 pacis
1121 833 1134 870 :
1165 813 1280 879 sed,
1313 813 1372 869 Si
1401 811 1470 866 ibi
1499 809 1670 880 fuerit,
1703 806 1892 876 inquit,

305 915 443 983 ﬁlius
478 913 638 984 pacis,
668 913 938 976 requiescet
961 923 1112 976 super
1143 905 1286 960 illam
1313 901 1554 958 domum‘
1584 915 1685 969 pas:
1710 908 1892 952 vestra.

305 1007 420 1062 lam
455 1021 582 1076 ergo
603 1015 653 1056 et
677 1012 960 1072 antequam
993 999 1066 1053 illi
1097 997 1504 1053 annuntiaretur
1527 993 1642 1048 haec
1666 1005 1794 1062 pax,
1839 987 1899 1042 li-

309 1107 407 1153 ttus
440 1097 583 1166 pacis
609 1094 678 1148 ibi
705 1102 841 1158 erat,
870 1092 1007 1148 sicut
1028 1105 1147 1144 cum
1178 1095 1396 1142 noverat
1417 1095 1573 1156 atque
1597 1081 1902 1152 l‘raescierat

309 1203 414 1242 non
442 1185 788 1254 evangelista,
823 1181 917 1236 sed
951 1182 1112 1236 Deus.
1141 1178 1220 1234 Ad
1249 1192 1346 1232 nos
1371 1190 1498 1247 ergo
1525 1174 1613 1244 qui
1635 1171 1901 1228 nescimus

311 1280 556 1350 quisnam
581 1277 652 1332 sit
681 1276 818 1330 (ilius
855 1275 1020 1346 pacis,
1050 1280 1140 1328 aut
1176 1287 1280 1326 non
1308 1271 1396 1332 sit,
1437 1271 1666 1339 pertinet
1691 1264 1892 1320 nullum

314 1379 595 1440 exceptum
641 1367 848 1432 facere,
887 1367 1198 1436 nullumque
1237 1363 1576 1425 discernere;
1624 1358 1717 1434 sed
1765 1357 1902 1413 velle

315 1478 502 1518 omnes
537 1461 714 1515 salvos
744 1459 855 1516 ﬁeri
879 1501 894 1526 ,
935 1459 1128 1530 quibus
1157 1457 1507 1528 praedicamus
1534 1454 1670 1508 lianc
1691 1467 1901 1524 pacem.

317 1555 500 1625 Neque
528 1557 670 1608 enim
701 1551 1045 1608 metuendum
1072 1559 1150 1606 est
1177 1567 1243 1604 ne
1275 1547 1560 1619 perdamus
1584 1561 1724 1611 eam,
1753 1542 1796 1597 si
1820 1542 1908 1597 ille

317 1649 401 1703 cui
431 1647 796 1718 praedicamus,
829 1659 936 1699 non
957 1654 1038 1698 est
1065 1641 1206 1698 ﬁlius
1235 1641 1398 1712 pacis,
1430 1637 1792 1710 ignorantibus
1814 1651 1910 1690 no-

319 1741 400 1794 bis
430 1757 444 1794 :
477 1738 541 1790 ad
579 1753 674 1791 nos
703 1736 845 1790 enim
887 1743 1207 1797 revertetur,
1250 1732 1300 1786 id
1341 1739 1458 1798 est,
1491 1728 1644 1783 nobis
1673 1725 1912 1798 proderit

229 1856 233 1860 -
319 1832 415 1885 ista
449 1827 757 1900 prredicatio
778 1867 792 1890 ,
822 1842 928 1881 non
965 1834 1018 1880 et
1057 1825 1168 1890 illi;
1199 1824 1245 1878 si
1276 1832 1452 1876 autem
1479 1833 1640 1891 super
1661 1833 1780 1874 eum
1810 1831 1908 1888 pax

322 1921 605 1995 pmnlicata
631 1917 974 1990 requieverit,
1003 1926 1054 1973 el
1079 1916 1254 1979 nobis,
1287 1925 1340 1970 et
1367 1915 1462 1970 illi.

389 2015 478 2069 47.
507 2013 640 2082 Quia
673 2027 803 2084 ergo
833 2025 932 2066 nos
971 2009 1061 2082 qui
1089 2009 1219 2064 salvi
1249 2007 1408 2064 futuri
1437 2008 1544 2062 sint
1574 2005 1876 2060 nescientes
1896 2045 1909 2066 ,

317 2121 508 2162 omnes
555 2107 748 2177 quibus
795 2103 1146 2176 praedicamus
1184 2101 1323 2157 hanc
1365 2115 1550 2171 pacem
1593 2097 1770 2153 salvos
1798 2094 1915 2150 ﬁeri

322 2199 456 2254 velle
487 2199 622 2252 Dl‘llS
651 2199 836 2268 jubet,
867 2207 922 2254 ct
946 2197 1060 2268 ipse
1087 2197 1138 2251 in
1183 2195 1338 2251 nobis
1367 2193 1469 2248 hoc
1497 2200 1748 2264 operatur
1769 2231 1784 2256 ,
1815 2187 1920 2244 dif-

285 2288 594 2349 .l‘unden.lo
631 2292 788 2346 istam
835 2287 1150 2344 cltaritatem
1197 2287 1251 2341 in
1296 2284 1548 2341 cordibus
1591 2282 1792 2338 nostris
1823 2297 1918 2351 per

326 2380 580 2450 Spiritum
611 2389 851 2436 sanctum
897 2380 985 2451 qui
1013 2377 1171 2434 datus
1200 2387 1282 2434 est
1325 2377 1477 2432 nobis
1505 2373 1684 2447 (Rom.
1723 2389 1780 2440 ν,
1813 2373 1866 2444 5)
1898 2387 1914 2426 :

327 2482 502 2542 potest
542 2474 702 2529 etiam
733 2473 810 2528 sic
848 2471 1111 2542 intelligi,
1143 2469 1285 2542 quod
1331 2483 1500 2522 onmes
1527 2467 1752 2520 homines
1780 2463 1919 2518 Deus

325 2565 430 2619 vult
458 2567 622 2620 salvos
653 2565 765 2633 ﬁeri
781 2581 801 2632 ;
837 2565 1090 2635 quoniam
1120 2577 1220 2617 nos
1251 2560 1376 2616 facit
1414 2559 1551 2616 velle
1576 2575 1589 2612 :
1618 2558 1758 2613 sicut
1785 2556 1919 2611 misit

325 2659 576 2729 Spiritum
629 2657 754 2713 Filii
809 2658 888 2714 sui
934 2657 1270 2720 clamantem,
1313 2653 1490 2719 Abba,
1524 2651 1681 2706 Pater
1721 2648 1916 2723 (Galat.

319 2767 398 2819 ιν,
427 2751 508 2823 6),
536 2751 586 2806 id
608 2760 690 2806 est
715 2793 730 2819 ,
763 2765 864 2805 nos
887 2751 1122 2806 clamare
1145 2749 1447 2804 iacientem.
1484 2746 1560 2801 De
1587 2745 1704 2815 ipso
1725 2743 1921 2814 quippe

323 2843 550 2912 Spiritu,
581 2843 688 2896 alio
713 2842 831 2897 loco
854 2841 1002 2906 dicit,
1031 2840 1329 2909 Acrepimus
1356 2839 1606 2909 Spiritum
1633 2835 1922 2908 adoptionis

327 2933 572 3002 ﬁliorum,
596 2933 648 2986 in
667 2948 766 3000 quo
785 2931 1084 2995 clamamus,
1109 2928 1266 2994 Abba,
1295 2927 1448 2983 Pater
1469 2927 1645 2998 (naut.
1665 2943 1780 2991 vnt,
1810 2925 1919 3000 15).

328 3023 437 3078 Nos
467 3039 596 3093 ergo
626 3023 954 3085 clamamus,
985 3021 1081 3076 sed
1110 3020 1197 3075 ille
1225 3020 1458 3076 clamare
1481 3019 1656 3074 dietus
1685 3028 1800 3085 est,
1833 3021 1923 3090 qui

329 3117 494 3172 eilicit
550 3127 608 3171 ιιι
658 3117 970 3172 clamemus.
1024 3115 1083 3172 Si
1120 3129 1250 3186 ergo
1301 3115 1619 3170 clamantem
1669 3113 1922 3184 Spiritum

326 3217 476 3262 recte
501 3207 633 3262 dixit
675 3207 979 3278 Scriptura,
1013 3223 1040 3260 a
1082 3221 1190 3278 quo
1225 3204 1455 3260 el‘licitur
1499 3214 1558 3260 ut
1597 3205 1928 3274 clamcmus;

328 3310 475 3354 recte
512 3297 675 3354 etiam
717 3298 984 3356 volentem
1016 3297 1186 3354 Deum
1214 3314 1246 3352 a
1293 3310 1401 3368 quo
1429 3295 1659 3352 efﬁcitur
1686 3304 1754 3376 ιιι
1790 3297 1922 3352 veli-

331 3407 470 3447 mus.
503 3394 580 3448 Ac
603 3408 700 3464 per
726 3393 848 3459 hoc,
882 3391 1003 3462 quia
1045 3401 1100 3448 et
1127 3390 1474 3462 corripiendo
1493 3391 1622 3446 nihil
1661 3390 1802 3446 aliud
1833 3391 1928 3446 de-

331 3482 518 3538 bemus
551 3499 710 3554 agere
733 3525 748 3551 ,
790 3483 892 3539 nisi
922 3491 982 3538 ut
1015 3482 1083 3538 ab
1121 3483 1219 3538 ista
1251 3497 1381 3553 pace
1406 3497 1526 3552 qua:
1554 3489 1637 3537 est
1662 3481 1729 3537 ad
1759 3481 1927 3538 Deum

333 3575 450 3632 non
469 3575 776 3640 recedatur,
801 3585 891 3631 aut
918 3575 982 3630 ad
1010 3590 1126 3630 eam
1149 3575 1238 3646 qui
1265 3582 1564 3630 recesserat
1587 3582 1890 3630 revertatur
1909 3617 1924 3644 ,

333 3683 432 3722 nos
470 3682 690 3738 agamus
717 3668 834 3723 sine
868 3667 1242 3738 desperatione
1270 3665 1412 3737 quod
1450 3665 1675 3738 agimus.
1706 3665 1761 3723 Si
1792 3665 1930 3722 ﬁlius

335 3760 481 3831 pacis
521 3769 602 3815 cst
645 3775 804 3830 quem
848 3761 1208 3830 corripimus,
1255 3758 1555 3829 requiescet
1601 3773 1763 3830 super
1807 3773 1930 3814 eum

335 3868 434 3923 pax
467 3864 647 3907 nostra
679 3869 693 3906 :
723 3853 805 3907 sin
831 3861 1032 3916 autem,
1061 3851 1125 3906 ad
1167 3866 1266 3907 nos
1291 3860 1610 3906 revertetur.

405 3945 774 4020 48.Quamvis
817 3947 996 4017 itaque
1037 3946 1198 4000 etiam
1226 3945 1354 4000 dum
1403 3945 1755 4014 quorumdam
1801 3945 1932 4000 ﬁdes

337 4038 694 4104 subvertitur,
727 4038 938 4092 lirmum
966 4037 1058 4092 Dei
1089 4037 1490 4104 fundamentum
1513 4047 1648 4106 stet,
1681 4038 1930 4106 quoniam

339 4129 494 4182 scivit
540 4129 792 4183 Dominus
821 4130 910 4199 qui
952 4138 1077 4184 sunt
1105 4129 1222 4199 ejus
1254 4148 1268 4185 :
1302 4146 1408 4185 non
1455 4139 1629 4186 tamen
1677 4130 1796 4186 ideo
1834 4145 1933 4186 nos

339 4220 472 4290 pigri
495 4227 548 4273 et
570 4221 900 4290 negligentes
921 4236 1040 4276 esse
1069 4220 1328 4276 debemus
1359 4223 1411 4276 in
1439 4221 1810 4292 corripiendis,
1842 4223 1932 4294 qui

339 4311 658 4380 corripiendi
706 4321 851 4366 sunt.
902 4313 1084 4383 Neque
1131 4313 1274 4368 enim
1324 4313 1518 4369 frustra
1567 4314 1767 4369 dictum
1815 4323 1931 4382 est,

345 4399 687 4472 Corrumpunt
741 4419 902 4458 mores
947 4405 1100 4458 bonos
1141 4406 1393 4474 colloquia
1419 4405 1556 4459 mala
1596 4405 1639 4474 (Ι
1667 4403 1784 4460 Cor.
1831 4423 1933 4475 xv,

340 4494 468 4566 '55);
509 4503 584 4562 et,
621 4495 809 4550 Peribit
835 4497 856 4528 ³
882 4497 1116 4565 inﬁrmus
1135 4497 1186 4550 in
1209 4507 1294 4550 tua
1314 4497 1522 4552 scientia
1542 4539 1558 4565 ,
1591 4497 1781 4568 frater,
1811 4489 1933 4570 pro-

343 4630 526 4740 tiuituii
548 4627 768 4741 mit”
791 4636 896 4679 Μεθ’
921 4635 978 4680 At
1015 4629 1132 4681 eam
1155 4630 1354 4691 haben“
1377 4644 1525 4695 ⁶¹⁴Ρθν
1556 4644 1701 4696 θωπί
1724 4639 1776 4683 et
1797 4641 1939 4688 omit-

455 4726 470 4741 .
530 4709 554 4739 ο
692 4727 706 4740 ,

455 4726 470 4749 ,
494 4709 706 4741 (tomum.

409 4753 429 4784 ³
464 4759 512 4800 ιιι
533 4759 663 4813 Mss,
691 4751 835 4804 Perit.

385 4863 506 4870 σνς’
520 4864 664 4870 “ﬁ...
677 4865 770 4871 __._.

771 4865 965 4872 ’Ἠο-

970 4865 1496 4874 ————.a—————
1518 4863 1793 4872 "-_—-..

383 4901 447 4910 .0-
465 4905 945 4912 ~—-.—————-Wup—”.——
963 4901 1502 4914 ~-—-———-——.—-_;
1518 4903 1664 4910 ——
1679 4904 2024 4912 —-—_—~—-'

1114 428 1198 488 AD
1241 415 1778 491 SUBSEQUENTES
1821 409 1996 471 DL’OS
2034 409 2276 470 LIBROS
2316 405 2710 466 ADMONlTlO.

3474 408 3578 468 916

1999 537 2107 598 pter
2125 543 2270 599 quem
2288 523 2515 583 Christus
2541 535 2762 580 mortuus
2787 535 2857 580 est
2875 523 3050 594 (lCor.
3072 541 3160 580 rut
3181 566 3211 593 ,.
3229 523 3336 598 l‘l).
3364 523 3478 580 Non
3496 541 3589 580 ar-

1997 631 2370 692 gumentemur
2397 629 2579 675 cotitva
2605 619 2702 674 ista
2732 625 2992 688 pramepta
3016 615 3392 687 salubremque
3422 625 3590 672 terro-

1999 729 2113 768 rem
2139 712 2412 778 dicentes,
2458 712 2520 767 lit
2547 718 2892 782 corrumpant
2923 721 3100 764 mores
3125 707 3298 763 bonos
3325 707 3589 776 eolloquia

2001 803 2162 870 mala;
2195 803 2279 868 Ει,
2313 813 2496 875 pereat
2524 803 2786 870 inlirmus,
2810 799 2935 872 quid
2963 800 3027 856 ad
3051 800 3188 857 nos?
3210 799 3449 856 Firmum
3473 798 3596 854 litu-

2001 895 2309 952 dameutum
2337 896 2429 953 Dei
2457 903 2666 963 stat,-et
2688 908 2848 951 nemo
2878 893 3014 965 perit
3041 891 3144 949 nisi
3174 891 3311 948 ﬁlius
3337 889 3594 964 perditio-
3630 965 3634 974 ‘

2005 988 2110 1046 nis.
3631 981 3639 1046 ἰ

2074 1077 2300 1134 CAPUT
2340 1077 2478 1134 XVI.
2507 1075 2578 1119 i—
2610 1077 2758 1133 Absit
2785 1085 2844 1132 ut
2887 1077 2985 1132 ista
3013 1075 3311 1148 garrientes
3331 1115 3348 1142 ,
3379 1085 3598 1130 securos
3631 1057 3638 1070 ’

2007 1191 2104 1228 nos
2138 1173 2188 1228 in
2223 1173 2320 1228 bac
2347 1173 2664 1243 negligentia
2693 1187 2811 1228 esse
2847 1171 3043 1226 debere
3065 1169 3366 1226 credamus.
3399 1168 3594 1222 Verum

2008 1277 2088 1322 est
2115 1267 2254 1322 enim
2283 1267 2402 1338 quia
2431 1280 2589 1321 nemo
2617 1265 2795 1337 petit,
2825 1264 2926 1318 nisi
2957 1264 3094 1318 lilius
3121 1260 3436 1333 perditionis
3463 1277 3479 1313 :
3506 1258 3602 1314 sed

2009 1361 2082 1414 ait
2111 1359 2249 1413 Deus
2275 1375 2368 1429 per
2393 1353 2726 1414 Ezccliielem
2767 1354 3114 1426 prophetam,
3157 1351 3259 1408 Ille
3300 1354 3502 1424 quidem
3547 1351 3603 1404 iu

2013 1462 2214 1522 peccato
2247 1469 2339 1507 suo
2370 1451 2642 1515 moristur,
2689 1450 2984 1520 sanguinem
3021 1464 3136 1503 vero
3183 1447 3293 1520 ejus
3340 1447 3403 1501 de
3446 1461 3604 1500 manu

2011 1543 2340 1615 speculatoris
2362 1544 2610 1616 requiram
2640 1541 2854 1614 (Ezech.
2885 1557 2976 1610 ιιι,
3005 1543 3118 1613 18).

2086 1639 2173 1695 49.
2209 1638 2435 1694 Proinde
2460 1681 2473 1703 ,
2503 1647 2756 1710 quantum
2783 1637 2848 1692 ad
2889 1652 2986 1693 nos
3017 1637 3280 1708 pertinet,
3325 1635 3414 1708 qui
3463 1651 3605 1706 prm-

2016 1729 2306 1786 destinatos
2335 1745 2364 1784 a
2404 1745 2508 1784 non
2553 1728 2941 1800 prtedestinatis
2980 1729 3286 1785 discernere
3328 1744 3434 1784 non
3464 1727 3609 1784 vale-

2019 1839 2137 1878 mus
2157 1865 2170 1886 ,
2203 1833 2257 1878 ct
2294 1822 2364 1876 ob
2406 1821 2507 1877 boc
2535 1837 2724 1877 omnes
2761 1823 2938 1876 salvus
2969 1821 3081 1876 ﬁeri
3111 1821 3260 1878 .velle
3308 1819 3607 1882 debemus;

2019 1915 2287 1982 ouinibus,
2317 1931 2384 1971 ne
2412 1923 2650 1986 pereant,
2678 1915 2761 1970 vel
2789 1931 2854 1972 ne
2878 1913 3014 1970 alios
3039 1914 3283 1984 perdant,
3309 1913 3611 1970 adhibenda

2019 2020 2100 2066 csa
2126 2025 2154 2064 a
2188 2010 2340 2065 nobis
2368 2009 2755 2064 medicinaliter
2795 2025 2979 2064 severa
3023 2009 3291 2080 correptio
3336 2028 3352 2066 :
3393 2008 3486 2066 Dei
3527 2015 3616 2064 est

2019 2112 2194 2156 autem
2223 2101 2326 2156 illis
2354 2116 2474 2156 eam
2504 2098 2680 2156 facere
2709 2100 2895 2156 utilem
2921 2143 2936 2168 ,
2968 2115 3102 2172 quos
3127 2101 3241 2170 ipse
3267 2101 3530 2171 prtescivit
3555 2110 3615 2156 et

2021 2194 2418 2266 praedestinavit
2464 2193 2766 2250 conformes
2816 2194 3060 2264 imaginis
3089 2194 3208 2250 Filii
3250 2194 3352 2250 sui.
3383 2193 3438 2250 Si
3467 2193 3613 2250 enim

2023 2286 2308 2358 aliquando
2329 2287 2527 2342 timore
2545 2302 2649 2341 non
2671 2286 3012 2358 Corripimus,
3034 2303 3099 2341 ne
3119 2285 3311 2358 aliquis
3337 2286 3460 2342 inde
3484 2301 3610 2357 per-

2024 2387 2131 2444 eat;
2156 2395 2254 2434 cur
2274 2395 2378 2434 non
2409 2379 2567 2434 etiam
2597 2379 2786 2436 timore
2811 2379 3148 2450 corripimus,
3176 2395 3245 2434 ne
3272 2378 3462 2450 aliquis
3491 2378 3616 2435 inde

2027 2471 2148 2543 plus
2184 2469 2404 2542 pereat?
2438 2469 2622 2541 Neque
2649 2470 2792 2526 enim
2835 2468 3138 2526 dilectionis
3179 2469 3384 2526 viscera
3415 2467 3616 2540 majora

2025 2577 2296 2637 gestamus
2316 2579 2473 2634 quam
2500 2563 2688 2618 beatus
2715 2562 3021 2632 Apostolus,
3049 2563 3137 2633 qui
3165 2561 3293 2618 dicit
3321 2579 3336 2616 :
3369 2561 3619 2632 Conipits

2027 2658 2300 2725 inquietos,
2328 2654 2660 2710 consolamini
2680 2653 3056 2726 pusillanimes,
3087 2653 3324 2722 suscipite
3349 2652 3580 2716 inﬁrmos
3597 2693 3615 2720 ,

2031 2749 2276 2834 patie‘es
2301 2753 2456 2801 estote
2487 2745 2557 2799 ad
2595 2762 2767 2802 omnes
2791 2762 2812 2802 :
2838 2745 2999 2800 videte
3040 2761 3104 2798 ne
3129 2744 3240 2815 quis
3289 2744 3480 2798 malum
3525 2759 3620 2814 pro

2030 2842 2166 2896 malo
2190 2841 2344 2896 alicui
2371 2839 2550 2895 reddat
2579 2839 2619 2910 (l
2641 2837 2818 2894 Thess.
2844 2853 2898 2904 v,
2931 2837 3018 2903 14,
3053 2837 3162 2908 13).
3195 2834 3296 2893 Ubi
3324 2834 3624 2904 intelligen-

2031 2933 2160 2988 dum
2189 2941 2272 2988 est
2298 2943 2422 2987 tunc
2445 2933 2618 3003 potius
2649 2931 2843 2986 malum
2873 2945 2971 3002 pro
2997 2929 3136 2984 malo
3164 2928 3349 2992 reddi,
3373 2933 3418 2982 si
3447 2926 3624 2982 corri-

2033 3025 2256 3098 piendus
2285 3040 2391 3080 non
2417 3025 2704 3094 corripitur
2723 3063 2745 3091 ,.
2766 3023 2858 3078 sed
2887 3037 3052 3094 prava
3074 3019 3497 3076 dissimulatione
3524 3033 3624 3074 ne-

2031 3121 2269 3192 gligitur.
2309 3119 2448 3175 Dicit
2473 3119 2632 3176 etiam
2663 3134 2677 3171 :
2711 3115 2986 3172 Peccantes
3016 3131 3189 3170 coram
3233 3113 3464 3169 omnibus
3503 3128 3624 3166 cor-

2030 3213 2171 3282 ripe,
2204 3221 2258 3265 ut
2283 3211 2450 3266 elateri
2470 3211 2722 3278 .timorem
2759 3208 2974 3262 habeant
3001 3207 3045 3280 (ι
3064 3205 3197 3261 Tim.
3223 3221 3280 3273 ν,
3320 3203 3438 3276 20).
3471 3203 3626 3273 Qu0d

2031 3301 2100 3358 de
2127 3301 2210 3357 bis
2237 3302 2469 3372 peccatis
2496 3299 2864 3370 accipiendum
2898 3309 2982 3355 est
3021 3313 3142 3371 quae
3182 3312 3288 3353 non
3328 3297 3528 3361 latent,
3559 3311 3629 3353 ne

2033 3393 2222 3450 contra
2261 3393 2472 3448 Domini
2508 3393 2826 3450 sententiam
2866 3400 3080 3462 putetur
3107 3391 3333 3446 locutus.
3363 3389 3454 3445 ille
3481 3388 3627 3444 enim

1989 3533 2012 3552 κ
2033 3487 2164 3544 dicit
2195 3505 2209 3542 :
2241 3487 2303 3542 Si
2325 3487 2600 3560 peccaverit
2624 3487 2679 3541 in
2703 3499 2751 3541 te
2777 3487 2938 3560 frater
2961 3495 3076 3540 tuus
3101 3526 3116 3552 ,
3146 3483 3344 3554 corripe
3363 3499 3476 3538 eum
3497 3481 3630 3536 inter

2033 3590 2082 3636 te
2122 3589 2169 3634 et
2197 3581 2385 3652 ipsum.
2409 3579 2791 3636 Verumtamen
2815 3587 2870 3634 et
2918 3578 3032 3648 ipse
3061 3575 3400 3632 severitatem
3448 3589 3632 3629 corre-

2035 3673 2230 3746 ptionis
2249 3688 2316 3729 eo
2345 3688 2512 3743 usque
2538 3671 2781 3742 perducit
2801 3713 2816 3736 ,
2851 3680 2910 3726 ut
2934 3669 3106 3736 dicat,
3138 3668 3198 3725 Si
3227 3684 3318 3722 nec
3343 3665 3630 3722 Ecclesium

2034 3767 2272 3833 audierit,
2295 3767 2359 3822 sit
2385 3766 2471 3820 tibi
2500 3775 2739 3834 tanquam
2765 3765 2990 3819 ethnicus
3017 3773 3064 3818 et
3086 3762 3384 3834 publicanus
3411 3759 3630 3832 (Matth.

2038 3873 2165 3913 xvm
2189 3901 2204 3925 ,
2241 3859 2334 3922 15,
2367 3855 2478 3930 17).
2521 3856 2588 3912 Ει
2613 3856 2732 3926 quis
2759 3856 2928 3926 magis
2955 3855 3143 3910 dilexit
3178 3853 3445 3918 inﬁrmos,
3471 3852 3630 3924 quatit

2037 3951 2126 4006 ille
2155 3951 2243 4021 qui
2278 3967 2373 4021 pro
2399 3949 2648 4005 omnibus
2691 3960 2774 4004 est
2804 3949 2974 4004 lactus
3003 3947 3246 4003 inﬁrttttts
3271 3989 3286 4010 .
3313 3955 3368 4002 cl.
3397 3963 3490 4017 pro
3517 3962 3633 4001 0m-

2038 4043 2196 4098 nibus
2241 4058 2306 4098 ex
2359 4042 2474 4114 ipsa
2517 4041 2825 4098 inﬁrmitate
2861 4039 3192 4096 cruciﬁxus?
3229 4039 3360 4110 Qua:
3397 4053 3518 4095 cum
3563 4038 3637 4094 ita

2039 4141 2144 4193 sint
2167 4179 2182 4205 ,
2208 4152 2306 4192 nec
2336 4136 2504 4208 gratia
2537 4135 3214 4208 probibetcorreptiouem,
3238 4147 3338 4190 ncc
3366 4133 3638 4202 correptio

2039 4239 2200 4302 negat
2239 4231 2462 4301 gratiam
2493 4247 2507 4283 :
2540 4238 2595 4285 et
2638 4227 2865 4284 ideesic
2900 4235 2984 4284 est
3015 4223 3366 4298 przecipienda
3388 4224 3592 4295 justitia
3617 4265 3634 4291 ,

2041 4337 2098 4380 ut
2127 4341 2154 4378 a
2185 4326 2294 4379 Deo
2333 4323 2500 4394 gratia
2521 4365 2537 4390 ,
2569 4337 2673 4394 qua
2719 4321 2772 4377 id
2810 4319 2951 4393 quod
2979 4319 3286 4392 prmcipitur
3325 4317 3450 4383 liat,
3497 4316 3638 4373 lideli

2041 4422 2282 4477 oratione
2327 4429 2614 4492 poscatur;
2648 4429 2716 4477 et.
2750 4419 2855 4478 boe
2894 4428 3178 4491 utrumque
3217 4419 3288 4474 ita
3333 4417 3637 4474 faciendum

2041 4525 2122 4569 est
2144 4555 2158 4578 ,
2193 4523 2248 4570 ut
2277 4529 2451 4585 neque
2476 4514 2624 4583 justa
2650 4513 2918 4584 correptio
2941 4512 3258 4582 negligatur.
3289 4509 3480 4566 Omnia
3511 4523 3640 4565 vero

2045 4609 2159 4665 lucc
2195 4625 2316 4664 cum
2363 4608 2624 4664 charitate
2672 4609 2802 4662 liant
2831 4624 2846 4663 :
2872 4606 3124 4677 quoniam
3154 4603 3386 4658 ebaritas
3427 4617 3524 4656 nec
3564 4601 3644 4656 fa-

2043 4701 2116 4756 cit
2141 4709 2447 4772 pcccatum,
2479 4708 2535 4755 et
2574 4701 2820 4768 cooperit
2845 4695 3239 4752 multitudinem
3273 4701 3638 4763 peccatorum.

1518 4853 3624 4912 ..ο---ημϋ

962 4997 1118 5082 AD
1185 4998 2091 5111 SUBSEQUENTES
2151 4999 2474 5084 DUOS
2558 4997 3016 5090 LIBROS,

603 5154 784 5202 UNUM
830 5155 911 5200 DE
956 5153 1562 5223 PRBDESJ'INATIONB
1605 5153 1956 5199 SANCTORUI

2069 5155 2370 5201 ALTERUM
2429 5156 2514 5200 DE
2572 5153 2741 5202 DONO
2789 5149 3321 5214 νειιεεγειιιιιτιεξ
3343 5176 3376 5207 ν,

1480 5273 2537 5408 ADMONITIO

1119 5530 1122 5532 γ
1175 5461 1464 5524 ΡΕΤΙΤΑ
1529 5463 1648 5524 EX
1719 5461 2323 5530 LOVANLENSIUM
2394 5464 2804 5535 EDITIONE.

1797 5607 2204 5644 *ωηο*-

421 5699 707 5768 Postquam
728 5697 778 5750 in
804 5695 1004 5752 Gallias
1025 5696 1167 5750 allati
1201 5695 1350 5752 luere
1380 5695 1498 5751 libri
1521 5696 1734 5766 quidam
1759 5706 2037 5768 Augustum
2065 5708 2248 5756 contra
2275 5699 2592 5770 Pelagianos
2620 5703 2826 5775 scripti,
2845 5719 2950 5759 non
2969 5717 3254 5775 paucorum
3281 5699 3387 5756 illic
3411 5699 3640 5764 animos,

354 5790 727 5856 offenderunt;
761 5805 868 5850 non
901 5788 1060 5845 modo
1087 5788 1154 5846 de
1182 5789 1453 5844 communi
1483 5787 1761 5844 doctorum
1791 5791 1947 5859 vulgo
1965 5830 1982 5857 ,
2011 5789 2106 5846 sed
2134 5792 2485 5862 quorumdam
2513 5793 2674 5852 etiam
2707 5795 3140 5868 presbyterorum
3180 5807 3242 5849 ac
3267 5793 3638 5862 episcoporum

352 5889 439 5959 qui
467 5894 518 5939 et
551 5883 742 5956 pietate
767 5883 1138 5941 eteruditionc
1170 5882 1407 5938 cclcbzcs
1452 5891 1503 5938 ct
1530 5883 1885 5939 commendati
1909 5883 2238 5940 habebantur
2269 5886 2440 5944 :adco
2491 5897 2548 5944 ut
2593 5889 2743 5946 multi
2799 5905 3009 5962 quoque
3054 5885 3330 5955 Augustini
3381 5881 3639 5939 doctrina
