4098 6504
539 387 643 442 957
1510 384 1834 442 EPISTULA
1877 385 2215 444 PROSPERI
2254 389 2346 444 AD
2384 384 2847 447 AUGUSTINUM.
3731 398 3828 454 948

540 496 808 563 faventes,
837 510 1025 555 eorum
1050 498 1421 554 auctoritatem
1448 499 1664 553 reveriti
1688 541 1703 564 ,
1735 514 1765 553 a
1796 498 2018 555 meliore
2040 501 2299 557 sententia
2324 515 2718 569 revocarentur,
2748 515 2838 560 aut
2858 522 2975 561 eam
3011 519 3154 565 certe
3196 512 3426 581 protiteri
3455 514 3671 585 publice
3713 529 3816 569 non

546 590 827 646 auderent.
860 591 1055 646 Verum
1087 592 1176 646 alii
1200 592 1413 663 quidam
1439 592 1766 647 cordatiorcs
1795 592 2192 664 lirmioresque,
2223 594 2363 650 inter
2390 612 2522 667 quos
2552 600 2799 669 pr:eeipui
2824 600 3052 672 Prosper
3076 614 3128 659 et
3152 604 3378 661 Hilarius
3403 607 3505 679 (α),
3528 609 3820 665 sentientes

542 705 638 745 eos
668 690 934 762 Pelagiani
957 691 1160 746 erroris
1185 692 1269 746 vel
1300 691 1541 745 incautos
1565 689 1834 759 negotium
1862 704 2019 760 agerc
2040 731 2054 756 ,
2090 689 2349 760 quosdam
2379 706 2508 746 vero
2554 708 2664 747 rem
2694 710 2799 748 non
2841 694 3162 752 intellectam
3191 699 3434 770 imperite
3468 703 3813 770 calumniari;

542 784 750 838 t'ortiter
775 798 833 839 se
864 784 925 838 iis
951 798 1268 853 opposuere.
1298 782 1501 849 Quibus
1525 796 1646 836 cum
1676 797 1771 851 per
1794 782 1971 836 omnia
1998 780 2306 839 satisfacere
2331 799 2436 837 non
2467 796 2719 853 possent,
2746 801 2805 842 re
2852 786 2918 842 ad
2946 770 3294 858 Augustinum
3341 792 3506 848 relata
3545 806 3736 866 rogant
3765 805 3821 852 ut

544 892 663 944 qua:
695 876 746 929 in
775 876 893 947 ejus
922 876 1094 943 libris,
1129 876 1422 946 prmsertim
1454 874 1520 947 de
1548 873 1900 946 Correptione
1925 884 1977 929 et
2004 873 2182 930 Gratia
2204 919 2220 944 ,
2247 875 2507 946 quosdam
2550 891 2772 933 suorum
2815 879 3155 937 oﬂendcbam
3176 926 3191 948 ,
3233 884 3432 940 clm-ius
3461 886 3819 946 uisu-“usam

538 970 810 1039 explicare
837 969 1164 1040 dignaretur.
1191 969 1265 1023 Ea
1290 984 1416 1023 vero
1444 983 1562 1039 qua:
1602 967 1744 1032 sint,
1778 983 1843 1023 ex
1892 966 2148 1036 subjectis
2177 969 2452 1041 utriusque
2481 970 2723 1040 epistolis
2766 988 3089 1043 cognoscere
3136 976 3333 1033 licebit.
3382 979 3490 1035 llac
3532 951 3817 1039 occasione

543 1060 759 1129 scripsit
788 1062 1111 1131 Augustinus
1138 1070 1425 1130 sequentes
1478 1059 1643 1113 libros
1687 1057 1826 1113 duos
1844 1100 1859 1126 ,
1889 1059 2116 1115 alterum
2143 1061 2211 1117 de
2238 1060 2718 1117 Praedestiuatione
2739 1061 3078 1132 Sanctorum,
3106 1068 3331 1123 alterum
3357 1069 3425 1126 de
3451 1072 3600 1128 Dono
3626 1075 3817 1131 Perse—

543 1155 813 1208 verantire.
841 1154 943 1208 Sed
974 1154 1108 1209 adeo
1136 1169 1234 1209 nec
1263 1154 1341 1207 his
1363 1152 1578 1223 quidem
1601 1151 1931 1207 satisfactum
1962 1151 2266 1209 hominibus
2296 1153 2401 1207 illis
2424 1153 2551 1219 fuit,
2580 1163 2639 1208 ut
2674 1156 2950 1226 Augustini
2994 1158 3291 1215 doctrinam
3321 1177 3384 1218 ac
3435 1163 3599 1220 libros
3644 1168 3819 1238 magis

538 1248 697 1302 etiam
726 1250 997 1320 magisque
1022 1258 1416 1314 aversarentur,
1440 1246 1603 1300 nuilta
1623 1246 1675 1301 in
1702 1245 1779 1301 eis
1799 1245 2045 1315 imperite
2068 1249 2439 1316 malitioseque
2464 1248 2871 1305 calumniantes.
2889 1251 3039 1308 Unde
3060 1252 3255 1309 factum
3280 1257 3603 1314 utadversus
3628 1274 3813 1317 eorum

536 1342 980 1412 reprehensiones
1013 1343 1240 1411 Prosper
1260 1339 1513 1396 defuncto
1530 1342 1640 1409 jam
1673 1340 1965 1410 Augustino
1995 1340 2167 1396 varios
2189 1339 2415 1397 ediderit
2440 1341 2800 1413 apologiarum
2828 1343 3034 1399 libellos
3064 1363 3078 1400 :
3109 1346 3262 1416 cujus
3287 1349 3498 1417 generis
3520 1360 3644 1406 sunt
3673 1368 3811 1420 prm-

537 1445 618 1488 ter
644 1435 804 1497 alios,
834 1436 899 1489 ad
922 1435 1149 1505 capitula
1172 1434 1444 1490 Gallorum
1469 1474 1483 1498 ,
1513 1432 1577 1485 ad
1606 1432 1935 1501 objectioues
1966 1431 2379 1498 Vineentianas,
2406 1432 2472 1488 ad
2502 1444 2751 1504 excerpta
2782 1433 3142 1491 Genucnsium
3164 1479 3177 1502 ,
3207 1447 3261 1494 et
3303 1438 3557 1495 adversus
3577 1442 3809 1499 collato.

539 1546 647 1583 rem
672 1528 1065 1598 responsiones.
1091 1528 1293 1597 Quibus
1313 1543 1436 1585 cum
1461 1541 1646 1582 eorum
1676 1525 1940 1582 inscitiam
1960 1534 2014 1581 et
2032 1526 2327 1581 calumnias
2351 1525 2647 1582 clarissime
2666 1528 3023 1598 coarguisset,
3066 1539 3122 1584 ut
3147 1530 3467 1588 erubescere
3486 1532 3596 1604 jam
3621 1537 3809 1590 merito

532 1624 689 1675 etiam
717 1623 1014 1690 deberent,
1045 1622 1277 1692 majores
1300 1630 1476 1677 tamen
1503 1629 1687 1691 postea
1718 1630 1894 1675 motus
1930 1619 2296 1687 concitarunt,
2329 1633 2427 1673 nec
2462 1618 2728 1690 Prospero
2748 1619 2859 1691 jam
2890 1630 2946 1677 et
2968 1622 3167 1679 llilario
3209 1635 3487 1694 parcentes
3515 1644 3529 1681 :
3555 1636 3614 1682 ut
3641 1629 3809 1685 coacti

517 1706 725 1771 iuerint
767 1717 834 1771 ad
862 1717 1221 1786 Apostolicam
1253 1715 1446 1773 Sedem
1474 1711 1791 1781 confugere,
1821 1728 1979 1785 quam
2004 1728 2070 1769 eo
2106 1722 2348 1783 tempore
2364 1712 2686 1769 leestinus
2710 1714 2942 1783 pontifex
2967 1716 3317 1787 gubernabat.
3347 1718 3397 1774 is
3418 1736 3530 1776 rem
3558 1730 3719 1778 totam
3742 1724 3808 1778 ab

540 1816 617 1869 ris
639 1813 856 1868 edoctus
881 1814 944 1867 ad
975 1812 1161 1870 Gallia:
1191 1814 1473 1884 episcopos
1496 1809 1757 1883 quosdam
1779 1809 1984 1865 litteras
2006 1806 2188 1875 mittit,
2206 1806 2400 1878 quibus
2414 1807 2764 1879 Augustinum
2789 1816 2844 1865 et
2868 1808 3166 1865 doctrinam
3187 1813 3304 1880 ejus
3330 1822 3507 1868 tuetur
3530 1829 3593 1870 ac
3615 1817 3809 1886 praedi-

527 1916 613 1960 cat
633 1950 646 1971 ,
670 1908 1059 1963 obtrectatores
1078 1908 1194 1979 ejus
1222 1906 1455 1978 graviter
1474 1903 1735 1975 coarguit,
1757 1902 2022 1973 episcOpis
2050 1900 2266 1956 mandat
2290 1908 2351 1956 ut
2377 1901 2458 1956 eis
2477 1899 2744 1955 silentium
2765 1899 3058 1969 imponant.
3079 1901 3183 1957 Sed
3210 1918 3278 1957 ne
3298 1903 3376 1959 sic
3405 1906 3616 1975 quidem
3665 1923 3814 1975 pror—

529 2017 621 2054 sus
643 2003 909 2070 quievere.
928 2001 1063 2069 Quia
1084 2002 1226 2056 enim
1246 1998 1479 2072 pontifex
1508 1998 1674 2053 libros
1691 2010 1787 2052 eos
1800 2009 1935 2067 quos
1954 1994 2030 2050 illi
2057 2002 2165 2049 tam
2195 1992 2380 2048 odiose
2398 1992 2767 2061 traducebant,
2791 1991 3037 2049 videlicet
3060 1993 3129 2050 de
3159 1993 3506 2067 Correptioue
3526 2007 3578 2053 et
3599 1997 3805 2068 Gratia,

524 2093 592 2146 de
626 2092 1099 2148 l’ravdestinationc
1121 2093 1438 2149 Sanctorum
1458 2132 1474 2158 ,
1499 2089 1566 2145 de
1598 2087 2014 2163 Perseverantize
2042 2086 2207 2153 Dono,
2238 2084 2553 2140 nominatim
2585 2099 2691 2140 non
2740 2094 3113 2155 expresserat,
3165 2088 3331 2144 titulis
3371 2104 3464 2144 eos
3505 2091 3617 2145 suis
3669 2092 3810 2148 desi-

522 2203 723 2248 namus;
761 2196 877 2255 post
899 2185 1174 2242 leestini
1202 2197 1427 2240 mortem
1448 2183 1662 2239 aiebant
1689 2196 1794 2237 non
1820 2195 1915 2237 eos
1936 2178 2106 2236 fuisse
2126 2176 2481 2249 approbatos,
2506 2192 2606 2232 nec
2638 2186 2854 2247 propter
2878 2178 2998 2234 illos
3026 2180 3457 2237 commendatum
3499 2193 3769 2240 auctorem
3789 2229 3804 2245 .

527 2281 621 2332 sed
657 2296 751 2349 pro
780 2285 1106 2337 antrriorum
1130 2281 1448 2351 scriptorum
1474 2277 1678 2334 meritis
1721 2274 2083 2331 laudationem
2121 2273 2277 2328 istam
2306 2271 2361 2326 in
2390 2286 2512 2325 eum
2536 2268 2700 2326 fuisse
2733 2272 3027 2332 collatam;
3057 2282 3113 2327 ut
3147 2274 3296 2328 testis
3327 2284 3410 2331 est
3439 2287 3655 2345 propter
3691 2278 3810 2334 mos

529 2372 759 2441 l‘t'usper
810 2373 909 2425 sub
950 2372 1108 2428 finem
1158 2372 1278 2426 libri
1336 2377 1520 2425 contra
1567 2367 1912 2424 Collatorcm.
1980 2363 2284 2432 Quocirca,
2329 2371 2572 2433 tempore
2602 2362 2819 2442 Felicis
2872 2362 3029 2432 Papae
3072 2362 3181 2432 IV,
3232 2367 3562 2422 celebratum
3606 2367 3703 2422 fuit
3742 2370 3796 2424 in

527 2468 565 2516 .-\
578 2464 850 2518 rausieana
881 2465 1099 2520 civitate
1128 2464 1414 2521 concilium
1443 2461 1543 2533 (b),
1576 2459 1716 2532 quod
1742 2470 1825 2515 est
1848 2457 1967 2528 ejus
1993 2456 2097 2512 loci
2122 2454 2416 2511 secundum
2434 2496 2450 2520 ,
2478 2456 2530 2510 in
2561 2470 2668 2525 quo
2689 2462 2942 2510 renovata
2965 2463 3019 2510 et
3043 2465 3232 2512 iterato
3254 2459 3566 2513 confirmata
3613 2470 3697 2513 est
3718 2476 3804 2514 ca-

530 2556 722 2610 tholica
752 2567 807 2611 ct
832 2558 1120 2627 apostolica
1138 2598 1152 2621 ,
1175 2557 1472 2625 eademque
1502 2552 1776 2624 Augustini
1802 2551 1870 2606 de
1912 2551 2079 2621 gratia
2101 2555 2155 2604 et
2192 2548 2362 2604 libero
2389 2547 2612 2602 arbitrio
2663 2544 2927 2613 doctrina,
2954 2547 3252 2604 canonibus
3298 2550 3426 2618 ipsis
3450 2567 3514 2606 ex
3534 2551 3811 2621 Augustini

534 2652 681 2704 libris.
712 2652 904 2720 passim
924 2650 1209 2721 decerptis.
1236 2649 1366 2716 Qua:
1393 2647 1571 2703 omnia
1591 2648 1642 2701 in
1670 2641 1979 2716 Appendice
1997 2683 2013 2710 ,
2051 2649 2204 2711 parte
2223 2638 2458 2697 secunda
2479 2680 2495 2705 ,
2522 2638 2758 2708 reperire
2784 2637 2984 2693 licebit.
3007 2637 3270 2695 Ca-terum
3296 2642 3434 2712 quod
3464 2642 3650 2696 borum
3676 2643 3821 2697 duo-

533 2761 649 2797 rum
683 2745 935 2797 librorum
966 2744 1015 2797 in
1046 2740 1532 2798 Retractationibus
1557 2739 1665 2795 suis
1688 2752 1793 2792 non
1827 2732 2129 2835 meminerit
2152 2732 2507 2804 Augustinus,
2537 2730 2662 2785 inde
2684 2729 2880 2785 factum
2901 2771 2916 2795 ,
2942 2729 3083 2801 quod
3107 2747 3229 2786 cum
3259 2731 3373 2787 lucc
3396 2734 3674 2797 scriberet,
3702 2735 3809 2804 jam

528 2838 662 2891 duos
688 2838 1140 2893 lietractationum
1170 2837 1334 2892 libros
1359 2834 1632 2899 ediderat,
1658 2823 2106 2903 quemadnTodum
2147 2826 2373 2897 ipsemet
2404 2824 2537 2879 infra
2566 2832 2820 2888 testatur,
2872 2823 3009 2877 libro
3054 2824 3230 2893 primo
3276 2833 3330 2879 et
3381 2826 3515 2881 libro
3553 2828 3808 2881 secundo.

598 2931 689 2985 llis
717 2933 1015 3002 prmeertim
1043 2948 1105 2986 cx
1129 2931 1277 2986 libris
1302 2927 1579 3001 Augustini
1601 2925 1817 2999 agnosci
1850 2923 2016 2978 voluit
2043 2918 2352 2976 llormisdas
2388 2917 2528 2988 Papa
2547 2958 2561 2981 ,
2593 2916 2717 2987 quid
2745 2916 2984 2971 Romana
3005 2924 3061 2971 et
3086 2915 3361 2973 Catholica
3395 2919 3629 2974 Ecclesia
3652 2921 3719 2975 de
3741 2921 3808 2974 li-

526 3030 654 3083 bero
679 3028 899 3083 arbitrio
929 3038 981 3084 et
1006 3028 1173 3099 gratia
1198 3026 1289 3083 Dei
1317 3026 1643 3096 profiteatur.
1675 3019 1838 3091 Cujus
1859 3016 2133 3075 Pontificis
2172 3011 2486 3068 auctoritate
2514 3010 2677 3065 libros
2706 3009 2920 3065 eoadem
2949 3011 3182 3079 episcopi
3211 3010 3444 3065 Africani
3476 3029 3569 3081 pro
3597 3013 3700 3068 ῦιΙε
3754 3017 3808 3069 in

520 3121 763 3175 Sardinia
791 3122 1005 3176 exsules
1035 3120 1265 3176 maxime
1283 3115 1659 3174 commendant
1679 3118 1730 3169 in
1763 3110 2001 3182 Epistola
2022 3122 2138 3181 synt

2197 3106 2296 3159 ica.
2328 3101 2449 3157 Prte
2475 3102 2734 3167 omnibus,
2763 3099 3044 3170 inquiunt,
3089 3102 3313 3156 studium
3339 3104 3525 3174 grrite,
3575 3120 3700 3173 quos
3740 3107 3807 3159 ad

529 3215 836 3285 l'rosperuut
864 3225 910 3270 et
943 3214 1199 3269 Hilarium
1218 3213 1452 3284 scripsit,
1481 3207 1770 3264 memoratis
1790 3206 2032 3277 fratribus
2062 3201 2297 3274 legendos
2317 3200 2559 3271 ingerere.
2590 3196 2820 3265 Quorum
2847 3197 3147 3249 mentionem
3178 3198 3335 3251 beata
3382 3199 3628 3251 memoria
3668 3198 3807 3251 lior-

521 3310 710 3363 misdas
738 3307 891 3364 Sedis
912 3308 1213 3377 Apostolicw
1231 3306 1484 3378 gloriosus
1499 3302 1707 3380 antistes
1735 3300 1786 3353 in
1807 3297 2019 3369 epistola
2034 3337 2049 3362 ,
2067 3310 2219 3368 quant
2237 3290 2519 3348 consulenti
2537 3306 2591 3343 se
2617 3297 2792 3343 sancto
2812 3289 2962 3361 fratri
2980 3288 3420 3360 consacerdotiqne
3445 3301 3617 3345 nostro
3664 3291 3800 3345 Pas-

518 3400 704 3453 sessori
721 3400 998 3471 rescripsit,
1027 3415 1142 3453 cum
1164 3413 1349 3470 magno
1371 3395 1623 3468 pra'couio
1643 3391 1907 3447 catholicae
1930 3387 2098 3444 laudis
2118 3385 2372 3450 inseruit;
2411 3383 2557 3453 cujus
2581 3384 2688 3437 licet:
2726 3383 2875 3467 verba
2895 3391 3011 3437 sunt
3036 3396 3056 3436 :
3086 3380 3163 3435 De
3187 3381 3395 3436 arbitrio
3439 3396 3605 3436 tamen
3651 3385 3803 3437 libero

519 3505 565 3547 rt
592 3494 756 3565 gratia
785 3461 914 3560 Dei,
942 3461 1063 3564 quid
1094 3461 1328 3549 Roma'ua
1349 3461 1492 3558 ,Iltoc
1512 3496 1584 3544 est
1605 3484 1892 3544 catholica.
1922 3488 2159 3551 sequatur
2182 3490 2229 3534 et
2248 3486 2403 3534 servet
2425 3474 2687 3539 Ecclesia,
2712 3474 2829 3529 licet
2849 3461 2901 3529 in
2932 3474 3087 3529 variis
3112 3475 3230 3529 libri
3250 3476 3377 3529 beati
3416 3477 3712 3547 Augustini,
3755 3491 3803 3533 et

519 3587 746 3640 umxime
767 3587 834 3639 atl
866 3583 1175 3658 I’rospcrum
1198 3592 1248 3639 et
1277 3580 1539 3640 Hilarium
1559 3578 1760 3635 abunde
1788 3575 1946 3649 possit
1971 3575 2198 3649 agnosci,
2223 3580 2387 3627 tamen
2406 3578 2451 3622 ct
2475 3567 2526 3623 iu
2550 3566 2748 3622 scriniis
2779 3566 3127 3622 ecclesiasticis
3154 3583 3388 3638 expressa
3427 3569 3650 3638 capitula
3673 3585 3799 3624 con.

515 3681 756 3737 tinentur.

1942 3739 2364 3801 ςθςοωοοοθὶθν

1235 3888 1625 3955 EPISTOLA
1666 3884 1912 3949 INTER
1954 3875 2594 3946 AUGUSTINIANAS
2636 3872 2924 3940 CCXXV

647 4019 875 4076 Doniino
901 4017 1214 4076 beatissimo
1241 4030 1423 4088 papae,
1452 4009 1790 4068 ineliabiliter
1813 4004 2072 4070 mirabili,
2099 4001 2586 4072 incomparabiliter
2613 3999 2952 4065 honorando,
2984 3998 3423 4072 pmstantissimo
3449 4010 3670 4073 patrono

1842 4104 2150 4157 Accusa-iac
2169 4140 2184 4165 ,
2211 4097 2479 4153 Pnosrea.
2968 4118 2975 4126 -
3268 4118 3275 4121 τ

592 4240 642 4293 l.
675 4236 889 4308 Ignotus
915 4233 1128 4306 quidem
1153 4230 1244 4287 tibi
1269 4228 1436 4298 faeie,
1465 4227 1560 4284 sed
1585 4225 1696 4298 jam
1724 4224 2090 4295 aliquatenus,
2122 4220 2165 4275 si
2198 4218 2579 4283 reminiscaris,
2603 4217 2784 4272 animo
2809 4231 2871 4273 ac
2896 4232 3148 4272 sermone
3170 4227 3506 4288 compertus;
3542 4234 3662 4273 n-un
3703 4237 3800 4289 per

512 4342 756 4390 sanctum
783 4329 1001 4385 fratrem
1023 4342 1202 4384 meum
1224 4324 1503 4381 Leontium
1533 4317 1814 4378 diaconum
1842 4317 1961 4373 misi
1987 4315 2241 4387 epistolas
2262 4314 2279 4345 ¹
2306 4322 2361 4368 et
2397 4311 2608 4381 recepi;
2650 4325 2792 4365 nunc
2834 4325 3043 4381 quoque
3080 4310 3392 4366 Bratitudiui
3437 4323 3539 4366 luzc
3567 4315 3799 4370 scribere

512 4428 687 4484 audeo
706 4467 723 4485 .
751 4440 857 4479 non
883 4424 1054 4479 solum
1076 4418 1408 4477 salutationis
1426 4458 1440 4482 ,
1483 4424 1540 4471 ut
1562 4423 1708 4479 tunc,
1739 4412 1944 4477 studio;
1969 4410 2062 4465 sed
2089 4410 2248 4465 etiam
2295 4404 2449 4470 ﬁdei,
2477 4418 2583 4480 qua
2616 4403 2853 4458 Ecclesia
2886 4403 3047 4467 vivit,
3072 4402 3290 4469 affectu.
3323 4405 3628 4460 lixcuhaute
3650 4410 3795 4461 enim

515 4536 614 4590 pro
663 4517 929 4575 universis
955 4514 1209 4572 membris
1228 4511 1470 4583 corporis
1491 4507 1687 4564 Christi
1729 4502 2128 4575 vigilantissima
2162 4498 2418 4556 industria
2446 4505 2568 4562 tua,
2610 4506 2664 4549 et
2712 4494 2967 4549 adversus
3016 4494 3384 4550 htcrcticarum
3432 4496 3795 4552 doctrinarum

515 4614 739 4670 insidias
786 4612 1026 4667 veritatis
1062 4609 1258 4665 virtute
1308 4612 1608 4677 pugnante,
1666 4600 1814 4658 nullo
1861 4598 2021 4653 modo
2068 4594 2196 4650 mihi
2240 4591 2528 4647 verendum
2577 4589 2751 4659 putavi
2783 4604 2850 4644 ne
2879 4604 3142 4644 onerosus
3175 4589 3302 4653 tibi,
3331 4601 3420 4644 aut
3459 4592 3797 4660 importunus

513 4724 690 4765 essem
733 4709 786 4764 in
826 4722 893 4763 eo
942 4705 1083 4776 quod
1128 4704 1195 4758 ad
1238 4701 1525 4757 multorum
1564 4696 1819 4757 salutem,
1862 4707 1925 4747 ac
1970 4687 2189 4762 perinde
2228 4687 2293 4742 ad
2336 4686 2583 4755 pietatem
2632 4691 2773 4736 tuam
2813 4683 3085 4750 pertinet:
3131 4698 3253 4737 cum
3286 4684 3459 4752 politis
3507 4700 3654 4738 reum
3705 4684 3796 4739 fu-

516 4815 692 4859 turum
737 4817 859 4857 esse
898 4774 984 4855 me
1029 4797 1338 4861 crederem,
1375 4793 1420 4849 si
1455 4808 1550 4858 ea,
1587 4806 1704 4861 qttae
1748 4786 1901 4842 valde
1952 4783 2247 4856 perniciosa
2291 4794 2411 4833 esse
2461 4776 2729 4845 intelligo,
2770 4774 2836 4827 ad
2880 4775 3164 4844 ερεεέιιιιιιη
3213 4788 3490 4846 patronum
3534 4775 3656 4831 ﬁdei
3685 4794 3793 4832 non

512 4894 791 4952 referrem

583 4990 640 5044 2.
668 4990 716 5044 M
741 4989 817 5044 .lti
838 5004 965 5060 ergo
994 5000 1269 5043 servorum
1295 4980 1492 5041 Christi
1518 4977 1599 5052 (Δ)
1621 4978 1709 5049 qui
1738 4975 1790 5031 in
1811 4970 2123 5035 Massilieusi
2152 4969 2282 5025 urbe
2306 4964 2636 5027 consistunt,
2669 4962 2720 5017 in
2746 4959 3059 5017 Sauctitatis
3079 4971 3182 5018 tute
3209 4962 3439 5034 scriptis,
3457 4977 3575 5031 qua:
3603 4962 3796 5017 adver-

500 5100 599 5142 sus
621 5054 936 5153 Pelagianos
951 5079 1231 5136 haereticos
1254 5073 1569 5139 condidisti,
1597 5069 1921 5126 contrarium
1948 5069 2135 5135 putant
2155 5070 2362 5131 patrum
2389 5058 2624 5129 Opinioni
2650 5070 2703 5111 et
2728 5059 3088 5115 ecclesiastico
3125 5057 3329 5121 srnsui,
3358 5055 3605 5124 quidquid
3634 5055 3685 5109 in
3716 5054 3799 5107 eis

500 5174 573 5229 de
603 5146 880 5231 vocatione
900 5172 1191 5230 electorum
1215 5166 1504 5225 secundum
1536 5162 1628 5218 Dei
1660 5159 1988 5232 propisitum
2010 5151 2312 5223 disputasti.
2340 5150 2409 5207 Et
2426 5165 2546 5206 cum
2581 5150 2885 5221 aliquandiu
2912 5149 3218 5206 tarditatem
3248 5161 3398 5201 suam
3429 5146 3643 5216 culpare
3671 5160 3776 5197 ma-

481 5363 489 5407 ί
572 5331 1437 5455 b’umsfi-Igl’d'tensem
1479 5382 1729 5455 appellant
1767 5383 2112 5438 tevanienscs,
2146 5376 2237 5429 sed
2278 5373 2416 5425 l‘also.
2457 5371 2576 5424 vide
2618 5372 2980 5422 aanotationem
3021 5368 3081 5420 ad
3121 5369 3283 5420 Hilarii
3315 5367 3562 5432 epistolam
3580 5400 3596 5428 ,
3642 5365 3784 5423 infra,

572 5403 648 5493 (τι)
680 5403 804 5472 ttilar

572 5463 582 5491 ι
644 5464 804 5493 νυξΛικ

508 5461 602 5512 (illis
1722 5512 1733 5517 -
1787 5516 1792 5517 ,
1923 5507 1935 5517 .
2088 5514 2091 5515 ν
2146 5499 2272 5517 ι.---.ι
2316 5498 2578 5517 ,μμ---Αιμμ
2618 5494 2866 5517 ..-ημεηηκ
2900 5496 3032 5517 ειν-ι...
3073 5501 3088 5517 ι
3111 5493 3245 5517 Anni.-
3270 5501 3404 5517 ηηυηι
3441 5498 3457 5517 l
3494 5490 3617 5517 ΑΛῚΑῩ

573 5490 971 5590 Falsum
993 5517 1266 5581 corrigendi
1288 5517 1628 5573 Lovanienses,
1652 5512 1733 5577 qui
1774 5507 2109 5558 Arattsicantun
2146 5499 2273 5552 istud
2314 5498 2579 5549 secundum
2615 5494 2867 5547 concilium
2895 5496 3035 5560 jussu
3073 5493 3248 5543 Leonis
3270 5501 3404 5556 Parias
3441 5498 3457 5541 1
3493 5490 3788 5542 celebraturi;

508 5587 688 5639 dicunt.

572 5652 640 5714 (ε)
676 5658 783 5714 mea
802 5661 850 5714 ei
870 5643 1005 5714 istoin
1030 5642 1284 5714 mittiturha
1307 5648 1433 5714 ltrost,

511 5702 775 5773 huiusmodi
802 5702 1048 5773 hominum
1072 5702 1289 5757 utterclfs
1310 5704 1543 5773 adversus
1565 5709 1675 5773 metu

508 5759 827 5825 scitir-tililiru
859 5773 921 5819 de
946 5768 1260 5828 (Ἀιίθείισωΐιᾱ
1286 5775 1335 5812 οἱ
1358 5767 1508 5811 “Villi?t
1536 5776 1615 5820 "Vi
1637 5759 1840 5828 “i'f‘mll-
1908 5823 1919 5828 ,
2132 5822 2157 5828 Α
2401 5805 2492 5828 η..
2514 5810 2558 5828 _,,

569 5805 657 5897 id)l
674 5805 723 5884 lrl
742 5805 841 5885 ’δί’δι.
867 5805 1227 5885 monarlrs't'ttm,
1253 5840 1453 5891 quorum
1481 5805 1879 5873 tl’ilttlltt“li§>.litll5
1908 5823 2105 5865 iturine"
2130 5822 2186 5861 (ia

1094 5805 1453 5888 i'l'lm‘l,‘tj!llull‘llitl
1481 5805 1879 5873 ll’lillllil"li§>.litll5
1908 5823 2105 5865 itvizmt‘.“
2130 5811 2379 5861 Cassianus
2400 5805 2706 5858 t'rllatiemtut

510 5896 633 5949 libro?
653 5908 815 5958 [estea
842 5899 1128 5946 etutitttatus.

1438 5652 1539 5688 tero
1559 5636 1615 5686 ad
1642 5633 1951 5698 Augustinum
1989 5628 2053 5678 de
2095 5622 2316 5698 reliquiis
2350 5620 2620 5695 Pelagian'e
2659 5620 2910 5694 literttsecs
2929 5616 3140 5693 itit‘adlia
3163 5616 3604 5698 subolescentibus,
3632 5612 3789 5660 ἀιιιτειμ

1681 5676 1999 5745 diuinitas
2022 5676 2071 5740 et
2093 5676 2259 5737 ttratilze
2283 5678 2543 5734 doctrina‘u
2568 5685 2903 5747 superi-nibus
2924 5683 3074 5744 ipsius
3098 5681 3341 5743 .tugttstiai
3373 5676 3632 5739 opusculis,
3671 5688 3789 5735 inc-

2734 5808 2906 5864 etlit'r,
2929 5807 2956 5867 i;
2975 5807 3073 5854 sius
3097 5803 3310 5865 l‘rospcri
3333 5808 3498 5853 contra
3518 5797 3793 5849 Feliciorem
