4098 6536
320 420 424 476 949
1275 419 1605 477 EPlSTOLA
1642 419 1975 480 PROSPERI
2015 423 2108 480 AD
2147 419 2612 481 AUGUSTINUM.
3499 428 3599 489 950

321 535 538 603 luerint,
573 548 730 605 quam
763 548 867 589 non
899 535 1163 591 intellecta
1187 535 1603 605 reprehendere,
1631 538 1950 611 quidamque
1975 557 2161 597 eorum
2211 540 2523 598 lucidiorcm
2553 556 2714 612 super
2754 540 2855 598 hoc
2879 548 3039 614 atque
3064 542 3384 614 apertiorem
3415 541 3599 598 Beati-

318 629 517 684 tudinis
547 638 647 682 tuan
676 630 1064 698 expositionem
1093 628 1358 685 voluerint
1389 632 1690 701 postulare;
1721 635 1899 688 evenit
1934 649 1998 689 cx
2045 634 2392 704 dispositione
2420 632 2800 691 misericordia:
2833 634 2946 702 Dei,
2977 645 3035 690 ιιι
3073 650 3194 690 cum
3237 634 3496 705 quosdam
3519 634 3597 706 (rt)

318 724 456 777 intra
484 718 719 775 Africam
748 719 938 776 similia
969 720 1291 788 movissent,
1322 720 1517 777 librum
1549 722 1616 777 de
1645 723 1999 795 Correptioue
2025 735 2079 781 et
2102 725 2285 781 Gratia
2313 725 2530 796 plenum
2559 725 2753 782 divinae
2779 726 3116 783 auctoritatis
3150 727 3453 785 emitteres.
3479 728 3597 796 Quo

321 813 373 865 in
405 811 646 866 notitiam
679 822 915 865 nosu-am
945 811 1209 881 insperata
1236 813 1630 883 Opportunitate
1654 813 1851 880 delato,
1886 818 2185 885 putavimus
2221 832 2409 873 omnes
2434 818 2684 889 querelas
2726 818 3089 874 resistent-ium
3121 817 3439 890 sopicndas;
3473 817 3598 888 quia

318 903 578 960 universis
604 904 1004 975 qumstionibtts,
1038 904 1106 961 de
1142 906 1334 977 quibus
1361 908 1686 964 consulendo
1729 920 1843 965 erat
1868 910 2135 967 Sanctitas
2161 919 2269 978 tua,
2300 920 2406 967 tam
2440 912 2594 981 plene
2621 912 2728 967 illic
2752 912 3097 982 absolutoque
3136 926 3450 982 responsum
3480 920 3561 965 e5t
3584 971 3602 996 ,

315 998 467 1066 quasi
498 996 598 1050 hoc
628 996 931 1067 specialiter
959 996 1249 1057 studueris.
1285 1008 1340 1053 ut
1364 1016 1484 1069 qua:
1512 1001 1652 1071 apud
1679 1016 1778 1056 nos
1797 1011 1950 1057 erant
1978 1002 2184 1058 turbata
2203 1045 2218 1070 ,
2251 1018 2622 1073 componeres.
2678 1003 2964 1059 Recensito
3012 1014 3189 1059 autem
3222 1004 3324 1059 hoc
3352 1002 3599 1059 Beatitu-

315 1097 452 1151 diuis
480 1108 581 1153 tua:
612 1098 777 1163 libro,
806 1097 941 1153 sicut
961 1098 1048 1168 qui
1076 1106 1313 1152 sanctam
1340 1108 1499 1169 atque
1527 1099 1870 1169 apostolicam
1897 1098 2157 1156 doctrinm
2186 1110 2289 1155 tute
2316 1100 2684 1155 auctoritatem
2708 1108 2861 1154 antea
2882 1099 3261 1170 sequebantur,
3294 1097 3563 1169 intelliget]
3583 1127 3605 1139 -
3642 1110 3648 1151 Γ

316 1190 479 1244 tiores
499 1190 666 1246 multo
692 1189 1164 1260 instructioresque
1200 1198 1326 1245 sunt
1365 1188 1522 1255 facti;
1552 1192 1621 1244 ita
1649 1191 1737 1259 qui
1772 1191 2129 1260 persuasionis
2151 1206 2262 1248 suze
2310 1190 2736 1260 impediebantur
2777 1191 3007 1263 obscuro
3030 1231 3045 1258 ,
3094 1189 3395 1263 aversiores
3438 1203 3595 1259 quam

316 1284 559 1350 fuerant,
591 1291 949 1340 recesserunt.
980 1284 1218 1350 Quorum
1244 1290 1349 1338 tam
1392 1283 1615 1353 abrupta
1643 1283 1907 1339 dissensio
1929 1284 2158 1354 primum
2187 1293 2404 1356 propter
2433 1283 2575 1355 ipsos
2599 1283 2879 1339 metuenda
2907 1292 3009 1351 est,
3037 1298 3104 1338 ne
3135 1292 3240 1339 tam
3272 1282 3433 1338 claris
3460 1290 3599 1336 tam-

313 1390 416 1447 que
446 1376 674 1446 egregiis
704 1377 756 1430 in
787 1376 1023 1432 omnium
1052 1375 1304 1429 virtutum
1326 1375 1502 1431 studio
1522 1375 1648 1430 viris
1668 1375 1885 1445 spiritus
1904 1375 2202 1447 Pelagiana:
2225 1376 2512 1447 impietatis
2538 1374 2723 1431 illudat
2747 1392 2761 1429 :
2783 1374 2977 1430 deinde
3000 1390 3065 1429 ne
3098 1374 3453 1445 simpliciores
3475 1371 3565 1442 qui
3584 1402 3598 1411 -

311 1481 438 1537 que,
464 1466 605 1536 apud
631 1482 763 1538 quos
789 1466 979 1523 horum
997 1482 1183 1538 magna
1207 1468 1376 1524 estde
1406 1468 1682 1537 probitatis
1711 1467 2161 1538 contemplatione
2189 1468 2512 1536 reverentia,
2542 1466 2643 1523 hoc
2665 1469 2984 1523 tutissimum
3007 1465 3106 1521 sibi
3133 1465 3422 1530 mstitneut,
3450 1461 3597 1535 quod

310 1559 528 1613 audiant
556 1573 670 1626 cos,
697 1574 921 1629 quorum
950 1559 1322 1615 auctoritatem
1342 1559 1674 1630 sinejudicio
1695 1570 2010 1630 sequuntur,
2037 1574 2302 1615 asserere.

387 1649 439 1705 ’5.
473 1649 597 1704 llaec
617 1651 759 1704 enim
790 1651 1024 1721 ipsorum
1050 1651 1292 1706 deﬁnitio
1319 1666 1382 1706 ac
1410 1650 1669 1721 professio
1693 1660 1813 1705 est:
1842 1650 2065 1706 Omnem
2097 1649 2310 1721 quidem
2338 1649 2609 1706 hominem
2636 1650 2804 1705 Adam
2837 1657 3090 1720 peccante
3115 1661 3399 1719 peccasse;
3422 1655 3475 1702 et
3503 1661 3602 1699 ne-

312 1739 515 1795 minem
548 1755 641 1810 per
669 1754 830 1810 opera
861 1756 977 1808 sua,
1009 1741 1102 1797 sed
1128 1757 1230 1814 per
1253 1742 1346 1797 Dei
1370 1742 1595 1813 gratiam
1624 1743 2031 1813 regeneratione
2056 1741 2250 1797 salvari
2279 1760 2295 1800 :
2323 1742 2585 1798 universis
2612 1752 2785 1797 tamen
2812 1740 3113 1797 hominibus
3146 1739 3598 1811 propitiationem.

311 1847 431 1901 qua:
451 1840 535 1887 est
560 1832 612 1886 in
641 1832 990 1889 Sacr-amento
1013 1834 1286 1906 sanguinis
1312 1832 1533 1902 Christi,
1577 1835 1694 1891 sine
1722 1836 2035 1906 exceptione
2064 1818 2187 1892 esse
2218 1836 2566 1907 propositam,
2599 1844 2657 1890 ut
2684 1834 3003 1908 quicumque
3031 1834 3098 1890 ad
3145 1834 3302 1888 ﬁdem
3329 1841 3382 1887 et
3405 1831 3472 1886 ad
3498 1831 3599 1915 βιιο

313 1924 563 1994 ptismaui
594 1924 850 1981 accedere
881 1926 1165 1992 voluerint,
1195 1927 1327 1984 salvi
1353 1941 1474 1984 esse
1501 1927 1726 1998 possint.
1757 1927 1858 1996 Qui
1883 1939 2061 1985 autem
2087 1928 2342 1984 credituri
2385 1936 2530 1996 sunt,
2570 1929 2727 2000 quive
2753 1926 2807 1983 in
2837 1943 2899 1984 ea
2930 1927 3055 1992 ﬁde,
3082 1942 3201 1998 quae
3224 1925 3476 1996 deinceps
3507 1941 3603 1995 per

310 2016 535 2087 gratiam
562 2016 631 2072 sit
651 2016 903 2087 juvanda,
937 2018 1174 2074 mansuri
1201 2024 1346 2088 sunt,
1384 2019 1664 2090 prtescisse
1704 2027 1829 2076 ante
1858 2020 2040 2075 mundi
2083 2019 2519 2076 constitutionem
2561 2018 2749 2086 Deum,
2777 2028 2827 2074 et
2855 2034 2948 2075 eos
2974 2016 3385 2091 prmdestinasse
3428 2018 3480 2071 in
3512 2032 3601 2070 re-

312 2126 473 2182 gnum
504 2126 682 2177 suum,
712 2127 847 2182 quos
870 2112 1040 2183 gratis
1060 2122 1276 2167 vocatos
1294 2153 1311 2179 ,
1341 2112 1532 2184 dignos
1557 2113 1762 2169 futuros
1790 2112 2073 2178 electione,
2104 2120 2159 2169 et
2197 2112 2265 2168 de
2289 2112 2390 2169 hac
2415 2113 2521 2166 vita
2550 2112 2691 2167 bono
2718 2110 2824 2167 ﬁne
2851 2124 3169 2167 excessuros
3199 2123 3317 2164 esse
3344 2106 3605 2179 praevide-

315 2205 404 2262 rit.
433 2206 659 2278 Ideoque
684 2222 900 2261 omnem
929 2206 1199 2262 hominem
1229 2206 1296 2262 ad
1325 2206 1652 2263 credendum
1678 2217 1729 2263 et
1754 2207 1823 2263 ad
1867 2207 2200 2279 operandum
2230 2207 2424 2263 divinis
2452 2207 2872 2263 institutionibus
2896 2204 3192 2273 admoneri,
3230 2213 3286 2260 ut
3318 2202 3385 2259 de
3410 2218 3600 2275 appre-

317 2295 593 2352 bendcnda
625 2298 731 2352 vita
752 2307 951 2353 mterna
979 2312 1136 2353 nemo
1155 2298 1425 2368 desperet,
1449 2313 1569 2354 cum
1594 2299 1908 2355 voluntariae
1935 2299 2203 2356 devotioni
2227 2299 2587 2356 remuneratio
2612 2299 2679 2353 sit
2708 2308 2911 2369 parata.
2941 2297 3051 2352 Hoc
3070 2305 3246 2351 autem
3275 2297 3600 2367 propositum

320 2390 611 2446 vocationis
633 2391 749 2457 Dei,
779 2406 887 2461 quo
917 2391 998 2447 vel
1030 2400 1155 2448 ante
1181 2391 1367 2447 mundi
1394 2392 1623 2458 initium,
1652 2392 1735 2448 vel
1756 2393 1809 2447 in
1836 2393 1949 2463 ipsa
1976 2391 2282 2447 conditione
2300 2391 2509 2463 generis
2534 2391 2772 2458 humani,
2802 2386 3167 2460 eligendorum
3193 2397 3251 2442 et
3278 2375 3599 2457 reﬁciendo?-

318 2498 437 2537 rum
465 2483 661 2539 dicitur
701 2484 835 2540 facta
867 2483 1154 2552 discretio,
1182 2492 1242 2540 ut
1285 2484 1581 2541 secundum
1613 2484 1757 2556 quod
1786 2480 1982 2556 placuit
2007 2484 2283 2550 Creatori,
2319 2484 2406 2539 alii
2434 2498 2557 2538 vasa
2589 2481 2826 2548 honoris,
2853 2480 2943 2537 alii
2969 2496 3095 2537 vasa
3133 2478 3470 2535 contumeliae
3495 2478 3604 2535 sint

316 2576 504 2642 creati,
532 2587 584 2631 et
613 2576 776 2648 lapsis
803 2592 987 2632 curam
1016 2577 1331 2649 resurgendi
1357 2578 1595 2634 adimere
1612 2618 1632 2645 ,
1671 2587 1726 2634 et
1769 2578 1970 2635 sanctis
1998 2576 2337 2633 occasionem
2368 2576 2575 2647 teporis
2598 2573 2827 2640 afferre;
2864 2589 2930 2630 eo
2956 2571 3174 2645 quodin
3205 2581 3427 2643 utraque
3451 2581 3604 2644 parte

315 2668 616 2737 superfluus
646 2670 800 2725 labor
828 2670 919 2738 sit,
949 2670 995 2724 si
1021 2685 1196 2741 neque
1222 2669 1454 2741 reiectus
1484 2671 1587 2726 ulla
1614 2670 1869 2726 industria
1902 2670 2068 2740 possit
2094 2670 2317 2734 intrare,
2346 2684 2518 2741 neque
2545 2668 2749 2725 electus
2776 2667 2883 2723 ulla
2912 2664 3234 2738 negligentia
3262 2665 3430 2739 possit
3456 2665 3603 2721 exci-

314 2759 441 2815 dere
472 2778 486 2816 :
516 2776 730 2832 quoquo
759 2762 902 2817 enim
929 2762 1090 2818 modo
1118 2777 1178 2817 se
1209 2763 1438 2837 egerint,
1466 2778 1573 2818 non
1614 2778 1773 2835 posse
1798 2763 1939 2819 aliud
1969 2778 2095 2834 erga
2121 2744 2217 2818 eos
2245 2778 2404 2833 quam
2437 2763 2575 2818 Deus
2600 2761 2860 2829 definivit,
2885 2759 3164 2827 accidere;
3194 2768 3249 2816 et
3273 2758 3374 2814 sub
3398 2759 3600 2815 incerta

314 2865 410 2921 spe
437 2867 657 2908 cursum
681 2868 787 2907 non
812 2867 973 2923 posse
998 2868 1118 2910 esse
1143 2865 1501 2924 constantem,
1528 2871 1671 2922 cum,
1694 2856 1738 2911 si
1767 2856 1909 2911 aliud
1934 2856 2127 2911 habeat
2152 2855 2583 2928 praedestinantis
2610 2855 2821 2924 electio,
2850 2871 3001 2912 cassa
3023 2856 3091 2911 sit
3114 2855 3404 2911 adnitentis
3431 2854 3605 2910 inten-

319 2946 417 3001 tio.
450 2946 732 3001 liemoveri
764 2947 944 3015 itaque
968 2963 1183 3003 omnem
1218 2948 1558 3016 industriam,
1587 2950 1808 3018 tollique
1834 2950 2077 3017 virtutes,
2106 2951 2150 3005 si
2180 2949 2273 3005 Dei
2302 2949 2613 3005 constitutio
2638 2948 2900 3005 humanas
2933 2949 3233 3021 praeveniat
3255 2948 3554 3006 voluntates
3582 2964 3599 3001 :

314 3049 369 3095 et
396 3039 497 3094 sub
524 3038 628 3095 hoc
666 3039 1151 3110 praidestinationis
1177 3041 1414 3105 nomine,
1445 3040 1659 3099 fatalem
1690 3043 1971 3113 quamdam
2010 3041 2186 3097 induci
2216 3043 2621 3108 necessitatem;
2664 3050 2756 3096 aut
2780 3040 3112 3097 diversarum
3153 3049 3464 3096 naturarum
3490 3038 3605 3095 dici

314 3130 600 3185 Dominum
631 3130 983 3196 conditorem,
1009 3131 1054 3185 si
1085 3146 1264 3197 nemo,
1292 3131 1433 3187 aliud
1464 3133 1630 3202 pOssit
1654 3148 1774 3188 esse
1800 3148 1956 3204 quam
1982 3133 2150 3188 factus
2175 3141 2279 3190 est.
2302 3135 2472 3205 Atque
2498 3142 2556 3188 ut
2579 3133 2795 3189 brevius
2821 3147 2884 3188 ac
2914 3131 3123 3204 plenius
3152 3131 3292 3203 quod
3314 3130 3600 3203 opinantur

318 3236 607 3290 exponam,
637 3221 893 3293 quidquid
925 3223 977 3278 in
1005 3223 1142 3279 libro
1164 3222 1266 3278 hoc
1293 3240 1360 3279 ex
1384 3223 1862 3279 contradicentium
1888 3239 2047 3280 sensu
2071 3224 2335 3281 Sanctitas
2366 3234 2450 3280 tua
2477 3224 2578 3280 sibi
2606 3223 2873 3295 opposuit,
2901 3223 3155 3296 quidquid
3181 3223 3341 3279 etiam
3373 3226 3425 3279 in
3452 3224 3601 3280 hbris

313 3324 499 3370 contra
529 3315 800 3371 Juliauum
831 3316 898 3371 ab
934 3317 1050 3387 ipso
1097 3317 1197 3373 sub
1226 3317 1327 3373 hac
1365 3316 1661 3387 quiestioue
1689 3316 1980 3387 objectum,
2013 3318 2384 3388 potentissime
2413 3316 2729 3384 debellasti;
2772 3316 2876 3373 hoc
2913 3324 3086 3372 totum
3127 3315 3196 3372 ab
3238 3314 3354 3371 istis
3398 3316 3603 3371 sanctis

313 3406 755 3464 iutentiosissime
783 3409 1164 3464 conclamatur.
1196 3410 1261 3464 Et
1293 3424 1416 3464 cum
1443 3417 1626 3464 contra
1657 3423 1751 3465 eos
1777 3409 1974 3480 scripta
2006 3409 2353 3465 Beatitudinis
2380 3409 2851 3467 tuae-validissimis
2878 3418 2933 3465 et
2955 3409 3251 3480 innumeris
3282 3408 3604 3465 testimoniis

313 3499 612 3556 divinarum
644 3502 1040 3572 Scripturarum
1066 3497 1328 3557 instructa
1362 3500 1707 3573 proferimus,
1731 3517 1795 3558 ac
1819 3500 2112 3558 secundum
2142 3502 2363 3558 formam
2390 3502 2807 3574 disputationum
2831 3510 3062 3570 tuarum,
3089 3500 3287 3573 aliquid
3308 3500 3469 3557 etiam
3497 3500 3602 3571 ipsi

316 3596 429 3665 quo
457 3595 846 3651 concludantur
872 3596 1201 3660 astruiinus;
1231 3595 1643 3663 obstinationem
1670 3610 1822 3650 suam
1850 3604 2113 3652 vetustate
2135 3594 2432 3651 defendunt
2462 3613 2476 3650 :
2517 3604 2572 3650 et
2597 3610 2661 3651 ea
2691 3610 2810 3667 quze
2835 3594 2902 3651 de
2931 3593 3164 3666 Epistola
3190 3593 3415 3665 apostoli
3446 3593 3610 3650 Pauli.

313 3686 568 3743 Romanis
595 3688 901 3754 scribentis,
928 3688 995 3743 ad
1026 3687 1509 3744 manifestationem
1541 3687 1737 3744 divina:
1764 3688 1948 3758 gratiae
1987 3688 2365 3759 praevenientis
2393 3687 2688 3743 electorum
2732 3687 2921 3743 merita
2959 3685 3338 3757 proferuntur,
3384 3701 3415 3741 a
3452 3686 3605 3742 nullo

311 3797 542 3853 unquam
570 3782 1057 3839 ecclesiasticorum
1088 3783 1158 3838 ita
1184 3798 1304 3840 esse
1332 3782 1622 3848 intellecta,
1647 3793 1706 3838 ut
1729 3798 1870 3839 nunc
1897 3783 2221 3847 sentiuntur,
2245 3781 2533 3838 afﬁrmant.
2558 3782 2799 3852 Cumque
2826 3792 2884 3838 ut
2908 3782 3006 3855 ipsi
3028 3797 3089 3837 ea
3106 3789 3376 3852 exponant
3402 3794 3601 3837 secun-

311 3874 435 3931 dtnn
467 3892 692 3947 quorum
722 3876 887 3959 vetuit
921 3891 1099 3940 sensa,
1132 3875 1471 3946 deposcimus
1490 3918 1506 3942 ,
1536 3875 1666 3931 nihil
1696 3892 1755 3933 se
1784 3876 2108 3949 proﬁtentur
2135 3877 2404 3932 invenisse
2428 3876 2571 3947 quod
2600 3876 2840 3947 placeat,
2876 3884 2933 3932 ct
2956 3876 3023 3932 de
3052 3875 3134 3961 his
3162 3874 3329 3932 taceri
3356 3875 3599 3949 exigunt,

310 3984 536 4037 quorum
566 3969 903 4024 altitudinem
951 3970 1125 4024 nullus
1154 3970 1407 4040 attigerit.
1458 3970 1536 4024 Eo
1566 3981 1838 4041 postremo
1881 3969 2181 4040 pervicacia
2219 3978 2329 4024 tota
2356 3969 2672 4039 descendit,
2700 3977 2759 4025 ut
2788 3967 2945 4025 ﬁdem
2976 3977 3213 4024 nostram
3254 3968 3599 4025 aediﬁcationi

310 4062 638 4116 audientium
665 4064 989 4117 contrariam
1022 4077 1143 4118 esse
1169 4062 1462 4128 deﬁniant;
1500 4077 1563 4117 ac
1589 4063 1666 4117 sic
1695 4062 1907 4118 etiamsi
1936 4078 2060 4118 vera
2091 4063 2182 4129 sit,
2210 4078 2318 4119 non
2346 4061 2695 4135 promendam
2727 4080 2741 4118 :
2767 4063 2889 4136 quia
2914 4070 2971 4119 et
2996 4062 3296 4135 perniciose
3321 4077 3426 4119 non
3452 4064 3595 4120 rcci-

310 4152 504 4223 pienda
534 4152 831 4218 tradantur,
861 4162 913 4208 et
943 4152 1087 4206 nullo
1117 4152 1352 4223 periculo
1378 4168 1498 4223 qua:
1524 4152 1741 4223 intelligi
1771 4162 2057 4225 nequeant,
2084 4153 2479 4210 conticeantur.

393 4243 448 4296 4.
480 4242 704 4309 Quidam
737 4258 865 4297 vero
894 4242 1082 4297 horum
1112 4243 1163 4297 iu
1194 4251 1393 4297 tantum
1420 4259 1452 4298 a
1492 4243 1789 4314 Pelagianis
1817 4244 2020 4300 semitis
2050 4260 2157 4300 non
2197 4244 2506 4313 declinant,
2537 4253 2594 4301 ut
2620 4262 2739 4302 cum
2768 4246 2836 4302 ad
2872 4245 3229 4303 conﬁtendam
3259 4261 3376 4302 eam
3402 4245 3599 4303 Christi

308 4343 563 4410 gratiam,
594 4356 712 4411 qua:
740 4341 916 4394 omnia
947 4339 1241 4409 prteveuiat
1266 4340 1454 4394 merita
1482 4342 1734 4406 humana,
1758 4350 2035 4411 cogantur,
2068 4355 2137 4395 ne
2161 4341 2205 4396 si
2236 4340 2440 4396 meritis
2465 4340 2722 4407 redditur,
2750 4330 2943 4396 frustra
2967 4341 3133 4413 gratia
3164 4342 3502 4405 nominetur;
3530 4340 3598 4394 ad

311 4430 671 4487 conditionem
705 4430 842 4484 hanc
872 4430 1041 4485 velint
1068 4430 1483 4502 uniuscujusque
1513 4430 1745 4486 hominis
1773 4432 2041 4502 pertinere
2064 4473 2080 4499 ,
2108 4432 2161 4487 in
2202 4448 2304 4503 qua
2334 4447 2457 4489 eum
2489 4431 2619 4516 nih’il
2651 4433 2797 4503 prius
2825 4443 3121 4489 merentem
3147 4475 3162 4497 ,
3194 4433 3316 4504 quia
3353 4448 3453 4488 nec
3481 4433 3597 4488 esi.

314 4534 571 4588 stentem,
602 4523 754 4578 liberi
786 4522 992 4577 arbitrii
1022 4531 1076 4577 et
1095 4523 1411 4578 rationalem
1443 4524 1608 4593 gratia
1640 4524 1909 4580 Creatoris
1932 4524 2192 4589 instituat,
2223 4532 2280 4580 ut
2305 4541 2400 4597 per
2423 4524 2798 4581 discretionem
2829 4525 2955 4581 boni
2984 4534 3038 4581 et
3068 4525 3215 4590 mali,
3247 4535 3300 4581 et
3326 4524 3600 4596 adcogni-

308 4619 507 4675 tionem
533 4619 646 4683 Dei,
673 4627 724 4672 et
753 4618 820 4672 ad
848 4617 1203 4674 obedientiam
1225 4618 1594 4673 mandatorum
1623 4618 1739 4688 ejus
1766 4620 1932 4689 possit
1957 4634 2108 4673 suam
2138 4618 2369 4689 dirigere
2392 4618 2744 4683 voluntatem,
2776 4627 2934 4690 atque
2959 4618 3026 4674 ad
3055 4617 3193 4674 hanc
3223 4618 3466 4688 gratiam,
3491 4634 3597 4688 qua

309 4713 364 4766 iu
397 4713 610 4767 Clu-isto
644 4710 1005 4774 renascimur,
1034 4710 1314 4781 pervenire
1334 4751 1349 4775 ,
1391 4726 1483 4779 per
1510 4711 1802 4765 naturalem
1831 4710 2039 4765 scilicet
2064 4709 2390 4775 facultatem,
2423 4710 2672 4779 petendo,
2699 4709 3007 4780 quaerendo,
3045 4709 3309 4780 pulsando
3342 4726 3354 4762 :
3389 4716 3445 4762 ut
3477 4708 3600 4762 ideo

302 4804 552 4873 accipiat,
586 4802 705 4856 ideo
736 4801 990 4866 inveniat,
1020 4801 1140 4855 ideo
1166 4799 1417 4865 introeat,
1447 4800 1566 4870 quia
1590 4800 1730 4855 bono
1758 4810 1970 4855 natura:
2000 4801 2137 4855 bene
2161 4814 2307 4862 usus,
2337 4799 2405 4854 ad
2445 4800 2600 4855 istam
2627 4799 2922 4854 salvantem
2950 4800 3200 4869 gratiam,
3234 4798 3452 4852 initialis
3476 4811 3580 4867 gra

306 4900 394 4953 the
422 4914 521 4965 0pc
550 4896 804 4951 meruerit
830 4894 1132 4965 pervrnire.
1178 4893 1518 4963 Propositum
1546 4904 1725 4950 autem
1752 4895 1994 4948 vocantis
2019 4890 2203 4964 gratia:
2231 4893 2283 4947 in
2316 4893 2418 4948 hoc
2459 4891 2679 4948 omnino
2720 4891 3003 4956 deﬁniunt,
3049 4891 3189 4962 quod
3225 4891 3366 4946 Deus
3388 4891 3591 4945 consti-

306 4990 467 5041 tuerit
490 4987 691 5041 nullum
725 4987 777 5041 in
810 4999 1031 5055 regnum
1057 5000 1236 5047 suum,
1271 4984 1372 5039 nisi
1402 4999 1496 5053 per
1518 4983 1926 5039 Sacrameutum
1953 4983 2372 5055 regenerationis
2410 4998 2708 5049 assumere,
2737 4979 2791 5038 ἐι
2819 4983 2885 5039 ad
2917 4983 3016 5039 hoc
3037 4983 3227 5037 salutis
3249 4983 3447 5039 donum
3476 4999 3590 5039 om.

304 5095 402 5134 nes
429 5077 672 5133 homines
693 5077 1081 5140 universaliter,
1113 5076 1226 5130 sive
1256 5090 1351 5145 per
1380 5075 1703 5143 naturalem,
1734 5076 1847 5131 sive
1874 5092 1966 5144 per
1996 5076 2248 5146 scriptam
2281 5075 2474 5147 legem,
2507 5076 2619 5130 sive
2648 5091 2743 5147 per
2770 5074 3129 5146 evangelicain
3158 5075 3592 5145 pra-dicationein

303 5170 483 5223 vocari
512 5211 526 5236 ,
564 5179 619 5224 ut
648 5180 702 5224 et
728 5170 816 5241 qui
846 5168 1130 5235 voluerint,
1165 5168 1295 5222 fiant
1324 5168 1413 5223 lilii
1456 5168 1571 5235 Dei,
1601 5177 1656 5224 et
1681 5169 2072 5226 inexcusabiles
2097 5170 2203 5224 sint
2229 5171 2316 5242 qui
2347 5168 2531 5226 ﬁdeles
2557 5185 2679 5225 esse
2706 5169 3011 5234 noluerint;
3044 5169 3163 5241 quia
3188 5168 3390 5241 jnsﬁtia
3420 5169 3508 5225 Dei
3541 5169 3592 5226 in

304 5277 374 5317 eo
403 5262 493 5328 sit,
528 5261 698 5331 utqui
727 5279 830 5315 non
857 5259 1202 5328 crediderint,
1234 5270 1488 5330 pereant;
1532 5261 1742 5316 bonitas
1773 5261 1823 5314 iu
1851 5276 1917 5316 eo
1946 5270 2223 5332 appareat,
2255 5261 2297 5315 si
2326 5261 2594 5317 neminem
2620 5260 2849 5331 repellat
2876 5274 2905 5314 a
2946 5259 3075 5326 vita,
3105 5260 3198 5315 sed
3229 5259 3592 5316 indifferenter

303 5356 583 5408 universos
621 5352 748 5406 velit
789 5354 965 5408 salvos
1010 5353 1123 5408 ﬁcri
1172 5363 1227 5409 et
1290 5353 1342 5409 in
1386 5353 1709 5425 agnitionem
1737 5353 1974 5408 veritatis
2026 5355 2229 5407 venire.
2272 5351 2390 5408 Jam
2440 5352 2528 5408 hic
2576 5353 2853 5423 proferunt
2908 5352 3209 5409 testimonia
3266 5352 3457 5421 quibus
3512 5353 3594 5405 tli-

304 5446 549 5500 vinarunt
580 5445 973 5514 Scripturarinn
1013 5446 1314 5501 cohortatio
1353 5445 1419 5500 ad
1465 5445 1827 5501 obediendtuu
1870 5446 2055 5500 incitat
2095 5444 2369 5500 hominum
2401 5444 2707 5501 voluntates
2730 5486 2745 5512 ,
2780 5444 2867 5515 qtti
2913 5460 2978 5501 ex
3024 5445 3190 5499 libero
3219 5445 3437 5499 arbitrio
3461 5484 3475 5507 ,
3504 5456 3592 5498 aut

306 5538 505 5591 faciant
559 5551 677 5607 quae
720 5536 1014 5603 jubentur,
1068 5545 1158 5589 aut
1203 5538 1514 5607 negligant:
1565 5547 1619 5592 et
1667 5552 2001 5606 consequens
2052 5544 2274 5606 putant,
2329 5547 2385 5591 ιιι
2427 5537 2548 5607 quia
2617 5538 2994 5607 pnevaricator
3052 5537 3174 5592 ideo
3237 5538 3431 5593 dicitur
3486 5551 3587 5591 non

303 5630 551 5685 olaedisse
588 5669 602 5691 ,
658 5628 782 5697 quia
836 5628 1043 5690 noluit,
1100 5627 1270 5683 ﬁdelis
1325 5645 1535 5699 quoque
1587 5647 1692 5684 non
1751 5630 2023 5685 dubitrtur
2070 5628 2139 5682 ob
2189 5629 2289 5683 hoc
2346 5628 2571 5684 deictus
2624 5629 2827 5693 fuisse,
2888 5629 3009 5699 quia
3065 5629 3273 5692 Voluit;
3320 5638 3374 5682 et
3420 5641 3593 5696 quan-

304 5734 416 5780 tum
469 5724 695 5796 quisque
747 5721 813 5776 ad
872 5722 1107 5790 malum,
1164 5730 1369 5777 tantum
1430 5724 1619 5779 habeat
1675 5723 1938 5779 facultatis
1992 5722 2067 5779 ad.
2111 5722 2349 5789 bonum;
2408 5724 2627 5795 parique
2677 5731 2949 5780 momento
2993 5721 3230 5777 animum
3285 5736 3343 5776 se
3398 5718 3477 5773 Vel
3523 5714 3590 5772 ad

367 5856 437 5916 (τι)
475 5855 809 5905 Adrumctinos
830 5852 1104 5902 monachos.
