4122 6514
1473 412 1798 468 EPISTULA
1843 412 2176 468 PROSPERI
2217 413 2308 469 AD
2349 415 2818 477 AUGUSTINUM.
3688 423 3795 493 953

507 518 626 572 vitia
655 519 802 616 preci
842 520 906 576 ad
955 523 1175 580 virtutes
1225 540 1439 581 movere
1465 569 1480 594 ,
1531 542 1688 596 quem
1715 527 1852 590 bona
1879 535 2214 598 appetentem
2256 529 2422 602 gratia
2464 530 2556 586 Dei
2602 529 2812 600 foveat,
2859 535 2996 595 maia
3029 546 3326 595 sectantem
3358 540 3637 598 damnatio
3657 546 3800 616 justa

504 604 786 682 suscipiat:

503 711 510 720 '
576 703 630 758 ii.
675 703 912 804 Cumque
959 708 1098 766 inter
1138 710 1254 766 huic
1298 712 1758 770 innumerabilium
1791 713 1898 772 illis
1940 714 2222 772 multitudo
2264 717 2513 786 obiicitur
2540 723 2888 789 parvulorum
2915 765 2928 790 ,
2963 725 3056 796 qui
3087 727 3270 798 utique
3304 739 3528 802 excepto
3555 725 3800 804 originali

498 808 744 870 peccato,
775 801 875 856 sub
903 819 1008 874 quo
1034 821 1220 860 omnes
1265 805 1509 862 homines
1555 809 1806 864 similiter
1848 809 1900 864 in
1948 810 2102 879 primi
2130 807 2362 866 hominis
2387 811 2729 870 damnatione
2771 825 3084 886 nascuntur,
3135 819 3313 874 nullas
3339 801 3514 878 adhuc
3539 801 3802 878 habentes

504 890 838 956 voluntates,
885 895 1060 950 nullas
1089 898 1328 968 proprias
1373 899 1632 965 actiones,
1683 915 1788 956 non
1821 901 1938 958 sine
1967 901 2058 957 Dei
2085 901 2290 972 judicio
2337 913 2724 972 secernuntur;
2758 918 2812 962 ut
2843 919 2968 964 ante
3013 909 3393 967 discretionem
3422 913 3548 970 boni
3577 931 3641 970 ac
3671 911 3798 971 mali

501 983 570 1037 de
598 998 692 1038 usu
728 985 850 1041 vita:
893 987 1049 1044 istius
1088 989 1384 1058 auferendi,
1432 991 1519 1046 alii
1567 1008 1662 1064 per
1710 995 2168 1064 regenerationem
2215 994 2354 1049 inter
2395 995 2638 1052 cmlestis
2685 999 2835 1068 regni
2883 1012 3228 1057 assumantur
3260 1003 3521 1072 htcredes,
3553 1005 3639 1060 alii
3683 1006 3802 1060 sine

501 1076 774 1146 Baptismo
805 1079 944 1135 inter
970 1081 1156 1136 mortis
1185 1093 1451 1152 perpetuae
1487 1093 1759 1140 transeant
1789 1085 2058 1141 debitores
2085 1103 2098 1140 :
2143 1086 2278 1141 tales
2318 1087 2468 1142 aiunt
2501 1088 2672 1158 perdi,
2703 1089 2942 1160 talesque
2967 1093 3184 1160 salvari,
3230 1096 3417 1165 quales
3445 1095 3648 1151 futuros
3676 1097 3802 1153 illus

502 1171 556 1222 in
583 1171 738 1227 annis
763 1171 1052 1243 majoribus
1077 1215 1091 1239 ,
1121 1175 1168 1230 si
1193 1175 1258 1228 ad
1284 1179 1510 1231 activam
1539 1188 1882 1234 servarentur
1905 1188 2147 1246 aatatem,
2178 1179 2401 1234 scientia
2426 1179 2602 1235 divina
2634 1181 2958 1251 prtcviderit.
2985 1183 3092 1238 Nec
3120 1185 3466 1242 considerant
3490 1203 3549 1242 se
3571 1187 3798 1258 gratiam

507 1262 619 1330 Dei,
667 1280 824 1332 quam
866 1267 1117 1322 comitem
1142 1307 1158 1334 ,
1190 1282 1295 1321 non
1329 1268 1576 1338 praevium
1609 1269 1962 1325 humanorum
1998 1269 2185 1326 volunt
2212 1285 2334 1326 esse
2376 1270 2686 1326 meritorum
2712 1313 2730 1337 ,
2762 1273 2923 1328 etiam
2975 1273 3080 1328 illis
3119 1275 3486 1332 voluntatibus
3526 1277 3756 1332 subdere
3778 1318 3797 1344 ,

499 1372 634 1426 quas
657 1359 725 1413 ab
756 1374 838 1426 ca,
869 1359 1160 1415 secundum
1187 1374 1335 1414 suam
1363 1363 1718 1434 phantasiam,
1749 1379 1854 1418 non
1897 1373 2094 1434 negant
2121 1377 2240 1418 esse
2270 1372 2587 1434 prteventas.
2611 1364 2718 1421 Sed
2750 1365 2803 1420 in
2836 1374 3042 1421 tantum
3066 1367 3490 1439 quibuscumque
3521 1384 3802 1425 commcn-

501 1451 629 1506 titiis
661 1454 865 1508 meritis
894 1455 1207 1513 eiectionem
1250 1458 1344 1514 Dei
1385 1457 1707 1528 subjiciunt,
1742 1466 1800 1512 ut
1845 1455 1967 1528 quia
1997 1457 2265 1526 praeterita
2294 1472 2400 1512 non
2431 1465 2662 1524 exstant,
2696 1457 2892 1524 futura,
2921 1475 3040 1530 qua:
3070 1474 3176 1515 non
3203 1461 3310 1516 sint
3353 1461 3550 1528 futura,
3587 1465 3798 1520 conlin-

500 1559 648 1616 gattt,
683 1562 929 1620 novoque
955 1549 1092 1620 apud
1133 1551 1251 1606 illos
1276 1551 1618 1606 absurditalis
1640 1565 1858 1622 genere,
1889 1559 1944 1606 et
1992 1563 2097 1606 non
2125 1549 2327 1620 agenda
2359 1550 2603 1620 prtescita
2648 1550 2776 1616 sint,
2803 1558 2858 1606 ct
2889 1553 3134 1622 prtescita
3177 1567 3285 1608 non
3328 1563 3446 1609 acta
3475 1555 3602 1610 sint.
3649 1555 3798 1610 ilanc

500 1653 628 1691 sane
653 1637 721 1692 de
749 1640 995 1695 tnnnanis
1020 1641 1224 1696 meritis
1249 1642 1638 1712 pracscientiam
1667 1641 1782 1708 Dci,
1813 1641 2110 1696 secundum
2139 1657 2299 1712 quam
2320 1643 2488 1713 gratia
2520 1641 2760 1697 vocantis
2788 1653 3063 1712 operetur,
3094 1643 3268 1700 multo
3293 1645 3393 1700 sibi
3424 1647 3798 1704 rationabilius

500 1730 750 1786 videntur
775 1742 1036 1798 astruere,
1065 1749 1188 1790 cum
1217 1736 1282 1792 ad
1311 1751 1494 1792 earum
1525 1735 1798 1792 nationum
1827 1735 2332 1806 contemplationem
2382 1737 2610 1800 venitur,
2643 1749 2763 1806 quae
2789 1735 2872 1788 vel
2915 1735 2966 1790 in
3000 1737 3284 1805 przeteritis
3312 1739 3523 1794 sn-culis
3551 1739 3794 1795 dimissa:

497 1835 622 1879 sunt
652 1825 855 1896 ingredi
886 1829 997 1883 vias
1027 1844 1150 1889 suas
1183 1828 1333 1904 (Act.
1367 1846 1481 1897 Xtv,
1514 1830 1628 1900 15),
1670 1829 1754 1884 vel
1786 1843 1925 1884 nunc
1952 1844 2166 1900 quoque
2192 1827 2368 1883 adhuc
2397 1827 2449 1882 in
2477 1828 2674 1882 veteris
2707 1827 3018 1898 ignorantite
3046 1829 3320 1899 impietate
3348 1831 3664 1901 depereunt,
3695 1849 3796 1889 nec

498 1921 600 1974 ulla
631 1922 708 1976 eis
735 1932 827 1978 aut
853 1923 1012 1996 Legis
1039 1935 1130 1981 aut
1158 1925 1434 1998 Evangelii
1478 1925 1797 1981 illuminatio
1841 1924 2176 1988 coruscat-it;
2203 1938 2323 1978 cum
2357 1930 2555 1988 tamen,
2587 1921 2638 1976 in
2665 1931 2920 1994 quantum
2951 1925 3391 1994 przedicatoribus
3416 1928 3608 1981 ostium
3635 1942 3793 1996 aper-

497 2022 608 2064 tttm
639 2023 722 2068 est
753 2023 806 2068 et
831 2015 915 2069 via
945 2014 1076 2070 facta
1102 2025 1206 2084 est,
1237 2001 1472 2088 gentium
1500 2015 1747 2088 populus,
1777 2015 1865 2086 qui
1893 2015 2112 2072 sedebat
2140 2013 2194 2069 in
2223 2012 2457 2069 tenebris
2495 2021 2548 2066 et
2589 2011 2642 2066 in
2671 2011 2858 2067 umbra
2887 2014 3097 2078 mortis,
3127 2014 3302 2070 lucem
3330 2015 3520 2071 viderit
3548 2032 3794 2088 magnam

496 2101 516 2170 (
540 2099 664 2156 frui.
695 2119 772 2169 Ix,
795 2104 852 2171 2,
877 2113 922 2160 et
949 2104 1138 2161 Matth.
1163 2123 1235 2175 tv,
1262 2107 1354 2180 i6)
1375 2124 1390 2174 ;
1413 2115 1466 2163 et
1491 2107 1578 2178 qui
1605 2106 1875 2178 quondam
1903 2120 2008 2160 non
2038 2105 2280 2175 populus,
2312 2117 2454 2158 nunc
2475 2111 2651 2158 autem
2679 2102 2906 2173 populus
2935 2103 3025 2159 Dei
3048 2105 3147 2170 sit;
3177 2113 3234 2160 et
3255 2121 3478 2176 quorum
3509 2107 3796 2178 aliquando

485 2183 600 2248 non
624 2197 872 2256 misertus
898 2206 999 2266 est,
1028 2215 1168 2256 nunc
1187 2208 1364 2256 autem
1386 2201 1702 2256 misereatur
1725 2197 1880 2270 (Osee
1905 2213 1962 2262 ii,
1989 2197 2082 2261 25,
2105 2197 2196 2262 24,
2223 2205 2270 2252 et
2295 2194 2448 2250 Rom.
2476 2211 2551 2260 ιιι,
2579 2194 2707 2267 25):
2741 2195 2997 2266 praevisos
3024 2197 3270 2268 inquiunt
3308 2213 3338 2252 a
3367 2198 3593 2255 Domino
3619 2201 3794 2256 credi-

497 2297 664 2354 turos,
697 2297 752 2345 et
781 2289 1302 2364 ad'unamquamque
1345 2301 1558 2364 gentem
1587 2293 1657 2347 ita
1681 2291 1984 2362 dispensata
2012 2301 2251 2361 tempora
2271 2303 2334 2343 ac
2362 2287 2653 2343 ministeria
2685 2288 3082 2358 magistrorum,
3115 2297 3173 2344 ut
3201 2299 3452 2346 exortura
3482 2301 3598 2346 erat
3623 2292 3792 2347 bona-

494 2397 614 2435 rum
664 2382 952 2440 credulitas
1000 2385 1354 2448 voluntatum.
1406 2385 1517 2442 Nec
1567 2385 1821 2440 vacillare
1878 2383 2050 2450 illud,
2102 2382 2242 2454 quod
2295 2383 2436 2438 Deus
2483 2397 2672 2438 omnes
2717 2381 2963 2440 homines
3003 2383 3132 2438 velit
3176 2385 3353 2440 salvos
3418 2385 3574 2453 fieri,
3634 2396 3689 2442 et
3739 2387 3791 2441 in

491 2475 819 2544 agnitionem
868 2477 1111 2538 veritatis
1157 2477 1340 2535 venire
1371 2477 1446 2550 -(l
1495 2477 1632 2533 Tim.
1683 2493 1757 2539 tt,
1807 2475 1925 2548 4);
1974 2473 2404 2546 quandoquidem
2449 2474 2839 2530 inexcusabiles
2883 2475 3022 2541 sint,
3051 2476 3142 2546 qui
3171 2483 3233 2533 ct.
3260 2475 3324 2530 ad
3350 2477 3512 2532 unius
3550 2477 3660 2532 veri
3699 2478 3791 2532 Dei

497 2566 698 2620 cultum
736 2569 1005 2642 potuerint
1031 2569 1219 2628 instrui
1247 2569 1593 2645 intelligentia
1633 2569 1855 2641 naturali
1885 2611 1901 2634 ,
1929 2578 1975 2622 et
2008 2568 2351 2638 Evangelium
2391 2566 2513 2623 ideo
2539 2583 2643 2621 non
2673 2565 2972 2633 audierint,
3003 2569 3124 2639 quia
3152 2584 3252 2625 nec
3278 2569 3472 2626 fuerint
3505 2571 3790 2642 recepturi.

567 2658 621 2714 6.
669 2659 774 2716 Pro
803 2661 1056 2724 universo
1097 2671 1274 2718 autem
1313 2664 1546 2717 humano
1571 2677 1768 2732 genere
1813 2670 2082 2716 mortuum
2113 2675 2233 2715 esse
2266 2659 2549 2714 Dominum
2583 2671 2824 2714 nostrum
2867 2659 3049 2715 .iesum
3080 2659 3350 2715 Christum
3377 2701 3392 2726 ,
3438 2669 3492 2717 et
3522 2662 3790 2716 ncmincm

493 2767 714 2821 prorsus
737 2770 767 2809 a
793 2752 1160 2834 redemptione
1189 2755 1462 2832 sanguinis
1487 2755 1603 2826 ejus
1627 2764 1932 2828 exceptum,
1953 2755 2162 2811 etiamsi
2184 2769 2397 2810 omnem
2421 2753 2558 2808 hanc
2581 2753 2743 2808 vitam
2765 2752 3088 2809 alienissima
3119 2753 3186 2810 ab
3213 2769 3281 2810 eo
3307 2765 3488 2812 mente
3516 2767 3790 2826 pertrans-

489 2863 578 2906 eat
603 2870 617 2918 ;
647 2854 769 2926 quia
809 2854 876 2918 ad
904 2871 1092 2914 omnes
1118 2855 1362 2912 homines
1389 2856 1654 2926 pertineat
1691 2853 1884 2910 divinae
1909 2852 2294 2910 miscricordize
2317 2851 2721 2908 Sacramentnm
2749 2865 2762 2903 :
2792 2863 2900 2920 quo
2927 2848 3050 2905 ideo
3073 2849 3284 2920 plurimi
3313 2865 3417 2904 non
3441 2861 3786 2912 renoventur.

489 2948 612 3017 quia
639 2950 778 3020 quod
825 2966 926 3012 nec
964 2951 1210 3010 renovari
1235 2950 1376 3007 velle
1405 2950 1656 3014 habeant,
1688 2957 2113 3019 prtenoscantur.
2142 2947 2343 3017 itaque,
2387 2951 2644 3015 quantum
2685 2941 2750 2997 ad
2779 2942 2948 2998 Deum
2977 2943 3230 3012 pertinet,
3263 2943 3509 3000 omnibus
3549 2952 3786 3013 paratam

487 3044 649 3096 vitam
675 3053 930 3100 aeternam
957 3061 974 3112 ;
1002 3054 1256 3118 quantum
1278 3053 1457 3100 autem
1479 3042 1545 3098 ad
1575 3042 1777 3098 arbitrii
1802 3042 2124 3106 libertatem,
2153 3041 2222 3094 ah
2253 3039 2334 3094 his
2356 3055 2473 3094 eam
2501 3037 2853 3110 apprehendi,
2878 3037 2970 3108 qui
3000 3037 3110 3093 Deo
3135 3047 3323 3108 sponte
3349 3038 3707 3104 crediderint,
3733 3046 3787 3094 et

487 3138 749 3195 auxilium
779 3139 964 3210 gratiae
992 3138 1184 3196 merito
1209 3137 1539 3194 credulitatis
1567 3135 1892 3207 acceperint.
1939 3135 1994 3190 in
2040 3136 2194 3188 istam
2224 3148 2350 3188 vero
2379 3132 2498 3187 talis
2527 3132 2713 3204 gratiae
2755 3131 3190 3202 prtrdicationetn
3219 3131 3294 3198 lti,
3323 3146 3547 3202 quorum
3575 3141 3786 3186 contra-

485 3229 722 3286 dictione
751 3231 1094 3296 oil‘endimur,
1123 3245 1248 3288 cum
1293 3229 1442 3302 prius
1482 3229 1702 3284 meliora
1733 3227 2033 3290 sentirent,
2080 3225 2202 3280 ideo
2231 3240 2288 3280 se
2317 3224 2398 3278 vel
2433 3223 2664 3278 maxime
2693 3223 3058 3288 contulerunt,
3091 3224 3213 3294 quia
3241 3223 3283 3278 si
3313 3222 3692 3294 profiterentur
3717 3223 3785 3278 ab

485 3338 546 3375 ca
575 3323 750 3379 omnia
775 3323 912 3384 bona
939 3324 1128 3380 merita
1161 3322 1468 3396 prmveniri,
1498 3330 1554 3379 et
1575 3321 1642 3377 ab
1671 3321 1782 3394 ipsa
1812 3330 1870 3376 ut
1898 3305 2104 3390 possint
2129 3334 2272 3385 esse,
2303 3319 2530 3386 donari,
2559 3318 2882 3373 necessitate
2911 3317 3270 3374 concederent
3295 3317 3463 3372 Deum
3491 3317 3783 3373 secundum

485 3418 813 3486 propositum
857 3426 914 3479 et
955 3417 1237 3476 consilium
1265 3415 1554 3472 voluntatis
1581 3430 1713 3481 sum,
1747 3413 1959 3468 occulto
1976 3413 2198 3484 judicio,
2228 3421 2282 3466 et
2308 3427 2471 3482 opere
2503 3409 2786 3466 tnanifeSto
2811 3453 2826 3473 ,
2853 3409 2996 3464 aliud
3038 3425 3132 3463 vas
3157 3409 3390 3466 condere
3415 3411 3468 3464 in
3497 3409 3781 3477 honorem,

481 3507 623 3566 aliud
655 3511 705 3566 in
729 3512 1107 3587 contumeliam
1143 3511 1327 3586 (Rom.
1357 3527 1438 3576 ιι,
1465 3509 1596 3584 2|);
1630 3510 1750 3581 quia
1779 3523 1938 3564 nemo
1965 3508 2066 3561 nisi
2099 3522 2193 3578 per
2234 3506 2460 3576 gratiam
2484 3504 2825 3574 justiiicetur,
2859 3509 2914 3557 et
2943 3518 3102 3556 nemo
3131 3502 3235 3557 nisi
3265 3502 3316 3556 in
3347 3503 3782 3589 prtevaricatione

483 3611 754 3660 nascatur.
784 3603 890 3663 Sed
924 3605 1194 3675 refugiunt
1217 3604 1356 3659 istud
1380 3603 1560 3669 fateri,
1588 3601 1874 3670 divinoque
1903 3600 2208 3654 adscribere
2237 3599 2384 3668 operi
2411 3606 2718 3652 sanctorunt
2748 3595 2936 3650 merita
2965 3593 3286 3658 formidant;
3318 3609 3416 3650 nec
3440 3595 3783 3664 acqtticscnnt

482 3694 920 3760 praedestinatum
951 3695 1246 3750 electorum
1276 3710 1556 3750 numerum
1589 3710 1688 3751 nec
1717 3692 1897 3764 augeri
1929 3706 2088 3766 posse
2117 3704 2214 3744 nec
2245 3689 2436 3756 mittui,
2469 3705 2538 3744 ne
2580 3688 2756 3744 locum
2800 3687 2939 3758 apud
2973 3687 3216 3742 intidclcs
3241 3701 3304 3740 ac
3333 3687 3658 3757 negligentes
3684 3705 3782 3744 co-

485 3786 810 3849 hortantium
843 3787 1184 3842 incitamenta
1215 3803 1322 3842 non
1353 3787 1582 3843 habeant
1603 3829 1618 3853 ,
1651 3802 1712 3840 ac
1741 3783 2010 3857 superflua
2056 3783 2124 3836 sit
2154 3781 2427 3838 industriae
2475 3795 2539 3836 ac
2582 3779 2780 3835 laboris
2809 3777 3062 3844 indictio,
3093 3779 3244 3849 cujus
3271 3780 3506 3835 studium
3535 3789 3782 3835 cessante

479 3877 748 3938 electione
780 3879 1140 3937 frustrandum
1171 3879 1239 3933 sit
1269 3896 1282 3938 :
1315 3879 1385 3932 ita
1410 3879 1622 3934 demum
1649 3877 1790 3937 enim
1823 3890 1979 3946 posse
2005 3887 2438 3942 unumquemque
2460 3873 2526 3926 ad
2553 3873 2942 3926 correctionem
2970 3878 3062 3924 aut
3089 3871 3154 3926 ad
3188 3871 3478 3942 pﬁfcctum
3509 3870 3709 3934 vocari,
3733 3871 3780 3926 si

480 3989 538 4027 se
569 3973 703 4027 sciat
733 3987 825 4026 sua
853 3971 1124 4043 diligentia
1155 3970 1350 4026 bonum
1380 3987 1500 4026 esse
1532 3986 1708 4044 posse,
1739 3980 1793 4024 et
1819 3969 2120 4025 libertatem
2148 3981 2298 4022 suam
2326 3965 2394 4018 ab
2420 3965 2522 4020 hoc
2549 3964 2639 4018 Dei
2666 3964 2864 4018 auxilio
2883 3963 3198 4033 juvandam,
3225 3964 3268 4017 si
3291 3963 3429 4033 quod
3463 3963 3600 4017 Deus
3629 3978 3778 4016 man-

478 4067 590 4133 dat,
623 4066 860 4137 elegerit.
893 4068 971 4121 Ae
999 4067 1093 4134 sic,
1121 4081 1242 4122 Cum
1272 4065 1324 4120 itt
1357 4064 1461 4129 his,
1489 4065 1578 4134 qui
1610 4074 1816 4131 tempus
1843 4068 2167 4130 acceperunt
2196 4059 2374 4112 liberte
2401 4057 2710 4120 voluntatis,
2743 4055 2850 4112 duo
2876 4055 2984 4109 sint
3027 4070 3145 4125 quae
3173 4054 3460 4108 humanam
3489 4063 3778 4124 Operentur

478 4160 725 4225 salutem,
761 4159 852 4218 Dei
879 4159 1081 4216 scilicet
1109 4159 1276 4231 gratia
1306 4168 1359 4214 et
1387 4157 1619 4218 hominis
1649 4155 1986 4220 obedientia;
2020 4155 2251 4223 priorem
2281 4152 2462 4204 volunt
2491 4147 2848 4204 obedientiam
2877 4161 2996 4202 esse
3017 4161 3174 4217 quam
3199 4147 3447 4216 gratiam,
3480 4154 3538 4200 ut
3564 4146 3770 4200 initium

477 4254 666 4313 saiutis
697 4270 760 4309 cx
793 4269 858 4309 eo
883 4253 970 4325 qui
1000 4253 1258 4316 salvator,
1290 4266 1396 4306 non
1425 4267 1488 4309 ex
1521 4266 1587 4304 eo
1613 4247 1940 4303 credendum
1985 4247 2054 4300 sit
2081 4251 2226 4299 stare
2253 4242 2342 4314 qui
2371 4242 2562 4309 salvat,
2592 4248 2646 4295 ct
2689 4241 2936 4295 voluntas
2965 4237 3204 4294 hominis
3228 4237 3425 4293 divinae
3449 4239 3633 4310 gratia:
3673 4237 3774 4293 sibi

478 4346 654 4416 pariat
675 4363 855 4416 opem,
885 4362 989 4400 non
1011 4347 1180 4417 gratia
1211 4345 1294 4400 sib
1324 4345 1607 4399 humanatn
1633 4341 1878 4410 subjiciat
1908 4340 2258 4392 voluntatem.

558 4439 609 4492 7.
643 4439 793 4507 Quod
821 4437 1430 4508 cttm‘pervcrsissimum
1461 4449 1610 4497 esse,
1648 4433 1915 4488 revelantc
1947 4431 2039 4486 Dci
2070 4429 2432 4508 misericordia
2454 4468 2470 4494 ,
2514 4436 2568 4482 et
2594 4427 2888 4483 instruente
2923 4441 3024 4482 nos
3060 4434 3147 4501 tua
3185 4425 3520 4481 Bcatitndine
3561 4425 3772 4481 noveri-

480 4548 632 4597 tnus;
667 4547 950 4603 possumus
973 4497 1191 4603 quidem
1219 4530 1284 4584 ad
1315 4544 1420 4583 non
1447 4525 1773 4582 credendum
1801 4539 1920 4579 esse
1944 4497 2276 4585 constautds,
2313 4521 2404 4575 sed
2433 4520 2498 4575 ad
2528 4521 2898 4576 auctoritatem
2929 4518 3055 4574 talia
3085 4519 3425 4574 sentientium
3453 4534 3559 4572 non
3589 4533 3776 4573 sumus

476 4642 634 4698 pares
658 4645 672 4682 :
705 4628 824 4697 quia
851 4627 1074 4686 multum
1105 4639 1202 4680 nos
1221 4633 1276 4680 et
1297 4624 1419 4678 vita:
1446 4620 1650 4676 meritis
1669 4617 2016 4682 antecellunt,
2046 4625 2098 4669 ct
2120 4614 2281 4684 aliqui
2307 4629 2514 4676 eorum,
2539 4611 2734 4682 adepto
2755 4627 2924 4681 nuper
2947 4625 3162 4668 summo
3184 4611 3200 4642 ¹
3229 4609 3512 4665 sacerdotii
3544 4610 3770 4676 honore,

476 4721 912 4790 superemineat;
947 4733 1046 4775 nec
1077 4717 1232 4776 facile
1257 4716 1571 4787 quisquam,
1603 4720 1801 4782 prmter
1834 4724 2031 4780 paucos
2072 4707 2322 4778 perfectae
2350 4707 2535 4776 gratiae
2576 4703 2868 4774 intrepidos
2907 4713 3172 4758 amatores
3195 4745 3210 4769 ,
3253 4711 3402 4757 tanto
3438 4703 3773 4772 superiorum

473 4811 923 4882 disputationibus
953 4824 1114 4866 ausus
1141 4817 1224 4864 est
1249 4807 1538 4863 contraire.
1571 4805 1648 4868 Ex
1679 4817 1786 4874 quo
1812 4818 1918 4860 non
1948 4801 2120 4855 solum
2154 4800 2237 4854 Itis
2263 4799 2351 4869 qui
2381 4815 2474 4854 eos
2504 4797 2758 4864 audiunt,
2789 4811 2976 4851 verum
3001 4797 3165 4850 etiam
3194 4796 3322 4866 ipsis
3352 4795 3438 4866 qni
3461 4795 3770 4863 audiuntur,

471 4922 592 4963 cum
633 4905 980 4977 dignitatibus
1021 4905 1190 4962 crevit
1225 4903 1552 4975 periculum;
1601 4900 1727 4956 dunt
1768 4907 1822 4954 et
1861 4898 2056 4952 multos
2081 4899 2380 4952 reverentia
2425 4909 2610 4950 eorum
2641 4903 2731 4948 attt
2770 4894 2942 4948 intttili
2974 4893 3192 4948 cohibet
3221 4893 3462 4956 silentio,
3493 4903 3586 4947 aut
3619 4893 3772 4946 incu-

475 4999 618 5051 rioso
649 4999 792 5052 ducit
819 5011 1073 5062 assensu;
1120 5006 1172 5052 et
1201 4995 1608 5053 saluberrimum
1652 4993 1782 5061 ipsis
1808 4991 2038 5056 videtur,
2069 4989 2210 5060 quod
2255 5005 2392 5059 pene
2431 4988 2626 5044 nullius
2655 4987 3079 5042 contradictione
3117 4987 3549 5057 reprehenditur.
3579 4985 3732 5042 Unde
3753 5029 3768 5053 ,

471 5091 592 5160 quia
648 5089 701 5144 in
763 5091 880 5145 istis
927 5089 1226 5160 Pelagiana:
1264 5086 1543 5159 pravitatis
1592 5085 1830 5154 reliquiis
1883 5099 1990 5138 non
2035 5081 2320 5137 mediocris
2368 5079 2668 5135 virulentim
2725 5078 2858 5133 fibra
2899 5079 3162 5142 nutritur,
3217 5081 3261 5134 si
3311 5077 3628 5149 principium
3679 5094 3770 5134 sa-

473 5187 597 5239 lutis
625 5186 764 5241 male
817 5185 868 5238 in
919 5185 1134 5240 homine
1164 5183 1488 5246 collocatur;
1545 5180 1591 5236 si
1639 5179 1834 5240 divina:
1877 5177 2137 5234 voluntati
2191 5175 2354 5244 impie
2397 5174 2644 5230 voluntas
2674 5170 2902 5226 humana
2932 5171 3236 5242 prarfertur,
3287 5183 3346 5226 ut
3376 5171 3496 5228 ideo
3526 5170 3646 5242 quis
3675 5171 3772 5224 ad—

466 5281 686 5350 juvetur
723 5280 844 5350 quia
883 5280 1082 5343 voluit,
1129 5295 1235 5334 non
1280 5277 1400 5334 ideo
1433 5276 1557 5348 quia
1586 5274 1888 5344 adjuvatur,
1931 5271 2090 5336 velit;
2141 5271 2185 5324 si
2227 5267 2556 5340 originalitcr
2601 5266 2771 5322 malus
2804 5267 3163 5336 rcceptioncm
3193 5266 3318 5320 boni
3350 5281 3456 5320 non
3499 5280 3528 5319 a
3556 5279 3768 5319 summo

469 5376 632 5440 bono,
667 5374 762 5429 sed
791 5390 820 5428 a
852 5374 1140 5444 semetipso
1162 5371 1416 5428 inchoare
1439 5370 1577 5424 male
1603 5351 1937 5430 crediturfsi
1959 5362 2173 5418 aliunde
2199 5363 2310 5417 Deo
2335 5361 2594 5430 placetur,
2626 5357 2726 5413 nisi
2755 5373 2821 5412 ex
2848 5373 2913 5411 eo
2933 5357 3073 5426 quod
3099 5357 3212 5426 ipse
3237 5356 3516 5412 donaverit
3545 5373 3556 5408 :
3593 5356 3768 5410 tribue

470 5469 626 5524 nobis
651 5469 702 5522 in
739 5469 836 5522 hac
863 5482 1046 5530 causa,
1082 5481 1215 5536 papa
1246 5465 1574 5527 beatissime,
1607 5472 1756 5532 pater
1784 5459 2018 5528 optime,
2048 5465 2304 5526 quantum
2329 5452 2551 5522 juvante
2584 5451 2810 5505 Domino
2840 5459 3014 5520 potes,
3041 5449 3370 5518 diligentiam
3399 5447 3612 5519 pietatis
3642 5457 3766 5511 tum,

429 5591 432 5598 -
469 5571 520 5614 ut
553 5575 671 5628 qua:
698 5560 754 5616 in
785 5561 900 5616 istis
928 5559 1308 5630 qumstiouihus
1337 5555 1643 5611 obscuriora
1676 5561 1730 5608 ct
1755 5551 1819 5609 ad
1853 5546 2248 5624 percipiendum
2279 5543 2577 5601 difﬁciliora
2605 5551 2747 5610 sunt,
2779 5557 2936 5612 quam
2971 5539 3312 5595 Iucidissimis
3340 5536 3768 5608 exposiionihus

467 5653 706 5713 digneris
731 5655 958 5713 anerirc.

527 5672 706 5720 μυστ-ις
731 5672 958 5726 aperire.

539 5755 594 5806 8.
635 5756 706 5806 Ac
745 5749 1002 5820 primum,
1039 5747 1158 5818 quia
1205 5742 1439 5816 pl'eriqttc
1473 5757 1574 5798 ιιο·ι
1608 5747 1791 5812 putaui
1819 5736 2155 5793 christianum

2134 5750 2160 5788 ιι
2205 5729 2362 5786 tidem
2397 5729 2495 5784 hac
2526 5727 2859 5784 dissensione
2892 5725 3118 5792 violari,
3151 5733 3406 5793 quantum
3442 5716 3658 5793 periculi
3693 5718 3762 5774 sit

533 5863 549 5903 t
587 5868 635 5918 ιιι
661 5869 748 5911 Mss
774 5901 784 5920 ,
814 5861 1009 5913 Sit‘.‘t.’.‘.i.
