4122 6572
413 463 517 520 $53
1425 461 1752 517 EPiSTOLA
1794 461 1949 516 lilL.\
1959 459 2041 515 [ιιι

2085 459 2178 515 AD
2217 457 2689 516 AUGUSTINUM.
3599 469 3704 528 955

412 575 466 632 in
497 591 681 633 eorum
715 573 1059 647 persuasione
1090 569 1393 644 patefacias.
1431 573 1653 638 Deinde,
1686 572 1954 645 quomodo
1985 588 2077 643 per
2103 573 2256 628 istam
2288 585 2709 646 praeoperanlem
2741 583 2794 632 et
2823 587 3197 648 cooperantem
3225 583 3446 653 gratiam
3475 582 3703 640 liberum

411 685 516 724 non
548 667 868 740 impediatur
895 667 1190 723 arbitrium.
1229 665 1397 732 Tum,
1437 675 1617 721 utrum
1660 666 1990 737 praescicntia
2021 665 2114 721 Dei
2157 665 2228 721 ita
2263 667 2557 722 secundum
2597 670 2928 739 propositum
2968 683 3206 740 maneat,
3247 685 3303 728 ut
3345 690 3406 730 ea
3437 676 3549 746 ipsa
3587 693 3708 747 quze

409 774 535 819 sunt
564 765 856 835 proposita,
888 765 994 820 sint
1019 763 1324 835 accipienda
1355 763 1642 836 praescita:
1676 778 1743 818 an
1777 777 1872 832 per
1908 775 2106 832 genera
2147 775 2431 816 causarum
2474 769 2528 817 et
2556 764 2764 832 Species
2793 778 3142 833 personarum
3175 765 3276 821 ista
3311 768 3619 835 varientur;
3656 779 3710 823 ut

416 859 541 930 quia
585 858 809 914 diversae
851 867 976 913 sunt
1011 859 1348 925 vocationes,
1391 859 1444 914 in
1489 859 1573 913 his
1611 857 1700 928 qui
1743 856 1874 911 nihil
1913 855 2187 926 operaturi
2229 855 2522 924 salvantur,
2554 857 2704 926 quasi
2733 857 2906 912 solum
2953 858 3046 914 Dei
3089 859 3425 930 propositum
3465 861 3710 924 videatur

404 953 674 1016 existere;
707 951 759 1005 in
793 949 876 1004 his
903 958 1080 1004 autem
1112 949 1201 1021 qui
1226 949 1424 1020 aliquid
1459 947 1584 1004 boni
1615 948 1782 1003 acturi
1811 956 1969 1012 sunt,
2003 961 2098 1017 per
2124 947 2513 1016 praescientiam
2544 948 2718 1018 possit
2745 958 2891 1004 stare
2935 951 3266 1019 propositum
3294 967 3308 1005 :
3335 964 3402 1004 an
3430 965 3558 1006 vero
3584 951 3676 1007 nni
3697 983 3711 992 -

417 1046 686 1110 formiter,
719 1048 844 1102 licet
871 1045 1032 1102 dividi
1063 1046 1394 1117 praescientia
1437 1061 1466 1099 a
1511 1043 1788 1116 proposito
1815 1025 2091 1112 temporali
2119 1041 2460 1097 distinctione
2501 1057 2604 1096 non
2645 1042 2848 1113 possit,
2897 1043 3234 1113 praescientia
3267 1052 3442 1098 tamen
3471 1043 3704 1114 quodam

414 1139 604 1194 ordine
631 1141 701 1194 sit
729 1139 952 1194 subnixa
983 1137 1290 1208 ρτ‹)ιιο›ἰιο;
1322 1145 1376 1192 et
1400 1137 1538 1191 sicut
1567 1134 1698 1188 nihil
1736 1133 1806 1188 sit
1833 1147 2290 1204 quorumcumque
2321 1132 2685 1202 negotiorum,
2720 1133 2860 1204 quod
2893 1150 2996 1190 non
3039 1135 3261 1191 scicntia
3291 1135 3468 1191 divina
3497 1150 3707 1206 praeve-

408 1232 577 1296 nerit;
609 1231 677 1285 ita
705 1230 837 1286 nihil
865 1231 935 1285 sit
963 1229 1108 1296 boni,
1141 1229 1282 1300 quod
1314 1229 1366 1283 in
1399 1236 1636 1282 nostram
1670 1225 2134 1298 participationem
2163 1241 2268 1278 non
2299 1225 2408 1280 Deo
2437 1235 2658 1280 anetore
2687 1225 2987 1282 deﬂuxerit.
3017 1209 3324 1291 Postremo,
3353 1227 3708 1298 quemadmo-

409 1323 534 1378 dum
567 1339 662 1395 per
692 1324 828 1378 hanc
861 1322 1292 1393 [medicationem
1322 1320 1580 1391 propositi
1609 1317 1733 1384 Dei,
1767 1333 1874 1388 quo
1904 1315 2089 1372 ﬁdeles
2127 1315 2256 1371 ﬁunt
2284 1318 2371 1387 qni
2413 1318 2754 1387 praeordinati
2785 1327 2908 1372 sunt
2937 1317 3003 1372 ad
3032 1320 3192 1373 vitam
3223 1328 3478 1374 aeternam
3497 1361 3512 1386 ,
3546 1333 3708 1374 nemo

405 1431 590 1470 eorum
622 1414 712 1484 qui
739 1413 1054 1468 cohortandi
1082 1421 1206 1466 sunt
1233 1411 1574 1481 impediatur,
1606 1425 1706 1464 nec
1743 1407 2080 1462 occasionem
2115 1407 2448 1477 negligentia:
2476 1407 2734 1474 habeant,
2767 1409 2812 1462 si
2843 1423 2901 1462 se
2928 1410 3334 1478 praedestinatos
3367 1426 3488 1466 esse
3513 1411 3704 1482 despc-

407 1515 548 1560 rent.
587 1504 719 1560 Illud
753 1506 913 1559 etiam
944 1504 1171 1574 qualiter
1199 1503 1454 1565 diluatur,
1493 1515 1800 1572 quaesumus
1825 1499 2088 1569 patienter
2117 1499 2477 1568 insipientiam
2506 1511 2744 1554 nostram
2785 1500 3002 1554 ferendo
3031 1502 3398 1570 demonstres,
3445 1505 3584 1575 quod
3617 1521 3706 1560 re—

411 1599 648 1654 tractatis
674 1599 910 1670 priorum
942 1597 1009 1652 de
1039 1599 1138 1652 hac
1161 1613 1219 1652 re
1247 1589 1613 1666 opinionibus,
1643 1609 1779 1665 pene
1805 1592 2042 1646 omnium
2073 1607 2168 1661 par
2193 1591 2455 1644 invenitur
2482 1598 2538 1644 et
2563 1606 2664 1644 una
2687 1593 2970 1658 sententia,
3001 1609 3104 1664 qua
3133 1597 3462 1664 propositum
3489 1604 3543 1649 et
3570 1611 3708 1666 prae-

407 1691 816 1747 destinatiouem
851 1690 942 1746 Dei
975 1689 1266 1746 scCundum
1296 1687 1689 1759 pra-scientiam
1731 1693 2083 1754 receperunt;
2116 1691 2172 1738 ut
2201 1685 2270 1738 ob
2297 1682 2398 1738 hoc
2429 1683 2568 1738 Deus
2595 1683 2727 1736 alios
2756 1697 2877 1738 vasa
2908 1683 3130 1740 honoris
3150 1727 3164 1752 ,
3197 1687 3335 1742 alios
3362 1689 3706 1742 contumelia:

402 1782 622 1850 fecerit,
654 1783 774 1854 quia
815 1782 972 1837 linem
1005 1780 1418 1851 uniuscujusque
1457 1776 1764 1851 praeviderit
1787 1819 1803 1845 ,
1833 1785 1889 1833 et
1918 1774 2020 1832 sub
2048 1776 2164 1846 ipso
2188 1775 2375 1848 gratiae
2405 1773 2671 1846 adjutorio
2702 1775 2752 1828 in
2790 1790 2893 1846 qua
2934 1775 3141 1833 futurus
3167 1787 3312 1834 esset
3348 1779 3620 1835 voluntate
3648 1789 3702 1834 et

400 1873 612 1929 actione
642 1873 952 1942 pra:scicrit.

474 1965 529 2020 9.
561 1964 766 2034 Quibus
795 1964 1042 2019 omnibus
1069 1963 1331 2028 enodatis,
1361 1969 1414 2017 ct
1437 1961 1618 2016 multis
1649 1961 1886 2030 insuper,
1919 1974 2039 2030 quae
2067 1957 2254 2014 altiore
2281 1958 2471 2012 intuitu
2501 1957 2566 2013 ad
2591 1973 2804 2015 causam
2837 1957 2974 2014 hanc
2998 1961 3316 2030 pertinentia
3349 1963 3520 2034 magis
3545 1971 3702 2034 potes

403 2058 612 2123 videre,
643 2057 930 2124 discussis;
963 2057 1230 2112 credimus
1255 2066 1310 2112 et
1338 2069 1636 2126 speramus,
1671 2069 1776 2108 non
1816 2053 1989 2107 solum
2017 2053 2330 2107 tenuitatem
2362 2062 2598 2106 nostram
2637 2052 3057 2124 diSputationum
3091 2066 3300 2110 tuarum
3332 2057 3584 2129 praesidio
3611 2074 3703 2112 ru-

401 2149 693 2206 borandam
711 2193 726 2216 ,
759 2149 850 2204 sed
881 2149 1040 2204 etiam
1075 2149 1219 2219 ipsos
1247 2161 1379 2218 quos
1404 2145 1611 2202 meritis
1637 2153 1796 2216 atque
1821 2143 2116 2199 honoribus
2155 2145 2330 2200 claros
2361 2145 2534 2216 caligo
2561 2148 2713 2202 istius
2740 2148 3004 2218 opinionis
3030 2148 3279 2206 obscurat
3299 2193 3312 2214 ,
3345 2149 3700 2207 defzecatiSsio

402 2260 545 2299 unum
572 2243 754 2299 lumen
785 2243 970 2314 gratiae
1010 2252 1340 2312 recepturos.
1383 2239 1518 2296 Nam
1549 2255 1714 2294 unum
1740 2253 1927 2293 eorum
1969 2237 2253 2308 praecipuae
2293 2239 2625 2294 auctoritatis
2662 2248 2718 2296 et
2751 2241 3103 2311 spiritualium
3142 2242 3438 2298 studiorum
3479 2244 3655 2298 virum
3681 2285 3696 2308 ,

397 2346 638 2392 saucmtu
669 2335 926 2390 Hilarium
957 2335 1034 2405 (a)
1063 2333 1431 2388 Arelatensem
1471 2333 1804 2404 episcopum,
1834 2331 1967 2386 sciat
1998 2330 2276 2386 Beatitudo
2304 2339 2391 2385 tua
2421 2331 2802 2390 admiratorem
2835 2343 3264 2405 sectatoremque
3294 2335 3345 2400 in
3373 2335 3492 2390 aliis
3518 2335 3698 2390 omni-

397 2427 496 2483 bus
524 2435 628 2482 tua:
655 2441 774 2482 esse
798 2425 1089 2491 doctrinae;
1121 2434 1175 2480 et
1199 2424 1268 2480 de
1293 2423 1397 2480 hoc
1421 2423 1563 2494 quod
1590 2423 1641 2476 in
1670 2421 1944 2493 querelam
1976 2421 2167 2482 trahit,
2198 2421 2308 2490 jam
2340 2421 2547 2492 pridem
2577 2423 2718 2493 apud
2747 2423 3096 2480 Sanctitatem
3123 2434 3266 2479 luant
3297 2441 3513 2480 sensum
3541 2441 3697 2481 suum

396 2534 492 2588 per
522 2519 724 2573 litteras
752 2517 886 2572 velle
911 2516 1178 2572 conferre.
1222 2515 1330 2572 Sed
1357 2516 1478 2586 quia
1510 2523 1686 2569 utrntn
1716 2517 1816 2568 hoc
1845 2513 2112 2578 facturus,
2142 2523 2234 2568 aut
2271 2529 2378 2584 quo
2405 2515 2510 2570 line
2550 2516 2621 2570 sit
2658 2515 2896 2571 facturus
2927 2517 3189 2572 incertum
3229 2527 3342 2585 est,
3375 2527 3428 2573 et
3454 2521 3695 2574 omnium

395 2620 636 2666 nostrum
685 2609 956 2678 fatigatio,
1002 2607 1318 2680 providente
1359 2609 1460 2662 hoc
1501 2606 1748 2677 praesenti
1775 2605 1974 2660 sarculo
2000 2605 2092 2660 Dei
2119 2606 2306 2676 gratia,
2343 2607 2396 2660 in
2429 2615 2532 2662 tua:
2561 2607 2836 2664 eharitatis
2875 2618 2930 2664 et
2959 2610 3196 2665 scientia:
3228 2611 3408 2682 vigore
3435 2612 3696 2682 respirat;

395 2703 532 2759 adde
562 2703 917 2758 eruditionem
948 2700 1238 2756 humilibus
1259 2742 1274 2766 ,
1305 2699 1441 2754 adde
1479 2697 1898 2766 iucrepationem
1929 2697 2195 2768 superbis.
2225 2697 2594 2754 Necessarium
2625 2710 2680 2756 et
2723 2702 2850 2756 utile
2879 2712 2960 2758 est
2987 2704 3146 2758 etiam
3177 2720 3296 2774 qua:
3334 2705 3532 2774 scripta
3573 2714 3698 2759 sunt

393 2795 660 2860 scribere,
703 2809 770 2849 ne
810 2793 930 2850 leve
969 2792 1307 2848 existimetur
1341 2791 1482 2862 quod
1515 2807 1620 2845 non
1663 2789 1972 2858 frequenter
1997 2791 2252 2860 arguitur.
2283 2791 2484 2847 Sanum
2511 2794 2653 2847 enim
2685 2802 2873 2864 putant
2903 2811 3023 2852 esse
3049 2796 3191 2866 quod
3235 2813 3339 2852 non
3368 2797 3550 2865 dolet,
3597 2813 3698 2854 nec

393 2886 584 2940 vulnus
620 2883 939 2954 superducta
967 2891 1088 2938 cute
1110 2885 1126 2916 '
1159 2883 1435 2938 sentiunt:
1476 2881 1572 2938 sed
1613 2881 1916 2950 intelligant
1944 2891 2324 2958 perventurum
2357 2882 2423 2938 ad
2452 2885 2746 2939 sectionem
2768 2926 2784 2953 ,
2817 2885 2958 2956 quod
2993 2888 3238 2943 habuerit
3267 2893 3696 2958 perseverantem

393 2988 676 3034 tumorem.
708 2976 886 3032 Gratia
916 2976 1006 3030 Dei
1045 2983 1100 3030 et
1149 2991 1248 3046 pax
1282 2975 1490 3030 Domini
1522 2974 1690 3028 nostri
1721 2973 1850 3028 Jesu
1887 2957 2086 3027 Christi
2113 2983 2334 3029 coroiiet
2366 2984 2416 3030 te
2448 2975 2500 3029 in
2527 2976 2675 3030 omni
2707 2987 2948 3047 tempore
2971 3021 2986 3044 ,
3015 2957 3454 3036 etambulantem
3481 2981 3550 3036 de
3587 2983 3696 3036 vir-

391 3081 504 3128 tute
535 3073 588 3127 in
619 3073 870 3128 virtutem
893 3070 1156 3141 glorificet
1185 3071 1236 3125 in
1267 3080 1548 3134 aeternum,
1573 3067 1790 3122 domine
1813 3082 1948 3138 papa
1977 3066 2302 3134 beatissime,
2329 3067 2666 3124 i:.cll'.tbili:er
2698 3071 2979 3141 mirabilis,
3005 3071 3496 3145 incomparabiliter
3520 3074 3696 3130 hono-

393 3167 580 3233 rantle,
608 3165 1050 3238 praestantissime
1077 3172 1320 3234 patrone.

1242 3275 1576 3332 EPISTOLA
1614 3275 1825 3331 INTER
1861 3273 2418 3332 AUGUSTINIANAS
2455 3277 2713 3334 CCXXV]
2753 3279 2846 3352 (ὁ),

391 3373 619 3430 Domino
665 3371 1008 3437 beatissimo,
1057 3384 1120 3426 ac
1163 3377 1274 3425 toto
1323 3369 1516 3424 aﬂ'eetu
1563 3367 1949 3431 desiderando,
2001 3377 2056 3424 et
2112 3370 2336 3424 multum
2383 3370 2440 3424 in
2493 3370 2711 3427 Christo
2771 3373 3112 3445 suscipiendo
3167 3376 3306 3448 patri
3349 3377 3690 3447 Aucesrtno,

1839 3462 2097 3518 "ILANUS
2123 3459 2219 3535 (c).

461 3559 514 3612 l.
543 3558 599 3615 Si
629 3559 963 3614 cessantibus
993 3555 1472 3614 contradicentium
1504 3554 1892 3626 quaestionibus
1921 3563 2089 3624 grata:
2119 3563 2244 3609 sunt
2271 3555 2589 3627 plerumque
2615 3556 2972 3614 studiosorum
3001 3557 3398 3630 inquisitiones,
3431 3569 3488 3615 ut
3527 3561 3690 3616 etiam

387 3649 480 3706 illa
499 3691 514 3714 ,
546 3666 666 3720 quae
691 3650 894 3720 absque
920 3649 1160 3720 periculo
1186 3649 1580 3719 ignorarentur,
1611 3645 1886 3710 ediscant;
1918 3645 2150 3699 arbitror
2173 3645 2461 3716 gratiorem
2504 3648 2616 3702 fore
2643 3648 2978 3704 sedulitatem
3007 3659 3204 3705 nostrae
3235 3652 3538 3714 relationis,
3571 3670 3690 3722 qtnc

386 3741 514 3797 dum
547 3741 746 3798 iudicat
775 3741 1067 3798 secundum
1096 3738 1452 3810 quorumdam
1484 3737 1886 3806 prosecutiones
1911 3734 2153 3806 quaedam
2193 3735 2532 3792 adversantia
2575 3737 2816 3806 veritati,
2857 3756 2962 3794 non
2994 3749 3099 3795 tam
3135 3741 3234 3796 sibi
3265 3757 3422 3813 quam
3467 3743 3568 3798 illis
3599 3745 3691 3814 qni

389 3833 674 3888 turbantur
696 3841 751 3888 et
777 3833 1014 3898 turbant,
1047 3849 1140 3902 per
1168 3831 1450 3886 consilium
1481 3828 1793 3885 Sanctitatis
1821 3836 1924 3882 tua:
1953 3829 2147 3898 satagit
2173 3828 2462 3899 provideri,
2493 3828 2710 3888 domine
2729 3831 3058 3902 beatissime,
3087 3849 3150 3889 ac
3181 3841 3292 3890 toto
3319 3834 3512 3892 all'ectu
3543 3837 3690 3892 desio

387 3925 645 3992 derantle,
674 3935 728 3980 et
757 3925 980 3980 multum
1009 3925 1060 3979 in
1091 3925 1303 3979 Christo
1332 3922 1668 3992 suscipiende
1696 3931 1862 3992 pater.

457 4016 513 4070 2.
549 4017 672 4082 llaec
700 4025 825 4071 sunt
851 4017 1028 4087 itaque
1057 4031 1176 4087 quae
1204 4015 1468 4086 Massiliae,
1497 4013 1580 4068 vel
1607 4013 1723 4068 aliis
1743 4015 1906 4070 etiam
1935 4011 2070 4069 locis
2096 4013 2147 4069 iu
2175 4013 2346 4072 Gallia
2373 4018 2718 4073 ventilautur.
2749 4018 2956 4076 Novum
2985 4029 3040 4077 et
3069 4021 3254 4077 inutile
3280 4037 3400 4078 esse
3429 4023 3686 4094 praedica-

391 4111 523 4166 tioui
550 4109 692 4180 quod
731 4109 944 4180 quidam
985 4107 1275 4162 secundum
1307 4108 1634 4178 propositum
1670 4107 1903 4178 eligendi
1928 4106 2194 4188 dicantur,
2224 4119 2282 4164 ut
2321 4109 2375 4166 id
2419 4127 2520 4166 nec
2555 4112 2797 4180 arripere
2829 4113 3037 4169 valeant
3067 4131 3165 4170 nec
3197 4124 3411 4182 tenere,
3442 4117 3543 4170 nisi
3571 4133 3690 4172 cre-

386 4205 545 4261 dendi
578 4206 854 4262 voluntate
882 4205 1097 4260 donata.
1130 4203 1350 4258 Excludi
1379 4213 1565 4274 putant
1592 4218 1806 4259 omnem
1837 4201 2168 4274 praedicandi
2200 4203 2470 4274 vigorem,
2511 4205 2554 4260 si
2585 4206 2716 4260 nihil
2746 4206 2886 4276 quod
2920 4223 3012 4278 per
3039 4224 3160 4263 eum
3189 4209 3470 4272 excitetur,
3501 4210 3551 4262 in
3586 4209 3690 4264 ho-

388 4300 624 4354 minibus
675 4298 998 4354 remansisse
1041 4297 1266 4352 dicatur.
1311 4295 1670 4352 Consentium
1711 4311 1926 4351 omnem
1971 4295 2238 4350 hominem
2285 4296 2338 4350 in
2379 4297 2548 4352 Adam
2592 4298 2852 4370 periisse,
2898 4316 2998 4356 nec
3029 4301 3152 4356 inde
3178 4317 3498 4372 quemquam
3532 4317 3689 4373 posse

390 4395 607 4464 proprio
650 4393 871 4448 arbitrio
917 4391 1172 4446 liberari:
1207 4390 1301 4446 sed
1333 4391 1384 4445 id
1421 4389 1748 4446 conveniens
1786 4399 2035 4444 asserum
2063 4388 2310 4456 veritati,
2354 4389 2438 4446 vel
2485 4406 2778 4462 congruum
2826 4394 3225 4463 praedicationi,
3271 4402 3354 4460 ut,
3407 4410 3526 4450 cum
3561 4409 3687 4463 pro~

387 4487 600 4552 stratis,
631 4495 682 4541 et
715 4500 986 4556 nunquam
1021 4484 1132 4538 suis
1159 4484 1361 4538 viribus
1399 4483 1720 4538 surrecturis
1747 4484 2095 4538 annuntiatur
2125 4481 2430 4538 obtinendae
2461 4484 2647 4540 Salutis
2677 4486 2920 4554 occasio,
2961 4501 3027 4541 eo
3057 4487 3249 4542 merito
3283 4502 3390 4558 quo
3425 4488 3688 4544 voluerint

389 4590 444 4636 et
484 4579 832 4646 crediderint,
861 4595 890 4633 a
922 4595 1019 4635 suo
1047 4579 1237 4634 morbo
1261 4594 1321 4634 se
1347 4593 1504 4649 posse
1529 4579 1728 4642 sanari,
1760 4587 1814 4633 et
1841 4577 2006 4647 ipsius
2037 4577 2156 4633 ﬁdei
2185 4586 2526 4647 augmentum
2549 4619 2564 4642 ,
2595 4588 2649 4634 et
2679 4579 2840 4634 totius
2869 4580 3112 4634 sanitatis
3149 4595 3262 4635 suae
3290 4591 3688 4651 consequantur

386 4673 656 4730 eﬂ'ectum.
687 4673 952 4728 Caeterum
989 4672 1054 4726 ad
1101 4672 1304 4726 trullam
1342 4687 1478 4740 opus
1511 4671 1595 4727 vel
1628 4671 1986 4740 incipiendum
2007 4711 2024 4736 ,
2057 4670 2252 4726 nedum
2298 4670 2676 4740 perliciendum
2697 4711 2714 4736 ,
2747 4687 3067 4741 quemquam
3097 4671 3197 4726 sibi
3242 4671 3488 4728 snfﬁcere
3526 4688 3686 4744 posse

384 4765 764 4822 censentium:
796 4779 969 4830 neque
995 4763 1137 4818 enim
1167 4763 1322 4816 alicui
1350 4762 1498 4831 operi
1528 4762 1821 4816 curationis
1847 4777 2032 4817 eorum
2063 4759 2524 4816 annumeraudum
2552 4771 2761 4832 putant,
2793 4762 3045 4816 exterrita
3077 4770 3130 4816 et
3157 4763 3381 4832 supplici
3413 4764 3683 4820 voluntate

387 4872 819 4928 unumquemque
845 4865 1102 4926 aegrotum
1131 4854 1264 4909 velle
1289 4855 1489 4908 Sauari.
1519 4853 1672 4921 Quod
1699 4853 1842 4908 enim
1870 4853 2086 4917 dicitur,
2127 4849 2316 4917 Crede,
2355 4861 2401 4906 et
2440 4850 2610 4906 salvus
2649 4852 2782 4915 eris;
2811 4868 2971 4906 unum
3013 4851 3201 4906 ltorum
3231 4853 3366 4922 exigi
3398 4864 3674 4917 asserunt,

385 4949 526 5003 aliud
553 4949 769 5013 offerri;
803 4957 860 5002 ut
891 4957 1106 5016 prepter
1131 4945 1181 4999 id
1209 4943 1350 5014 quod
1378 4943 1632 5014 exigitur,
1671 4943 1716 4996 si
1747 4944 2008 4998 redditum
2037 4943 2231 5008 fuerit,
2270 4942 2322 4997 id
2349 4941 2490 5014 quod
2520 4942 2746 4998 oll'ertur
2772 4942 3025 5012 deinceps
3053 4944 3332 4998 tribuztlur.
3361 4942 3513 5000 Unde
3545 4965 3676 5000 con-

387 5055 620 5111 sequcns
647 5047 836 5111 putant
863 5037 1216 5093 exhibendam
1245 5035 1313 5091 ab
1343 5051 1408 5090 eo
1437 5035 1596 5089 ﬁdem
1621 5077 1634 5099 ,
1663 5035 1818 5102 cujus
1847 5045 2048 5089 naturae
2077 5035 2127 5089 id
2160 5035 2428 5088 voluntate
2455 5033 2760 5089 Conditoris
2785 5050 3100 5090 Concessum
3146 5045 3264 5098 est;
3297 5048 3350 5090 et
3383 5036 3580 5090 nullam
3611 5037 3679 5092 ita

301 5159 310 5167 ι
383 5131 732 5194 depravatam
764 5131 844 5186 vel
874 5130 1190 5184 castinctam
1221 5136 1436 5198 putant,
1463 5137 1520 5180 ut
1547 5141 1653 5181 non
1685 5125 1878 5180 debeat
1907 5127 1988 5182 vel
2017 5127 2186 5196 possit
2213 5140 2272 5182 se
2303 5125 2440 5182 velle
2474 5125 2686 5192 sanari;
2721 5137 2939 5198 propter
2964 5126 3108 5198 quod
3140 5127 3221 5183 vel
3251 5138 3471 5183 sanetur
3501 5129 3620 5200 quis
3651 5149 3678 5183 a

453 5226 470 5296 ξ
503 5223 966 5296 ξηριεεηνᾳμοᾷηοπ
988 5224 1278 5296 Δριςηινμηεσ
1303 5220 1475 5296 minus
1496 5201 1858 5296 ξζιίρίξνξιμεηηῇο
1893 5295 1900 5296 ί
2107 5291 2184 5296 ι
2301 5287 2313 5296 _
2385 5295 2390 5296 ί
2627 5293 2647 5296 _
2691 5293 2706 5296 ξ
2744 5281 2776 5296 η
2825 5293 2842 5296 _
2959 5282 3006 5296 μ

447 5285 520 5347 (α)
555 5293 659 5342 Pro,
684 5280 940 5345 'm'larium,
968 5280 1200 5347 putabant
1223 5285 1402 5335 eruditi
1425 5282 1621 5347 quidam
1641 5280 1909 5347 legendum
1933 5295 2076 5347 esse,
2101 5287 2396 5347 Honoratum
2418 5295 2436 5332 :
2459 5281 2548 5347 sed
2573 5281 2779 5344 inspecti
2821 5293 2850 5330 a
2893 5282 3036 5332 nobis
3070 5289 3177 5332 tum
3225 5281 3469 5347 Hilarium
3507 5297 3681 5347 omnes

385 5343 566 5397 ferunt.
591 5347 796 5396 Hilarius
820 5343 1080 5409 porro—iste
1104 5361 1168 5396 ex
1187 5343 1707 5409 Lerinensilmonacbo
1735 5351 1932 5409 creatus
1955 5343 2060 5409 fuit
2082 5344 2378 5409 Arelatensis
2417 5343 2673 5409 cpiscopus
2698 5351 2832 5409 post
2857 5351 3168 5409 Honoratum,
3193 5358 3320 5394 anno
3350 5345 3443 5394 423
3484 5355 3572 5409 aut
3591 5346 3682 5396 .429

385 5411 589 5458 ineunte
610 5405 860 5457 deuotum.
885 5409 1068 5470 Quippe
1092 5417 1359 5458 Honoratus
1377 5407 1612 5458 sull'ectus
1631 5405 1858 5470 Patroclo,
1883 5406 1971 5470 qui
1990 5407 2232 5470 annodﬂd
2264 5408 2400 5467 juxta
2423 5405 2641 5470 Prosperi
2665 5405 2949 5470 Chronicum
2975 5407 3262 5458 interfectus
3283 5415 3378 5468 est,
3403 5407 3684 5459 cathedram

384 5471 738 5532 Arelatensem,
763 5476 892 5532 teste
916 5467 1154 5532 tton'orato
1176 5470 1456 5532 Massiliensi
1494 5470 1540 5518 in
1561 5470 1659 5532 Vita
1683 5468 1840 5532 Hilarii
1865 5467 2176 5527 Arelatensis,
2202 5483 2290 5532 per
2315 5467 2565 5518 biennium
2587 5469 2854 5532 occupavit.

447 5531 518 5606 (fi)
552 5539 600 5606 te;
617 5529 1144 5606 istola'seilicetﬂilarii
1168 5531 1227 5606 ad
1253 5531 1670 5606 augttstiuum,‘de
1695 5531 2198 5606 eodem_argttm_ento.

447 5591 666 5665 (ﬁnitio;
685 5592 953 5665 rot'ectqab
975 5591 1148 5665 ttilario
1171 5591 1456 5665 arelattetisi,
1479 5595 1560 5665 qui
1580 5592 1923 5665 Augustininde
1949 5591 2374 5665 Prardestiuatione
2398 5593 2722 5665 sententiam,
2747 5593 2886 5642 sicuti
2911 5600 3112 5665 t‘rospcr
3134 5594 3183 5643 in
3206 5593 3461 5665 superirrc
3481 5591 3682 5665 cpistola

387 5651 568 5712 scribit,
597 5674 616 5700 «
642 5651 688 5702 in
712 5651 963 5717 querelam
986 5655 1269 5717 trahebat,»
1299 5651 1624 5716 distingtiitse
1649 5651 1754 5717 ipse
1780 5653 1916 5709 intra,
1942 5667 1990 5702 n.
2023 5655 2096 5712 10,
2115 5655 2249 5702 hisce
2274 5657 2468 5704 verbis:
2505 5675 2527 5700 (ι
2550 5653 2663 5704 aolo
2686 5651 2850 5705 autem
2884 5651 3118 5706 Sanctitas
3150 5663 3230 5706 tua
3261 5651 3343 5717 sic,
3368 5668 3448 5704 me
3479 5651 3682 5717 arbitro-

294 5730 312 5740 '
391 5736 415 5790 σε
439 5726 515 5770 tur
538 5717 643 5788 lucc
665 5714 1052 5790 scribere,'quasi
1075 5715 1139 5764 de
1157 5715 1230 5790 his
1251 5729 1363 5790 quae
1386 5714 1512 5764 nunc
1527 5714 1720 5790 edidisti
1738 5717 2088 5790 egodnbitem.
2113 5717 2351 5790 signilieat
2369 5733 2378 5779 ι
2399 5718 2608 5766 ι’ςιιιρὲριι
2627 5732 2681 5764 se
2698 5719 2897 5790 insi-[Isne
2917 5719 3190 5780 praesentiae
3206 5716 3394 5766 deliciis
3412 5735 3432 5760 ν
3465 5714 3680 5790 alii-ptas.-

389 5780 448 5828 du
473 5783 691 5843 potitum,
730 5794 751 5822 α
776 5775 1108 5843 uberibusque
1142 5775 1416 5843 salubribus
1460 5779 1731 5843 nutritum»
1773 5775 1947 5843 lu’sse.
1992 5775 2181 5843 Deinde
2211 5792 2266 5843 se.
2293 5775 2464 5843 laictnn
2490 5792 2623 5836 esse,
2648 5793 2696 5826 n.
2717 5775 2754 5829 ’9
2787 5775 3342 5843 indicat;_ac_t.osu'emo
3367 5775 3682 5838 Augustinum

385 5838 598 5902 appellat
630 5849 833 5904 μέλῃ-(δίη,
879 5838 942 5886 ah
987 5838 1016 5899 ii
1035 5851 1190 5904 suque
1235 5839 1438 5904 vicissim
1473 5840 1519 5887 in
1542 5841 1877 5904 subsequente
1904 5839 2026 5890 libro
2043 5839 2104 5890 de
2132 5840 2560 5892 Praedcstinatione
2583 5849 2878 5904 Sanctorum,
2919 5857 2964 5890 η.
2998 5841 3040 5901 1,
3066 5838 3190 5891 [illus
3215 5853 3513 5904 nunt-manv
3537 5855 3547 5890 :
3575 5853 3682 5901 qu:

387 5899 505 5954 mc
533 5905 579 5956 in
615 5899 685 5952 A'ri
709 5901 946 5954 latensem
969 5915 1014 5966 et
1032 5901 1148 5964 isco,
1167 5913 1244 5950 unt
1270 5902 1465 5954 minime
1489 5899 1797 5956 conveniunt.
2846 5899 2862 5912 ’
