4122 6524
430 375 533 433 955
1446 368 1771 426 EPISTULA
1817 369 1970 425 una
1989 368 2079 424 nu
2119 369 2208 425 an
2246 367 2707 427 AUGUSTINUM.
3603 383 3709 437 ass

427 504 546 555 sea,
575 487 656 543 vel
677 529 692 552 ,
720 484 764 542 si
790 483 1042 553 noluerit,
1074 500 1195 541 cum
1225 500 1318 540 sua
1351 484 1666 554 tegritudine
1696 484 1963 553 puniatur.
1994 483 2102 540 Nec
2141 482 2323 555 negari
2349 483 2571 554 gratiam
2591 527 2605 547 .
2638 483 2684 539 si
2724 485 3025 555 praecedere
3054 487 3261 544 dicatur
3286 490 3403 546 talis
3430 491 3721 562 voluntas,

431 597 549 653 qua:
580 590 781 635 tantum
830 578 1094 634 medicum
1134 585 1374 649 quaerat,
1419 591 1524 629 non
1567 586 1745 631 autem
1792 575 2078 647 quidquam
2129 576 2238 643 ipsa
2264 575 2373 644 jam
2407 575 2595 632 valeat.
2629 575 2761 631 Nam
2803 576 2889 632 illa
2934 579 3270 647 testimonia,
3313 590 3371 636 ut
3415 590 3497 636 est
3545 584 3713 653 illud,

431 674 574 730 Sicut
601 672 865 743 unicuique
892 672 1106 743 partitus
1134 680 1206 725 est
1238 686 1524 724 nwusuram
1557 670 1676 737 ﬁdei
1704 669 1879 742 (Itala.
1922 686 2028 735 xu,
2060 668 2136 743 5),
2167 678 2221 724 et
2249 670 2442 725 similia
2461 712 2477 736 ,
2522 670 2588 725 ad
2618 670 2667 738 id
2695 672 2877 727 volunt
2907 673 3086 730 valere
3106 716 3121 740 ,
3169 684 3225 729 ut
3247 675 3462 747 juvetur
3486 677 3576 750 qui
3603 694 3719 735 cm-

432 768 572 834 perit
613 763 781 829 velle,
831 779 935 816 non
974 771 1034 818 ut
1075 763 1236 816 etiam
1276 760 1506 817 donetur
1533 771 1589 816 ιιι
1617 763 1768 828 velit;
1821 762 2033 831 rejectis
2057 762 2123 814 ab
2155 766 2255 816 hoc
2283 761 2424 818 dono
2453 762 2572 817 aliis
2613 763 2811 832 pariter
2839 754 2978 831 reis,
3020 774 3075 820 et
3099 767 3188 837 qui
3219 780 3436 837 possent
3473 770 3717 825 similiter

436 855 648 911 liberari
674 898 689 920 ,
718 855 760 909 si
792 872 852 909 ea
884 871 1001 924 qua:
1030 855 1225 924 pariter
1252 854 1479 924 indignis
1506 863 1787 924 pratstatur
1811 853 2061 910 credendi
2092 855 2335 910 voluntas
2354 896 2369 919 ,
2417 856 2575 911 etiam
2607 857 2736 927 ipsis
2765 858 3012 914 similiter
3037 870 3397 930 praestaretur.
3431 863 3484 920 Si
3513 876 3717 927 autem,

432 948 612 1013 aiunt,
647 948 854 1002 dicatur
877 948 958 1002 vel
995 948 1152 1001 talem
1180 947 1426 1001 omnibus
1463 947 1785 1002 remansisse
1810 988 1825 1014 ,
1863 963 1966 1018 qua
2000 947 2083 1002 vel
2118 957 2462 1005 contemnere
2503 949 2621 1020 quis
2652 952 2851 1017 valeat,
2880 953 2966 1007 vel
3007 954 3225 1010 obedire
3246 998 3261 1022 ,
3293 956 3362 1012 de
3398 944 3717 1026 compendio

440 1057 629 1119 putant
650 1050 909 1102 rationem
935 1047 1081 1102 reddi
1106 1047 1394 1101 electorum
1422 1045 1505 1101 vel
1528 1045 1842 1113 rejeetortnn
1868 1046 1918 1098 in
1941 1060 2006 1099 eo
2035 1044 2177 1114 quod
2215 1046 2496 1115 unicuique
2527 1047 2773 1102 meritum
2810 1047 3041 1119 prepri:e
3071 1049 3359 1106 voluntatis
3390 1050 3718 1121 adiungitur.

511 1144 564 1194 3.
606 1141 738 1194 Cum
765 1150 940 1195 autem
973 1138 1164 1192 dicitur
1190 1139 1287 1201 eis,
1316 1153 1479 1207 quare
1504 1138 1623 1190 aliis
1654 1138 1732 1191 vel
1760 1136 1951 1190 alicubi
1981 1136 2318 1205 praedicetur,
2349 1137 2433 1191 vel
2463 1152 2567 1192 non
2593 1138 2911 1208 prtudicetur
2948 1139 3032 1194 vel
3063 1156 3201 1197 nunc
3227 1140 3545 1213 praedicetur
3570 1141 3716 1215 quod

438 1234 724 1303 aliquando
753 1247 886 1300 pene
911 1232 1176 1296 omnibus,
1208 1231 1343 1285 sicut
1375 1245 1516 1285 nunc
1543 1230 1806 1299 aliquibus
1833 1230 2078 1300 gentibus
2106 1245 2208 1283 non
2238 1229 2583 1299 pra-dicatum
2626 1230 2732 1296 sit;
2766 1230 2949 1287 dicunt
2985 1231 3035 1286 id
3066 1233 3411 1303 prmscientize
3438 1249 3557 1301 esse
3584 1234 3720 1287 divi-

436 1344 518 1381 tne
538 1368 552 1392 ,
582 1337 638 1380 ut
658 1342 722 1381 eo
754 1338 991 1393 tempore
1011 1366 1025 1390 ,
1059 1333 1112 1380 et
1142 1326 1211 1378 ibi
1230 1367 1245 1391 ,
1280 1336 1331 1378 et
1360 1326 1465 1380 illis
1496 1324 1691 1379 veritas
1717 1325 2123 1379 annuntisretur
2142 1366 2156 1389 ,
2184 1325 2267 1379 vel
2296 1326 2662 1393 annuntietur,
2690 1326 2904 1396 quando
2928 1335 2983 1382 et
3014 1327 3104 1383 ubi
3136 1334 3574 1397 praenoscebatur
3599 1344 3719 1383 esse

435 1421 723 1476 erezlenda.
759 1421 826 1475 Et
853 1421 953 1475 hoc
982 1436 1087 1475 non
1114 1421 1284 1474 solum
1328 1419 1552 1474 aliorum
1592 1420 1972 1474 catholicorum
2005 1420 2342 1486 teSIimoniis,
2384 1419 2477 1473 sed
2508 1420 2668 1475 etiam
2707 1419 3014 1474 Sanctitatis
3042 1430 3143 1475 tute
3172 1420 3532 1490 disputatione
3577 1423 3717 1474 anti-

436 1517 623 1584 quiore
650 1531 707 1569 se
754 1515 978 1584 probare
1009 1522 1303 1577 testantur;
1344 1512 1430 1567 ubi
1464 1520 1637 1566 tamen
1669 1512 1910 1566 eamdem
1944 1514 2166 1583 gratiam
2194 1528 2299 1567 non
2325 1512 2531 1568 minore
2562 1512 2800 1567 veritatis
2832 1512 3209 1583 perspicuitate
3234 1513 3477 1570 docueris
3508 1532 3522 1569 :
3553 1521 3614 1569 ut
3638 1521 3722 1569 est

436 1606 561 1662 illm]
589 1607 725 1676 quod
754 1606 886 1660 dixit
915 1606 1176 1660 Sanctitas
1213 1614 1297 1658 tua
1330 1604 1380 1658 in
1427 1605 1720 1674 qurestione
1762 1614 1945 1659 contra
1992 1605 2367 1677 Porphyrium,
2395 1603 2462 1660 de
2502 1613 2742 1675 tempore
2767 1604 3070 1660 christiana:
3092 1606 3384 1675 religionis,
3416 1625 3435 1659 ι
3471 1614 3595 1662 tunc
3624 1620 3711 1663 vo-

438 1698 602 1753 luisse
631 1698 931 1753 hominibus
959 1711 1220 1765 apparere
1260 1694 1549 1758 Christum.
1589 1706 1641 1749 et
1663 1695 1801 1765 apud
1836 1711 1930 1750 eos
1965 1696 2243 1767 praedicari
2281 1696 2577 1751 doctrinam
2616 1711 2791 1762 suam,
2833 1696 3046 1767 quando
3082 1698 3284 1751 sciebat
3324 1706 3378 1752 et
3407 1697 3493 1752 ubi
3521 1697 3715 1754 sciebat

437 1804 577 1851 esse,
606 1790 694 1858 qui
727 1790 776 1842 in
820 1806 939 1844 eum
970 1788 1179 1843 fuerant
1204 1788 1456 1842 credituri
1491 1805 1511 1839 ι
1562 1785 1754 1859 (Epist.
1789 1789 1910 1849 102.
1942 1798 2120 1858 qmest.
2148 1790 2202 1853 2,
2240 1806 2293 1843 ιι.
2329 1786 2417 1860 Μ)
2448 1806 2461 1842 :
2491 1789 2576 1843 vel
2608 1788 2736 1844 illud
2766 1789 2832 1843 de
2863 1788 2999 1844 libro
3035 1791 3085 1843 in
3116 1790 3404 1858 Epistulam
3436 1790 3501 1845 ad
3529 1790 3718 1847 Roma-

437 1895 559 1946 nos,
598 1900 616 1931 ι
659 1880 793 1934 Dicis
820 1883 987 1952 itaque
1016 1881 1159 1946 nti/ti,
1208 1880 1344 1946 Quid
1381 1880 1551 1933 adhuc
1577 1880 1936 1950 conqueritur?
1961 1898 2078 1934 nam
2112 1881 2356 1935 voluntati
2383 1882 2492 1953 ejus
2515 1881 2629 1951 quis
2654 1881 2837 1936 resistit
2862 1879 3037 1953 (Rom.
3070 1897 3143 1948 Ix,
3170 1882 3256 1938 l9.
3294 1881 3358 1936 In
3392 1881 3724 1953 Expositione

435 1972 767 2042 quarumdam
794 1972 1193 2042 propositionum
1221 1987 1286 2025 ea:
1300 1968 1469 2042 Epist.
1500 1970 1569 2025 ad
1601 1970 1778 2033 llom.,
1812 1988 2020 2041 propos.
2054 1971 2303 2044 62γέ(ἒυί
2333 1987 2464 2027 sane
2488 1972 2842 2042 inquisitioni,
2882 1991 2899 2024 ι
2937 1971 3134 2043 inquis,
3171 1992 3190 2026 ι
3224 1974 3302 2028 sic
3325 1973 3635 2044 respondet,
3669 1983 3726 2031 ut

441 2065 800 2135 intelligamus
830 2067 1191 2136 spiritualihus
1218 2066 1363 2127 viris.
1391 2065 1555 2121 etiam
1584 2080 1688 2119 non
1721 2065 2015 2119 secundum
2044 2077 2313 2123 terrenum
2345 2065 2615 2121 hominem
2656 2065 2978 2129 viventibus,
3013 2076 3196 2136 patere
3223 2081 3380 2136 posse
3409 2067 3577 2135 prima
3609 2082 3723 2123 me-

437 2159 536 2210 rita
562 2157 680 2212 ﬁdei
709 2166 758 2212 et
783 2157 1085 2227 impietatis,
1107 2156 1375 2228 quomodo
1394 2157 1532 2212 Deus
1549 2157 1877 2226 prtescientia
1901 2157 2060 2225 eligat
2087 2157 2407 2224 credituros,
2435 2167 2489 2213 et
2507 2157 2724 2212 damnet
2739 2157 3041 2213 incredulos
3069 2175 3082 2211 :
3111 2173 3212 2213 nec
3231 2158 3352 2214 illos
3381 2173 3444 2213 ex
3469 2158 3726 2228 cperibus

442 2249 670 2320 eligens,
700 2265 796 2303 nec
827 2251 957 2304 istos
978 2266 1040 2305 ex
1072 2249 1321 2319 operibus
1346 2248 1641 2313 damnans;
1672 2249 1765 2304 sed
1792 2258 1846 2304 et
1873 2249 2084 2304 illorum
2113 2249 2232 2304 ﬁdei
2260 2259 2541 2319 perstans,
2570 2261 2627 2304 ut
2650 2250 2788 2305 bene
2808 2259 3118 2321 operentur,
3149 2258 3204 2306 et
3230 2250 3452 2305 istorum
3481 2251 3730 2323 impieta-

440 2351 546 2396 tem
575 2341 871 2397 deserendo
892 2341 1180 2407 obduraus,
1209 2349 1267 2395 ut
1292 2342 1428 2396 male
1447 2350 1754 2411 operentur.
1782 2360 1800 2392 ι
1825 2340 1892 2395 Ει
1922 2342 2111 2396 iterum
2146 2342 2197 2396 in
2222 2341 2410 2397 eodem
2434 2341 2569 2396 libro
2585 2342 2830 2413 superius
2857 2361 2872 2399 :
2907 2361 2927 2395 ι
2954 2342 3210 2413 λΕτιιιθΙεε
3234 2357 3424 2398 omnes
3454 2351 3579 2397 sunt
3604 2351 3730 2397 ante

448 2436 719 2497 meritum,
750 2450 851 2490 nec
879 2443 1049 2504 potest
1079 2437 1130 2489 in
1171 2434 1334 2490 rebus
1367 2435 1512 2490 omni
1543 2434 1702 2489 modo
1741 2435 2033 2502 aequalibus
2063 2435 2255 2489 electio
2280 2435 2711 2495 nominariased
2727 2437 2976 2506 quoniam
3003 2436 3236 2507 Spiritus
3261 2445 3476 2492 sanctus
3498 2452 3603 2491 non
3634 2436 3730 2490 da-

444 2534 532 2579 tnr
558 2527 655 2579 nisi
693 2526 1069 2591 credentibus;
1111 2540 1216 2580 non
1257 2525 1472 2596 quidem
1522 2524 1663 2580 Deus
1703 2526 1852 2594 eligit
1882 2540 2043 2594 opera
2087 2541 2204 2594 ane
2239 2525 2351 2595 ipse
2382 2526 2624 2595 largitur,
2670 2540 2791 2582 eum
2834 2526 2925 2581 dat
2958 2525 3212 2596 Spiritum
3251 2535 3515 2590 sanctum,
3550 2535 3608 2582 ut
3633 2541 3730 2595 per

443 2619 758 2673 cbaritatem
791 2618 923 2671 bona
954 2633 1240 2686 operemur
1267 2635 1280 2671 :
1309 2617 1402 2672 sed
1448 2626 1627 2672 tamen
1652 2617 1798 2688 eligit
1828 2617 2007 2682 ﬁdem,
2048 2618 2170 2687 quia
2202 2618 2299 2671 nisi
2327 2618 2550 2688 quisque
2587 2617 2792 2683 credat,
2823 2619 2949 2673 etin
2977 2617 3272 2688 accipiendi
3302 2618 3575 2674 voluntate
3599 2635 3728 2691 per-

446 2719 677 2773 maneat,
709 2726 813 2763 non
841 2710 1035 2779 accipit
1075 2710 1273 2764 donum
1305 2710 1420 2776 Dei,
1452 2710 1507 2765 id
1535 2720 1635 2776 est,
1683 2709 1938 2781 Spiritum
1970 2720 2230 2775 sanctum,
2262 2728 2357 2781 per
2400 2727 2557 2782 quem
2585 2712 2755 2767 infusa
2786 2712 3047 2768 cbaritate
3078 2713 3274 2767 bonum
3299 2713 3468 2782 possit
3493 2718 3727 2780 operari.

443 2802 560 2857 Non
590 2818 718 2872 ergo
746 2803 889 2872 eligit
923 2818 1086 2873 opera
1115 2804 1426 2873 cujusquam
1458 2803 1513 2858 in
1546 2804 1899 2872 praescientia,
1940 2820 2057 2874 quae
2085 2810 2197 2872 ipse
2224 2804 2514 2858 donaturus
2543 2814 2624 2860 est
2651 2822 2666 2859 :
2697 2805 2791 2859 sed
2837 2805 2993 2859 Iidem
3021 2805 3171 2875 eligit
3192 2806 3243 2859 in
3266 2804 3629 2874 prmseientia;
3672 2813 3731 2858 ut

445 2911 603 2963 quem
631 2896 951 2950 crediturum
973 2912 1092 2951 esse
1120 2897 1401 2966 prtescivit,
1432 2897 1600 2967 ipsum
1629 2897 1869 2966 eligeret,
1895 2897 1977 2950 cui
2002 2897 2252 2966 Spiritum
2279 2906 2519 2951 sanctum
2540 2895 2710 2962 daret,
2737 2905 2793 2951 ut
2820 2897 2955 2952 bona
2982 2897 3254 2967 operando
3283 2896 3443 2952 etiam
3472 2904 3728 2951 :eternam

445 2989 607 3040 vitam
635 2998 1069 3058 consequeretur.
1101 2989 1235 3043 Dicit
1261 2990 1404 3044 enim
1436 2989 1719 3059 Apostolus
1749 3005 1762 3043 :
1796 2987 1942 3043 Idem
1964 2989 2100 3044 Dens
2131 2990 2217 3059 qui
2250 2999 2492 3058 aperatur
2523 2990 2693 3043 omnia
2717 2990 2768 3043 in
2791 2988 3021 3044 omnibus
3044 2989 3220 3062 (lCor.
3248 3006 3342 3057 xu,
3361 2988 3728 3061 6).Nusquam

447 3088 625 3132 autem
658 3078 855 3131 dictum
887 3088 987 3141 est,
1025 3081 1161 3134 Deus
1185 3080 1355 3136 credit
1380 3081 1559 3135 omnia
1602 3082 1654 3135 in
1683 3081 1932 3137 omnibus
1964 3100 1978 3135 :
2011 3084 2152 3151 quod
2182 3082 2323 3136 enim
2365 3081 2653 3146 credimus,
2688 3093 2927 3137 nostrum
2972 3092 3093 3147 est;
3126 3081 3269 3153 quod
3314 3091 3492 3137 autem
3539 3096 3732 3152 opera-

446 3185 565 3222 tnur
591 3169 757 3221 illius»
785 3168 1078 3238 (Expositio
1101 3171 1433 3241 quarumdam
1457 3172 1831 3243 popositionum
1858 3188 1920 3226 ea:
1948 3172 2111 3242 Epist.
2136 3172 2203 3225 ad
2230 3171 2405 3239 Rom.,
2438 3189 2620 3244 prapp.
2649 3174 2737 3239 l9,
2769 3174 2883 3244 60).
2912 3174 2978 3229 Et
3001 3182 3196 3229 caetera
3223 3174 3277 3229 in
3307 3172 3497 3229 eodem
3529 3188 3728 3243 opere;

444 3276 563 3332 quin
593 3275 651 3314 se
676 3272 954 3331 acceptare
984 3273 1038 3317 ct
1070 3263 1294 3332 probare
1322 3272 1602 3328 testantur,
1635 3273 1882 3335 tanquam
1911 3264 2281 3318 convenientia
2311 3265 2628 3334 evangelica:
2656 3265 2889 3320 veritati.

515 3352 568 3405 4.
601 3351 863 3406 (ὶωιυιυιιιιι
890 3354 1298 3421 prteseientiam,
1345 3364 1398 3410 et
1429 3356 1971 3426 prmdestinationem,
2008 3357 2088 3411 vel
2136 3358 2488 3427 propositum,
2520 3356 2584 3411 ad
2607 3356 2656 3411 id
2688 3358 2867 3413 valere
2895 3356 3244 3422 contendunt,
3280 3365 3333 3412 ut
3360 3371 3455 3413 eos
3482 3357 3734 3427 prtescie-

446 3443 539 3510 rit,
568 3447 651 3499 vel
686 3449 1163 3517 prtedestinaverit,
1197 3450 1279 3506 vel
1312 3452 1652 3521 proposuerit
1684 3451 1883 3521 eligere
1909 3451 1996 3522 qui
2035 3449 2245 3505 fuerant
2270 3450 2544 3505 credituri.
2575 3444 2684 3505 Nec
2709 3450 2777 3505 de
2804 3449 2906 3505 hac
2948 3450 3052 3505 ﬁde
3079 3465 3238 3521 posse
3257 3450 3385 3516 diei,
3420 3449 3557 3517 Quid
3583 3450 3735 3505 habes

445 3536 579 3607 quod
604 3555 702 3593 non
742 3542 975 3612 accepisti
1013 3543 1053 3614 (l
1086 3542 1202 3597 Cor.
1252 3559 1325 3609 tv,
1357 3543 1452 3615 7)?
1482 3560 1604 3600 cum
1645 3544 1695 3598 in
1740 3544 1926 3599 eadem
1975 3553 2158 3598 natura
2189 3544 2523 3611 remanserit,
2552 3544 2677 3599 licet
2703 3544 2906 3608 vitiata,
2933 3559 3051 3615 qua:
3088 3544 3235 3614 prius
3261 3558 3388 3598 sana
3411 3559 3474 3597 ae
3498 3542 3734 3614 perfecta

445 3628 637 3685 donata
662 3631 746 3684 sit.
775 3632 925 3702 Quod
957 3643 1133 3689 autem
1160 3635 1287 3690 dicit
1314 3636 1580 3691 Sanctitas
1613 3645 1716 3701 tua,
1752 3636 2019 3691 nemiuem
2049 3651 2412 3707 perseverare,
2446 3636 2546 3690 nisi
2586 3636 2963 3706 perseverandi
2990 3636 3185 3690 virtute
3214 3645 3461 3706 percepta
3489 3651 3503 3701 ;
3552 3634 3735 3690 hacte-

447 3737 551 3776 tuzs
576 3724 862 3795 accipiunt,
897 3737 951 3781 nt
975 3720 1367 3798 quibns’datnr,
1400 3728 1552 3784 inerti
1577 3729 1718 3794 licet,
1748 3730 2067 3799 prtecedenti
2097 3743 2273 3784 tamen
2304 3730 2519 3801 proprio
2547 3730 2770 3785 arbitrio
2796 3730 3059 3785 tribuatur
3089 3748 3106 3787 :
3134 3730 3275 3802 quod
3300 3730 3366 3786 ad
3398 3730 3499 3785 hoc
3527 3739 3731 3785 tantum

450 3814 674 3869 liberum
702 3829 968 3886 asserunt,
999 3830 1054 3873 ut
1084 3821 1210 3874 velit
1237 3820 1321 3875 vel
1350 3822 1481 3876 nolit
1505 3821 1787 3877 admittere
1819 3823 2156 3877 medicinam.
2187 3824 2448 3878 Cmterutn
2472 3833 2525 3878 et
2550 3825 2647 3894 ipsi
2675 3823 2973 3880 abominari
2999 3840 3058 3881 se
3086 3833 3142 3880 et
3166 3824 3422 3880 damnare
3450 3832 3736 3891 testantur,

457 3907 503 3961 si
530 3909 649 3976 quis
675 3911 958 3980 quidquam
990 3911 1181 3966 virium
1213 3913 1264 3966 in
1288 3912 1467 3983 aliquo
1489 3914 1834 3980 remansisse,
1863 3928 1969 3983 quo
1998 3913 2063 3966 ad
2091 3913 2368 3967 sanitatem
2399 3914 2644 3985 progredi
2671 3915 2859 3984 possit,
2906 3915 3191 3970 existimet.
3219 3913 3415 3970 Nolunt
3455 3922 3631 3969 autem
3662 3912 3735 3966 ita

448 3998 587 4054 hanc
615 4006 1063 4070 perseverantiam
1094 4004 1392 4073 przedieari,
1435 4015 1492 4059 ut
1518 4020 1623 4060 non
1664 4006 1745 4060 vel
1777 4005 2085 4075 suppliciter
2116 4006 2365 4070 emcreri,
2391 4007 2471 4062 vel
2512 4006 2682 4062 amitti
2710 4007 3098 4063 contumaciter
3117 4007 3305 4077 possit.
3331 4005 3441 4061 Nec
3466 4005 3533 4060 ad
3564 4006 3737 4059 incer-

448 4097 559 4143 tum
589 4091 877 4147 voluntatis
914 4095 1005 4148 Dei
1035 4094 1222 4149 deduci
1254 4110 1315 4151 se
1354 4095 1571 4161 volunt;
1614 4094 1702 4149 ubi
1728 4095 1828 4162 eis,
1876 4106 2132 4165 quantum
2165 4104 2353 4165 putant
2398 4097 2462 4151 ad
2493 4096 2842 4153 obtinendum
2885 4098 2970 4152 vel
3000 4095 3373 4162 amittendum,
3407 4094 3632 4167 evidens
3653 4102 3738 4149 est

449 4184 837 4261 qualecumque
867 4188 1072 4242 initium
1101 4189 1407 4243 voluntatis.
1438 4188 1570 4244 Illud
1600 4189 1760 4243 etiam
1790 4188 2155 4244 testimonium
2186 4188 2328 4258 quod
2370 4190 2613 4259 posuisti,
2658 4188 2860 4260 Raptus
2888 4199 2963 4244 est
3005 4205 3068 4242 ne
3099 4189 3294 4243 malitia
3323 4196 3537 4241 mutaret
3582 4187 3738 4240 intel-

450 4276 633 4330 lectum
664 4279 772 4351 ejus
803 4279 961 4351 (Sep.
990 4298 1062 4345 IV,
1096 4282 1215 4352 ll);
1247 4291 1496 4352 tanquam
1525 4297 1630 4335 non
1676 4282 1991 4335 canonicum
2035 4278 2297 4335 deﬁniunt
2320 4281 2693 4336 omittendum.
2724 4280 2879 4337 Unde
2909 4281 3051 4335 illam
3076 4280 3465 4351 prmscientiam
3494 4280 3570 4334 sic
3599 4279 3739 4334 acci-

449 4368 620 4437 piunt,
651 4378 707 4422 ιιι
739 4382 955 4439 propter
983 4372 1139 4428 ﬁdem
1167 4371 1399 4428 futuram
1431 4371 1756 4442 intelligendi
1783 4374 1889 4426 sint
1914 4370 2142 4441 przcseiti
2175 4387 2313 4426 :nec
2345 4372 2593 4442 cuiquam
2618 4372 2774 4427 talem
2803 4372 2917 4427 dari
2944 4373 3422 4442 perseverantiam,
3450 4384 3603 4442 aqua
3629 4384 3744 4423 non

451 4461 789 4528 permittatur
816 4463 1154 4531 pra2varicari
1176 4480 1191 4528 ;
1214 4463 1308 4518 sed
1339 4479 1368 4517 a
1399 4478 1502 4533 qua
1530 4463 1701 4534 possit
1729 4478 1823 4517 sua
1858 4464 2127 4516 voluntate
2155 4462 2385 4518 deﬁcere
2410 4472 2465 4518 et
2490 4463 2745 4518 inﬁrmari
2779 4460 2876 4535 (a).

526 4554 580 4609 5.
620 4554 882 4609 Asserunt
907 4567 1016 4610 tum
1040 4556 1279 4611 inutilem
1305 4556 1619 4611 exhortandi
1641 4555 2100 4620 consuetudinem,
2133 4555 2179 4609 si
2215 4555 2346 4610 nihil
2380 4556 2443 4610 ini
2465 4554 2682 4610 homine
2709 4555 3035 4610 remansisse
3055 4554 3285 4622 dicatur,
3308 4552 3448 4623 quod
3470 4555 3741 4620 correptio

451 4647 623 4703 valeat
654 4649 887 4704 excitare
917 4668 929 4703 :
960 4651 1101 4720 quod
1124 4650 1337 4721 quidem
1367 4650 1544 4704 inesse
1575 4657 1778 4703 natura:
1804 4650 1881 4703 sic
1908 4664 1967 4704 se
1991 4648 2173 4703 dicere
2200 4648 2538 4711 conﬁtentur,
2572 4658 2629 4702 ut
2658 4647 2758 4702 hoc
2784 4647 2899 4717 ipso
2923 4647 3063 4719 quod
3091 4647 3355 4718 ignoranti
3384 4647 3579 4701 veritas
3604 4661 3740 4715 prze-

451 4741 678 4808 dicatur,
711 4740 776 4796 ad
805 4741 1117 4798 beneﬁcium
1144 4743 1422 4813 praesentis
1445 4742 1629 4813 gratiae
1657 4741 1992 4797 referendum
2024 4741 2112 4795 sit.
2140 4740 2273 4795 Nam
2317 4740 2462 4795 sisic
2500 4740 2860 4810 prtedestinati
2891 4749 3036 4807 sunt,
3066 4741 3329 4810 inquiunt,
3361 4738 3427 4793 ad
3457 4746 3742 4807 utramque

456 4842 684 4902 partem,
715 4843 771 4887 ut
791 4834 856 4888 de
876 4834 999 4888 aliis
1020 4834 1084 4888 ad
1105 4835 1240 4888 alios
1262 4834 1435 4889 nullus
1458 4834 1620 4903 possit
1642 4834 1933 4899 accedere;
1964 4848 2071 4903 quo
2093 4834 2321 4903 pertinet
2345 4840 2488 4888 tanta
2512 4833 2844 4889 extrinsecus
2866 4832 3220 4901 correptionis
3246 4830 3492 4885 instantia
3508 4830 3533 4882 ?
3555 4828 3609 4884 Si
3634 4844 3739 4883 non

459 4930 520 4984 ab
547 4910 784 4996 homine,
817 4931 915 4985 etsi
940 4946 1043 4984 non
1067 4930 1197 4985 lides
1221 4929 1443 5000 integra,
1467 4930 1651 4983 saltem
1676 4929 1754 4983 vel
1777 4928 1931 4983 dolor
1949 4936 2280 4997 compnnctm
2302 4926 2625 4981 inﬁrmitatis
2646 4925 2905 4989 exuritur,
2926 4933 3018 4978 aut
3045 4923 3337 4994 periculum
3361 4922 3743 4977 demonstrate

458 5019 937 5074 mortishorretur?
959 5020 1091 5075 Nam
1114 5021 1279 5075 sinon
1308 5020 1681 5090 potesttimere
1707 5022 1844 5089 quis,
1867 5019 2006 5074 unde
2024 5028 2272 5082 terretur,
2297 5017 2397 5072 nisi
2419 5033 2481 5073 ea
2498 5018 2773 5073 voluntate
2788 5033 2907 5088 qua:
2929 5018 3195 5080 sumitur;
3223 5031 3329 5069 non
3349 5031 3413 5070 ex
3437 5030 3502 5069 eo
3519 5013 3743 5081 culpae-

454 5108 557 5163 dus
584 5109 724 5179 quod
759 5125 899 5165 nunc
920 5127 1025 5166 non
1058 5112 1170 5166 vult
1197 5130 1210 5166 :
1239 5111 1331 5167 sed
1364 5112 1415 5165 in
1438 5126 1502 5166 eo
1525 5120 1572 5165 et
1605 5126 1726 5165 cum
1750 5126 1814 5165 eo
1840 5110 1928 5180 qui
1954 5110 2030 5164 sic
2050 5109 2335 5179 aliquando
2356 5110 2545 5173 noluit,
2570 5117 2629 5162 ut
2652 5125 2769 5165 eam
2800 5109 3198 5163 danmationcm
3225 5122 3344 5162 cum
3368 5107 3479 5161 suis
3511 5107 3743 5174 posteris

456 5212 752 5258 mereretur
780 5203 1073 5271 incurrere,
1102 5213 1159 5259 ut
1185 5219 1453 5275 nunquam
1497 5212 1661 5270 recta,
1690 5218 1905 5273 semper
1924 5211 2098 5257 autem
2124 5218 2283 5270 prava
2305 5203 2463 5257 vellet
2480 5211 2752 5272 appetere.
2776 5202 2832 5256 Si
2858 5212 3036 5256 autem
3058 5210 3140 5256 est
3162 5201 3562 5270 qualiscumque
3590 5198 3742 5252 dolor

456 5296 543 5362 qui
571 5294 636 5349 ad
662 5295 1082 5351 exhortationem
1108 5297 1445 5366 corripienlis
1474 5298 1679 5351 oriatur
1705 5313 1717 5349 :
1750 5296 1886 5350 hanc
1916 5295 2082 5363 ipsam
2115 5294 2299 5349 dicunt
2332 5309 2548 5348 causam
2569 5335 2585 5360 ,
2626 5305 2844 5365 propter
2874 5309 3034 5364 quam
3060 5293 3141 5347 vel
3163 5292 3435 5360 rejiciatur
3456 5291 3624 5355 alius,
3659 5290 3743 5344 vel

456 5390 592 5450 alius
613 5396 917 5443 assumatur
941 5405 953 5441 :
976 5398 1134 5460 atque
1156 5390 1225 5443 ita
1246 5404 1351 5444 non
1376 5405 1509 5459 opus
1533 5404 1653 5444 esse
1677 5397 1852 5457 partes
1874 5388 2147 5452 constitui,
2170 5387 2360 5457 quibus
2381 5401 2481 5440 nec
2501 5385 2857 5455 adjiciendum
2880 5387 2948 5440 sit
2970 5385 3190 5455 aliquid,
3214 5398 3314 5439 nec
3329 5382 3742 5437 detmhendnm.

529 5483 579 5535 ϐ.
622 5480 824 5537 Deinde
855 5482 1078 5536 moleste
1105 5481 1279 5536 ferunt
1311 5482 1379 5536 ita
1408 5481 1568 5536 dividi
1596 5482 1821 5552 gratiam
1845 5523 1858 5545 ,
1883 5496 2001 5550 qum
2027 5480 2108 5535 vel
2139 5487 2263 5533 tunc
2290 5478 2466 5549 primo
2493 5478 2692 5533 homini
2720 5478 2843 5533 data
2872 5488 2976 5544 est,
3008 5479 3089 5532 vel
3117 5492 3258 5534 nunc
3286 5477 3534 5531 oumibus
3563 5476 3743 5541 datur,

460 5591 479 5625 ι
517 5580 575 5628 ιιι
597 5570 689 5628 ille
711 5572 979 5642 acceperit
1019 5574 1490 5643 persevcrantiam,
1520 5589 1626 5627 non
1655 5588 1758 5643 qua
1788 5572 1938 5627 ﬁeret
1967 5580 2025 5626 ut
2055 5564 2564 5641 perseveraret,‘sed
2588 5572 2705 5626 sine
2734 5585 2836 5641 qua
2863 5586 2959 5641 per
2990 5571 3214 5625 liberum
3246 5569 3522 5624 arbitrium
3555 5583 3745 5638 perse-

457 5707 590 5816 ἄια)
625 5707 670 5754 td
696 5714 841 5761 vetus
855 5706 1009 5758 codex
1031 5708 1165 5758 Oorb.
1192 5706 1252 5758 ad
1276 5714 1570 5772 sequentem
1594 5708 1885 5760 sententiam
1911 5706 1980 5758 sic
1997 5713 2191 5758 revocat
2217 5719 2228 5756 :
2257 5712 2309 5756 Et
2333 5702 2575 5768 infirmari
2596 5712 2812 5759 asserunt
2837 5711 2934 5759 tam
2956 5705 3119 5759 utilem
3154 5703 3449 5759 exhortandi
3493 5711 3747 5757 consuetu.
3786 5690 3793 5695 ’

495 5781 636 5816 eum.

495 5781 636 5818 ιιιιίη.

1231 6498 1650 6524 ρκ’-..μ
1719 6498 1868 6514 “νΔι
1960 6498 2015 6510 Α*
2082 6498 2127 6508 ⁴⁵
2196 6497 2251 6506 Δ
