4098 6574
372 437 471 495 est
677 413 700 518 δ
729 466 848 505 ων..
899 423 1044 517 ιι..)

371 579 472 633 qua
503 577 595 618 eos
621 560 710 634 qui
744 561 876 618 tales
904 567 1065 624 sunt,
1100 559 1168 613 ita
1193 575 1298 613 non
1329 557 1487 612 vultis
1509 573 1720 621 errare,
1760 567 1817 610 ut
1850 565 1968 626 po:.t

371 665 448 710 tot
472 653 636 709 libros
665 653 733 708 de
759 653 858 708 hac
887 667 946 707 re
969 650 1050 706 vel
1081 649 1330 721 epistulas
1357 663 1504 704 meas
1523 690 1536 715 ,
1563 647 1738 702 adhuc
1761 663 1846 702 me
1869 647 1966 702 dc-

369 745 618 802 siderctis
663 744 786 800 hinc
821 744 1092 807 scribere,
1130 749 1332 798 tardum
1363 756 1484 796 amo
1507 782 1522 807 ,
1572 748 1827 812 quantum
1858 757 1987 796 nen-

369 851 585 908 possum
624 835 838 900 dicere;
871 841 928 890 et
977 844 1180 888 tantum
1219 849 1305 889 me
1333 849 1549 901 amare,
1583 842 1836 904 quantum
1868 834 1964 889 de-

369 931 499 998 beo,
534 945 640 985 non
661 929 836 986 audeo
860 928 1060 984 dicere.
1083 927 1426 998 Quapmpter
1451 943 1576 983 ecce
1608 929 1846 982 rescribo
1872 943 1962 982 vo-

368 1023 450 1078 bis
471 1062 486 1089 ,
507 1032 560 1079 et
591 1023 714 1078 licet
731 1023 844 1094 jam
868 1037 974 1078 non
1016 1021 1291 1077 vobiscum
1312 1062 1328 1088 ,
1357 1029 1532 1076 tamen
1561 1021 1718 1075 etiam
1749 1035 1842 1091 per
1869 1036 1965 1077 vos

366 1114 542 1170 adhuc
568 1129 669 1186 ago
689 1157 704 1182 ,
733 1115 874 1186 quod
903 1129 989 1170 me
1009 1114 1138 1170 satis
1161 1113 1335 1185 egisse
1356 1110 1662 1168 credebam.

433 1208 490 1262 2.
543 1205 906 1263 Consideratis
951 1206 1094 1262 enim
1139 1206 1328 1261 litteris
1375 1205 1570 1261 vestris
1613 1203 1793 1259 videre
1829 1202 1961 1259 mihi

369 1300 552 1354 videor
571 1315 665 1355 eos
689 1299 879 1356 fratres
896 1341 911 1366 ,
941 1313 1039 1369 pro
1067 1298 1258 1368 quibus
1278 1297 1462 1368 geritis
1485 1297 1623 1367 piam
1651 1310 1832 1350 curam
1849 1337 1862 1358 ,
1893 1311 1962 1351 ne

369 1400 584 1447 teneant
605 1391 868 1462 poeticam
895 1391 1216 1446 sententiam
1238 1431 1252 1450 .
1275 1407 1378 1461 qua
1399 1389 1599 1445 dictum
1626 1397 1736 1455 cst,
1774 1407 1794 1441 ι
1825 1387 1960 1458 Spes

365 1484 464 1538 sibi
487 1484 709 1554 quisque
735 1501 756 1535 ›
793 1481 1029 1554 (Virgil.,
1061 1481 1278 1538 Αὲιιεὶά.
1305 1479 1394 1536 lib.
1429 1481 1487 1537 ll
1513 1523 1529 1550 ,
1556 1497 1684 1536 vers.
1711 1478 1870 1552 509);
1906 1487 1961 1536 et

367 1576 418 1629 in
472 1575 602 1630 illud
627 1573 1060 1646 incurrantquod
1100 1590 1204 1628 non
1232 1561 1472 1644 poetice,
1524 1572 1618 1628 scd
1651 1573 1958 1642 prophetico

363 1667 563 1724 dictum
581 1679 692 1734 est,
717 1667 1023 1723 Maledicta:
1046 1667 1210 1722 ontrtis
1232 1667 1319 1738 qui
1338 1683 1479 1736 spem
1507 1663 1652 1719 habet
1684 1665 1736 1720 in
1757 1665 1959 1721 [lentiae

365 1763 577 1835 (lenm.
601 1777 710 1818 xvn
733 1804 749 1830 ,
780 1760 858 1836 5).
891 1777 958 1818 eo
975 1759 1136 1816 modo
1176 1775 1298 1816 esse
1341 1757 1648 1814 tractandos
1670 1799 1686 1825 ,
1717 1773 1823 1828 quo
1859 1767 1956 1814 tra-

362 1856 527 1910 ctavit
558 1854 842 1924 Apostolus
861 1895 876 1917 ,
907 1852 1100 1924 quibus
1125 1852 1219 1916 ait,
1261 1849 1325 1905 Et
1347 1849 1392 1905 si
1418 1850 1541 1920 quid
1565 1849 1712 1903 aliter
1745 1849 1952 1919 sapitis,

363 1951 459 1998 hoc
477 1961 674 2015 quoque
697 1944 832 1998 vobis
858 1941 996 1998 Deus
1022 1942 1276 1997 reuelabit.
1295 1940 1484 1996 Adhuc
1500 1941 1694 2011 quippe
1719 1939 1770 1993 in
1817 1953 1958 2009 qua:-

363 2040 538 2090 stione
553 2036 782 2106 caligant
795 2035 861 2090 de
879 2033 1346 2106 pra-destinatione
1367 2043 1676 2087 sanctorum
1703 2049 1716 2086 :
1741 2030 1834 2086 sed
1854 2030 1953 2086 ha-

364 2127 490 2184 bent
517 2126 660 2182 unde
685 2169 701 2195 ,
732 2127 776 2182 si
804 2126 928 2198 quid
958 2125 1118 2182 aliter
1139 2126 1195 2181 in
1221 2141 1284 2181 ea
1311 2125 1558 2195 sapiunt,
1602 2125 1704 2180 hoc
1743 2138 1953 2195 quoque

366 2219 468 2275 illis
497 2219 697 2274 revclct
725 2217 899 2285 Deus,
923 2217 966 2271 si
998 2217 1048 2272 in
1072 2232 1136 2272 eo
1157 2216 1430 2272 ambulent
1451 2216 1502 2270 in
1519 2215 1664 2286 quod
1690 2230 1952 2286 pervene-

365 2321 507 2366 runt.
539 2309 764 2379 Propter
785 2308 928 2379 quod
955 2308 1243 2378 Apostolus
1268 2324 1390 2384 cum
1438 2307 1694 2372 dixisset,
1733 2305 1795 2362 Si
1827 2307 1953 2379 quid

353 2403 512 2456 aliter
530 2401 708 2472 sapitis
731 2441 746 2466 ,
770 2401 865 2454 hoc
888 2416 1084 2471 quoque
1105 2399 1240 2454 vobis
1270 2397 1406 2453 Deus
1421 2397 1655 2453 reuelabit
1683 2413 1701 2452 :
1731 2395 1950 2452 Verum-

362 2503 562 2557 tamen,
595 2491 800 2563 inquit,
841 2491 894 2545 in
917 2492 1053 2560 quod
1081 2491 1398 2562 perveniam:
1426 2532 1441 2557 ,
1472 2491 1525 2543 in
1555 2505 1613 2544 eo
1635 2487 1950 2543 ambulemus

367 2583 622 2656 (Philipp.
650 2599 737 2649 ιιι,
767 2584 865 2648 15,
890 2583 1000 2654 lli).
1024 2583 1393 2657 ngcnerunt
1415 2590 1593 2636 autem
1636 2581 1722 2636 isti
1755 2581 1950 2638 fratres

343 2675 562 2742 .nostri,
607 2690 704 2744 pro
730 2674 924 2744 quibus
958 2673 1188 2728 sollicita
1217 2681 1302 2729 est
1328 2672 1412 2742 pia
1461 2671 1695 2728 charitas
1722 2679 1897 2726 vestra
1931 2713 1946 2738 ,

363 2780 422 2824 ut
451 2769 672 2824 credant
709 2782 828 2823 cum
883 2766 1120 2822 Ecclesia
1141 2763 1375 2833 Christi,
1405 2771 1624 2834 peccato
1669 2764 1822 2834 primi
1853 2762 1949 2818 ho-

361 2861 522 2916 minis
547 2860 836 2915 obnoxium
865 2857 1012 2914 nasci
1041 2871 1212 2928 genus
1262 2855 1550 2910 humanum
1573 2895 1588 2922 ,
1621 2869 1722 2910 nec
1748 2853 1818 2908 ab
1846 2853 1950 2909 isto

360 2958 502 3013 malo
523 2957 623 3012 nisi
646 2971 740 3026 per
759 2954 1018 3024 justitiam
1047 2951 1268 3007 secundi
1299 2949 1533 3007 hominis
1552 2950 1785 3019 aliquem
1810 2949 1949 3004 libe-

359 3053 486 3106 rari.
515 3051 876 3108 Perveneram
899 3046 1060 3102 etiam
1081 3087 1096 3112 ,
1120 3053 1178 3100 ut
1203 3043 1486 3120 prteveniri
1521 3042 1828 3110 voluntates
1851 3042 1948 3098 lto-

360 3143 563 3210 minpm
598 3142 688 3214 Dei
721 3141 890 3212 gratia
940 3137 1206 3208 fateantur
1227 3178 1244 3204 ,
1284 3145 1444 3206 atque
1487 3134 1556 3190 ad
1584 3137 1785 3190 nullum
1813 3149 1950 3206 Opus

358 3236 557 3291 bonum
578 3234 664 3289 vel
711 3218 1066 3304 incipiendum
1095 3229 1178 3285 vel
1220 3227 1602 3300 perficiendum
1630 3227 1732 3284 sibi
1757 3243 1948 3298 quem-

358 3341 517 3399 quam
547 3325 793 3382 sufficere
836 3338 995 3394 posse
1019 3322 1378 3378 consentiant.
1425 3319 1652 3375 Retenta
1678 3334 1806 3389 ergo
1847 3319 1948 3375 ista

357 3419 412 3475 in
441 3435 562 3490 quae
591 3422 974 3486 pervenerunt,
1015 3413 1302 3486 plurimum
1327 3425 1422 3468 eos
1469 3399 1510 3465 ab
1541 3409 1946 3481 Pelagianorum

357 3525 542 3566 errore
567 3508 897 3564 discernunt.
946 3505 1213 3571 Proinde,
1267 3503 1314 3562 si
1367 3503 1420 3557 in
1459 3501 1540 3557 eis
1576 3501 1853 3556 ambulent
1892 3511 1948 3558 et

357 3596 653 3656 orenteum
673 3599 765 3669 qui
793 3596 886 3652 dat
915 3595 1240 3651 intellectum
1260 3635 1275 3659 ,
1327 3593 1371 3648 si
1409 3592 1534 3662 quid
1565 3591 1634 3648 de
1663 3591 1946 3662 przedesti-

359 3691 578 3746 natione
599 3689 756 3745 aliter
781 3687 1031 3758 sapiunt,
1078 3685 1192 3755 ipse
1214 3683 1320 3738 illis
1361 3682 1467 3740 hoc
1493 3698 1704 3753 quoque
1741 3683 1947 3739 revela-

325 3813 332 3818 -
357 3781 438 3836 hit
467 3799 481 3836 :
513 3788 688 3834 tamen
711 3778 871 3834 etiam
898 3792 996 3831 nos
1025 3773 1398 3846 impendamus
1421 3775 1501 3832 eis
1525 3773 1826 3829 dilectionis
1866 3773 1948 3830 af-

355 3871 552 3930 fectum
600 3869 1058 3938 ministeriumque
1104 3873 1400 3927 sermonis.
1457 3865 1596 3920 sicut
1650 3864 1813 3920 donat
1855 3865 1945 3920 ille

354 3977 514 4034 quem
539 3961 840 4031 rogavimus
856 3959 896 4024 ³,
919 3966 981 4014 ιιι
1001 3958 1058 4012 in
1089 3957 1170 4011 his
1191 3955 1379 4010 litteris
1403 3969 1466 4012 ea
1492 3970 1610 4024 qua:
1637 3955 1741 4010 illis
1765 3964 1946 4010 essent

325 4062 478 4122 .apta
505 4053 526 4084 ³
551 4061 605 4106 et
635 4049 780 4105 utilia
808 4049 1128 4105 diceremus.
1147 4045 1300 4102 Unde
1322 4061 1464 4100 emm
1493 4047 1694 4102 scimus
1717 4061 1784 4102 ne
1807 4046 1946 4102 forte.

349 4139 898 4211 Mmteridper
937 4137 1078 4193 hanc
1121 4145 1363 4192 nostram
1399 4135 1535 4191 velit
1556 4137 1774 4191 efficere
1821 4151 1943 4192 ser-

356 4236 615 4304 vitutem,
660 4248 765 4305 qua
791 4233 871 4290 eis
917 4231 975 4288 in
1011 4228 1210 4286 Christi
1251 4229 1420 4284 libera
1466 4228 1726 4285 cbaritate
1771 4228 1942 4286 servi-

357 4327 508 4384 Inus?
1099 4321 1202 4394 pm
1240 4338 1312 4414 ρ.
1363 4309 1514 4414 ἐξ

319 4453 328 4461 -
426 4419 653 4477 CAPUT
679 4417 744 4474 ll.
775 4447 841 4460 —
871 4417 924 4472 5.
955 4415 1109 4472 Prius
1141 4411 1316 4486 itaque
1350 4411 1510 4486 fidem
1537 4426 1638 4482 qua
1665 4411 1941 4468 christiani

318 4557 326 4566 .
353 4529 562 4580 sumus,
581 4513 780 4588 donum
803 4511 894 4566 Dei
917 4523 1038 4565 esse
1057 4507 1316 4574 debemus
1341 4506 1628 4568 ostendere
1653 4523 1666 4558 :
1699 4505 1742 4561 si
1763 4516 1938 4560 tamen

351 4603 664 4674 diligentius
683 4601 736 4656 id
766 4601 941 4656 facere
967 4613 1250 4669 possumus
1273 4639 1288 4662 ,
1317 4612 1478 4668 quam
1501 4597 1556 4651 in
1581 4595 1942 4651 voluminibus

353 4705 432 4752 tot
459 4694 720 4764 tantisque
739 4692 850 4762 jam
891 4689 1137 4745 fecimus.
1179 4687 1286 4744 Sed
1336 4702 1479 4742 nunc
1503 4687 1580 4742 eis
1608 4686 1940 4758 respondeng

351 4787 480 4842 dum
506 4800 628 4841 esse
669 4783 855 4848 video;
885 4781 975 4852 qui
1004 4779 1194 4836 divina-
1229 4778 1529 4834 testimonia
1549 4818 1563 4842 ,
1594 4793 1714 4847 qua:
1742 4777 1809 4832 de
1840 4777 1939 4831 hac

349 4893 410 4935 re
434 4876 774 4934 adhibuimus
791 4917 806 4942 ,
831 4873 896 4930 ad
924 4873 1026 4928 hoc
1050 4871 1236 4928 dicunt
1261 4871 1440 4926 valere
1465 4911 1480 4936 ,
1523 4879 1580 4924 ut
1633 4869 1940 4923 noverimus

347 4986 418 5026 ex
445 4969 601 5025 nobis
620 4967 835 5039 quidem
858 4979 958 5020 nos
991 4962 1193 5028 habere
1221 4961 1390 5032 ipsam
1415 4959 1572 5015 ﬁdem
1593 5000 1610 5027 ,
1639 4960 1732 5015 sed
1760 4959 1937 5014 incre~

309 5111 318 5120 .
349 5073 588 5118 mentum
613 5062 730 5132 ejus
743 5075 812 5116 ex
838 5058 983 5114 Deo:
1012 5065 1260 5126 tanquam
1283 5053 1418 5110 fides
1443 5068 1549 5108 non
1589 5053 1657 5108 ab
1703 5053 1818 5124 ipSo
1837 5053 1934 5106 σιο-

347 5162 506 5208 netur
532 5151 687 5207 nobis
707 5192 724 5218 ,
747 5149 840 5204 sed
860 5149 929 5205 ab
955 5148 1070 5217 ipso
1091 5155 1294 5202 tantum
1319 5145 1340 5178 ³
1367 5153 1625 5215 augeatur
1676 5144 1728 5198 in
1759 5143 1936 5209 nobis,

348 5258 416 5298 eo
432 5242 623 5297 merito
647 5282 663 5307 ,
694 5255 800 5310 quo
820 5238 983 5307 cuspit
1004 5253 1034 5292 a
1057 5237 1210 5292 nobis
1234 5235 1276 5290 δ.
1303 5233 1421 5290 Non
1442 5250 1569 5304 ergo
1585 5234 1854 5289 receditur
1869 5234 1936 5288 ab

347 5349 411 5388 ea
439 5332 734 5398 sententia,
761 5346 920 5402 quam
950 5328 1194 5400 Pelagius
1214 5329 1328 5399 ipse
1353 5331 1404 5382 in
1425 5327 1714 5398 episcopali
1733 5326 1936 5396 judicio

301 5460 314 5468 -
348 5424 669 5490 Data-stitio,
707 5425 846 5479 sicut
885 5422 1072 5478 eadem
1125 5419 1287 5477 Gesta
1333 5428 1627 5487 testantur,
1679 5419 1934 5475 damnare

413 5625 429 5654 ³
456 5621 591 5676 Editi,
615 5619 696 5684 ille
731 5632 873 5684 quem
911 5630 1152 5684 rogamus.
1193 5617 1473 5669 Noalliensis
1499 5627 1598 5680 tis,
1641 5618 1928 5684 rogavimus.

411 5685 436 5718 ³
454 5690 560 5734 Mss.
575 5682 796 5732 Gallicani
823 5690 874 5732 et
891 5682 1116 5737 Vaticani,
1141 5688 1326 5741 aperta.

415 5745 438 5778 ⁸
457 5755 554 5794 Am.
581 5753 652 5793 Er.
679 5753 729 5793 et
743 5751 872 5803 Mss,
894 5750 1068 5792 nonan.
1094 5744 1414 5793 Lovauieuses
1439 5757 1502 5794 ex
1527 5744 1804 5806 conjectura
1827 5757 1932 5792 cor-

345 5815 598 5865 raserant,
623 5813 821 5856 tamtum.
1069 5863 1078 5866 Α
1167 5859 1172 5864 ,
1191 5861 1197 5866 ,

413 5870 540 5920 ινδεχ
564 5863 687 5930 uss,
712 5867 934 5932 quoniam
956 5863 1098 5932 coepit
1119 5879 1150 5916 a
1168 5863 1320 5916 nobis.

1261 404 1460 492 CIBER
1501 436 1588 492 DE
1627 433 2280 493 Pl'thDESTlNATlONE
2313 437 2747 496 SANCTORUM.

3559 453 3660 511 96'!

2080 555 2388 626 compulsus
2415 565 2530 625 cst,
2560 575 2579 608 ι
2614 555 2848 614 Gratiam
2882 559 2973 616 Dei
3000 563 3292 621 secundum
3336 569 3523 624 merita
3564 587 3661 626 no-

2071 658 2182 704 stra
2212 649 2324 704 dari
2362 649 2477 722 (a);
2515 670 2535 704 ι
2571 651 2614 706 si
2643 667 2746 706 non
2789 655 3018 724 pertinet
3043 657 3108 712 ad
3137 659 3228 714 Dei
3267 662 3488 730 gratiam
3517 664 3658 733 quod

2070 741 2290 797 credere
2315 743 2574 812 coepimus
2596 786 2612 810 ,
2634 744 2728 799 sed
2757 745 2887 800 illud
2933 748 3107 818 potius
3127 751 3270 820 quod
3315 763 3530 824 propter
3557 754 3658 810 hoc

2070 833 2224 888 nobis
2251 833 2496 901 additur,
2531 844 2589 918 ut
2617 835 2835 910 plenius
2869 836 3270 910 perfectiusque
3315 843 3599 903 credamus
3639 863 3654 898 :

2067 939 2130 980 ac
2157 941 2251 995 per
2281 925 2412 994 hoc,
2447 911 2657 982 initium
2685 928 2807 984 fidei
2832 940 3028 985 nostrae
3063 933 3266 1002 priores
3285 933 3475 990 damus
3505 936 3612 991 Deo
3636 980 3653 1004 ,

2069 1025 2124 1071 ut
2145 1017 2467 1073 retribuatur
2485 1020 2636 1074 nobis
2661 1029 2716 1075 et
2739 1022 3168 1092 sapplcmentum
3193 1025 3308 1097 ejus
3332 1043 3346 1093 ;
3375 1036 3428 1082 et
3453 1027 3496 1082 si
3528 1030 3655 1100 quid

2065 1107 2204 1164 aliud
2231 1109 2458 1166 fideliter
2477 1111 2767 1182 poscimus.

2135 1201 2188 1254 4.
2223 1197 2327 1255 Sed
2357 1214 2540 1257 contra
2582 1203 2695 1260 haec
2738 1220 2834 1259 cur
2863 1220 2966 1260 non
2995 1207 3169 1276 potius
3209 1207 3453 1264 audimus
3485 1227 3496 1262 :
3531 1211 3656 1276 Quis

2065 1291 2206 1362 prior
2230 1291 2370 1346 dedit
2415 1293 2461 1347 ei
2483 1337 2499 1360 ,
2528 1304 2576 1349 et
2612 1297 2913 1355 retribuetar
2937 1297 3060 1352 illi?
3083 1301 3321 1369 quoniam
3349 1317 3412 1355 ea:
3439 1302 3578 1373 ipso.
3607 1313 3655 1357 et

2064 1399 2153 1453 per
2181 1383 2346 1454 ipsum
2367 1425 2382 1448 ,
2425 1386 2545 1440 etin
2567 1387 2678 1456 ipso
2712 1397 2827 1441 sunt
2853 1390 3024 1443 omnia
3055 1388 3233 1458 (Rom.
3263 1407 3313 1446 XI
3331 1433 3346 1460 ,
3379 1394 3446 1449 '55
3473 1435 3488 1460 ,
3517 1393 3604 1464 36)
3631 1394 3654 1446 ’ἶ

2062 1475 2131 1530 Ει
2159 1475 2328 1546 ipsum
2357 1479 2514 1548 igitur
2545 1479 2751 1534 initium
2785 1481 2903 1536 ltdei
2941 1493 3170 1550 nostrai,
3197 1503 3259 1538 ex
3289 1502 3426 1555 quo,
3457 1489 3554 1542 nisi
3587 1504 3652 1542 ex

2062 1565 2180 1636 ipso
2205 1571 2324 1622 est?
2352 1569 2535 1640 Neque
2563 1571 2706 1626 enim
2739 1573 2840 1628 hoc
2886 1584 3109 1645 excepto
3137 1591 3202 1631 ex
3234 1579 3348 1648 ipso
3387 1587 3512 1634 sunt
3549 1596 3651 1634 cae.

2063 1663 2174 1711 tera
2211 1676 2224 1713 :
2254 1659 2346 1715 sed
2365 1677 2428 1714 ea:
2451 1662 2561 1730 ipso
2581 1703 2596 1728 ,
2625 1671 2672 1717 et
2695 1679 2788 1734 per
2808 1664 2973 1736 ipsum
2999 1706 3013 1729 ,
3045 1676 3091 1720 et
3115 1668 3166 1721 in
3188 1669 3296 1739 ipso
3317 1679 3434 1724 sunt
3457 1673 3648 1725 omnia.

2059 1745 2190 1814 Quis
2219 1757 2394 1806 autem
2422 1751 2564 1807 dicat
2587 1768 2708 1809 cum
2737 1756 2823 1825 qui
2843 1755 2952 1824 jam
2977 1757 3140 1827 cmpit
3169 1760 3390 1816 credere
3415 1803 3428 1826 ,
3461 1762 3529 1816 ab
3558 1764 3650 1817 illo

2059 1839 2112 1895 in
2135 1857 2290 1912 quem
2329 1844 2558 1900 credidit
2597 1845 2728 1900 nihil
2757 1849 2988 1903 mereri?
3018 1849 3172 1906 Unde
3221 1851 3279 1904 fit
3307 1863 3362 1906 ut
3387 1853 3495 1923 jam
3532 1871 3646 1910 me-

2051 1936 2197 2000 renti
2219 1945 2410 1992 cazlera
2441 1938 2686 1995 dicantur
2711 1941 2830 1995 addi
2861 1942 3212 2000 retributione
3237 1945 3412 2001 divina
3435 1965 3451 2008 ;
3474 1965 3536 2003 ac
3555 1965 3650 2018 per

2057 2026 2160 2084 hoc
2186 2031 2408 2102 gratiam
2437 2032 2531 2087 Dei
2558 2032 2852 2108 secundum
2883 2034 3072 2100 merita
3113 2047 3292 2100 nostra
3317 2039 3429 2112 dari
3465 2058 3478 2096 :
3506 2017 3647 2112 quod
3688 2017 3730 2094 Ξ.

2057 2121 2324 2192 ohjectum
2348 2123 2449 2180 sibi
2476 2125 2842 2208 Pelagiumme
2867 2127 3250 2202 damnaretur,
3282 2111 3649 2208 ipse‘datnna-

2055 2214 2152 2269 vit.
2197 2214 2446 2286 Quisquis
2492 2201 2823 2286 igitur-himc
2861 2201 3219 2278 damnabilem
3259 2201 3466 2279 vulta;
3496 2201 3644 2280 omni

2057 2300 2206 2378 parte
2225 2311 2397 2365 vitare
2421 2313 2766 2375 sententiam,
2803 2314 3068 2368 veraciter
3113 2315 3372 2386 intelligat
3409 2316 3607 2372 dictum
3627 2360 3642 2383 ,

2054 2401 2196 2472 quod
2227 2403 2514 2472 Apostolus
2541 2402 2615 2457 ait
2657 2421 2670 2456 :
2723 2401 2876 2458 Vobis
2901 2403 3145 2459 donatam
3170 2415 3246 2460 est
3267 2424 3360 2476 pro
3388 2407 3588 2462 Christo
3623 2449 3638 2472 ,

2057 2507 2155 2544 non
2181 2489 2348 2544 solum
2374 2501 2427 2544 ut
2447 2491 2662 2550 credatis
2686 2492 2736 2544 in
2764 2509 2876 2545 eum
2893 2536 2906 2557 ,
2927 2509 3097 2546 verum
3119 2495 3267 2548 etiam
3293 2505 3346 2549 ut
3375 2499 3645 2567 patiamini

2054 2597 2148 2651 pro
2176 2597 2234 2634 eo
2267 2580 2523 2672 (Philipp.
2549 2597 2563 2636 ι
2591 2622 2604 2647 ,
2633 2581 2746 2654 29).
2777 2581 3126 2672 lignaque}
3158 2585 3518 2668 osten‘dithi
3545 2575 3677 2672 do-j

2035 2687 2208 2748 _num,
2263 2671 2385 2741 quia
2413 2681 2698 2742 utrumque
2726 2667 2859 2728 dixit
2903 2667 3024 2731 esse
3065 2674 3340 2730 donatum.
3371 2677 3480 2733 Nec
3524 2680 3597 2733 ait
3627 2667 3669 2746 ,’

2047 2747 2360 2832 ’ῧῐῖιῐειιῑϋε
2381 2751 2437 2818 et
2453 2762 2740 2832 perfectius
2759 2763 2992 2820 credatis
3023 2764 3075 2820 in
3102 2781 3259 2834 eum;
3291 2767 3385 2822 sed
3407 2811 3422 2834 ,
3453 2779 3508 2823 ut
3533 2785 3645 2824 cre-

2036 2853 2185 2920 idolis
2209 2853 2261 2908 in
2283 2871 2418 2908 eum.
2441 2853 2552 2910 Nec
2571 2871 2631 2910 se
2654 2855 2826 2925 ipsum
2852 2856 3272 2913 misericordiam
3295 2870 3644 2916 consecutum

2052 2944 2220 3012 dixit,
2249 2954 2307 3000 ut
2335 2946 2574 3015 fidelior,
2601 2947 2694 3003 sed
2727 2957 2784 3002 ut
2811 2948 2984 3004 fidelis
3017 2959 3162 3006 esset
3192 2950 3232 3023 (Ι
3259 2949 3378 3006 Cor.
3409 2969 3498 3017 vn,
3527 2953 3642 3026 2'5).

2051 3037 2176 3108 quia
2198 3037 2401 3094 sciebat
2429 3053 2536 3094 non
2563 3055 2624 3095 se
2655 3039 2864 3095 initium
2898 3039 3022 3096 fidei
3044 3057 3156 3098 sua:
3180 3045 3408 3114 priorem
3435 3045 3648 3101 dedisse

2053 3128 2198 3196 Deo,
2241 3137 2296 3184 et
2346 3130 2666 3185 retributum
2721 3131 2822 3186 sibi
2872 3131 2940 3187 ab
2995 3132 3089 3188 illo
3117 3133 3233 3203 ejus
3262 3146 3642 3205 augmentum;

2051 3220 2145 3276 sed
2172 3221 2241 3274 ab
2266 3236 2332 3276 eo
2360 3237 2418 3277 se
2442 3220 2640 3276 factum
2668 3223 2878 3279 fidelem
2899 3266 2914 3290 ,
2945 3239 2973 3277 a
2995 3239 3102 3296 quo
3141 3235 3196 3281 et
3247 3227 3521 3298 apostolus
3564 3228 3645 3284 fa-

2050 3318 2167 3365 ctus
2197 3319 2298 3365 est.
2325 3310 2458 3366 Nam
2483 3312 2680 3382 scripta
2711 3314 3010 3369 suntetiam
3044 3314 3164 3370 fidei
3194 3317 3310 3386 ejus
3337 3318 3482 3372 initia
3505 3319 3640 3388 (Act.

2050 3399 2129 3475 ιιι)
2149 3442 2165 3469 ,
2196 3411 2426 3474 suntque
2454 3404 2814 3460 ecclesiastica
2838 3406 3034 3462 celebri
3059 3408 3080 3439 ¹
3104 3407 3338 3464 lectione
3365 3411 3642 3466 notissima

2051 3490 2150 3567 (b).
2179 3493 2416 3550 Aversus
2438 3495 2636 3566 quippe
2659 3511 2692 3551 a
2729 3496 2832 3552 fide
2855 3513 3012 3568 quam
3043 3499 3319 3566 vastabat,
3369 3501 3524 3573 eique
3551 3519 3643 3560 vc-

2050 3586 2331 3644 ltementer
2357 3587 2615 3646 adversus
2636 3631 2650 3656 ,
2684 3599 2907 3660 repente
2942 3598 3026 3646 est
3070 3591 3140 3645 ad
3185 3591 3328 3646 illam
3354 3594 3520 3662 gratia
3545 3609 3643 3666 po-

2049 3680 2279 3736 tentiore
2323 3695 2652 3747 conversus;
2685 3691 3036 3739 convertente
3067 3683 3160 3737 illo
3197 3684 3283 3739 cui
3337 3683 3440 3739 hoc
3467 3687 3640 3756 ipsum

2021 3768 2257 3842 .facturo
2287 3788 2380 3843 per
2400 3775 2712 3844 prophetam
2743 3774 2765 3808 ⁸
2784 3775 2984 3830 dictum
3011 3784 3123 3843 est,
3159 3775 3237 3832 Tu
3261 3791 3551 3836 conuertens
3569 3782 3642 3836 ri-

2047 3861 2274 3930 vi/icabis
2302 3879 2394 3918 nos
2422 3862 2592 3937 (Psal.
2621 3881 2818 3920 uxxw
2840 3907 2854 3932 ,
2880 3862 2934 3938 7)
2970 3884 2983 3920 :
3017 3875 3077 3922 ut
3104 3883 3209 3923 non
3247 3869 3421 3924 soluat
3453 3887 3518 3926 ex
3546 3887 3642 3926 no-

2049 3954 2190 4010 lente
2215 3955 2368 4012 fierct
2393 3957 2584 4012 volens
2609 3957 2868 4024 credere;
2903 3973 3086 4013 verum
3117 3959 3277 4015 etiam
3301 3975 3368 4015 ex
3399 3976 3644 4031 persecuo

2049 4056 2165 4103 tore
2213 4047 2640 4118 persecutionem
2687 4048 2738 4102 in
2767 4049 2880 4118 ejus
2911 4047 3066 4115 fidei,
3095 4065 3253 4120 quam
3283 4055 3642 4123 persequeha-

2050 4149 2137 4194 tur
2157 4181 2174 4207 ,
2205 4137 2519 4195 defensione
2541 4147 2832 4210 pateretur.
2857 4139 3123 4196 Donatum
3151 4141 3348 4212 quippe
3371 4143 3445 4198 illi
3469 4153 3584 4199 erat
3608 4161 3639 4201 a

2047 4231 2258 4288 Christo
2278 4274 2294 4298 ,
2323 4249 2428 4288 non
2455 4233 2628 4288 solum
2655 4243 2712 4288 ut
2733 4232 3047 4302 crederetin
3068 4249 3192 4290 eum
3213 4277 3229 4306 ,
3257 4251 3445 4292 verum
3475 4238 3638 4294 etiam

1969 4335 1972 4338 ⁴
2047 4333 2104 4378 Ill
2132 4332 2406 4393 pateretur
2433 4339 2531 4394 ι)Γο
2551 4339 2636 4379 80.

2118 4418 2171 4474 5.
2200 4419 2268 4473 Et
2297 4417 2417 4474 ideo
2459 4417 2842 4473 commendans
2884 4417 3039 4474 istam
3069 4427 3294 4490 gratiam
3315 4461 3332 4486 ,
3374 4436 3494 4492 quze
3521 4438 3636 4496 ppu

2119 4518 2202 4565 tur
2229 4393 3660 4622 semiudumaliquaﬂnleri[p.7s553fliéii_omiiialonxl

2118 4601 2230 4622 .-ιη
2268 4619 2278 4622 -
2321 4599 2429 4622 nr---
2465 4583 2768 4622 __-.:_".-”.‘r-.--.-
2801 4616 2970 4622 --------_
3039 4600 3206 4622 :__-_:.
3281 4603 3492 4622 nunc"-
3547 4588 3639 4622 ,ul

2045 4510 2202 4566 datur
2229 4488 3602 4592 semiudumaliquaunleritagTsEti‘éflEiLomiiiaIdh

2047 4601 2235 4656 merita
2267 4619 2278 4652 :
2313 4583 2430 4653 Non
2457 4583 3004 4670 «iida‘iiloiiei—sanms,
3038 4600 3244 4670 inquit,
3271 4603 3494 4674 cogitare
3533 4583 3650 4658 ali-‘5

2044 4687 2186 4762 ἰῇὶῖέΐ
2191 4685 2342 4763 quasi
2357 4707 2420 4744 ea:
2443 4689 2850 4762 nobismetipsis,
2895 4691 2985 4745 sed
3025 4691 3324 4762 suﬁcientia
3353 4704 3527 4747 nostra
3572 4711 3636 4749 ex

2046 4785 2153 4838 Deo
2181 4795 2252 4838 est
2283 4782 2346 4853 (ll
2373 4782 2491 4838 Cor.
2518 4799 2610 4846 ιιι,
2641 4781 2716 4854 5).
2744 4782 3034 4837 Attendunt
3074 4783 3193 4848 hic,
3220 4791 3274 4838 et
3321 4785 3480 4840 verba
3533 4786 3633 4842 ista

2045 4875 2374 4945 perpendam
2393 4915 2409 4940 ,
2440 4875 2528 4942 qui
2563 4882 2750 4943 putant
2774 4887 2839 4927 ex
2869 4873 3024 4928 nobis
3049 4889 3170 4929 cs<e
3204 4873 3326 4930 fidei
3355 4886 3589 4948 coeptum
3615 4921 3632 4944 .

2043 4977 2097 5023 ct
2121 4982 2188 5021 ex
2222 4967 2330 5022 Deo
2355 4981 2476 5021 esse
2517 4965 2636 5020 lidci
2667 4965 3118 5034 supplementum.
3157 4965 3288 5034 Quis
3338 4969 3482 5024 enim
3526 4987 3632 5028 non

2043 5058 2252 5124 videat,
2303 5057 2450 5126 prius
2477 5071 2598 5111 esse
2645 5057 2884 5127 cogitare
2924 5072 3081 5128 quam
3132 5059 3398 5117 credere?
3438 5062 3634 5121 Nullus

2043 5151 2236 5223 quippe
2257 5149 2426 5206 credit
2451 5147 2649 5218 aliquid
2673 5188 2687 5216 ,
2718 5148 2817 5202 nisi
2848 5149 2996 5219 prius
3017 5150 3330 5222 cogitaverit
3369 5168 3489 5211 esse
3519 5172 3636 5214 cre-

2105 5304 2122 5335 ¹
2150 5309 2260 5350 Lov.
2281 5338 2296 5360 ,
2350 5305 2612 5361 trtmmqne
2652 5298 2800 5363 enim
2839 5299 3018 5363 Abest,
3051 5300 3210 5361 enim.
3250 5304 3313 5354 ab
3349 5303 3458 5356 aliis
3476 5303 3630 5363 libris.

2104 5367 2124 5428 ξ
2149 5363 2430 5428 unallieusis
2458 5369 2560 5417 διε..
2585 5361 2840 5428 celebrata.
2868 5362 2954 5413 Alii
2986 5371 3092 5414 Mss.
3117 5379 3228 5416 cum
3253 5367 3414 5428 editis,
3432 5361 3630 5422 celebri.

2105 5427 2126 5460 ³
2143 5423 2308 5475 Plures
2331 5432 2456 5482 Mss,
2481 5437 2574 5488 per_
2601 5423 2918 5488 prophetiam.

2067 5502 2073 5507 ·
2102 5489 2174 5549 (a)
2210 5489 2324 5535 \‘ida
2349 5485 2522 5534 librum
2547 5485 2610 5536 de
2633 5485 2790 5536 costis
2807 5487 3003 5549 Pelagii,
3029 5500 3076 5536 η.
3097 5487 3178 5538 ω.

2102 5548 2171 5610 (b)
2205 5551 2476 5597 Lectionum
2505 5555 2698 5597 Actuum
2723 5548 3052 5610 Apostolorum
3075 5550 3123 5598 in
3147 5548 3353 5600 Ecclesia
3377 5551 3631 5604 celebrem

2036 5611 2170 5678 dicit,
2189 5611 2431 5678 quodjam
2458 5619 2556 5658 tum
2573 5623 2662 5657 usu
2680 5620 2931 5678 receptum
2948 5620 3104 5678 esset,
3127 5620 3178 5662 ut
3199 5611 3481 5678 sclenmiter
3496 5623 3633 5676 quot-

2037 5676 2175 5722 annis
2196 5671 2508 5733 repcieretur
2533 5679 2754 5733 tet'uporc
2773 5671 2997 5734 Paschali.
3045 5691 3066 5719 ε
3084 5681 3225 5722 Actus
3243 5671 3584 5734 Apostolorum,
3599 5691 3622 5718 ιι

2035 5736 2101 5784 ait
2127 5736 2172 5782 in
2197 5745 2428 5782 Sttrlllmltt
2452 5735 2559 5789 513,
2603 5749 2651 5782 ιι.
2695 5735 2735 5787 1,
2771 5753 2792 5778 ι
2815 5733 2939 5782 liber
2964 5743 3038 5784 est
3074 5735 3138 5783 de.
3161 5733 3344 5784 canone
3367 5735 3625 5795 scriptura-

2043 5819 2065 5842 ι
2090 5811 2195 5844 rum
2220 5811 2230 5844 :
2259 5798 2362 5857 ipse
2389 5795 2514 5858 liber
2538 5796 2703 5858 incipit
2729 5796 2826 5856 legi
2851 5809 2879 5845 a
2909 5799 3148 5848 nuntiuico
3183 5796 3388 5856 Pascha,
3413 5803 3536 5847 su‘ut
3570 5807 3628 5846 se

2045 5877 2066 5896 ιι
2087 5858 2385 5906 αυειέυι.ιιι.ιυ
2411 5857 2557 5906 habet
2581 5857 2816 5910 Ecclesiae.
2847 5871 2866 5905 ι
