4098 6544
489 411 594 470 955

489 525 743 582 dendum.
777 520 1032 594 Quamvis
1057 521 1197 576 enim
1251 520 1440 590 raptim
1462 563 1476 586 ,
1507 518 1748 592 quamvis
1796 518 2076 574 Celerrime

487 617 741 676 credendi
784 618 1110 672 voluntatem
1163 617 1404 687 qua-dam
1435 617 1785 686 cogitationes
1808 617 1823 648 ί
1846 622 2080 670 'autet-o-

489 713 632 778 ient,
660 727 896 781 moxque
935 711 1022 764 illa
1060 712 1131 764 ita
1161 720 1442 778 sequatur,
1479 718 1534 762 ut
1571 708 1718 779 quasi
1753 707 2080 777 eonjunetis-

489 806 623 862 sima
662 804 983 866 comitetur;
1031 817 1250 857 necesse
1293 811 1371 856 est
1406 810 1582 856 tzunen
1626 809 1683 856 ut
1728 799 1906 854 omnia
1959 813 2079 870 qua:

487 896 810 962 creduntur,
844 892 1198 964 pratvcniente
1227 893 1546 962 cogitatione
1566 891 1870 946 credantur.
1899 890 2080 958 Quatt-

489 995 726 1059 quamet
752 986 923 1056 ipsum
967 985 1220 1049 credere,
1253 983 1381 1038 nihil
1410 982 1552 1038 aliud
1605 993 1720 1049 est,
1770 999 1927 1054 quam
1956 998 2078 1038 cum

490 1080 800 1136 assensione
825 1079 1078 1149 cogitare.
1104 1077 1218 1132 Non
1236 1079 1376 1133 enim
1400 1077 1574 1131 omnis
1598 1076 1686 1148 qui
1713 1077 1928 1146 cogitat,
1959 1091 2082 1131 cre-

487 1175 602 1239 dit;
655 1188 776 1228 cum
820 1171 940 1226 ideo
971 1170 1207 1242 Cogitant
1260 1170 1530 1240 plerique,
1565 1185 1634 1222 tte
1682 1167 1904 1223 credant
1936 1185 1949 1221 :
1982 1166 2077 1222 sed

491 1266 689 1334 Cogitat
715 1263 887 1318 omnis
909 1262 997 1334 qui
1023 1263 1226 1327 credit,
1254 1271 1306 1317 et
1325 1261 1594 1316 credendo
1631 1261 1866 1332 cogitat,
1903 1268 1958 1314 et
1986 1275 2080 1316 co-

487 1355 706 1428 gitando
757 1355 944 1410 credit.
992 1354 1144 1420 Quod
1183 1369 1311 1424 ergo
1361 1352 1589 1424 pertinet
1641 1352 1710 1407 ad
1768 1352 2076 1423 religionem

489 1442 648 1517 atqtie
677 1447 923 1516 pietatem
945 1445 1034 1517 (de
1060 1460 1162 1514 qua
1189 1445 1504 1515 loquebatur
1532 1443 1876 1516 Apostolus),
1901 1444 1945 1498 si
1971 1459 2079 1500 non

486 1537 861 1592 suntusidouei
879 1535 1114 1606 cogitare
1150 1535 1346 1605 aliquid
1373 1535 1522 1606 quasi
1551 1551 1618 1590 ex
1648 1533 2075 1606 nobismetipsis,

487 1628 581 1684 sed
613 1628 924 1682 sollicientia
945 1637 1122 1680 nostra
1151 1643 1215 1680 ex
1237 1627 1344 1682 Deo
1365 1637 1478 1692 est;
1501 1627 1739 1697 profecto
1764 1641 1870 1680 non
1893 1640 2080 1682 sumus

489 1719 665 1774 idonei
704 1717 926 1772 credere
954 1717 1154 1787 aliquid
1185 1718 1422 1786 quasiet:
1463 1716 1896 1787 nobismetipsis,
1935 1715 2078 1789 quod

487 1812 603 1866 sine
623 1811 941 1881 cogitatione
967 1825 1070 1864 aen
1091 1824 1377 1880 poesumus
1392 1853 1407 1877 ,
1441 1809 1536 1865 sed
1557 1809 1874 1866 sufﬁcientia
1896 1819 2079 1867 nostra

486 1920 588 1974 qua
619 1903 842 1958 credere
881 1902 1231 1972 incipiamus,
1262 1917 1328 1955 ex
1368 1901 1476 1955 Deo
1502 1911 1604 1956 est.
1637 1901 1914 1970 Quocirca,
1939 1901 2077 1958 sicut

485 2011 646 2052 nemo
689 1995 789 2050 sibi
821 1994 1015 2050 sufﬁcit
1069 1995 1136 2049 ad
1171 1993 1529 2064 incipiendum
1576 1993 1658 2048 vel
1692 1993 2073 2063 perliciendum

484 2086 856 2156 quodcumque
877 2101 1011 2156 opus
1036 2086 1270 2148 bonum;
1303 2085 1442 2154 quod
1462 2085 1570 2154 jam
1601 2085 1686 2140 isti
1713 2085 1924 2153 fratres,
1940 2086 2080 2142 sicut

485 2189 660 2232 vestra
703 2179 901 2247 scripta
943 2177 1179 2231 indicant
1225 2174 1313 2250 (In
1343 2174 1577 2246 Epistula
1631 2175 1850 2242 Hilarii,
1905 2194 1958 2231 tt.
1995 2177 2032 2232 2
2061 2218 2077 2242 ,

483 2286 664 2340 supra,
695 2269 794 2322 col.
820 2267 1079 2340 9534354)
1101 2310 1114 2330 ,
1163 2283 1344 2322 verum
1375 2282 1494 2322 esse
1533 2269 1906 2334 consentiunt;
1939 2269 2080 2326 unde

485 2362 541 2418 in
581 2363 725 2416 omni
757 2377 922 2431 Opere
953 2363 1092 2416 bono
1119 2369 1172 2416 et
1203 2359 1506 2430 incipiendo
1531 2361 1934 2436 e/tpenﬁeiendu
1965 2361 2076 2416 suf-

489 2455 736 2518 ﬁcientia
751 2461 930 2526 nostra
943 2469 1022 2526 es
1036 2453 1165 2516 ,οιξο
1180 2435 1616 2518 umidam-emo
1641 2451 1742 2506 sibi
1771 2451 1968 2508 sufﬁcit
1995 2453 2081 2508 vel

481 2525 554 2602 ad
597 2525 953 2615 incipiendum
981 2544 1060 2597 Vcl
1083 2543 1148 2597 ad
1176 2541 1550 2612 perﬁciendam
1575 2542 1763 2609 ﬁdem,
1803 2544 1899 2600 sed
1928 2543 2078 2599 sufﬁ-

485 2639 681 2694 cientia
713 2647 893 2692 nostra
943 2653 1006 2690 ex
1040 2636 1149 2690 Deo
1174 2644 1292 2691 est:
1323 2635 1572 2706 quoniam
1602 2635 1736 2692 ﬁdes
1765 2637 1808 2692 si
1840 2653 1944 2692 non
1983 2652 2079 2692 eoo

488 2730 686 2801 gitctur
705 2770 719 2796 ,
747 2729 888 2783 nulla
907 2738 984 2782 est
1005 2743 1018 2790 ;
1039 2735 1093 2780 et
1115 2743 1216 2780 non
1237 2741 1422 2782 sumus
1443 2726 1618 2782 idonei
1635 2728 1866 2799 cogitare
1877 2727 2079 2798 aliquid

487 2820 640 2891 quasi
668 2836 734 2876 cx
765 2817 1162 2888 nobismetipsis
1181 2860 1194 2887 ,
1220 2817 1312 2873 sed
1335 2815 1652 2874 sufﬁcientia
1675 2827 1860 2875 nostra
1883 2835 1947 2875 ex
1973 2819 2080 2876 Deo

488 2921 593 2970 est.

560 3003 614 3060 6.
645 3001 954 3060 Cavendum
980 3013 1082 3070 est,
1107 3003 1299 3060 fratres
1325 3002 1500 3059 dilecti
1527 3019 1556 3058 a
1579 3003 1712 3069 'Dco,
1743 3019 1813 3060 ne
1838 3003 2000 3060 homo
2019 3019 2081 3060 se

491 3096 711 3152 extollat
751 3095 1006 3150 adversus
1035 3095 1225 3160 Deum,
1269 3109 1389 3150 cum
1435 3110 1494 3150 se
1539 3093 1670 3150 dicit
1709 3095 1890 3152 facere
1934 3095 2080 3168 quod

486 3188 734 3260 promisit
783 3189 942 3244 Deus.
987 3187 1176 3243 Nonne
1220 3185 1354 3242 ﬁdes
1393 3187 1632 3258 gentium
1679 3187 1944 3258 promissa
1994 3196 2082 3244 est

487 3281 740 3350 Abrahae,
769 3288 826 3336 et
853 3281 941 3336 ille
965 3279 1100 3336 dans
1125 3280 1348 3352 gloriam
1373 3280 1504 3347 Deo,
1527 3279 1834 3351 plenissime
1855 3280 2082 3338 credidit

483 3375 734 3446 quoniam
765 3373 908 3443 quod
933 3375 956 3406 ³
985 3373 1264 3444 promisit,
1292 3383 1482 3446 potens
1505 3383 1586 3430 est
1612 3383 1667 3430 et
1693 3373 1868 3431 facere
1897 3373 2078 3448 (Rom.

483 3480 568 3531 ιν,
589 3465 692 3529 ρο,
721 3463 852 3536 21)?
879 3464 996 3535 Ipse
1025 3465 1183 3536 igitur
1209 3464 1368 3520 ﬁdem
1395 3465 1636 3536 gentium
1665 3465 1790 3521 l'acit
1808 3505 1825 3533 ,
1857 3466 1947 3537 qui
1979 3481 2079 3537 po-

485 3566 604 3612 tens
625 3566 706 3611 est
728 3555 903 3611 facere
923 3556 1063 3626 quod
1094 3557 1356 3627 promisit.
1381 3556 1572 3626 Porro,
1596 3556 1642 3612 si
1665 3565 1917 3629 operatur
1938 3557 2078 3614 Deus

483 3646 644 3703 ﬁdem
674 3656 942 3713 nostram,
972 3648 1110 3702 miro
1139 3647 1298 3702 modo
1323 3663 1488 3718 agens
1521 3651 1574 3704 in
1603 3650 1856 3706 cordibus
1881 3651 2080 3708 nostris

483 3747 545 3794 ut
571 3736 892 3802 credamus;
925 3738 1182 3808 numquid
1208 3739 1552 3795 metuendum
1581 3749 1667 3797 est
1694 3757 1764 3798 ne
1792 3751 1960 3799 totum
2001 3743 2080 3799 fa-

482 3845 610 3886 cere
637 3844 743 3884 non
772 3829 961 3900 possit,
990 3839 1046 3885 et
1067 3829 1188 3886 ideo
1215 3830 1377 3886 homo
1401 3831 1500 3887 sibi
1533 3833 1733 3903 primas
1761 3835 1876 3906 ejus
1897 3837 2074 3892 vindi-

483 3933 572 3977 cat
602 3931 782 3992 partes
800 3963 814 3986 ,
847 3930 900 3976 ut
931 3923 1250 3978 novissimus
1275 3924 1344 3978 ab
1373 3924 1466 3980 illo
1492 3927 1736 3996 accipere
1767 3932 2076 3987 tuerentur?

483 4013 681 4070 Videte
706 4015 750 4068 si
779 4014 922 4069 aliud
960 4015 1138 4086 agitur
1173 4015 1278 4070 isto
1314 4017 1492 4084 modo,
1538 4019 1651 4092 nisi
1678 4031 1736 4076 ut
1773 4024 1940 4090 gratia
1981 4025 2074 4080 Dei

459 4104 1211 4188 ,secutidummenitujtfistra
1241 4105 1396 4194 dgtm'
1425 4105 1668 4180 quolibet
1693 4093 2077 4202 mmjdﬂg

449 4183 780 4289 (grati/gum
812 4199 1012 4274 nonsit
1033 4181 1224 4270 gitis}.
1257 4181 1518 4257 ﬁedditur
1541 4218 1770 4276 namque
1798 4206 1899 4262 hoc
1921 4181 2074 4278 p566

483 4287 686 4354 debita,
709 4304 814 4344 non
837 4289 1064 4344 donatur
1081 4290 1248 4360 gratis
1277 4309 1290 4346 :
1320 4292 1546 4348 debetur
1564 4296 1709 4350 enim
1730 4297 1988 4365 credenti,
2016 4313 2074 4357 ut

483 4401 514 4438 ιι
544 4383 769 4438 Domino
795 4382 906 4454 ipsa
941 4382 1072 4438 ﬁdes
1095 4385 1212 4454 ejus
1242 4394 1517 4454 augeatur,
1543 4397 1598 4443 et
1621 4389 1690 4443 sit
1719 4405 1926 4448 merces
1951 4393 2074 4450 ﬁdei

483 4481 678 4544 empta:
703 4472 836 4528 ﬁdes
863 4483 1055 4540 aucta;
1085 4489 1186 4530 nec
1213 4477 1526 4546 attenditur,
1554 4495 1675 4536 cum
1717 4481 1818 4537 hoc
1855 4483 2070 4554 dicitur,

487 4576 596 4615 non
621 4557 914 4615 secundum
935 4561 1182 4629 gratiam,
1206 4560 1302 4616 sed
1328 4563 1620 4620 secundum
1649 4565 1887 4624 debitum
1917 4569 2072 4626 istam

486 4649 790 4708 mercedem
817 4651 1156 4708 credentibus
1180 4652 1452 4724 imputari.
1482 4658 1590 4713 Cur
1624 4669 1800 4714 autem
1845 4676 1948 4716 non
1989 4672 2076 4718 to-

486 4753 598 4798 tum
643 4741 903 4797 tribuatur
945 4740 1186 4808 homini,
1227 4753 1285 4799 ut
1322 4746 1410 4815 qui
1449 4747 1550 4803 sibi
1589 4750 1758 4819 potuit
1795 4751 2073 4810 instituere

487 4833 632 4904 quod
660 4849 764 4889 non
791 4831 1042 4902 habebat,
1067 4833 1183 4906 ipse
1205 4835 1346 4906 quod
1367 4836 1596 4895 instituit
1616 4832 1832 4912 augeat,
1855 4847 2074 4901 omnino

488 4943 600 4984 non
625 4926 782 4983 video
811 4945 825 4982 :
853 4927 955 4984 nisi
985 4928 1106 5000 quia
1127 4929 1304 5010 resisti
1333 4946 1438 4987 non
1470 4943 1648 5004 potest
1673 4936 1869 4994 divinis
1897 4940 2074 4996 manl-

485 5019 790 5076 t‘estissimis
817 5020 1158 5087 testimoniis,
1187 5021 1382 5093 quibus
1418 5034 1473 5081 et
1511 5025 1664 5094 ﬁdes,
1692 5029 1836 5088 unde
1861 5031 2072 5103 pietatis

486 5111 764 5172 exordium
808 5114 1038 5170 sumitur
1082 5113 1126 5180 ³,
1173 5115 1370 5172 donum
1421 5118 1511 5174 Dei
1551 5134 1672 5177 esse
1713 5133 2071 5195 monstratur;

485 5205 646 5277 quale
667 5215 746 5261 est
779 5205 930 5272 illud,
957 5206 1099 5278 quod
1127 5209 1398 5281 unicuique
1427 5210 1564 5268 Deus
1593 5215 1808 5286 partitus
1831 5228 1906 5273 est
1929 5235 2075 5276 men-

483 5313 658 5354 suram
677 5296 800 5368 ﬁdei
833 5295 942 5366 (Id.
974 5313 1066 5365 xtl,
1095 5297 1184 5374 5);
1213 5309 1268 5356 et
1297 5302 1444 5370 illud,
1478 5303 1595 5360 Pax
1618 5307 1859 5378 fratribus
1882 5321 1932 5366 et
1950 5313 2076 5368 cha-

483 5390 611 5444 ritas
649 5405 766 5444 cum
806 5389 908 5458 [ide
945 5406 978 5443 a
1015 5387 1124 5444 Deo
1169 5389 1324 5446 Patre
1361 5394 1665 5457 et_Dotnino
1707 5397 1833 5456 Iesu
1869 5401 2072 5460 Christo

485 5479 702 5551 (Epiros.
735 5495 787 5534 Vl
808 5522 822 5546 ,
849 5478 979 5551 9.3);
1009 5490 1061 5535 et
1086 5491 1282 5538 cmtcra
1305 5485 1448 5539 talia.
1481 5487 1678 5544 Noleus
1704 5507 1832 5562 οιἩο
1854 5492 1937 5548 his
1964 5505 2070 5551 tam

485 5573 645 5627 claris
683 5573 1000 5628 testimoniis
1041 5590 1370 5646 repugnare,
1411 5588 1465 5634 et
1503 5587 1681 5638 tamen
1722 5584 1908 5641 volens
1944 5603 1976 5643 a
2013 5604 2074 5644 se

546 5749 569 5830 ξ
591 5748 824 5830 plerique
839 5760 895 5799 ac
919 5751 1134 5830 potiores
1151 5758 1276 5810 διεδ..
1291 5754 1526 5830 Δτιιιαξάαηι
1547 5766 1727 5812 sanrtrr
1749 5763 2070 5830 cogitationes.

547 5813 569 5876 ἓ
595 5820 693 5862 Am.
721 5813 771 5861 et
797 5818 893 5868 EI'.,
918 5813 1018 5876 qui.
1041 5819 1168 5876 .\ls_s.,
1192 5813 1318 5876 que.

547 5872 569 5906 ³
591 5882 691 5924 snt.
719 5880 769 5924 et
793 5879 888 5935 in,
914 5872 1040 5924 tarde
1057 5872 1214 5937 pietas"
1230 5877 1485 5930 exordium
1505 5881 1664 5933 sumit.

1737 404 1789 458 S.
1833 399 2196 459 AUGUSTlNl
2237 397 2538 455 EPlSCOl‘l

3670 409 3780 468 96$

2193 516 2308 584 ipso
2333 514 2431 570 sibi
2455 530 2576 571 esse
2597 516 2738 588 quod
2763 519 2950 581 credit,
2982 519 3131 592 quasi
3161 523 3434 593 componit
3464 522 3622 579 homo
3649 541 3774 580 eum

2190 607 2322 672 Deo,
2357 616 2411 662 ut
2451 618 2656 678 partem
2699 610 2822 666 ﬁdei
2848 612 2946 666 sibi
2978 613 3244 680 vindicet,
3277 629 3437 686 atque
3467 619 3536 672 illi
3567 627 3769 686 partem
3849 604 3862 612 ’

2187 700 2451 770 relinquat
2478 719 2492 756 :
2521 711 2575 757 et
2608 702 2749 772 quod
2789 711 2870 759 est
2895 705 3123 772 elatius,
3155 708 3378 778 primam
3420 710 3554 764 tollit
3581 711 3692 780 ipse
3723 713 3771 774 ⁸.

2186 801 2498 862 sequentem
2521 791 2613 848 dat
2634 793 2708 848 illi
2730 809 2744 860 ;
2768 796 2892 850 etin
2915 811 2982 852 eo
3001 799 3141 867 quod
3172 799 3300 854 dicit
3323 815 3442 856 esse
3465 802 3766 869 amborum,

2185 881 2420 952 priorem
2449 895 2506 938 se
2529 881 2672 950 facit,
2706 887 3056 955 posteriorem
3087 889 3274 944 Deum.
3426 959 3436 964 -
3489 954 3499 958 _
3555 893 3583 914 "
3627 901 3635 908 ‘

2256 972 2482 1029 CAPUT
2505 973 2591 1030 Ill.
2616 1004 2690 1016 —-
2711 976 2764 1031 7.
2790 976 2905 1032 Non
2928 978 3008 1034 sic
3029 978 3143 1048 pius
3165 988 3324 1051 atque
3351 979 3564 1036 humilis
3583 979 3774 1038 doctor

2188 1063 2277 1120 ille
2313 1067 2554 1136 sapiebat
2593 1084 2609 1122 :
2647 1067 2974 1140 Cyprianum
3017 1072 3381 1130 beatissimum
3421 1076 3637 1146 loquor,
3679 1080 3767 1146 qui

2183 1153 2352 1223 dixit,
2387 1175 2407 1208 ι
2444 1155 2500 1211 In
2532 1159 2680 1214 nullo
2717 1159 3092 1230 gloriandum,
3124 1163 3340 1234 quando
3367 1175 3602 1220 nostrum
3637 1168 3764 1220 nihd

2186 1249 2254 1304 sit
2288 1268 2308 1302 ι
2346 1250 2451 1320 (Ad
2481 1251 2776 1316 Quirinum,
2808 1253 2898 1307 lib.
2926 1255 2980 1322 5,
3007 1272 3122 1326 cap.
3153 1254 3232 1330 4).
3261 1257 3412 1324 Quod
3439 1267 3492 1313 ut
3516 1259 3766 1316 ostende-

2185 1349 2290 1407 ret,
2312 1343 2553 1398 adhibuit
2576 1345 2890 1414 Apostolum
2918 1356 3110 1404 testem
3131 1348 3426 1417 dicentem,
3447 1349 3582 1418 Quid
3599 1361 3768 1407 autem

2184 1433 2336 1489 habes
2359 1435 2496 1508 quod
2537 1452 2640 1490 non
2675 1438 2955 1509 accepisti!
2993 1439 3056 1496 Si
3092 1451 3262 1496 autat:
3295 1451 3344 1496 et
3369 1444 3622 1510 accepisti,
3646 1443 3770 1514 quid

2183 1523 2420 1595 gloriaris
2440 1527 2584 1597 quarti
2604 1543 2706 1582 non
2726 1529 2984 1600 acceperis
3007 1533 3027 1602 (
3048 1529 3068 1585 l
3091 1529 3209 1586 Cor.
3233 1547 3307 1600 tv,
3332 1533 3424 1606 7)?
3445 1533 3561 1603 Quo
3583 1535 3768 1604 preci-

2184 1629 2287 1686 pue
2313 1617 2620 1674 testimonio
2643 1619 2804 1676 etiam
2830 1622 2943 1692 ipse
2967 1623 3242 1680 convictus
3262 1639 3402 1694 sum,
3433 1641 3552 1684 cum
3581 1627 3766 1683 simili-

2183 1715 2268 1762 ter
2292 1721 2560 1774 errarem,
2601 1719 2792 1780 putans
2829 1711 2988 1770 ﬁdem
3025 1730 3129 1785 qua
3167 1715 3220 1771 iu
3261 1715 3430 1773 Deum
3465 1718 3764 1786 credimus,

2183 1817 2291 1856 non
2312 1816 2435 1858 esse
2451 1801 2651 1858 donum
2684 1805 2798 1873 Dei,
2822 1806 2916 1862 sed
2935 1822 2966 1861 a
2987 1807 3144 1864 nobis
3164 1824 3285 1866 esse
3311 1811 3365 1866 in
3391 1811 3566 1876 nobis,
3594 1820 3647 1868 et
3673 1829 3768 1883 per

2177 1891 2332 1947 illam
2370 1907 2470 1948 nos
2501 1894 2776 1964 impetrari
2814 1896 2910 1952 Dei
2937 1895 3078 1954 dona
3104 1900 3298 1971 quibus
3324 1911 3679 1973 temperanter
3706 1915 3766 1960 et

2181 1985 2324 2056 juste
2349 1995 2404 2042 et
2431 1986 2516 2058 pie
2535 1989 2775 2045 vivamus
2795 1989 2850 2046 in
2872 1989 2974 2047 hoc
2996 1993 3214 2050 sarculo.
3239 1993 3422 2067 Neque
3449 1997 3588 2052 enim
3611 1997 3767 2053 tidem

2184 2077 2434 2149 putabam
2459 2079 2552 2134 Dei
2571 2078 2745 2152 gratia
2775 2083 3080 2153 praeveniri,
3102 2094 3164 2141 ut
3193 2101 3290 2157 per
3317 2087 3464 2144 illam
3494 2088 3646 2144 nobis
3674 2087 3770 2144 da-

2181 2178 2334 2224 retur
2378 2170 2520 2240 quod
2571 2185 2916 2242 posceremus
2961 2175 3198 2244 utiliter;
3247 2177 3350 2233 nisi
3387 2178 3509 2250 quia
3548 2179 3768 2236 credere

2184 2275 2288 2318 non
2318 2275 2616 2332 possemus,
2649 2263 2694 2320 si
2721 2280 2828 2320 non
2870 2267 3196 2336 pra-cederet
3221 2269 3544 2340 prmconium
3573 2272 3768 2327 verita-

2187 2354 2255 2410 tis
2283 2371 2297 2407 :
2331 2364 2386 2409 ut
2411 2363 2592 2411 autem
2623 2358 2914 2428 praedicata
2940 2360 3096 2417 nobis
3121 2362 3406 2432 Evangelia
3432 2367 3765 2422 consentire—

2185 2461 2326 2512 mus,
2353 2456 2597 2504 nostrum
2628 2466 2749 2507 esse
2773 2453 3068 2525 proprium,
3097 2467 3151 2512 et
3178 2457 3332 2512 nobis
3368 2473 3434 2513 ex
3475 2459 3625 2514 nobis
3650 2475 3768 2517 esse

2185 2539 2506 2597 arbitrabar.
2547 2541 2720 2612 Quem
2751 2560 2928 2601 meum
2959 2561 3197 2604 errorem
3236 2550 3489 2606 nomtulla
3515 2551 3766 2622 opuscula

2186 2646 2306 2688 mea
2338 2633 2468 2688 satis
2499 2633 2756 2701 indicant,
2786 2645 2913 2693 ante
2939 2639 3305 2708 episcopatum
3343 2656 3520 2698 meum
3549 2643 3764 2713 scripta.

2187 2723 2246 2780 In
2274 2725 2466 2796 quibus
2486 2736 2569 2782 est
2588 2727 2879 2810 illud‘quod
2901 2733 3364 2788 commemorastis
3385 2735 3434 2788 in
3459 2734 3648 2791 litteris
3675 2751 3769 2792 ve-

2184 2818 2310 2872 stris
2329 2816 2383 2891 (1
2387 2835 2418 2873 n
2435 2817 2599 2890 Epist.
2618 2819 2831 2889 Hilarii,
2845 2839 2898 2876 η.
2913 2823 2971 2890 3,
2984 2839 3160 2894 supra,
3178 2824 3278 2879 σοι.
3291 2825 3572 2896 955-956),
3587 2827 3671 2880 ubi
3687 2837 3768 2881 est

2187 2909 2451 2980 expositio
2471 2911 2822 2982 quarumdam
2850 2915 3272 2985 propositionum
3297 2931 3361 2971 ex
3393 2916 3628 2989 Epistola
3651 2933 3768 2988 qua

2185 3007 2268 3056 est
2289 3001 2356 3056 ad
2380 3001 2672 3059 Romanos.
2705 3003 2968 3078 Denique,
2993 3019 3116 3060 cum
3146 3021 3266 3061 mea
3299 3017 3490 3062 cuneta
3517 3007 3765 3077 opuscula

2185 3103 2532 3151 retractarem
2551 3135 2568 3162 ,
2597 3109 2821 3167 eatnque
2846 3097 3276 3154 retractationem
3312 3098 3438 3155 stilo
3475 3115 3764 3170 proseque-

2183 3202 2277 3244 rer
2297 3230 2312 3257 ,
2338 3187 2494 3259 cujus
2523 3189 2702 3260 Operis
2721 3189 2834 3260 jam
2859 3189 3000 3247 duos
3027 3191 3363 3248 absolveram
3391 3193 3590 3257 libros,
3615 3203 3766 3248 aute-

2183 3293 2345 3350 quam
2373 3279 2570 3350 scripta
2597 3291 2775 3336 vestra
2805 3281 3092 3351 prolixiora
3127 3283 3475 3354 sumpsissem
3497 3325 3515 3351 ,
3543 3299 3660 3339 cum
3699 3283 3765 3340 ad

2184 3365 2329 3424 hunc
2353 3367 2547 3424 librum
2574 3369 2974 3426 retractandum
3003 3371 3058 3428 in
3087 3373 3262 3444 primo
3290 3373 3560 3432 volumine
3587 3393 3764 3448 perre-

2183 3459 2386 3517 nissem
2409 3501 2426 3528 ,
2457 3461 2537 3518 sic
2574 3461 2701 3518 inde
2737 3463 2948 3520 locutus
2975 3478 3094 3521 sum
3128 3483 3144 3520 :
3181 3484 3202 3520 ι
3239 3465 3370 3524 Item
3397 3468 3672 3540 disputans
3693 3511 3708 3534 .
3740 3491 3760 3524 ι

2184 3551 2401 3623 inquam
2425 3593 2444 3619 ,
2474 3569 2495 3606 ι
2529 3553 2658 3624 quid
2685 3554 2913 3626 elegerit
2952 3557 3090 3614 Deus
3128 3558 3182 3615 in
3219 3560 3457 3618 nondum
3487 3574 3612 3619 nato
3639 3607 3654 3630 ,
3681 3566 3762 3620 cui

2182 3641 2318 3698 dixit
2350 3643 2675 3700 serviturum
2720 3659 2842 3702 esse
2895 3648 3194 3720 majorem;
3235 3660 3290 3708 et
3325 3653 3452 3724 quid
3485 3655 3542 3710 in
3577 3655 3762 3711 eodem

2181 3733 2385 3804 majore
2423 3734 2670 3792 similiter
2704 3737 2940 3794 nondum
2967 3749 3094 3796 nato
3119 3743 3488 3814 reprobaverit
3515 3745 3623 3802 :de
3645 3749 3764 3819 qui-

2187 3824 2288 3881 bus
2335 3835 2556 3898 propter
2610 3829 2716 3886 hoc
2763 3842 3220 3891 commemoratur
3245 3877 3261 3903 ,
3314 3838 3562 3908 quamvis
3610 3840 3765 3911 longe

2184 3927 2371 3988 postea
2413 3920 2682 3990 prolatum
2706 3963 2721 3987 ,
2767 3923 3136 3995 propheticum
3173 3927 3570 3995 testimonium,
3605 3929 3762 3986 Iacob

2181 4007 2366 4074 dilexi,
2397 4007 2537 4064 Esau
2560 4019 2732 4066 autem
2759 4012 2880 4068 odio
2905 4015 3060 4070 habui
3087 4015 3264 4090 (Rom.
3289 4033 3364 4086 ιι,
3403 4021 3504 4085 15;
3537 4019 3758 4074 latae-lc.

2182 4116 2217 4165 ι,
2251 4099 2344 4174 5);
2382 4102 2450 4157 ad
2485 4102 2587 4159 hoc
2616 4104 2838 4174 perduxi
2863 4108 3328 4166 ratiocinationem
3347 4150 3363 4178 ,
3392 4122 3452 4168 ut
3483 4112 3756 4178 dicerent:

2166 4183 2296 4282 (Non
2318 4208 2446 4265 ergo
2465 4195 2630 4268 elegit
2654 4196 2794 4252 Deus
2813 4211 2978 4268 opera
2996 4174 3792 4276 wjusquamjnoprmscienti:
3888 4274 3907 4282 -

2152 4278 2301 4417 jqnze
2337 4285 2451 4356 ipse
2481 4285 2702 4342 daturus
2731 4298 2845 4355 cst;
2877 4289 2972 4355 sed
2999 4291 3160 4348 ﬁdem
3196 4294 3369 4369 elegit
3390 4295 3758 4368 _inpr:_1_',scien-
3854 4355 3861 4362 ,

2182 4370 2250 4417 lin
2299 4385 2524 4417 nlnnmn
2541 4373 2978 4417 ciiiinrmlirnnnm
2998 4395 3120 4417 Acan
3145 4386 3404 4417 ...ως-σς·
3457 4387 3623 4417 ξηοιεη.
3655 4388 3730 4417 AL.

2159 4370 2274 4454 (tia,
2299 4385 2524 4446 utquetn
2540 4373 2640 4434 sibi
2654 4379 2979 4436 crediturum
2997 4395 3120 4438 esse
3145 4386 3426 4455 praeseivit,
3457 4387 3624 4456 ipsum
3653 4388 3760 4441 cle-

2337 4441 3218 4557 ’,-ettLSﬂ5i§tm\s§t_tittdettret,
3240 4485 3296 4531 ut
3318 4441 3454 4532 bona
3471 4441 3794 4550 operando;

2146 4559 2343 4615 ~-eriam
2364 4569 2619 4616 aeternam
2642 4562 2802 4617 vitam
2824 4558 3761 4642 consequtaﬁtuﬁmdiligen-

2149 4639 2286 4706 'tius
2314 4651 2663 4720 quatsiveram
2687 4693 2702 4719 ,
2745 4669 2848 4710 nec
2887 4655 3064 4713 adhuc
3101 4657 3444 4728 inveneram,
3487 4639 3660 4734 qualis
3693 4663 3760 4716 sit

2179 4742 2370 4798 electio
2399 4745 2612 4814 gratias;
2638 4744 2708 4802 de
2735 4760 2838 4816 qua
2863 4747 3004 4804 idem
3029 4749 3156 4805 dicit
3179 4754 3455 4822 apostolus
3473 4797 3488 4821 ,
3517 4753 3759 4826 Reliquit:

2179 4852 2270 4907 per
2293 4833 2582 4892 electionem
2616 4837 2798 4910 gratia:
2826 4841 2982 4896 solvar
3003 4842 3156 4912 facta:
3187 4855 3305 4899 sunt
3339 4844 3516 4919 (Rom.
3546 4863 3631 4912 xi,
3661 4847 3714 4916 5)
3740 4864 3756 4898 :

2178 4941 2300 4996 quae
2330 4925 2512 4996 utique
2537 4942 2642 4984 non
2673 4937 2757 4984 est
2779 4931 2974 5002 gratia,
3003 4933 3049 4989 si
3076 4949 3198 4990 eam
3223 4938 3412 4993 merita
3433 4938 3540 4994 ulla
3565 4953 3759 5010 pmice.

2178 5015 2308 5070 dant
2337 5032 2350 5069 :
2391 5031 2458 5072 ue
2487 5016 2770 5094 jam_quod
2797 5019 2992 5090 datur,
3023 5039 3131 5080 non
3173 5027 3468 5084 secundum
3503 5029 3753 5100 gratiam,

2179 5104 2276 5162 sed
2297 5107 2588 5164 secundum
2604 5108 2865 5180 debitum,
2885 5113 3142 5172 reddatur
3161 5116 3338 5187 potius
3351 5119 3584 5187 meritis,
3603 5135 3754 5191 quam

2179 5199 2429 5256 donetur.
2453 5201 2684 5260 Proinde
2703 5203 2847 5276 quod
2865 5207 3123 5264 continuo
3143 5208 3274 5278 dixi,
3299 5211 3436 5267 Dicit
3453 5213 3600 5268 enim
3623 5212 3752 5268 idem

2179 5293 2475 5362 apostolus,
2517 5292 2666 5350 Idem
2694 5293 2832 5352 Deus
2856 5298 2942 5370 qui
2977 5309 3220 5372 operatur
3249 5303 3422 5357 omnia
3459 5303 3512 5358 in
3535 5303 3754 5359 omnibus

2181 5383 2233 5456 (l
2254 5381 2373 5437 Cor.
2400 5398 2496 5448 xu,
2523 5385 2614 5456 6);
2641 5401 2902 5458 nusquam
2925 5401 3106 5446 autem
3131 5390 3332 5447 dictum
3355 5402 3459 5460 est,
3491 5394 3629 5450 Deus
3645 5410 3758 5450 cre-

2179 5475 2255 5530 dit
2276 5473 2454 5530 omnia
2475 5475 2530 5530 in
2550 5478 2799 5535 omnibus
2819 5497 2833 5534 :
2851 5494 2916 5536 ac
2929 5482 3124 5540 deinde
3144 5483 3414 5554 subjunxi,
3430 5484 3580 5554 Quod
3596 5502 3720 5556 ergo
3733 5485 3756 5518 ³

2179 5566 2448 5624 credimus
2471 5608 2487 5635 ,
2518 5577 2756 5625 nostrum
2797 5581 2919 5640 est;
2957 5575 3100 5645 quod
3128 5587 3306 5633 autem
3349 5577 3547 5633 bonum
3573 5592 3760 5651 opera-

2180 5659 2480 5726 mur,illius
2506 5672 2588 5715 est
2613 5662 2704 5732 qui
2729 5663 3073 5726 credentibus
3095 5667 3184 5726 dat
3208 5667 3463 5742 Spiritum
3485 5681 3753 5738 sanctum;

2246 5769 2263 5836 ξ
2289 5767 2636 5836 Ebrulphensis
2655 5779 2758 5836 δίδη
2786 5775 2898 5827 sitsi.

2245 5832 2266 5894 ξ
2293 5836 2342 5878 tu
2367 5831 2495 5892 3:55.,
2513 5831 2726 5894 eligeret.

2248 5891 2268 5924 ³
2292 5900 2391 5940 Am.
2420 5899 2492 5943 Er.
2521 5891 2713 5953 et'nss,
2740 5897 2882 5951 enim.

2963 4550 3161 4565 ...Ἁ-
