4098 6530
321 406 422 464 965

321 515 559 592 νιτυΐιιοιο
599 529 702 570 non
744 512 976 568 dicercm
1003 551 1016 574 ,
1061 509 1105 563 si
1142 507 1253 577 jam
1293 503 1486 570 scirem
1529 499 1691 555 etiam
1737 497 1906 567 ipsam

324 609 480 663 ﬁdem
512 608 650 662 inter
677 607 766 660 Dei
798 618 1018 659 munera
1057 599 1314 670 reperiri,
1343 611 1462 667 qua:
1489 594 1685 649 dantur
1724 592 1776 645 in
1815 605 1910 645 co-

325 701 442 758 J~m
469 699 690 771 Spiritu.
720 697 1014 766 Utrumque
1037 708 1166 765 ergo
1194 701 1436 748 nostrum
1463 697 1547 746 est
1580 695 1746 757 propt-
1771 701 1796 738 r
1821 699 1910 738 ar-

324 793 538 846 bitrium
567 791 875 853 voluntatis,
905 797 958 844 et
986 797 1272 856 utrumque
1299 792 1475 838 tamen
1505 780 1685 835 datum
1717 785 1795 830 cst
1820 790 1912 846 per

323 885 578 955 Spiritum
612 883 732 939 ﬁdei
783 889 841 937 et
881 879 1180 935 charitatis.
1211 877 1392 948 Neque
1421 875 1568 930 enim
1592 871 1708 928 sola
1736 868 1914 924 cbari-

325 989 433 1042 tas,
463 977 557 1033 sed
578 1019 593 1042 ,
622 977 760 1032 sicut
785 977 1041 1045 scriptum
1069 979 1187 1037 est,
1219 969 1454 1026 Charitas
1477 983 1590 1022 cum
1612 965 1714 1036 fide
1742 980 1773 1016 a
1806 961 1910 1016 Deo

329 1067 483 1124 Putre
502 1079 548 1122 et
573 1067 790 1122 Domino
809 1065 934 1120 Jcsu
959 1065 1157 1119 Christo
1181 1061 1396 1134 (Ephes.
1427 1075 1504 1121 vt,
1531 1055 1648 1130 25).
1679 1055 1745 1110 Et
1770 1051 1911 1124 quod

325 1162 486 1234 paulo
515 1169 634 1232 post
673 1159 802 1222 dixi,
843 1157 1094 1212 Nostrum
1123 1167 1206 1211 est
1231 1155 1373 1208 enim
1400 1151 1622 1206 credere
1655 1157 1710 1203 et
1738 1146 1909 1209 veile;

325 1253 468 1307 illius
497 1261 710 1318 autem,
737 1248 867 1304 dare
891 1247 1234 1303 credentibus
1275 1252 1330 1300 et
1359 1242 1659 1296 volentibus
1689 1238 1913 1294 faculta-

327 1352 430 1396 tem
461 1343 597 1398 bene
627 1339 884 1411 cperandi
910 1354 1004 1410 per
1033 1336 1288 1408 Spiritum
1317 1343 1558 1388 sanctum
1579 1371 1596 1398 ,
1626 1345 1722 1400 per
1757 1343 1914 1400 quem

324 1433 554 1488 charitas
597 1429 912 1485 diffunditur
952 1428 1005 1482 in
1044 1425 1298 1482 cordibus
1345 1422 1574 1487 nostris,
1603 1435 1790 1475 verum
1833 1425 1919 1474 est

325 1525 538 1594 quidem
561 1563 578 1589 ,
610 1521 702 1576 sed
731 1521 918 1576 cadent
951 1517 1132 1590 regula
1159 1533 1175 1583 ;
1207 1526 1262 1572 et
1291 1525 1576 1585 utrumque
1607 1511 1772 1582 ipsius
1801 1519 1915 1577 est,
1955 1559 1960 1564 .

327 1615 449 1684 quia
474 1613 588 1682 ipse
613 1619 877 1682 prmparat
897 1609 1257 1673 voluntatem;
1277 1617 1330 1662 et
1351 1615 1632 1675 utrumque
1651 1613 1914 1666 nostrum,

327 1704 448 1774 quia
491 1719 596 1757 non
641 1701 699 1756 ﬁt
737 1701 836 1755 nisi
879 1699 1180 1756 volentibus
1215 1697 1388 1753 nobis.
1420 1697 1498 1752 Ac
1527 1711 1621 1766 per
1648 1693 1748 1748 hoc
1775 1691 1918 1764 quod

263 1847 272 1867 ,
329 1797 488 1852 etiam
527 1803 712 1867 postea
751 1786 898 1860 dixi,
941 1793 1073 1863 Quia
1102 1806 1274 1871 neque
1302 1789 1437 1846 velle
1464 1803 1748 1871 possumus
1764 1827 1784 1870 _,
1816 1784 1919 1841 nisi

263 1865 276 1934 ἓ
333 1865 582 1962 vocemur
615 1903 628 1940 :
667 1895 871 1942 etcum
903 1895 1022 1956 post
1053 1865 1778 1944 vocbiimienfvoluerinms,
1811 1892 1920 1934 non

273 1987 282 1994 ‘
329 1960 550 2034 sufﬁcit,
547 1960 796 2034 voluntas
818 1989 1021 2044 nostra,
1051 1986 1106 2034 et
1131 1991 1322 2032 cursus
1347 1983 1548 2038 noster,
1575 1973 1678 2028 nisi
1707 1973 1848 2028 Deus
1866 1977 1922 2028 et

333 2071 473 2124 vires
493 2069 832 2126 currentibus
859 2067 1116 2140 praebeat,
1147 2077 1199 2122 et
1228 2066 1482 2138 perducat
1506 2079 1614 2136 quo
1642 2073 1832 2129 vocat;
1857 2077 1920 2117 ac

331 2163 522 2219 deinde
547 2163 796 2234 subjuuxi
818 2204 834 2230 ,
865 2159 1204 2217 Manifestum
1232 2169 1316 2215 est
1350 2172 1482 2229 ergo
1501 2199 1516 2220 .
1543 2171 1654 2212 non
1693 2154 1922 2210 volentis

332 2269 505 2325 ineque
539 2253 836 2321 currentis,
865 2251 961 2308 sed
999 2251 1304 2308 miserentis
1334 2249 1426 2305 Dei
1465 2262 1585 2305 esse
1627 2245 1803 2321 (Rom.
1843 2261 1920 2312 1x,

335 2346 422 2418 lli)
461 2345 603 2418 quod
645 2345 781 2402 bene
820 2359 1109 2415 operantur
1139 2359 1153 2398 :
1185 2341 1404 2398 omnino
1441 2339 1782 2396 verissimum
1816 2346 1921 2395 est.

333 2436 439 2491 Sed
470 2452 654 2508 parum
683 2436 750 2492 de
776 2435 889 2506 ipsa
917 2434 1196 2491 vocatione
1223 2431 1472 2496 disserui,
1499 2446 1620 2502 qua:
1643 2429 1702 2486 ﬁt
1730 2445 1928 2486 secun-

331 2527 458 2583 dum
488 2529 817 2599 propositum
852 2528 945 2582 Dei
979 2545 992 2581 :
1022 2541 1130 2604 non
1164 2525 1308 2582 enim
1335 2523 1576 2600 omnium
1601 2523 1693 2604 qui
1725 2537 1925 2579 vocan-

247 2649 304 2664 ςρ-
335 2630 419 2675 tur
439 2619 559 2682 talis
581 2628 684 2684 est,
702 2617 796 2674 sed
821 2627 1024 2674 tantum
1043 2601 1362 2672 electorum.
1386 2615 1575 2685 Itaque
1597 2600 1926 2685 qiiod'paulo

333 2721 457 2783 post
481 2695 620 2779 disi,
649 2708 800 2766 Sicut
828 2693 1190 2789 eniniiplris
1228 2707 1363 2778 quos
1381 2706 1748 2789 ﬂegiigeus
1770 2746 1786 2762 .
1817 2719 1927 2759 non

335 2803 650 2876 operaksed
676 2803 808 2859 ﬁdes
839 2784 1466 2880 ἰηειιοειςῇᾇεῇἶὰῖῖῖῖ
1473 2784 1581 2868 per
1609 2784 1806 2852 munus
1833 2797 1928 2853 Dei

266 2878 272 2890 ’
337 2897 475 2952 bene
505 2897 521 2926 ¹
548 2882 875 2966 Operentur;
905 2893 982 2948 sic
1009 2893 1061 2947 in
1091 2878 1184 2946 his
1199 2905 1334 2962 quos
1356 2887 1574 2945 danista!
1593 2927 1612 2956 ,
1642 2886 1930 2942 inﬁdelitas

337 2996 392 3041 et
418 2985 664 3055 impietas
685 2983 902 3040 inchoat
923 2997 1094 3054 poena:
1117 2982 1390 3045 meritum,
1415 2988 1474 3035 ut
1497 2993 1594 3050 per
1616 2979 1786 3048 ipsam
1812 2991 1930 3047 pm-

337 3090 464 3130 nam
485 3074 644 3129 etiam
682 3073 822 3129 male
849 3080 1172 3144 operentur;
1202 3070 1483 3127 verissime
1507 3069 1655 3136 dixi,
1683 3068 1780 3124 sed
1809 3067 1930 3122 ﬁdei

338 3165 590 3220 meritum
632 3163 794 3220 etiam
837 3163 1011 3234 ipsum
1051 3177 1173 3218 esse
1217 3161 1418 3216 donum
1449 3159 1584 3227 Dei,
1613 3174 1714 3214 nec
1755 3157 1932 3228 putavi

337 3255 681 3326 quterendum
711 3269 852 3320 esse,
883 3269 983 3310 nec
1011 3253 1142 3310 dixi.
1175 3253 1244 3308 Et
1274 3252 1382 3306 alio
1413 3251 1528 3307 loco
1557 3269 1571 3306 :
1602 3250 1764 3320 Cujus
1787 3247 1932 3304 enim

339 3345 648 3410 miseretur,
672 3343 910 3415 inquam,
942 3343 1068 3399 facit
1091 3359 1212 3398 eum
1241 3343 1380 3398 bene
1407 3341 1656 3414 operari;
1685 3348 1740 3395 et
1771 3355 1933 3411 quem

338 3435 567 3490 obdurat
587 3433 778 3505 (Ibid.,
804 3434 914 3504 18),
938 3434 1192 3505 relinquit
1209 3449 1334 3489 eum
1356 3441 1414 3488 ul.
1435 3433 1573 3488 male
1594 3433 1614 3464 ⁸
1641 3440 1934 3502 operetur:

343 3529 439 3582 sed
466 3535 522 3582 et
561 3527 650 3582 illa
690 3527 1054 3583 misericordia
1083 3525 1408 3598 prmcedenti
1447 3529 1639 3580 merito
1676 3523 1797 3581 ﬁdei
1841 3525 1936 3580 tri-

345 3615 530 3672 buitur
553 3658 566 3680 ,
597 3603 651 3672 et
682 3617 781 3672 ista
809 3615 1091 3688 obdurath
1121 3614 1445 3686 pra-cedenti
1469 3614 1755 3686 iniqui-tati.
1781 3613 1935 3683 Quod

341 3707 555 3778 quidem
581 3722 766 3762 verum
788 3715 899 3772 est;
920 3706 1014 3762 sed
1035 3706 1212 3762 adhuc
1231 3704 1576 3776 qumrendum
1599 3713 1734 3771 erat,
1759 3714 1936 3760 utrum

340 3809 395 3854 et
422 3799 674 3853 meritum
704 3797 829 3854 ﬁdei
859 3797 928 3853 de
954 3796 1325 3852 misericordia
1351 3797 1445 3852 Dei
1472 3797 1652 3852 veniat
1677 3796 1730 3860 ³;
1757 3795 1807 3851 id
1829 3805 1933 3862 est,

343 3899 521 3944 utrum
552 3890 652 3944 ista
681 3887 1048 3944 misericordia
1077 3887 1199 3944 ideo
1229 3888 1600 3944 tantummodo
1637 3887 1730 3942 ﬁat
1759 3888 1812 3943 in
1841 3889 1940 3942 bo-

343 3981 488 4037 mine
505 4023 522 4048 ,
541 3981 666 4052 quia
694 3980 863 4036 ﬁdelis
881 3988 997 4045 est,
1020 3995 1087 4035 an
1118 3980 1279 4035 etiam
1311 3980 1446 4035 facta
1471 3979 1653 4048 fuerit,
1677 3990 1737 4034 ut
1764 3967 1939 4037 ﬁdelis

343 4081 506 4128 esset.
531 4071 782 4141 Legimus
808 4071 953 4126 enim
979 4071 1191 4127 dicente
1219 4072 1502 4142 Apostolo,
1532 4071 1938 4128 Misericordians

343 4174 639 4220 consecutus
663 4181 776 4219 sum
793 4207 809 4228 ,
837 4173 892 4218 ut
914 4163 1084 4234 ﬁdelis
1115 4180 1272 4218 essent
1299 4163 1351 4237 (l
1379 4164 1496 4220 Cor.
1523 4181 1630 4230 vn,
1655 4165 1756 4237 25)
1789 4183 1800 4221 :
1830 4181 1937 4223 non

346 4257 457 4325 ait,
483 4258 604 4327 quia
634 4256 806 4312 ﬁdelis
835 4271 1005 4312 eram.
1035 4254 1206 4312 Fideli
1236 4271 1366 4327 ergo
1391 4255 1548 4312 datur
1573 4257 1812 4328 quidem,
1844 4257 1939 4314 sed

345 4349 469 4404 data
497 4357 580 4405 est
606 4349 770 4406 etiam
797 4357 855 4404 ut
891 4357 1036 4404 esset
1065 4347 1258 4405 ﬁdelis.
1290 4347 1611 4404 Rectissime
1632 4349 1808 4420 itaque
1832 4348 1941 4404 alio

347 4442 468 4498 loco
495 4443 546 4498 in
574 4443 764 4498 eodem
805 4443 944 4499 libro
981 4441 1124 4510 dixi,
1156 4440 1420 4512 Quoniam
1457 4443 1502 4496 si
1535 4455 1642 4496 non
1669 4456 1737 4497 ex
1765 4441 1944 4512 operi-

347 4534 481 4602 bus,
505 4536 598 4593 sed
631 4535 996 4604 misericordia
1035 4535 1133 4590 Dei
1159 4542 1214 4590 et
1241 4549 1498 4590 vocamur
1535 4542 1594 4589 ut
1617 4533 1904 4590 credanms
1923 4575 1938 4602 ,

349 4636 402 4681 et
431 4627 773 4682 credentibus
802 4635 1088 4698 prmstatur
1110 4634 1170 4682 ut
1196 4625 1334 4682 bene
1365 4641 1674 4696 operemur,
1715 4633 1820 4682 n'on
1859 4635 1944 4682 est

349 4720 598 4790 gentibus
621 4720 719 4774 ista
755 4717 1036 4774 invidenda
1074 4717 1464 4785 misericordia,
1493 4717 1738 4788 quamvis
1767 4717 1944 4773 minus

353 4810 426 4865 ibi
453 4810 740 4883 diligenter
771 4809 841 4867 de
882 4809 972 4865 illa
996 4850 1012 4876 ,
1045 4823 1166 4880 quae
1204 4823 1300 4880 per
1335 4809 1429 4863 Dei
1469 4807 1803 4879 prepositum
1846 4807 1904 4866 ﬁt
1925 4848 1941 4875 ,

352 4904 634 4961 vocatione
651 4903 989 4958 tractaverim
1003 4919 1022 4954 ι
1042 4900 1294 4970 (Rctract.
1311 4899 1402 4955 tib.
1417 4901 1438 4954 1
1453 4943 1469 4966 ,
1482 4917 1597 4972 cap.
1609 4900 1703 4966 23,
1721 4917 1775 4955 η.
1793 4901 1847 4962 '5.
1861 4899 1916 4968 ι)
1927 4938 1942 4954 .

424 4995 650 5053 CAPUT
685 4995 774 5052 IV.
803 5025 874 5036 —
900 4995 955 5050 8.
995 4992 1202 5049 Videtis
1229 5001 1377 5048 certe
1419 4991 1547 5062 quid
1597 4999 1720 5046 tunc
1747 4989 1815 5046 de
1841 4990 1948 5046 ﬁde

353 5093 514 5157 atque
538 5086 788 5158 operibus
814 5084 1133 5150 sentiebam,
1157 5081 1402 5154 quamvis
1429 5080 1496 5138 de
1520 5079 1945 5137 commendanda

351 5179 525 5250 gratia
559 5179 649 5233 Dei
679 5177 978 5232 laborarem
1011 5195 1025 5233 :
1059 5176 1111 5231 in
1146 5190 1250 5246 qua
1285 5174 1552 5229 sententia
1583 5174 1715 5228 istos
1755 5171 1948 5229 fratres

355 5280 572 5326 nostros
592 5284 710 5325 esse
738 5284 879 5325 nunc
909 5267 1097 5333 video;
1131 5267 1251 5338 quia
1282 5281 1388 5321 non
1415 5265 1555 5321 sicut
1581 5265 1756 5336 legere
1780 5264 1948 5320 libros

355 5377 506 5418 meos
527 5401 542 5428 ,
573 5362 644 5416 ita
674 5361 837 5418 etiam
865 5360 918 5416 in
948 5361 1028 5416 eis
1055 5368 1376 5416 curaverunt
1419 5359 1681 5430 proﬁcere
1710 5373 1943 5415 mecum.

1291 2782 1466 2798 ___,,._.._.

424 5541 440 5573 ¹
471 5541 552 5589 ttic
575 5547 674 5587 Am.
699 5542 773 5586 Er.
788 5543 842 5598 et
863 5535 1090 5598 plerique
1111 5541 1221 5584 Mss.
1241 5535 1486 5598 omittunt,
1512 5534 1646 5584 bene.

423 5603 446 5634 ι
474 5611 570 5649 Am.
591 5607 664 5648 Er.
691 5607 743 5646 «ιι
761 5613 774 5660 ι
791 5596 984 5660 torique
1005 5596 1134 5660 Mss,
1159 5604 1209 5646 ut
1233 5596 1381 5660 mula.

426 5664 446 5694 ³
470 5664 541 5712 sic
565 5654 773 5711 \‘aticani
816 5667 869 5708 et
889 5654 1110 5708 Gallicani
1156 5665 1260 5706 Mss.
1309 5659 1398 5706 hoc
1427 5656 1568 5716 loco,
1611 5663 1665 5706 et
1695 5654 1778 5706 lib.
1811 5656 1828 5705 1
1861 5662 1952 5705 tte-

357 5733 524 5784 tract.,
547 5737 652 5784 cap.
783 5729 838 5784 at
863 5721 1106 5784 editiones
1138 5729 1237 5768 Am.
1277 5727 1328 5769 et
1361 5725 1454 5784 En,
1479 5718 1704 5784 meritum
1727 5716 1852 5784 ﬁdei
1868 5717 1956 5768 mi-

357 5777 681 5836 scricordiam
707 5781 798 5833 1)ρὶ
827 5781 1104 5846 prtercniat.
1128 5788 1260 5844 l.ov.,
1294 5779 1516 5832 meritum
1546 5777 1664 5846 ﬁdei
1689 5777 1956 5832 miserior-

361 5846 449 5898 dia
477 5846 560 5898 hci
575 5854 852 5910 prtzrcntat.

1181 389 1383 446 LIBER
1423 385 1511 442 DE
1548 375 2213 440 PREDESTINATIONE
2249 374 2682 434 SANCTORUM.

3459 377 3583 438 .966

2017 491 2148 547 Nam
2177 493 2220 548 si
2255 502 2552 557 curassent,
2581 487 2906 548 invenissent
2943 491 3097 548 istam
3126 494 3476 565 qumstionem
3513 514 3598 552 se-

2014 585 2242 639 cundum
2284 583 2559 639 veritatem
2591 584 2894 639 divinarum
2934 583 3328 655 Scripturarum
3368 586 3599 644 solutam

2017 677 2066 731 in
2110 677 2280 748 primo
2323 677 2458 731 libro
2503 676 2729 732 duorum
2760 719 2776 746 ,
2821 692 2956 748 quos
2995 677 3064 734 ad
3107 677 3276 734 beata:
3319 681 3597 738 memorias

2015 771 2414 842 Simplicianum
2456 771 2644 836 scripsi
2684 770 2994 840 episcopum
3031 770 3444 828 Mediolancnsis
3485 772 3598 828 Ec-

2015 862 2212 928 clesiae,
2241 861 2410 918 sancti
2439 861 2700 916 Ambrosii
2729 875 3096 918 successorem
3121 904 3136 927 ,
3161 862 3212 917 iu
3242 860 3358 932 ipso
3378 863 3602 918 exordio

2015 953 2350 1023 episcopatus
2377 953 2502 1009 mei.
2527 952 2637 1008 Nisi
2678 951 2816 1009 forte
2849 969 2955 1008 non
2987 967 3080 1009 eos
3113 961 3378 1010 noverunt
3407 973 3420 1010 :
3452 955 3602 1024 quod

2017 1047 2060 1102 si
2089 1047 2158 1102 ita
2186 1057 2304 1114 est,
2333 1047 2487 1103 facite
2515 1057 2570 1103 ut
2613 1049 2874 1106 noverint.
2920 1047 2996 1102 De
3035 1047 3137 1102 hoc
3172 1049 3342 1116 primo
3369 1049 3598 1105 duorum

2017 1139 2230 1194 illorum
2270 1140 2406 1196 libro
2433 1140 2482 1194 iu
2511 1139 2746 1196 secundo
2773 1139 3229 1194 Rctractationuzu
3262 1141 3490 1209 primum
3520 1142 3607 1194 lo-

2019 1240 2175 1288 cutus
2199 1247 2356 1298 sum;
2383 1231 2470 1302 qui
2498 1245 2678 1286 sermo
2717 1245 2866 1286 meus
2906 1231 2976 1285 ita
3007 1245 3064 1286 se
3105 1231 3263 1286 habet
3304 1249 3316 1284 :
3356 1250 3372 1282 ς
3413 1230 3600 1287 Libro-

2019 1341 2136 1380 rum
2161 1366 2177 1392 ,
2213 1343 2232 1377 ι
2267 1325 2521 1395 inquam,
2551 1342 2569 1377 ι
2604 1339 2738 1394 quos
2775 1323 3042 1378 elaboravi
3081 1323 3362 1393 episcopus
3389 1365 3404 1389 ,
3440 1323 3598 1392 primi

2019 1415 2127 1472 duo
2173 1428 2297 1472 sunt
2338 1415 2406 1470 ad
2448 1415 2852 1486 Simplicianum
2900 1413 3156 1469 Ecclesia:
3193 1413 3604 1470 Mediolanensis

2020 1509 2313 1564 antistitem
2341 1550 2357 1577 ,
2400 1509 2490 1580 qui
2539 1509 2847 1564 beatissimo
2885 1508 3143 1563 successit
3173 1505 3456 1562 Ambrosio
3479 1546 3496 1573 ,
3539 1506 3608 1564 de

2021 1601 2248 1658 diversis
2276 1601 2680 1672 quaestionibus,
2709 1617 2932 1673 quarum
2955 1599 3088 1656 duas
3109 1616 3174 1655 ex
3195 1599 3432 1670 Epistula
3454 1599 3604 1655 Pauli

2021 1694 2251 1776 apostoli
2277 1693 2343 1750 ad
2383 1693 2654 1750 Romanos
2683 1695 2734 1750 in
2765 1695 2996 1766 primum
3027 1695 3220 1750 librum
3251 1695 3471 1748 contuli.
3504 1693 3610 1748 lla-

2023 1802 2142 1842 rum
2186 1788 2334 1858 prior
2371 1795 2454 1845 est
2489 1786 2557 1844 de
2598 1802 2664 1844 eo
2703 1787 2848 1858 quod
2886 1788 3142 1858 scriptum
3173 1797 3297 1853 est,
3331 1785 3466 1856 Quid
3490 1803 3611 1859 ergo

2023 1859 2287 1934 dicemus?
2306 1877 2416 1934 Lex
2438 1889 2692 1952 peccatum
2723 1879 2834 1934 est?
2861 1879 3036 1946 Absit;
3072 1894 3240 1949 usque
3267 1879 3334 1934 ad
3365 1878 3492 1932 illud
3519 1878 3609 1934 ubi

2024 1975 2137 2042 ait,
2169 1974 2294 2040 Quis
2323 1991 2402 2030 me
2439 1975 2668 2029 liberabit
2693 1973 2756 2028 de
2778 1990 2991 2040 corpore
3017 1973 3191 2028 mortis
3213 1973 3408 2044 hujus?
3435 1969 3612 2027 Gratia

2029 2065 2122 2119 Dei
2147 2081 2236 2135 per
2260 2065 2438 2120 Jesum
2465 2063 2720 2120 Christum
2752 2062 3028 2118 Dominum
3050 2073 3275 2118 nostrum
3303 2061 3478 2134 (Rom.
3501 2079 3571 2116 vn
3592 2103 3608 2128 ,

2025 2157 2207 2229 7-25).
2239 2157 2298 2212 In
2325 2173 2428 2229 qua
2459 2157 2544 2212 illa
2582 2157 2822 2228 Apostoli
2852 2157 3042 2222 verba,
3076 2155 3185 2210 Lex
3209 2157 3489 2228 spiritualis
3513 2166 3610 2222 est,

2026 2265 2118 2320 ego
2147 2257 2315 2303 autem
2351 2249 2574 2303 carnalis
2598 2265 2710 2303 sum
2741 2247 2906 2321 (Ibid.
2927 2289 2944 2314 ,
2979 2246 3066 2318 14)
3101 2265 3115 2300 :
3147 2255 3200 2301 ct
3227 2257 3418 2302 cetera
3443 2288 3456 2313 ,
3489 2246 3612 2317 qui-

2026 2340 2128 2396 bus
2168 2355 2296 2396 caro
2335 2353 2522 2398 contra
2561 2340 2808 2411 spiritum
2851 2341 3140 2410 conﬂigere
3181 2339 3520 2404 ostenditur,
3548 2354 3616 2393 eo

2027 2432 2188 2488 modo
2216 2432 2462 2502 exposui,
2493 2439 2746 2502 tanquam
2771 2431 2935 2486 homo
2963 2431 3293 2487 describatur
3313 2430 3488 2486 adhuc
3515 2430 3617 2485 sub

2029 2521 2184 2594 lege,
2213 2522 2452 2578 nondum
2496 2521 2598 2578 sub
2643 2521 2812 2594 gratia
2856 2522 3196 2578 constitutus.
3245 2521 3425 2590 Longe
3471 2521 3616 2578 enim

2030 2625 2236 2689 postea,
2267 2616 2428 2672 etiam
2455 2616 2748 2687 spiritualis
2774 2615 3004 2670 hominis
3037 2613 3114 2687 (et
3143 2613 3244 2669 hoc
3271 2613 3616 2686 probabilius)

2030 2725 2152 2768 esse
2177 2724 2335 2780 posse
2371 2709 2458 2764 illa
2485 2708 2646 2764 verba
2677 2707 2918 2780 cognovi.
2943 2707 3218 2763 Posterior
3243 2707 3293 2760 in
3323 2706 3422 2762 hoc
3451 2707 3623 2762 libero

2032 2801 2257 2873 quzestio
2275 2809 2357 2856 est
2378 2799 2447 2856 ab
2467 2816 2534 2856 eo
2556 2800 2678 2856 loco
2706 2799 2794 2854 ubi
2817 2799 2923 2863 ait,
2955 2795 3078 2852 Non
3105 2797 3272 2852 solum
3295 2807 3462 2852 autem
3485 2837 3501 2864 ,
3535 2798 3624 2851 scd

2032 2903 2080 2949 et
2103 2893 2324 2949 Rebecca
2349 2910 2412 2949 ea:
2430 2909 2530 2948 uno
2551 2893 2814 2947 concubitu
2837 2892 3025 2947 habens
3051 2889 3203 2945 Isaac
3230 2891 3392 2963 patris
3421 2891 3579 2944 nostri
3603 2905 3625 2945 .°

2037 2999 2205 3056 usque
2229 2982 2296 3038 ad
2323 2983 2453 3038 illud
2484 2983 2573 3038 ubi
2599 2984 2694 3048 ait,
2722 2981 2840 3037 Nisi
2862 2981 3113 3036 Dominus
3139 2980 3368 3036 Sabaoth
3395 2981 3626 3051 reliquis-

2035 3087 2108 3132 set
2148 3075 2292 3130 nobis
2329 3091 2496 3129 semen
2515 3116 2530 3139 ,
2561 3075 2692 3128 sicut
2731 3073 2959 3128 Sodoma
2989 3073 3112 3144 facti
3136 3089 3356 3127 essemus
3377 3114 3390 3137 ,
3419 3083 3466 3126 et
3495 3073 3625 3126 sicut

2039 3164 2322 3221 Gomorrlta
2347 3163 2538 3220 similes
2565 3164 2839 3236 fuissemus
2891 3161 3000 3238 (Id.
3039 3179 3112 3228 Ix,
3146 3163 3354 3233 10-29).
3389 3162 3445 3216 In
3473 3165 3628 3232 cujus

2037 3255 2348 3329 quaastionis
2369 3255 2634 3310 solutione
2653 3254 2952 3309 laboratum
2982 3264 3064 3309 est
3093 3255 3109 3285 ¹
3135 3255 3349 3324 quidem
3374 3267 3470 3322 pro
3491 3253 3628 3307 libro

2038 3347 2262 3403 arbitrio
2283 3345 2574 3402 voluntatis
2597 3344 2874 3411 humanis;
2903 3344 2996 3401 sed
3020 3344 3146 3400 vicit
3169 3344 3262 3400 Dei
3287 3343 3456 3414 gratia
3487 3361 3500 3398 :
3529 3360 3629 3400 nec

2041 3440 2144 3496 nisi
2167 3437 2232 3494 ad
2264 3436 2392 3494 illud
2421 3439 2594 3508 potuit
2622 3435 2908 3507 perveniri,
2944 3445 2998 3490 ut
3027 3433 3378 3506 liquidissima
3404 3438 3629 3492 veritate
3666 3433 3670 3442 ’

2041 3531 2242 3586 dixisse
2271 3529 2598 3600 intelligatur
2623 3527 2940 3598 Apostolus,
2973 3525 3098 3595 Quis
3123 3527 3253 3580 enim
3279 3537 3326 3581 te
3349 3527 3632 3584 discernit?

2044 3621 2178 3688 Quid
2203 3630 2373 3675 autem
2399 3620 2552 3674 habes
2589 3619 2728 3690 quod
2754 3635 2856 3673 non
2895 3617 3178 3686 accepisti?
3205 3619 3267 3674 Si
3291 3628 3460 3673 autent
3485 3636 3632 3674 accc-

2041 3713 2179 3785 pisti,
2204 3711 2326 3783 quid
2345 3711 2582 3784 gloriaris
2605 3711 2750 3782 quasi
2775 3727 2876 3764 non
2905 3711 3160 3779 acceperis
3187 3710 3241 3784 (1
3270 3711 3388 3766 Cor.
3422 3727 3495 3779 tv,
3531 3711 3632 3784 ην

2043 3801 2197 3872 Quod
2223 3803 2410 3858 volens
2436 3803 2595 3858 etiam
2626 3811 2828 3873 martyr
2857 3800 3156 3872 Cyprianus
3180 3802 3462 3858 ostendere
3481 3846 3498 3870 ,
3531 3804 3634 3860 hoc

2043 3903 2214 3950 totum
2251 3894 2367 3966 ipso
2396 3895 2548 3950 titulo
2576 3893 2850 3962 deﬁnivit,
2879 3892 3068 3950 dicens
3093 3911 3108 3949 :
3142 3895 3198 3950 In
3229 3895 3375 3950 nullo
3397 3896 3637 3968 glorian-

2043 3985 2192 4054 dum,
2219 3984 2434 4059 quando
2453 3995 2692 4043 nostrum
2713 3986 2845 4043 nihil
2871 3987 2971 4044 sits
2992 3985 3240 4061 (Retract.
3260 3987 3349 4042 lib.
3367 3987 3421 4051 2,
3441 4005 3556 4058 cap.
3581 3989 3633 4055 i,

2045 4094 2097 4132 η.
2141 4077 2218 4149 1).
2282 4075 2426 4134 Ecce
2469 4092 2638 4148 quare
2703 4077 2813 4134 dixi
2865 4077 3143 4148 superius,
3189 4076 3293 4132 hoc
3334 4080 3635 4148 apestolico

2044 4171 2311 4242 praecipue
2341 4169 2646 4226 testimonio
2683 4171 2842 4226 etiam
2893 4185 2980 4226 me
3028 4169 3200 4240 ipsum
3251 4170 3413 4226 fuisse
3447 4173 3634 4228 eonvi-

2045 4272 2188 4318 ctum
2228 4279 2242 4316 :
2280 4276 2400 4318 cum
2439 4261 2508 4318 de
2549 4261 2650 4317 hac
2689 4277 2749 4318 re
2790 4261 2945 4316 aliter
2981 4276 3256 4333 saperem;
3298 4278 3456 4333 quam
3503 4265 3634 4320 mihi

2048 4354 2187 4410 Deus
2213 4353 2264 4408 in
2304 4354 2404 4409 hac
2427 4353 2724 4426 quiestione
2755 4353 3010 4409 solvenda
3033 4396 3048 4418 ,
3079 4369 3200 4409 cum
3230 4353 3295 4408 ad
3322 4355 3636 4426 episeopnm

2047 4447 2451 4516 Simplicianum
2473 4488 2489 4514 ,
2521 4447 2660 4502 sicut
2694 4447 2802 4502 dixi
2825 4487 2840 4511 ,
2888 4446 3218 4512 scriberem,
3251 4449 3506 4503 revelavit
3533 4453 3634 4520 (ει).

2050 4539 2161 4594 lloe
2183 4539 2343 4610 igitur
2363 4540 2400 4592 A
2412 4539 2602 4609 posloli
2627 4539 3010 4606 testimonium,
3035 4540 3124 4594 ubi
3147 4539 3215 4594 ad
3240 4541 3638 4611 reprimendum

2049 4629 2284 4684 hominis
2321 4628 2646 4684 inﬂationem
2671 4629 2837 4694 dixit,
2871 4628 3008 4696 Quid
3033 4630 3165 4683 enim
3191 4631 3342 4686 [tabes
3369 4632 3506 4704 quod
3534 4649 3637 4686 non

2049 4719 2318 4791 accepisti?
2343 4734 2450 4775 non
2475 4720 2604 4775 sinit
2627 4735 2946 4791 quemquam
2975 4719 3206 4776 ﬁdelium
3229 4721 3427 4788 dicere,
3455 4722 3638 4778 llabeo

2052 4811 2214 4868 ﬁdem
2259 4826 2419 4884 quam
2463 4827 2570 4866 non
2614 4811 2816 4883 accepi.
2869 4811 3194 4884 Deprimitur
3235 4814 3256 4846 '
3287 4813 3508 4869 cumino
3555 4817 3640 4872 h's

2051 4903 2360 4975 apostolicis
2386 4901 2570 4959 verbis
2608 4912 2716 4958 tota
2743 4902 2902 4972 hujus
2931 4903 3296 4974 responsionis
3319 4905 3502 4961 elatio.
3532 4906 3640 4966 Sed

2054 5013 2122 5054 ne
2163 4997 2266 5054 hoc
2300 4995 2517 5069 quidem
2564 5005 2738 5068 potest
2779 4995 2884 5052 dici
2929 5014 2942 5052 :
2980 4995 3235 5066 Quamvis
3269 5013 3376 5054 non
3415 4999 3642 5057 habeam

2056 5091 2350 5164 perfectam
2378 5089 2536 5146 ﬁdem
2558 5133 2574 5160 ,
2603 5089 2776 5145 habeo
2809 5099 2986 5146 tamen
3025 5089 3141 5161 eius
3171 5091 3380 5147 initium
3407 5134 3422 5158 ,
3454 5109 3561 5165 quo
3592 5097 3645 5151 in

2055 5183 2328 5240 Christum
2360 5183 2606 5254 primitus
2631 5179 2856 5237 credidi.
2887 5181 3018 5250 Quia
3047 5192 3101 5237 et
3130 5181 3218 5238 hic
3246 5185 3598 5256 respondetur
3629 5205 3643 5242 :

2062 5275 2199 5344 Quid
2233 5285 2401 5329 autem
2427 5273 2577 5328 babes
2603 5271 2738 5344 quod
2765 5289 2865 5326 non
2892 5273 3170 5345 accepisti?
3196 5275 3256 5330 Si
3285 5287 3454 5330 autent
3487 5287 3531 5332 et
3555 5296 3646 5332 ac-

2057 5369 2256 5442 cepisti,
2279 5367 2401 5440 quiii
2419 5367 2656 5440 gloriaris
2675 5365 2820 5438 quasi
2843 5383 2943 5422 non
2967 5369 3217 5440 acceperis
3239 5369 3292 5442 (1
3313 5367 3430 5425 Cor.
3456 5386 3528 5440 tv,
3551 5371 3580 5424 7
3589 5373 3649 5442 ,1

2123 5529 2140 5562 ¹
2169 5528 2240 5577 sic
2255 5533 2364 5576 Mss.
2382 5525 2518 5580 editi.
2544 5523 2838 5576 elaboratum
2857 5533 2943 5577 est.

2123 5593 2142 5623 ³
2167 5597 2198 5638 Ε
2217 5591 2304 5647 titi,
2323 5587 2712 5652 inprimiturque.
2738 5591 2902 5648 Abest,
2919 5603 3024 5652 que,
3048 5601 3076 5639 a
3092 5598 3198 5641 viss.

2124 5650 2510 5725 (a)._tte_velatum
2535 5650 2579 5700 id
2601 5650 2700 5725 ‘Silij
2740 5663 2767 5722 _a
2805 5659 2902 5701 non
2932 5650 3080 5725 dicit;
3116 5653 3228 5725 quia
3253 5653 3568 5725 noningenio
3604 5659 3651 5701 et

2060 5713 2305 5777 sagaeitati
2349 5725 2483 5777 stite,
2523 5713 2612 5777 sed
2656 5713 2830 5777 divinm
2867 5717 3033 5774 gralize
3077 5713 3312 5777 adjutorio
3345 5713 3654 5777 tribuentium

2061 5775 2230 5831 sentit,
2253 5775 2381 5838 quod
2418 5776 2519 5838 huc,
2537 5776 2694 5838 ipsum
2716 5775 2778 5822 de
2804 5789 2900 5838 quo
2923 5777 3065 5824 aliter
3089 5776 3326 5838 sapiebat,
3351 5775 3654 5823 considerate

2065 5836 2295 5890 attentius
2321 5837 2525 5898 Apustoii
2551 5836 3040 5888 testiuwnin'taadctu
3067 5836 3384 5886 itllcUCXUI'il.
