4098 6500
546 366 648 423 967

600 501 827 561 CAPUT
856 500 922 557 ν.
949 499 1090 556 —-9.
1123 496 1255 553 Illud
1288 512 1415 551 vero
1441 494 1581 565 quod
1617 501 1822 564 putant,
1863 512 1880 543 ι
1921 491 1986 545 de
2017 490 2116 543 hac

532 596 638 651 flde
663 595 783 650 idco
812 608 917 648 non
960 606 1120 662 posse
1149 590 1251 644 dici
1279 632 1294 655 ,
1327 587 1464 652 Quid
1499 587 1630 640 enim
1672 584 1822 639 habes
1856 581 1990 652 quod
2017 598 2116 635 non

531 684 812 757 accepisti?
855 684 978 755 quia
1021 683 1076 737 in
1105 681 1289 736 eadem
1322 691 1507 734 natura
1536 678 1792 733 remansit
1812 718 1858 742 ,,
1877 676 2002 729 licet
2030 674 2112 726 vi-

533 778 659 833 tiata
684 820 700 844 ,
727 791 845 846 qua:
875 774 1023 845 prius
1057 789 1183 829 sana
1210 787 1273 827 ac
1301 771 1527 840 perfecta
1556 769 1747 824 donata
1771 768 1839 821 sit
1877 766 1964 836 (In
1993 764 2120 835 Epi-

530 870 662 925 stola
684 868 889 930 Hilarii,
906 885 959 921 ιι.
976 867 1029 930 4,
1044 881 1216 935 supra,
1236 864 1334 918 col.
1350 862 1607 931 955-956)
1631 878 1644 915 :
1667 860 1795 914 nihil
1813 858 1877 913 ad
1904 858 1951 911 id
1969 855 2110 927 quod

530 963 717 1016 volunt
740 962 917 1014 valere
946 958 1271 1028 intelligitur,
1303 956 1347 1009 si
1369 970 1465 1010 cur
1487 954 1588 1008 hoc
1612 952 1897 1021 Apostolus
1926 948 2124 1004 dixerit

534 1054 815 1124 cogitetur.
871 1050 1072 1121 Agebat
1111 1049 1284 1112 enim,
1316 1063 1381 1100 ne
1411 1044 1689 1116 quisquam
1718 1041 2040 1112 gloriaretur
2066 1039 2118 1093 in

531 1144 779 1207 homine;
828 1141 1076 1211 quoniam
1118 1138 1479 1193 dissensiones
1505 1144 1705 1190 exorta
1745 1133 1955 1188 fuerant
1983 1133 2123 1187 inter

529 1234 838 1289 COrinlhios
877 1231 1227 1294 christianos,
1275 1230 1346 1283 ita
1395 1237 1454 1283 ut
1494 1227 1857 1297 unusquisque
1893 1223 2117 1289 diceret,

532 1324 644 1395 Ego
672 1324 875 1395 quidem
919 1338 1031 1376 sum
1079 1320 1275 1385 Pauli;
1318 1320 1449 1373 alius
1490 1329 1694 1383 autem,
1740 1316 1849 1387 Ego
1893 1315 2120 1387 Apollo;

530 1418 662 1469 alius
701 1431 851 1479 vero,
901 1413 1012 1485 Ego
1041 1412 1226 1484 Cephea
1251 1428 1269 1466 :
1296 1420 1353 1469 et
1382 1410 1505 1466 inde
1540 1420 1761 1465 ventum
1793 1416 1875 1463 est
1899 1450 1913 1475 ,
1953 1415 2011 1461 ut
2035 1407 2117 1461 di-

529 1516 678 1562 ccrct
695 1548 708 1570 ,
739 1505 911 1560 Stulta
938 1504 1111 1558 mundi
1136 1504 1284 1572 elegit
1313 1501 1449 1556 Deus
1470 1543 1487 1568 ,
1529 1509 1585 1554 ut
1609 1499 1890 1572 confundat
1917 1500 2121 1566 sapien-

531 1608 639 1661 tes;
666 1607 710 1650 et
736 1597 942 1663 inﬁrma
975 1594 1153 1648 mundi
1177 1592 1324 1664 elegit
1350 1591 1492 1646 Deus
1510 1634 1523 1653 ,
1554 1600 1607 1645 ut
1628 1590 1906 1660 confundat
1932 1588 2119 1659 fortia;

530 1698 577 1741 ct
615 1688 857 1759 ignobilia
893 1686 1069 1739 mundi
1098 1694 1146 1739 et
1179 1684 1575 1755 contemptibilia
1611 1682 1761 1753 elegit
1790 1680 1949 1746 Deus,
1982 1691 2028 1734 et
2063 1697 2123 1734 ea

528 1795 643 1847 (μιαν
682 1796 781 1832 non
815 1788 931 1833 sunt
972 1789 1211 1846 tanquam
1241 1776 1341 1830 sint
1363 1817 1376 1840 ,
1415 1784 1468 1829 ut
1494 1790 1607 1845 qua:
1641 1782 1758 1829 sunt
1783 1782 2023 1836 evacuet;
2067 1783 2122 1824 ut

529 1887 630 1924 non
669 1872 909 1942 glorietur
939 1886 1111 1924 coram
1142 1868 1248 1923 Deo
1276 1869 1438 1923 omnis
1464 1884 1602 1922 caro.
1642 1866 1740 1922 llic
1763 1876 1909 1921 certe
1935 1874 2120 1919 contra

534 1964 819 2019 humanam
845 1964 1147 2035 superbiam
1170 1963 1300 2019 satis
1328 1963 1469 2017 clara
1496 1970 1580 2017 est
1607 1961 1846 2032 Apostoli
1873 1959 2119 2025 intentio,

527 2075 595 2115 ne
623 2059 674 2113 in
702 2056 920 2111 homine
960 2056 1245 2125 quisquam
1277 2054 1570 2123 glorietur,
1603 2068 1665 2108 ac
1697 2068 1791 2121 per
1816 2053 1919 2107 hoc
1939 2066 2038 2106 nec.
2066 2051 2120 2106 in

529 2167 591 2207 se
622 2151 757 2220 ipso.
795 2148 1035 2218 Denique
1064 2162 1184 2202 cum
1218 2146 1460 2213 dixisset,
1489 2156 1545 2199 ut
1572 2161 1671 2199 non
1693 2146 1934 2217 glorietur
1952 2159 2123 2197 coram

529 2244 637 2298 Deo
664 2242 827 2296 omnis
865 2256 1027 2304 caro;
1074 2250 1133 2293 ut
1170 2238 1479 2294 ostenderet
1511 2238 1564 2293 in
1590 2253 1697 2309 quo
1721 2238 1920 2293 debeat
1959 2236 2121 2291 homo

526 2337 786 2409 gloriari,
836 2352 956 2390 mox
990 2334 1231 2401 addidit,
1284 2333 1367 2387 Ea:
1409 2334 1519 2405 ipso
1556 2344 1755 2399 autent,
1804 2349 1890 2386 vos
1914 2330 2031 2385 estis
2067 2331 2121 2384 in

525 2429 728 2484 Chris’o
771 2428 927 2494 Jesu,
970 2427 1058 2495 qui
1098 2427 1264 2497 factus
1312 2436 1384 2481 est
1427 2427 1569 2481 nobis
1606 2426 1853 2496 sapientia
1879 2441 1911 2479 a
1937 2423 2045 2478 Deo
2072 2435 2119 2478 et

523 2523 724 2596 justitia
744 2564 758 2586 ,
791 2530 838 2573 et
865 2520 1227 2588 sanctiﬁcatio,
1258 2530 1304 2573 et
1333 2518 1610 2587 redemptio
1643 2533 1662 2572 :
1688 2526 1764 2583 ut,
1794 2515 2123 2588 quemadmo-

528 2617 651 2669 dum
678 2615 919 2684 scriptum
946 2624 1019 2666 est
1037 2653 1052 2678 ,
1096 2612 1197 2679 Qui
1232 2612 1513 2682 gloriatur,
1541 2612 1596 2665 in
1635 2609 1854 2665 Domino
1880 2611 2122 2682 glorietur

533 2705 577 2764 ll
608 2703 725 2760 Cor.
755 2721 770 2758 ι
796 2745 809 2767 ,
844 2704 939 2769 12,
967 2703 1159 2773 27-5!)
1190 2721 1205 2758 :
1238 2702 1361 2757 inde
1386 2703 1623 2773 pervenit
1653 2702 1752 2757 ista
1797 2702 1912 2772 ejus
1944 2702 2121 2756 inten-

529 2796 604 2851 tio
626 2836 641 2860 ,
687 2805 746 2849 ut
784 2803 967 2864 postea
996 2794 1276 2863 increpans
1302 2792 1479 2861 dicat,
1518 2778 1697 2847 Adhuc
1720 2792 1852 2848 enim
1890 2793 2120 2847 carnales

529 2888 649 2942 estis
680 2902 699 2940 :
723 2903 835 2940 cum
870 2886 1000 2939 enim
1039 2886 1140 2939 sint
1176 2886 1306 2939 inter
1342 2900 1429 2939 vos
1468 2885 1721 2939 wmulatio
1761 2894 1808 2939 et
1847 2885 2117 2947 contentio,

530 2995 697 3033 nonne
723 2979 952 3032 carnales
971 2979 1088 3033 estis
1106 3019 1121 3043 ,
1165 2989 1211 3032 et
1235 2978 1510 3032 secundum
1531 2978 1783 3031 hominem
1811 2976 2121 3031 antbulutis?

530 3071 657 3124 Cum
686 3070 819 3125 enim
839 3070 949 3140 quis
971 3069 1136 3133 dicat,
1170 3066 1282 3141 Ego
1303 3068 1501 3137 quidem
1526 3084 1637 3122 sum
1670 3066 1840 3133 Pauli,
1868 3066 2000 3122 alius
2028 3084 2121 3120 au-

530 3172 663 3227 tem,
691 3160 804 3234 Ego
833 3160 1019 3230 Apollo
1045 3178 1065 3228 ;
1093 3177 1259 3215 nonne
1284 3160 1510 3215 homines
1540 3160 1700 3213 estis?
1734 3160 1871 3227 Quid
1901 3177 2019 3231 ergo
2049 3169 2120 3213 cst

529 3256 762 3325 Apollo?
800 3255 924 3326 quid
967 3262 1134 3308 autem
1174 3253 1421 3309 Paulus?
1467 3252 1691 3307 Ministri
1726 3270 1817 3324 per
1853 3269 1977 3323 quos
2012 3268 2121 3306 cre-

531 3346 730 3401 didistis
756 3361 775 3400 :
809 3356 855 3400 et
886 3346 1153 3414 unicuique
1187 3346 1315 3399 sicut
1342 3345 1589 3399 Dominus
1618 3346 1774 3399 dedit.
1822 3343 1934 3416 Ego
1973 3345 2123 3415 plan-

529 3440 631 3492 tavi
656 3481 672 3506 ,
723 3438 909 3508 Apollo
953 3437 1179 3508 rigavit;
1226 3436 1317 3492 sed
1366 3435 1505 3491 Deus
1548 3438 1913 3492 incrementum
1961 3437 2116 3491 dedit.

529 3530 714 3601 Itaque
742 3546 901 3601 neque
928 3530 1016 3600 qui
1040 3529 1239 3598 plantat
1263 3539 1335 3584 est
1363 3528 1587 3601 aliquid,
1630 3546 1787 3600 neque
1824 3532 1908 3601 qui
1945 3531 2077 3602 rigat
2101 3546 2121 3594 ;

530 3623 619 3679 sed
653 3623 739 3692 qui
777 3622 1139 3675 incrementum
1170 3620 1257 3674 dat
1295 3620 1454 3674 Deus.
1502 3620 1775 3677 Videtisne
1804 3621 1934 3676 nihil
1962 3636 2121 3691 agere

530 3713 881 3782 Apostolum,
929 3710 1028 3766 nisi
1058 3720 1116 3765 ut
1154 3711 1463 3767 lnnnilictur
1505 3712 1704 3780 homo,
1755 3720 1810 3767 et
1853 3713 2123 3767 ex’altctur

532 3807 675 3861 Deus
703 3803 887 3860 solus?
930 3804 1366 3875 Quandoquidem
1404 3804 1456 3860 in
1494 3806 1575 3860 eis
1608 3807 1697 3876 qui
1736 3805 2038 3876 plantautur
2068 3814 2123 3859 et

530 3897 811 3967 rigantur,
857 3911 957 3952 nec
997 3897 1167 3967 ipsum
1201 3897 1548 3967 plantatorem
1575 3905 1631 3953 et
1668 3897 1955 3967 rigatorem
1994 3896 2123 3952 dicit

533 4001 657 4045 esse
706 3986 900 4056 aliquid
927 4027 942 4052 ,
991 3987 1085 4042 sed
1132 3988 1222 4058 qui
1265 3988 1652 4043 incrementum
1679 3988 1808 4055 dat,
1855 3990 2020 4045 Deum
2054 3991 2069 4021 ί
2104 4007 2118 4043 :

531 4076 777 4150 quamvis
805 4085 859 4132 et
898 4076 1000 4133 hoc
1041 4078 1213 4149 ipsum
1241 4080 1383 4150 quod
1418 4078 1509 4133 ille
1553 4078 1791 4148 plantat,
1838 4079 1927 4135 hic
1962 4081 2119 4151 rigat,

531 4187 641 4228 non
690 4171 849 4241 ipsis,
894 4170 988 4226 sed
1034 4171 1262 4226 Domino
1302 4172 1533 4235 tribuat,
1576 4171 1806 4228 dicens:
1843 4173 2124 4245 Unicuique

530 4266 660 4320 sicut
732 4262 979 4319 Dominus
1020 4264 1178 4319 dedit.
1222 4264 1334 4335 Ego
1379 4264 1645 4335 plantavi,
1693 4266 1879 4336 Apollo
1917 4269 2119 4339 rigavit.

532 4356 668 4412 llinc
693 4369 822 4426 ergo
848 4355 901 4410 in
922 4355 1110 4412 eadem
1138 4355 1434 4411 intentione
1460 4357 1772 4425 persistens.
1813 4359 1879 4413 ad
1910 4359 2013 4416 huc
2040 4377 2122 4417 ve-

536 4447 615 4502 nit
641 4454 696 4500 ut
722 4446 943 4514 diceret,
973 4446 1155 4518 Itaque
1183 4463 1328 4501 nemo
1369 4447 1616 4519 glorietur
1656 4449 1709 4502 in
1759 4450 1959 4506 homine
2009 4451 2119 4523 (Id.

537 4555 616 4606 ιιι,
643 4538 761 4607 2-7,
783 4538 898 4612 2|).
927 4538 1045 4595 Jam
1072 4539 1213 4594 enim
1241 4538 1476 4604 dixerat,
1510 4539 1610 4607 Qui
1635 4540 1904 4610 gloriatur.
1936 4542 1989 4597 in
2012 4543 2122 4600 Do-

535 4633 670 4687 mino
709 4632 971 4704 glorietur.
1016 4631 1148 4687 Post
1193 4631 1308 4686 lucc
1346 4638 1402 4686 et
1436 4631 1539 4687 alia
1583 4634 1834 4688 nonnulla
1874 4651 1994 4706 qua:
2041 4636 2124 4692 his

533 4734 949 4788 connectuntur,
981 4723 1046 4779 ad
1077 4724 1177 4779 hoc
1209 4723 1513 4794 perducitur
1540 4725 1725 4780 eadem
1756 4726 1866 4797 ipsa
1899 4729 2015 4798 ejus
2039 4729 2123 4784 in-

534 4819 726 4883 tcntio,
756 4828 816 4873 ut
840 4817 982 4872 dicat
1011 4834 1025 4873 :
1060 4814 1186 4871 Hcce
1207 4825 1369 4870 autem
1391 4857 1406 4882 ,
1437 4817 1618 4887 fratres
1637 4860 1652 4884 ,
1685 4819 2044 4890 trans/iguravi
2070 4823 2123 4875 in

536 4928 614 4966 me
638 4919 685 4966 et
712 4910 898 4980 Apollo
923 4919 1129 4981 propter
1162 4925 1284 4975 vos;
1310 4919 1363 4963 ut
1384 4911 1435 4963 in
1467 4910 1608 4965 nobis
1628 4911 1857 4973 discetis,
1880 4930 1944 4967 ne
1967 4930 2125 4984 supra

534 5019 688 5072 quam
715 5002 959 5072 scriptum
985 5008 1057 5054 est
1082 5017 1212 5055 unus
1242 5017 1332 5070 pro
1358 5002 1514 5056 altera
1541 5003 1747 5073 inﬂetur
1777 5004 2018 5059 adversus
2046 5005 2124 5059 al-

534 5103 717 5147 terum.
760 5092 884 5158 Quis
913 5092 1044 5145 enim
1071 5102 1116 5146 te
1139 5092 1414 5146 discernit?
1457 5092 1594 5160 Quid
1627 5103 1794 5148 autem
1816 5094 1967 5150 habes
1989 5096 2126 5167 quod

536 5202 636 5239 non
688 5185 968 5255 accepisti?
1008 5185 1069 5241 Si
1111 5197 1278 5240 autem
1320 5194 1364 5240 et
1403 5186 1674 5256 accepisti,
1725 5186 1848 5258 quid
1890 5188 2126 5259 gloriaris

535 5277 681 5345 quasi
708 5292 808 5329 non
837 5277 1086 5347 acceperis
1114 5275 1224 5350 (Id.
1248 5292 1321 5342 tv,
1350 5277 1405 5343 6,
1435 5276 1529 5348 7)?

615 5368 699 5423 10.
744 5367 799 5422 In
833 5368 934 5425 hac
961 5369 1199 5439 Apostoli
1227 5369 1628 5426 evidentiSsima
1657 5369 1983 5440 intentione,
2025 5389 2126 5444 qua

539 5470 722 5514 contra
747 5459 1035 5515 humanam
1056 5460 1359 5532 superbiam
1389 5461 1651 5532 loquitur,
1681 5478 1749 5518 ne
1773 5464 2047 5535 quisquam
2073 5466 2126 5521 in

541 5549 791 5619 homine,
816 5553 911 5608 sed
940 5555 991 5608 in
1020 5554 1246 5610 Domino
1270 5555 1555 5624 glorietur,
1583 5556 1720 5611 dona
1743 5557 1834 5613 Dei
1867 5560 2129 5616 naturalia

545 5647 800 5720 suspicari
826 5690 840 5714 ,
887 5648 1000 5704 sive
1046 5648 1215 5719 ipsam
1242 5655 1403 5702 totam
1433 5647 1833 5722 perfectamque
1860 5661 2126 5721 naturam,

542 5740 718 5806 qualis
761 5740 813 5796 in
844 5741 1013 5815 prima
1055 5738 1361 5797 conditione
1391 5741 1583 5799 donata
1613 5751 1696 5800 est
1719 5786 1734 5816 ,
1789 5745 1901 5801 sive
1930 5746 2129 5803 vitiata:

607 5853 625 5887 ³
652 5856 723 5908 sic
746 5858 849 5908 uss.
871 5856 1006 5915 Editi,
1035 5863 1177 5907 Deus.

2005 6495 2021 6500 _
2084 6490 2121 6498 Δ

1770 358 1825 415 S.
1870 353 2232 413 AUGUSTINI
2273 355 2577 415 EPISCOPI

3707 372 3815 430 968

2229 478 2434 525 natura:
2461 472 2877 545 qualescumque
2905 475 3175 547 reliquias,
3208 479 3385 547 nimis,
3415 491 3668 552 quantum
3698 489 3809 540 exis

2224 561 2413 629 stimo,
2461 563 2751 619 absurdum
2781 574 2883 620 est.
2924 566 3193 639 Numquid
3224 572 3366 625 enim
3397 588 3491 641 per
3526 573 3639 630 lucc
3673 575 3814 630 dena

2224 667 2343 721 qua:
2371 655 2619 711 omnibus
2637 658 2940 712 communia
2965 670 3090 714 sunt
3129 661 3433 718 hominibus
3456 707 3471 732 ,
3502 665 3816 723 discernun-

2229 750 2313 797 tur
2357 743 2602 801 homines
2631 748 2699 801 ab
2748 748 3091 806 hominibus?
3135 752 3230 808 llic
3264 764 3443 809 autem
3476 758 3620 826 prius
3646 759 3813 825 dixit,

2228 831 2354 896 Quis
2378 836 2508 889 enim
2532 845 2579 890 te
2605 837 2889 893 discernit?
2924 848 2979 895 et
3001 841 3196 899 deinde
3221 844 3455 913 addidit,
3488 847 3624 914 Quid
3650 863 3816 903 autem

2222 923 2375 979 habes
2407 927 2543 999 quod
2568 945 2667 982 non
2693 931 2936 999 accepisti
2956 933 2982 986 ?
3009 932 3198 989 Posset
3232 936 3426 1007 quippe
3452 938 3628 993 dicere
3658 942 3815 997 homo

2223 1014 2438 1071 inﬂatus
2477 1017 2734 1074 adversus
2773 1021 3002 1076 alterum
3029 1064 3044 1087 ,
3098 1023 3361 1080 Discernit
3388 1043 3474 1082 me
3514 1029 3643 1084 fides
3673 1046 3816 1100 mea,

2217 1106 2425 1177 justitia
2461 1125 2580 1163 mea
2604 1151 2620 1174 ,
2653 1112 2734 1166 vel
2773 1112 2818 1166 si
2858 1114 2985 1183 quid
3017 1114 3185 1170 aliud.
3233 1116 3451 1171 Talibus
3482 1119 3497 1150 ί
3529 1137 3816 1176 occurrens

2224 1199 2633 1268 cogitationibus
2672 1202 2844 1257 bonus
2872 1205 3061 1260 doctor
3081 1248 3096 1272 ,
3149 1206 3284 1272 Quid
3307 1219 3474 1263 autem
3502 1210 3653 1266 habes
3676 1254 3691 1279 ,
3732 1214 3816 1268 in-

2222 1290 2369 1361 quit,
2397 1290 2535 1357 quod
2571 1308 2671 1346 non
2700 1295 2983 1364 accepisti?
3025 1299 3069 1351 A
3099 1313 3206 1367 quo
3230 1338 3244 1361 ,
3290 1299 3390 1353 nisi
3428 1300 3496 1353 ab
3536 1302 3623 1355 illo
3648 1305 3735 1372 qui
3765 1315 3818 1359 te

2226 1381 2485 1436 discernit
2508 1382 2578 1437 ab
2606 1384 2713 1437 alio
2736 1425 2751 1448 ,
2781 1385 2868 1440 cui
2895 1402 3000 1441 non
3031 1386 3250 1442 donavit
3276 1389 3419 1459 quod
3444 1391 3655 1446 donavit
3686 1395 3815 1448 tibi?

2225 1471 2286 1527 Si
2316 1483 2484 1526 autent
2507 1484 2551 1527 et
2571 1477 2841 1545 accepisti,
2871 1478 2978 1543 ait,
3025 1479 3147 1548 quid
3174 1480 3410 1550 gloriaris
3437 1483 3581 1551 quasi
3605 1500 3702 1536 non
3730 1501 3817 1537 ac-

2224 1565 2415 1634 ceperis
2435 1566 2461 1618 ?
2508 1565 2644 1619 Nunt
2666 1606 2681 1631 ,
2706 1582 2889 1637 quaeso
2910 1609 2925 1634 ,
2957 1570 3067 1639 agit
3097 1570 3237 1624 aliud
3256 1613 3271 1637 ,
3304 1571 3404 1625 nisi
3439 1575 3603 1643 utqui
3628 1576 3818 1644 gloria-

2226 1665 2348 1723 tur,
2394 1657 2445 1711 in
2481 1657 2706 1712 Domino
2736 1660 3033 1729 glorietur?
3076 1660 3215 1716 Nihil
3255 1672 3432 1717 autem
3474 1664 3595 1720 huic
3628 1667 3809 1721 senSni

2219 1750 2333 1805 tam
2360 1752 2687 1806 contrarium
2711 1761 2791 1806 est
2818 1795 2832 1819 ,
2865 1769 3023 1823 quam
3053 1755 3120 1809 de
3149 1756 3260 1810 suis
3289 1757 3491 1812 meritis
3529 1758 3605 1813 sic
3631 1774 3817 1828 quem-

2225 1856 2383 1910 quam
2434 1843 2686 1912 gloriari,
2737 1852 2985 1913 tanquam
3039 1845 3155 1915 ipse
3194 1847 3293 1901 sibi
3338 1865 3400 1902 ea
3443 1848 3659 1915 fecerit,
3705 1866 3809 1904 non

2224 1933 2397 2002 gratia
2445 1933 2537 1988 Dei
2570 1950 2585 1986 :
2613 1933 2709 1989 sed
2749 1935 2918 2004 gratia
2946 1952 3067 2006 qua:
3097 1936 3269 1991 bonos
3298 1938 3553 1994 discernit
3578 1956 3607 1993 a
3636 1943 3809 2006 malis,

2226 2040 2332 2078 non
2363 2040 2483 2095 quas
2513 2028 2811 2080 communis
2850 2038 2932 2083 est
2970 2028 3126 2082 bonis
3152 2038 3209 2084 et
3232 2031 3404 2085 malis.
3437 2031 3517 2086 Sit
3544 2046 3668 2102 ergo
3694 2049 3814 2103 gia-

2228 2117 2299 2170 tia
2323 2126 2526 2171 natura:
2547 2117 2822 2185 attributa,
2847 2135 2949 2189 qua
2978 2135 3161 2176 sumus
3189 2122 3481 2177 antimantia
3511 2126 3807 2194 rationalia,

2225 2206 2685 2279 discernimurquc
2713 2225 2745 2263 a
2777 2211 3091 2280 pecoribus;
3122 2214 3193 2269 sit
3223 2216 3382 2269 etiam
3408 2218 3574 2286 gratia
3600 2227 3803 2274 natura:

2222 2299 2477 2355 attributa
2502 2339 2517 2365 ,
2561 2315 2663 2368 qua
2696 2300 2747 2355 in
2792 2302 2924 2370 ipsis
2964 2301 3268 2359 hominibus
3290 2321 3318 2360 a
3341 2305 3669 2363 deformibus
3695 2311 3812 2379 pul-

2223 2388 2341 2444 chri
2366 2430 2381 2457 ,
2428 2392 2510 2445 vel
2548 2391 2810 2461 ingeniosi
2838 2393 3217 2452 discernuntur
3239 2414 3271 2454 a
3299 2399 3462 2455 tardis
3482 2443 3496 2466 ,
3525 2417 3587 2456 ac
3615 2405 3659 2457 si
3685 2405 3808 2474 quid

2223 2481 2486 2551 ejusmodi
2513 2492 2597 2538 est
2627 2502 2642 2538 :
2671 2485 2764 2540 sed
2792 2502 2896 2542 non
2934 2503 2993 2544 se
3023 2489 3140 2557 ille,
3175 2508 3332 2563 quem
3362 2497 3642 2552 coercebat
3668 2502 3809 2567 Apo-

2222 2575 2424 2642 stolus,
2455 2576 2714 2633 adversus
2744 2595 2905 2649 pecus
2931 2582 3149 2638 inflabat
3168 2626 3183 2649 ,
3222 2601 3319 2640 nec
3348 2586 3603 2643 adversus
3638 2590 3807 2644 homio

2225 2678 2350 2719 nem
2391 2665 2624 2723 alterum
2650 2668 2719 2725 de
2743 2670 2924 2741 aliquo
2953 2674 3179 2728 naturali
3212 2690 3436 2732 munere
3464 2680 3603 2748 quod
3633 2680 3805 2737 inesse

2224 2764 2488 2825 possetut
2513 2759 2785 2827 pessimo;
2825 2761 2920 2816 sed
2943 2763 3154 2833 aliquod
3186 2766 3381 2821 bonum
3403 2770 3545 2839 quod
3576 2772 3804 2840 pertine-

2221 2856 2305 2900 ret
2332 2845 2398 2901 ad
2425 2847 2585 2902 vitam
2612 2849 2832 2919 bonam,
2861 2852 2961 2908 sibi
2989 2870 3093 2909 non
3117 2855 3227 2911 Deo
3251 2857 3488 2913 tribuens
3510 2860 3801 2925 intlabator,

2221 2938 2435 3008 quando
2464 2940 2650 2995 audire
2678 2945 2905 3008 meruit,
2948 2945 3073 3011 Quis
3109 2948 3242 3001 enim
3280 2959 3327 3003 te
3358 2949 3633 3007 discernit?
3674 2954 3806 3021 Quid

2222 3039 2392 3084 autem
2417 3030 2568 3086 habes
2597 3034 2733 3101 quod
2768 3051 2870 3090 non
2894 3039 3175 3108 accepisti?
3220 3040 3286 3096 Ut
3315 3042 3455 3096 enim
3487 3045 3555 3098 sit
3583 3057 3802 3113 naturae,

2224 3121 2385 3175 fidem
2419 3139 2576 3192 posse
2616 3125 2848 3192 habere;
2886 3130 3142 3200 numquid
3177 3141 3231 3186 et
3264 3133 3495 3189 habere?
3531 3134 3651 3190 Non
3676 3141 3805 3193 enim

2221 3213 2448 3267 omnium
2475 3226 2545 3269 est
2573 3216 2700 3286 [ides
2739 3217 2802 3288 (ll
2834 3218 3012 3274 Thess.
3044 3238 3098 3277 tn
3119 3265 3133 3288 ,
3165 3222 3220 3292 2)
3247 3241 3261 3287 ;
3306 3240 3424 3279 cum
3466 3225 3624 3282 fidem
3655 3245 3806 3298 posse

2226 3302 2426 3364 habere
2448 3306 2517 3359 sit
2540 3308 2799 3363 omnium.
2842 3308 2959 3365 Non
2998 3323 3175 3367 autem
3214 3315 3288 3369 ait
3315 3317 3633 3386 Apostolus,
3673 3320 3803 3388 Quid

2221 3408 2400 3451 autem
2432 3409 2584 3468 potes
2626 3401 2859 3470 habere,
2889 3405 3032 3474 quod
3073 3422 3178 3461 non
3217 3412 3499 3479 accccpisti
3529 3422 3585 3467 ut
3624 3429 3805 3483 posses

2223 3485 2459 3556 habere;
2492 3490 2588 3545 sed
2620 3492 2714 3557 ait,
2743 3492 2877 3555 Quid
2900 3504 3068 3549 autent
3087 3497 3236 3552 habes
3258 3501 3393 3569 quod
3421 3519 3519 3556 non
3540 3507 3805 3575 accepisti?

2222 3578 2457 3636 Proinde
2486 3597 2646 3652 posse
2667 3583 2865 3640 habere
2890 3585 3048 3641 fidem
3075 3627 3091 3654 ,
3121 3589 3258 3644 sicut
3284 3605 3438 3660 posse
3460 3591 3653 3648 habere
3676 3596 3805 3650 cha-

2221 3674 2467 3741 ritatem,
2511 3687 2714 3732 natura:
2739 3687 2822 3733 est
2864 3679 3136 3735 hominum
3168 3698 3182 3735 :
3210 3681 3410 3739 habere
3439 3695 3613 3740 autem
3648 3687 3798 3742 [idem

2221 3768 2670 3837 quemadmodum
2719 3769 2916 3825 habere
2945 3770 3260 3828 charitatem
3282 3813 3297 3839 ,
3346 3777 3529 3845 gratia:
3567 3787 3648 3831 est
3680 3776 3808 3834 lide-

2222 3856 2351 3911 lium
2387 3856 2484 3928 (a).
2535 3857 2630 3913 Illa
2676 3859 2855 3930 itaque
2892 3871 3117 3929 natura,
3160 3865 3212 3917 in
3255 3880 3357 3933 qua
3402 3865 3556 3921 nobis
3582 3866 3698 3921 data
3723 3880 3804 3923 cst

2223 3948 2550 4018 possibilitas
2588 3948 2819 4005 habendi
2864 3950 3022 4006 fidem
3043 3993 3058 4019 ,
3093 3968 3198 4007 non
3227 3954 3480 4011 discernit
3503 3957 3569 4011 ab
3596 3958 3804 4013 homine

2224 4038 2496 4094 hominem
2532 4058 2546 4095 :
2579 4042 2691 4111 ipsa
2717 4057 2847 4098 vero
2895 4042 3026 4099 fides
3054 4044 3312 4101 discernit
3345 4047 3413 4102 ab
3455 4049 3653 4104 inlideli
3681 4052 3797 4105 tide-

2224 4132 2351 4186 lem.
2379 4133 2457 4187 Ac
2494 4148 2598 4203 per.
2623 4133 2743 4200 hoc,
2780 4134 2868 4189 ubi
2896 4135 3118 4201 dicitur,
3153 4137 3277 4204 Quis
3306 4140 3437 4192 enim
3467 4148 3514 4194 te
3535 4141 3805 4196 discernit?

2229 4221 2365 4289 Quid
2391 4232 2560 4275 autem
2597 4222 2750 4278 habes
2775 4209 2910 4295 quod
2939 4241 3038 4279 non
3063 4228 3343 4298 accepisti?
3385 4230 3622 4301 quisquis
3649 4232 3806 4289 audet

2223 4312 2405 4368 dicere
2425 4355 2440 4380 ,
2474 4313 2655 4368 Habeo
2684 4330 2749 4368 ex
2788 4330 2875 4370 me
2902 4316 3018 4385 ipso
3058 4315 3215 4373 [idem
3238 4359 3253 4383 ,
3302 4335 3409 4375 non
3438 4336 3565 4392 ergo
3589 4324 3803 4394 accepi;

2224 4405 2468 4476 profecto
2510 4406 2825 4461 contradicit
2863 4406 2988 4462 huic
3027 4409 3377 4478 apertissima:
3421 4413 3626 4467 veritati
3659 4431 3671 4467 :
3703 4430 3806 4469 non

2225 4496 2345 4566 quia
2391 4496 2615 4551 credere
2661 4497 2747 4551 vel
2792 4513 2898 4552 non
2948 4498 3169 4555 credere
3214 4516 3320 4555 non
3366 4510 3448 4557 est
3494 4502 3546 4558 in
3590 4505 3808 4559 arbitrio

2225 4590 2511 4645 voluntatis
2540 4589 2815 4655 humanae,
2858 4590 2952 4645 sed
2981 4592 3032 4645 in
3059 4592 3244 4647 electis
3270 4604 3598 4664 prmparatur
3624 4597 3808 4650 volun-

2229 4691 2310 4736 tas
2335 4696 2364 4733 a
2389 4681 2612 4734 Domino
2645 4680 2826 4752 (Prov.
2863 4698 2955 4738 vni
2975 4723 2991 4751 ,
3023 4699 3126 4739 sec.
3154 4683 3341 4757 LXX).
3394 4686 3516 4741 Ideo
3547 4687 3613 4741 ad
3646 4687 3807 4759 ipsam

2226 4787 2439 4843 quoque
2466 4772 2623 4827 [idem
2649 4814 2663 4839 ,
2705 4788 2823 4842 qua:
2853 4773 2905 4827 in
2934 4774 3208 4831 voluntate
3236 4785 3348 4844 est,
3381 4779 3611 4846 pertinet
3632 4820 3646 4844 ,
3690 4778 3811 4840 Quis

2227 4865 2361 4918 enim
2398 4873 2444 4918 te
2490 4864 2778 4918 discernit?
2825 4863 2960 4931 Quid
3006 4876 3179 4921 autem
3223 4867 3374 4923 habes
3412 4868 3548 4939 quod
3588 4886 3686 4923 non
3723 4885 3811 4923 ao-

2228 4955 2403 5027 cepisti
2421 4954 2447 5007 ?

2298 5046 2526 5102 CAPUT
2560 5046 2644 5102 Vl.
2672 5078 2745 5087 —
2787 5048 2873 5103 ll.
2908 5067 2928 5101 ι
2963 5047 3108 5103 Multi
3149 5050 3371 5107 audiunt
3418 5052 3636 5108 verbum
3673 5053 3813 5106 veri-

2231 5139 2354 5194 tatis
2386 5155 2403 5195 :
2433 5138 2531 5195 sed
2550 5140 2637 5193 alii
2665 5139 2910 5206 credunt,
2941 5141 3030 5195 alii
3051 5143 3438 5198 contradicunt.
3473 5142 3667 5199 Volunt
3690 5157 3821 5213 ergo.

2230 5231 2319 5285 isti
2356 5230 2614 5297 credere,
2665 5231 2849 5285 nolunt
2878 5240 3052 5287 autem
3084 5232 3177 5286 illi.
3219 5234 3390 5299 thtis
3433 5236 3533 5290 hoc
3577 5234 3815 5305 ignoret?

2231 5323 2351 5394 quis
2380 5322 2480 5377 hoc
2504 5321 2701 5393 neget?
2732 5321 2836 5378 Sed
2867 5339 2988 5378 cum
3019 5324 3139 5378 aliis
3166 5334 3524 5394 prmparetur,
3568 5327 3685 5381 aliis
3711 5341 3813 5380 non

2233 5424 2563 5488 praeparetur
2611 5415 2854 5471 voluntas
2889 5430 2920 5470 a
2959 5415 3220 5484 Domino;
3275 5416 3684 5474 discernendum
3735 5427 3819 5473 es!

2299 5551 2316 5584 ι
2341 5557 2521 5600 Omnes
2540 5556 2669 5610 Mss,
2689 5548 2936 5610 Qualibus.

2297 5612 2368 5675 (a)
2403 5612 2515 5661 lude
2550 5613 2817 5662 Bernardus
2840 5614 2889 5662 in
2911 5610 3035 5675 libro
3055 5611 3121 5663 de
3133 5614 3298 5675 gratia
3321 5620 3373 5665 et
3407 5615 3576 5665 Libero
3599 5614 3815 5671 Arbitrio,

2233 5672 2387 5736 capﬁl
2409 5690 2421 5723 :
2449 5680 2613 5723 «Deus
2635 5682 2799 5736 auctor
2824 5682 2901 5723 est
2921 5672 3107 5732 salutis,
3131 5673 3339 5724 liberum
3362 5678 3611 5726 arbitrium
3639 5684 3818 5726 tantum

2240 5734 2454 5810 ερᾲιιιδττ
2480 5752 2502 5779 ι
2531 5739 2719 5810 (letifer.
2749 5734 2841 5810 ‘lib.
2866 5735 2897 5785 2
2919 5736 2983 5786 de
3007 5738 3258 5810 vocatione
3270 5740 3529 5810 pontium,
3551 5751 3655 5810 cap.
3680 5736 3730 5796 3,
3760 5743 3820 5810 let

2234 5795 2564 5857 Fulgentium,
2605 5796 2688 5846 lib.
2731 5799 2794 5846 de
2829 5799 3157 5849 lnearnationc
3183 5807 3233 5851 et
3262 5800 3416 5850 Graia
3453 5795 3634 5851 Domitii
3674 5795 3816 5849 uestri

2233 5866 2350 5904 ,ιδεμ
2373 5859 2558 5921 Christi,
2583 5872 2684 5923 cap.
2713 5859 2869 5911 ,ΞΒ-24.
