4098 6558
309 526 411 585 939

305 642 490 710 utique
532 638 661 711 quid
705 639 883 696 veniat
913 641 928 670 ¹
958 636 1026 692 de
1067 636 1432 694 misericordia
1467 636 1618 708 ejus,
1669 638 1796 710 quid
1826 640 1893 696 de

301 729 518 806 judicio.
553 731 704 799 Quod
729 730 980 800 quaerebat
1010 728 1191 795 Israel,
1220 729 1294 785 ait
1320 730 1628 800 Apostolus,
1674 730 1767 784 hoc
1793 746 1895 785 non

300 835 374 881 εει
398 834 693 880 consecutus
719 840 739 879 ἔ
764 826 937 879 electio
954 833 1123 878 autent
1152 832 1420 878 consecuta
1449 832 1522 878 est
1546 839 1564 876 .'
1588 822 1758 878 caueri
1774 839 1891 878 vero

300 918 538 972 excwcati
556 926 672 972 sunt
691 959 707 984 ,
751 916 880 972 sicut
904 916 1147 986 scriptum
1169 923 1270 982 est,
1302 913 1456 970 Dedit
1480 915 1583 969 illis
1615 913 1754 970 Deus
1787 917 1896 986 spi-

301 1009 453 1063 ritum
481 1010 916 1080 compunctionis,
960 1006 1135 1062 oculos
1165 1017 1220 1061 ut
1258 1022 1359 1061 non
1384 1006 1619 1075 videant,
1659 1016 1705 1061 et
1743 1024 1893 1063 aures

301 1109 355 1154 ut
382 1116 481 1154 non
519 1100 750 1165 audiant,
791 1115 949 1171 usque
984 1099 1037 1153 in
1078 1098 1378 1154 hodiernum
1416 1097 1569 1155 diem.
1620 1096 1690 1152 Et
1722 1096 1894 1152 David

304 1195 456 1261 dicit,
488 1192 611 1248 Fiat
634 1211 805 1249 mensa
825 1210 997 1248 eorum
1017 1194 1070 1247 in
1095 1193 1329 1265 laqueum
1353 1201 1401 1248 et
1427 1196 1481 1246 in
1516 1191 1893 1251 retributionem

300 1296 349 1340 et
372 1288 425 1341 in
463 1286 761 1341 scandalum
801 1286 905 1341 illis
930 1301 952 1343 .'
976 1285 1308 1340 obscurentur
1353 1285 1487 1339 oculi
1525 1300 1701 1339 eorum
1730 1300 1793 1338 ne
1819 1284 1896 1338 vi-

301 1378 450 1433 deant
468 1422 484 1445 ,
525 1389 573 1433 et
610 1381 816 1435 dorsum
843 1395 1015 1434 eorum
1039 1395 1237 1449 semper
1260 1378 1486 1432 incurva.
1511 1376 1652 1433 Ecce
1680 1377 1892 1433 miseri-

298 1470 481 1526 cordia
507 1483 559 1526 et
581 1471 841 1540 judicium
879 1488 893 1527 :
922 1468 1291 1526 misericordia
1316 1469 1369 1524 in
1396 1468 1712 1524 electionem
1733 1469 1893 1540 ’qua:

299 1571 586 1617 consecuta
614 1569 695 1617 est
732 1562 992 1633 justitiam
1037 1562 1166 1628 Dei;
1211 1560 1468 1632 judicium
1515 1577 1645 1618 vero
1684 1560 1739 1616 in
1780 1575 1890 1643 car-

299 1662 445 1710 teros
487 1656 576 1727 qui
615 1654 868 1711 excmcati
915 1665 1083 1712 sunt:
1114 1665 1170 1711 et
1211 1664 1391 1711 tamen
1422 1656 1497 1710 illi
1539 1655 1662 1727 quia
1709 1654 1892 1710 volue-

297 1755 424 1801 runt
450 1746 505 1812 ³,
538 1747 911 1813 crediderunt;
945 1747 1021 1802 illi
1073 1747 1197 1817 quia
1227 1747 1512 1802 noluerunt
1532 1787 1547 1813 ,
1578 1762 1684 1802 non
1712 1744 1890 1803 credi-

296 1836 510 1891 derunt.
557 1837 919 1894 Misericordia
957 1838 1118 1909 igitur
1160 1846 1216 1895 et
1243 1839 1501 1910 judicium
1544 1838 1597 1893 iu
1640 1838 1771 1909 ipsis
1796 1853 1897 1895 vos

294 1930 588 1986 luntatibns
629 1930 763 1985 facta
794 1940 936 1986 sunt.
969 1930 1178 1987 Electio
1206 1932 1404 2003 quippe
1433 1932 1535 1987 ista
1563 1931 1753 2002 gratiae
1782 1941 1888 1999 cst,

296 2036 402 2076 non
448 2023 629 2092 utique
665 2022 998 2080 meritorum.
1044 2002 1481 2094 Superiusenim
1520 2024 1763 2090 dixerat,
1798 2022 1891 2080 Sic

294 2129 412 2185 ergo
438 2125 485 2169 et
522 2116 575 2168 in
611 2115 707 2170 hoc
734 2125 989 2187 tempore,
1020 2116 1248 2185 reliquie:
1275 2133 1365 2188 per
1390 2116 1685 2172 electionem
1710 2118 1890 2189 gratia:

294 2207 450 2260 salva:
479 2208 629 2277 factte
655 2216 793 2261 sunt.
827 2206 890 2263 Si
918 2216 1085 2262 autem
1109 2208 1275 2280 gratia
1299 2249 1315 2275 ,
1360 2209 1475 2280 jam
1501 2224 1603 2263 non
1631 2224 1694 2263 ex
1722 2209 1891 2279 operi-

294 2296 386 2369 bus
404 2316 422 2363 ;
443 2298 669 2370 alioquin
688 2300 855 2371 gratia
875 2301 993 2371 jam
1009 2317 1110 2356 non
1134 2292 1389 2372 eslgratia
1413 2302 1590 2374 (Rom.
1615 2319 1689 2369 xl,
1718 2301 1885 2371 5-10).

293 2386 473 2444 Gratis
497 2406 623 2461 ergo
652 2400 941 2447 consecuta
963 2401 1066 2457 est,
1085 2393 1225 2463 quod
1244 2404 1530 2450 consecuta
1551 2405 1634 2450 est
1653 2394 1846 2450 electio
1869 2412 1884 2449 :

292 2494 400 2535 non
429 2483 701 2551 praecessit
741 2498 926 2538 eorum
959 2484 1157 2555 aliquid
1182 2526 1199 2551 ,
1237 2485 1380 2556 quod
1430 2485 1635 2555 priores
1674 2485 1884 2553 darent,

291 2580 348 2627 et
365 2574 747 2630 retribueretur
765 2574 869 2630 illis
900 2594 914 2631 :
943 2592 1042 2647 pro
1059 2576 1223 2632 nihilo
1247 2578 1425 2633 salvos
1441 2577 1675 2636 leciteos
1689 2577 1732 2636 ⁸.
1763 2580 1887 2637 Ca:-

293 2664 422 2719 teris
450 2673 626 2720 autem
657 2668 747 2737 qui
778 2669 1033 2724 excaecati
1062 2676 1221 2737 sunt,
1243 2668 1403 2726 .sicut
1431 2670 1504 2726 ibi
1529 2686 1635 2727 non
1665 2672 1885 2728 tacitum

289 2765 395 2822 est,
424 2756 477 2810 in
506 2757 859 2815 retributione
887 2759 908 2791 '
936 2759 1134 2815 factum
1161 2769 1263 2817 εει.
1293 2760 1550 2818 Universa:
1574 2764 1665 2819 vite
1680 2762 1887 2821 Domini

288 2850 635 2905 misericordia
663 2861 709 2906 et
745 2853 931 2907 veritas
958 2851 1131 2923 (Psal.
1167 2870 1323 2921 xstv,
1350 2854 1462 2929 10).
1501 2854 1886 2930 Investigabiles

288 2951 410 2998 sunt
430 2953 605 2999 autem
634 2948 727 2999 via:
749 2946 860 3013 ejus
893 2945 1069 3018 (Rom.
1094 2962 1151 3001 ιι
1170 2987 1185 3013 ,
1214 2944 1332 3020 55).
1359 2946 1764 3019 [investigabiles
1788 2949 1885 3022 igi-

288 3044 378 3092 tur
401 3046 546 3102 sunt,
575 3047 630 3092 et
653 3037 1020 3095 misericordia
1045 3054 1148 3111 qua
1174 3040 1341 3111 gratis
1363 3040 1574 3109 liberat,
1602 3050 1659 3097 et
1687 3043 1885 3101 veritas

286 3144 391 3201 qua
412 3130 555 3201 juste
574 3130 798 3201 judicat.

374 3222 601 3280 CAPUT
633 3223 739 3280 νη.
784 3253 856 3265 --
900 3222 988 3281 12.
1030 3223 1138 3281 Sed
1184 3224 1407 3282 forsitan
1449 3226 1632 3284 dicant
1656 3228 1700 3299 ⁸,
1744 3247 1764 3282 ι
1798 3230 1883 3286 Ab

284 3316 537 3386 operibus
580 3315 742 3372 ﬁdem
784 3317 1061 3389 distinguit
1108 3318 1400 3390 Apostolus
1433 3338 1447 3374 :
1478 3320 1705 3392 gratiam
1748 3337 1879 3378 vero

284 3420 391 3460 non
422 3423 487 3461 ex
528 3407 780 3479 operibus
825 3423 947 3464 esse
986 3409 1150 3473 dicit;
1192 3425 1300 3466 non
1339 3419 1520 3467 autem
1563 3411 1693 3468 dicit
1736 3415 1881 3485 quod

284 3513 392 3552 non
419 3499 488 3553 sit
516 3516 579 3554 ex
607 3499 727 3555 (ide.
767 3519 787 3553 ι
820 3499 895 3555 lta
921 3515 1050 3556 vero
1090 3508 1175 3557 est
1201 3520 1216 3557 :
1247 3502 1344 3558 sed
1379 3502 1549 3576 ipsam
1572 3520 1785 3576 quoque
1813 3506 1878 3562 ti-

282 3591 405 3646 dem
441 3576 576 3661 opus
610 3588 701 3647 Dei
732 3593 862 3648 dicit
897 3608 1019 3650 esse
1046 3593 1221 3661 Jesus,
1251 3604 1307 3652 et
1335 3594 1472 3653 hanc
1495 3607 1555 3653 ut
1590 3612 1879 3669 operemur

275 3680 447 3751 jubet.
475 3682 731 3738 Dixerunt
753 3683 896 3739 enim
919 3686 986 3739 ad
1003 3701 1124 3741 eum
1144 3685 1312 3743 Judaei
1337 3705 1351 3743 :
1375 3688 1512 3756 Quid
1536 3692 1798 3761 faciemus,
1821 3702 1880 3748 ut

280 3788 546 3844 operemur
570 3791 697 3845 opus
716 3773 887 3831 Dei"?
905 3774 1185 3849 Respondit
1204 3777 1243 3833 Ι
1245 3796 1360 3835 esus
1379 3789 1426 3835 et
1445 3781 1574 3835 dixit
1595 3781 1699 3838 illis
1720 3801 1742 3839 .·
1763 3784 1878 3841 Hoc

278 3881 352 3924 est
371 3887 498 3940 opus
527 3869 643 3937 Dei,
672 3881 726 3925 ut
755 3873 973 3927 credatis
996 3875 1050 3929 in
1074 3892 1188 3930 eum
1224 3892 1373 3948 quem
1398 3878 1536 3933 misit
1574 3879 1663 3934 ille
1693 3879 1871 3954 (Joan.

276 3976 354 4027 νι,
381 3961 473 4025 28,
499 3961 614 4033 29).
647 3962 736 4019 Sic
762 3980 891 4035 ergo
918 3965 1194 4038 distinguit
1217 3969 1507 4040 Apostolus
1534 3971 1604 4026 ab
1622 3970 1875 4043 operibus

276 4053 463 4119 tidem,
492 4055 940 4125 quemadmodum
976 4058 1029 4113 in
1058 4060 1267 4116 duobus
1304 4061 1484 4133 regnis
1525 4062 1871 4122 Hebrzeorum

276 4142 623 4214 distinguitur
658 4145 824 4202 ludas
859 4148 926 4204 ab
973 4147 1159 4217 Israel,
1203 4166 1325 4207 cum
1356 4162 1413 4207 et
1456 4153 1570 4224 ipse
1609 4154 1779 4213 ludas
1802 4159 1873 4214 sit

274 4236 459 4292 Israel.
505 4237 583 4292 Ex
615 4238 719 4295 (ide
747 4250 924 4296 autem
955 4242 1075 4298 ideo
1102 4243 1231 4300 dicit
1257 4245 1542 4316 iustificari
1571 4248 1866 4318 hominem,

273 4341 383 4384 non
423 4344 489 4384 ex
520 4332 773 4400 operibus
803 4330 1003 4406 (Galat.
1036 4351 1095 4404 ll,
1129 4336 1243 4409 16),
1279 4337 1403 4410 quia
1430 4340 1543 4410 ipsa
1575 4344 1741 4412 prima
1766 4343 1867 4399 da-

271 4429 385 4485 tur,
418 4438 483 4476 ex
510 4438 613 4493 qua
643 4424 994 4494 impetrentur
1034 4436 1254 4498 caetera,
1300 4446 1422 4501 quae
1452 4435 1668 4504 proprie
1704 4450 1868 4507 opera

270 4525 664 4583 tmucupantur,
689 4516 742 4570 in
768 4518 1122 4589 quibusjuste
1149 4522 1365 4578 vivitur.
1398 4524 1531 4580 Nam
1553 4525 1682 4582 dicit
1702 4528 1864 4585 etiam

270 4604 415 4672 ipse,
460 4603 636 4660 Gratia
671 4608 799 4662 salvi
835 4612 954 4665 estis
980 4612 1105 4679 [acti
1132 4630 1223 4683 per
1250 4614 1423 4684 ﬁdem,
1468 4626 1517 4671 et
1556 4619 1653 4672 hoc
1676 4636 1778 4674 non
1802 4637 1866 4677 ea:

266 4697 405 4752 νοὺὶε
427 4740 442 4766 ,
468 4698 559 4753 sed
583 4698 683 4755 Dei
709 4701 898 4785 donum
926 4713 1042 4759 est:
1072 4705 1121 4760 id
1148 4715 1250 4775 est,
1278 4717 1334 4764 et
1366 4710 1509 4780 quod
1535 4712 1645 4767 dixi
1682 4732 1775 4785 per
1799 4716 1863 4785 [i-

264 4789 402 4853 dem,
434 4806 540 4845 non
579 4807 645 4846 ex
685 4782 857 4858 vobis,
897 4795 993 4851 sed
1037 4797 1130 4852 Dei
1168 4797 1369 4855 donum
1397 4811 1480 4857 εει
1508 4782 1856 4863 etiam'lides.

264 4877 390 4935 Non
412 4896 474 4935 ex
493 4882 745 4952 operibus,
764 4885 955 4955 inquit,
976 4903 1041 4941 ne
1056 4889 1188 4959 forte
1207 4891 1320 4960 quis
1340 4892 1616 4948 extollatur
1638 4894 1856 4968 (Epltes.

262 4987 325 5036 ιι,
353 4969 408 5036 8,
440 4972 520 5045 9).
551 4974 699 5030 Solet
722 4976 868 5032 enim
910 4977 1039 5044 dici,
1077 4978 1203 5037 Ideo
1236 4982 1459 5040 credere
1488 4988 1703 5055 meruit,
1731 4990 1857 5060 quia

261 5064 347 5118 vir
369 5065 543 5122 bonus
568 5075 687 5123 erat
704 5076 759 5124 et
778 5078 1062 5142 antequam
1085 5073 1352 5132 crederet.
1376 5075 1530 5144 Quod
1559 5079 1628 5136 de
1655 5080 1857 5139 Corne-

327 5218 343 5285 ξ
370 5224 481 5285 uss.
501 5217 662 5285 Gallici
682 5224 984 5285 et‘vaticani,
1005 5225 1205 5279 eneruat.
1272 5233 1286 5242 '

322 5279 862 5369 nam"
883 5279 1070 5369 rem
1267 5291 1319 5343 επ
1682 5297 1730 5349 id
1755 5308 1852 5369 εειν

251 5342 334 5423 ἰπὶ-
349 5340 554 5394 electos.
591 5345 665 5394 sic
689 5353 860 5410 postea
881 5351 933 5399 in
954 5340 1852 5423 accusandi'casu'

318 5439 350 5555 ξ’
364 5465 571 5555 "1“?!"
593 5468 1179 5555 31?‘:.93‘i.'§3‘3‘€f‘ﬁ"£
1200 5485 1277 5555 et
1307 5478 1449 5555 intra»
1471 5480 1558 5555 φεῖ
1575 5483 1845 5555 notuerun-

251 5533 557 5652 tatnkltlzthﬁu?
592 5516 1144 5595 uoé"bo§iértb}'€ib&"
1158 5516 1391 5603 ξι

322 5649 329 5652 _
423 5624 440 5648 ,
546 5628 559 5640 .

317 5624 616 5726 EtEt-tiaram
636 5651 785 5726 nihilo
801 5653 929 5708 enim
959 5656 1114 5726 salvos
1151 5662 1264 5726 fecit
1309 5678 1405 5718 eos.
1440 5675 1496 5718 At
1534 5674 1842 5726 manuscripti

366 5687 504 5710 ...υιιη
526 5687 615 5717 μιν
636 5687 784 5726 -ξυιιιυ
801 5687 929 5708 cuuis
959 5687 1112 5734 οιτιυυδ
1151 5687 1264 5726 [ctu
1309 5687 1405 5718 ws.
1440 5687 1496 5738 1.“.
1534 5687 1770 5723 manuscn
1808 5687 1842 5723 ll

250 5720 576 5824 ἔξιτειετειωι,
594 5728 720 5768 erum
742 5729 758 5769 :
784 5727 837 5770 et
860 5731 926 5769 ex
969 5720 1191 5776 htsunus
1214 5725 1336 5790 loco,
1360 5729 1504 5792 fecit;
1555 5732 1736 5794 habet,
1764 5687 1845 5799 ya-

362 5835 646 5900 Noalliensis
660 5846 765 5899 ωε..
787 5840 839 5893 in
861 5843 1237 5900 retributionem.

315 5897 338 5961 ξ
359 5898 526 5951 Plures
544 5908 672 5961 Mss,
698 5897 883 5956 dictem.

314 5959 443 6045 Lsic
495 5959 667 6015 omnes
718 5980 918 6029 prorsus
969 5974 1297 6037 manuscrith
1356 5985 1411 6028 Αι
1470 5979 1584 6031 editi
1615 6016 1630 6043 ,
1691 5994 1841 6045 opera

251 6026 361 6076 Dei.
718 6026 765 6085 λ

568 6109 834 6173 PATROL.
873 6113 1092 6177 XLIV.

1192 520 1395 580 LIBER
1435 524 1523 580 DE
1562 520 2226 587 PRJEDESTINATIONE
2265 530 2701 588 SANCTOllUM.

3491 544 3594 598 970

2010 640 2082 696 lto
2106 639 2212 699 dici
2257 652 2451 714 potest,
2497 647 2649 715 cujus
2686 657 2918 717 accepta:
2962 658 3086 705 sunt
3135 652 3493 722 eleemosyuie
3535 667 3591 710 et

2004 734 2268 789 exauditae
2298 736 2570 794 orationes
2595 748 2879 810 antequam
2909 741 3223 799 credidisset
3243 745 3295 800 in
3320 744 3593 804 Christum

2005 825 2140 896 (Act.
2163 842 2221 892 ι,
2247 827 2337 899 4)ε
2363 844 2463 885 ηεε
2490 839 2666 887 tamen
2692 833 2809 887 sine
2829 832 3003 905 aliqua
3027 834 3130 891 (ide
3149 834 3382 892 donabat
3400 847 3456 895 et
3478 853 3596 896 ora-

2003 917 2113 973 bat.
2143 920 2274 975 Nam
2302 924 2571 992 quomodo
2594 925 2896 995 invocabat,
2931 930 2982 984 in
3022 946 3180 1013 quem
3208 948 3312 986 non
3342 934 3593 990 credide—

2002 1020 2087 1065 rat
2116 1011 2288 1081 (Rom.
2316 1031 2370 1081 ι,
2402 1017 2531 1088 ll)?
2556 1017 2663 1074 Sed
2690 1020 2732 1075 si
2763 1031 2944 1091 posset
2967 1022 3084 1079 sine
3117 1011 3225 1079 lide
3247 1024 3443 1081 Christi
3470 1042 3593 1083 esse

2002 1102 2202 1173 salvus,
2247 1121 2353 1161 non
2394 1108 2462 1164 ad
2501 1125 2623 1165 cum
2662 1112 3034 1169 aediﬁcandum
3073 1117 3378 1174 mitteretur
3417 1121 3594 1175 archi-

2004 1201 2171 1250 tectus
2198 1199 2477 1265 apostolus
2504 1201 2693 1257 Petrus
2721 1221 2734 1258 :
2759 1206 3002 1273 quamvis
3025 1208 3122 1262 nisi
3147 1207 3398 1265 Dominus
3423 1212 3592 1280 aediﬁ-

2000 1289 2185 1343 caverit
2205 1290 2435 1361 domum,
2462 1294 2516 1348 in
2542 1287 2745 1350 vanum.
2762 1297 3118 1354 laboraverunt
3143 1302 3456 1372 ludiﬁcantes
3482 1321 3594 1358 eam

2004 1376 2177 1449 (Psal.
2200 1396 2377 1451 cxxvr,
2412 1385 2488 1455 1).
2511 1385 2581 1442 Ει
2603 1387 2800 1444 dicitur
2823 1391 2999 1460 nobis,
3038 1411 3057 1445 ι
3086 1392 3243 1450 Fides
3262 1404 3344 1451 est
3363 1412 3393 1450 a
3415 1396 3591 1460 nobis,

2000 1477 2194 1525 caetera
2244 1486 2275 1526 a
2318 1472 2548 1530 Domino
2593 1464 2661 1532 ad
2704 1493 2868 1550 Opera
2906 1480 3131 1551 justitize
3169 1485 3529 1555 pertinentia:
3567 1508 3586 1541 ι

2000 1564 2150 1632 quasi
2198 1563 2266 1619 ad
2312 1566 2593 1624 aedilicium
2637 1587 2742 1626 non
2793 1574 3057 1643 pertineat
3101 1575 3270 1646 ﬁdes;
3318 1580 3472 1649 quasi
3524 1580 3590 1635 ad

1998 1653 2304 1726 :edilicium,
2324 1657 2561 1729 inquam,
2585 1677 2692 1718 non
2710 1665 2972 1735 pertineat
2992 1666 3414 1725 fundamentum.
3439 1670 3592 1739 Quod

1998 1746 2045 1801 si
2074 1746 2128 1802 in
2172 1748 2360 1819 primis
2388 1760 2444 1807 et
2483 1754 2715 1811 maxime
2754 1758 3008 1826 pertinet,
3055 1760 3110 1815 in
3151 1776 3344 1817 vanum
3386 1762 3593 1820 laborat

1998 1840 2340 1911 prmdicando
2358 1840 2626 1903 tediiicans
2655 1846 2839 1914 tidem,
2863 1850 2965 1905 nisi
2996 1866 3115 1906 eam
3141 1853 3399 1910 Dominus
3420 1856 3586 1912 mise-

1997 1930 2168 1987 rando
2193 1932 2336 1990 intus
2361 1935 2607 1994 aediﬁcet.
2653 1938 2921 2011 Quidquid
2950 1942 3110 2013 igitur
3142 1954 3196 2000 et
3219 1957 3505 2017 antequam
3536 1948 3589 2003 in

1997 2019 2267 2078 Christum
2293 2024 2555 2094 crederet,
2582 2038 2637 2083 et
2674 2044 2797 2085 cum
2825 2031 3075 2088 crederet
3102 2034 3142 2101 ί,
3175 2044 3228 2090 ει
3258 2050 3377 2090 cum
3411 2037 3590 2093 credi-

1997 2113 2188 2178 disset.
2220 2116 2358 2174 bene
2384 2130 2639 2190 operatus
2670 2133 2753 2178 est
2776 2122 3079 2195 Cornelius,
3108 2133 3278 2182 totum
3319 2128 3430 2185 Deo
3455 2130 3589 2186 dan-

1995 2206 2123 2262 dum
2154 2219 2259 2276 est,
2289 2225 2357 2266 ne
2381 2211 2518 2269 forte
2539 2214 2660 2285 quis
2684 2215 2990 2274 extollatur.
3038 2236 3049 2241 ο

2066 2299 2294 2359 CAPUT
2335 2304 2465 2361 \‘lll.
2494 2336 2567 2348 --
2610 2308 2698 2364 15.
2750 2308 2982 2366 Proinde
3016 2310 3131 2381 ipse
3157 2327 3294 2368 unus
3338 2314 3589 2386 Magister

1995 2401 2052 2448 et
2073 2395 2352 2464 Dominus,
2383 2415 2506 2455 eum
2534 2400 2761 2457 dixisset
2786 2418 2904 2473 quae
2933 2418 3093 2474 supra
3122 2409 3439 2474 memoravi,
3474 2408 3589 2465 lloc

1993 2494 2067 2541 est
2090 2502 2217 2558 opus
2246 2487 2363 2558 Dei,
2386 2500 2440 2545 ut
2461 2491 2679 2548 credatis
2704 2493 2759 2548 in
2784 2511 2899 2549 eum
2923 2512 3070 2567 quem
3093 2497 3227 2551 misit
3252 2498 3342 2555 ille
3359 2517 3379 2555 :
3405 2501 3458 2555 in
3486 2518 3585 2556 eo-

1995 2579 2118 2636 dem
2142 2580 2258 2652 ipso
2280 2596 2533 2640 sermone
2560 2598 2658 2639 suo
2688 2585 2848 2656 paulo
2872 2598 2993 2657 post
3020 2588 3115 2655 ait,
3142 2586 3265 2644 Dixi
3287 2592 3443 2660 vobis,
3467 2596 3589 2664 quia

1993 2683 2042 2730 et
2069 2675 2265 2731 vidistis
2293 2693 2374 2732 me
2395 2718 2409 2743 ,
2441 2687 2492 2733 et
2520 2695 2622 2733 non
2647 2679 2950 2735 credidistis.
2986 2679 3150 2763 (inme
3173 2686 3309 2754 quod
3338 2685 3428 2739 dat
3464 2687 3590 2740 milii

1992 2763 2171 2835 Pater,
2200 2768 2269 2822 ad
2294 2785 2376 2824 me
2400 2770 2580 2825 veniet.
2607 2770 2744 2841 Quid
2774 2782 2876 2840 est,
2901 2774 2970 2827 ad
2997 2791 3077 2830 me
3100 2777 3279 2843 veniet,
3309 2778 3433 2846 nisi,
3458 2777 3593 2836 Cre-

1991 2857 2083 2915 det
2107 2859 2161 2915 in
2189 2875 2277 2916 me
2291 2854 2323 2916 Y‘
2355 2861 2460 2919 Sed
2500 2873 2557 2919 ut
2580 2863 2694 2933 ﬁat,
2737 2865 2896 2921 Pater
2919 2866 3029 2922 dat.
3062 2867 3194 2924 Item
3228 2872 3385 2939 paulo
3412 2882 3535 2942 post
3568 2892 3583 2928 :

1992 2948 2187 3019 Nolite,
2201 2951 2391 3023 inquit,
2408 2971 2726 3010 murmurare
2741 2957 2984 3013 invicem:
3002 2976 3148 3015 nemo
3165 2972 3326 3032 potest
3341 2964 3508 3019 venire
3516 2966 3586 3019 ad

1990 3057 2093 3110 me,
2120 3043 2221 3098 nisi
2246 3042 2407 3099 Pater
2429 3046 2517 3119 qui
2544 3046 2680 3102 misit
2704 3064 2803 3113 me,
2835 3054 3047 3104 traxerit
3072 3067 3187 3105 eum
3223 3067 3243 3106 :
3269 3064 3315 3108 et
3341 3070 3432 3125 ego
3466 3073 3586 3111 cum

1987 3134 2295 3190 resuscitabo
2321 3136 2375 3190 in
2400 3138 2669 3193 novissimo
2688 3138 2791 3194 die.
2822 3137 2914 3194 Est
2936 3141 3183 3213 scriptum
3204 3144 3257 3198 in
3290 3143 3582 3215 Prop/retis,

1987 3225 2057 3281 Et
2083 3238 2230 3282 erunt
2251 3244 2423 3284 omnes
2448 3230 2685 3287 docibiles
2707 3231 2830 3286 'Dei.
2861 3231 3039 3288 Omnis
3057 3236 3143 3305 qui
3159 3237 3351 3291 audivit
3371 3256 3401 3291 a
3422 3237 3582 3294 Patre

1986 3328 2036 3374 et
2050 3320 2245 3388 didicit,
2263 3322 2395 3376 venit
2409 3322 2479 3376 ad
2497 3339 2577 3402 me
2596 3320 2774 3396 (Joan.
2795 3324 2975 3393 “,29.
2991 3326 3079 3393 '56,
3094 3327 3185 3394 57,
3200 3329 3413 3401 45-45).
3441 3330 3580 3401 Quid

1985 3421 2090 3480 est,
2126 3411 2305 3468 Omnis
2329 3414 2417 3484 qui
2439 3414 2631 3470 audivit
2656 3431 2690 3469 a
2715 3414 2873 3472 Patre
2900 3428 2947 3472 et
2970 3418 3167 3486 didicit,
3208 3422 3340 3476 venit
3365 3425 3434 3476 ad
3461 3442 3580 3491 me;

1986 3503 2110 3571 nisi,
2139 3503 2327 3560 Nullus
2354 3514 2437 3561 est
2478 3507 2567 3578 qui
2601 3506 2782 3564 audiat
2809 3526 2840 3563 a
2869 3509 3028 3566 Patre
3056 3520 3111 3567 et
3136 3512 3328 3580 discat,
3377 3525 3431 3572 et
3469 3534 3575 3574 non

1984 3595 2162 3651 veniat
2188 3595 2256 3651 ad
2283 3595 2491 3653 mei-Si
2529 3598 2673 3653 enim
2700 3600 2877 3655 omnis
2915 3602 3004 3671 qui
3034 3604 3238 3659 audivit
3276 3621 3305 3659 a
3333 3606 3492 3666 Patre
3522 3620 3580 3665 et

1982 3684 2188 3754 didicit,
2220 3687 2396 3754 venit;
2422 3688 2663 3759 profecto
2693 3692 2868 3746 omnis
2888 3694 2976 3764 qni
3008 3710 3115 3749 non
3144 3696 3307 3762 venit,
3342 3714 3448 3753 non
3477 3716 3578 3754 au-

1982 3776 2115 3834 divit
2141 3792 2172 3833 a
2201 3777 2379 3845 Patre,
2426 3795 2530 3837 nec
2565 3781 2753 3838 didicit
2782 3801 2796 3838 :
2828 3799 2950 3839 nam
2996 3785 3041 3841 si
3086 3787 3322 3843 audisset
3350 3801 3404 3845 ct
3431 3792 3573 3847 didi~

1981 3869 2163 3936 cisset,
2189 3870 2413 3926 veniret.
2438 3870 2622 3943 Neque
2646 3873 2790 3929 enim
2818 3874 2956 3930 ullus
2972 3876 3179 3932 audivit
3207 3889 3260 3934 ct
3285 3880 3491 3950 didicit,
3515 3894 3572 3939 et

1981 3975 2089 4015 non
2117 3962 2266 4017 venit
2304 3979 2318 4017 :
2358 3963 2452 4018 sed
2490 3965 2673 4033 omnis,
2713 3975 2772 4019 ut
2806 3966 2882 4021 ait
2929 3966 3156 4035 Veritas,
3203 3972 3288 4041 qui
3321 3975 3511 4028 audivit
3541 3994 3572 4030 a

1980 4049 2142 4107 Patre
2167 4062 2217 4108 et
2253 4054 2469 4122 didicit,
2505 4057 2658 4111 venit.
2688 4056 2856 4113 Valde
2902 4068 3109 4115 remota
3151 4072 3231 4117 est
3260 4079 3291 4119 a
3321 4067 3570 4124 sensibus

1978 4144 2157 4200 carnis
2187 4145 2302 4202 hate
2330 4146 2536 4215 schola,
2580 4148 2632 4202 in
2658 4164 2762 4220 qua
2792 4149 2951 4205 Pater
2978 4152 3195 4208 auditur
3219 4162 3275 4210 et
3302 4155 3480 4223 docet,
3512 4173 3569 4216 ut

1977 4237 2223 4294 veniatur
2249 4236 2563 4299 adFilium.
2588 4239 2661 4295 lbi
2684 4252 2766 4297 est
2795 4251 2849 4297 ct
2869 4242 2982 4313 ipse
3007 4244 3191 4311 Filius,
3218 4248 3339 4316 quia
3359 4248 3472 4319 ipse
3488 4262 3570 4305 est

1976 4330 2210 4387 Verbum
2232 4331 2370 4402 ejus,
2390 4347 2486 4403 per
2501 4332 2641 4402 quod
2658 4332 2737 4388 sic
2755 4333 2932 4400 docet;
2957 4350 3056 4391 nec
3069 4336 3178 4407 agit
3198 4336 3300 4394 hoc
3320 4354 3440 4395 cum
3457 4347 3570 4397 ear-

1974 4420 2059 4476 nis
2084 4437 2245 4491 aureL
2256 4420 2353 4477 sed
2377 4423 2572 4479 cordis.
2605 4422 2774 4480 Simul
2801 4424 2871 4479 ibi
2893 4434 2977 4481 est
2994 4437 3048 4481 ct
3063 4426 3293 4497 Spiritus
3315 4430 3487 4489 Patris
3512 4446 3568 4491 et

1973 4510 2126 4578 Filii;
2149 4527 2323 4583 neque
2338 4512 2479 4569 enim
2498 4514 2612 4586 ipse
2633 4529 2737 4570 non
2754 4514 2932 4585 docet,
2954 4528 3044 4571 aut
3065 4521 3351 4589 separatim
3371 4522 3527 4581 docet
3549 4542 3566 4582 :

1971 4603 2341 4676 inseparabilia
2354 4605 2549 4677 quippe
2560 4606 2837 4663 didicimus
2852 4610 2872 4640 ²
2885 4624 3005 4665 εεεε
3015 4625 3177 4682 opera
3190 4612 3480 4672 Trinitatis.
3497 4618 3566 4675 Et

1970 4697 2085 4769 ipse
2099 4706 2183 4753 est
2198 4698 2379 4769 utique
2395 4698 2626 4769 Spiritus
2643 4709 2876 4767 sanctus,
2893 4702 2961 4759 de
2979 4718 3086 4774 quo
3101 4705 3143 4759 A
3153 4706 3391 4775 pastolus
3406 4708 3557 4777 dicit,

1971 4788 2227 4845 Habentes
2249 4800 2416 4844 autem
2439 4794 2666 4847 eumdem
2693 4792 2946 4864 Spiritum
2964 4795 3086 4864 ﬁdei
3105 4797 3176 4867 (ll
3197 4796 3316 4853 Cor.
3347 4816 3420 4869 1v,
3449 4802 3556 4875 15).

1965 4880 2075 4937 Sed
2105 4880 2226 4937 ideo
2254 4880 2400 4936 Patri
2430 4882 2533 4939 hoc
2564 4885 2900 4953 potissimum
2933 4897 3017 4942 est
3051 4890 3389 4961 attributum,
3427 4897 3551 4966 quia

1966 4970 2036 5027 de
2065 4971 2182 5042 ipso
2220 4982 2304 5028 est
2342 4973 2557 5043 genitus
2588 4974 2927 5045 Unigenitus,
2973 4987 3029 5033 et
3071 4978 3141 5035 de
3170 4980 3289 5051 ipso
3320 4988 3560 5054 procedit
3635 5017 3640 5022 -

1963 5062 2192 5134 Spiritus
2217 5075 2435 5120 sanctus
2459 5083 2473 5120 :
2502 5066 2643 5122 unde
2669 5068 2887 5139 longum
2911 5080 2995 5125 εει
3019 5074 3354 5132 enucleatius
3373 5078 3556 5153 dispu-

1963 5162 2112 5223 tare;
2140 5165 2194 5213 et
2221 5155 2290 5212 de
2310 5156 2591 5223 Trinitate,
2614 5174 2733 5231 qua:
2756 5161 2894 5217 Deus
2919 5172 3021 5231 est,
3044 5164 3281 5225 laborem
3310 5183 3550 5232 nostrum

1961 5249 2015 5305 in
2043 5250 2347 5321 quindecim
2386 5251 2538 5307 libris
2567 5252 2634 5308 ad
2665 5268 2762 5309 vos
2786 5254 2897 5325 jam
2938 5257 3188 5315 existimo
3210 5267 3546 5335 pervenisse.

1959 5341 2150 5411 Valde,
2197 5344 2434 5414 inquam,
2468 5353 2672 5401 remota
2714 5356 2797 5402 est
2838 5363 2870 5402 a
2911 5351 3160 5408 sensibus
3201 5357 3383 5414 carnis
3439 5361 3552 5418 haec

1957 5437 2164 5505 schola,
2193 5438 2247 5492 iu
2286 5453 2389 5510 qua
2427 5439 2567 5495 Deus
2595 5441 2809 5498 auditur
2844 5454 2898 5500 ct
2926 5445 3105 5504 docet.
3142 5449 3338 5510 Multos
3366 5459 3548 5514 venire

1955 5528 2199 5585 videmus
2232 5529 2298 5585 ad
2331 5531 2545 5611 Filium,
2585 5533 2708 5605 quia
2741 5536 2939 5594 multos
2963 5540 3188 5599 credere
3216 5545 3463 5605 videmus
3491 5552 3545 5606 iu

1952 5621 2226 5678 Christum
2261 5641 2275 5677 :
2306 5623 2400 5679 sed
2432 5624 2519 5680 ubi
2546 5636 2601 5681 et
2620 5629 2889 5698 quomodo
2909 5645 2940 5686 a
2969 5631 3128 5691 Patre
3152 5636 3420 5695 audierint
3442 5640 3544 5697 hoc

2018 5799 2033 5830 ¹
2058 5800 2385 5880 Levauicuses
2408 5815 2772 5880 espunuerunt,
2797 5815 2843 5859 et
2865 5822 2975 5880 cum
3002 5811 3346 5880 _crederet,__t_tt
3369 5829 3544 5880 supcr-

1952 5860 2123 5938 guum.
2148 5862 2362 5938 patietur
2383 5860 2494 5938 noni
2504 5874 2688 5938 tantum
2734 5860 2781 5920 in
2827 5860 3347 5938 antiquioribusoditis
3367 5860 3543 5930 31.1.1:

1952 5928 2046 6032 Irin,
2072 5923 2163 5995 sed
2189 5926 2401 5975 etiamin
2423 5930 2656 5980 Vaticanis
2678 5923 3014 5997 inanus:rip'tis
3032 5945 3081 5985 et
3103 5923 3539 5997 pluribusvesvtial:

1970 5998 2137 6034 reatus.

2018 6048 2039 6078 ι
2065 6055 2163 6096 Am.
2190 6052 2261 6098 Er.
2292 6058 2343 6101 ct
2366 6049 2546 6118 aliquot
2572 6061 2697 6117 res,
2726 6054 2948 6107 dicimus.

2821 6139 3278 6216 {Trade-unc.)
