4122 6516
325 1828 333 1839 ι
432 1793 537 1849 vult
580 1794 793 1849 obdurat
838 1809 857 1846 :

420 375 538 435 ’971

380 567 390 589 ,
446 532 499 577 et
538 521 837 586 didicerint,
894 537 996 576 non
1029 522 1288 577 videmus.
1326 517 1564 575 Nimium
1604 522 1767 591 gratia
1807 520 1904 573 ista
1931 533 2018 573 se-

423 625 590 674 rrata
620 625 704 671 est
743 632 757 669 :
793 616 1013 684 gratiam
1043 623 1169 666 \‘ero
1193 626 1312 667 esse
1335 612 1452 680 quis
1473 609 1740 680 ambigat?
1767 608 1892 664 nire
1916 608 2019 662 ita-

426 721 550 775 que
576 705 767 775 gratia,
798 721 915 774 qna'
943 704 1151 758 occulte
1173 702 1417 757 humanis
1442 701 1693 755 cordibus
1713 699 1889 754 divina
1910 698 2018 754 lar—

440 799 604 866 gitate
634 796 899 860 tribuitur,
942 810 970 848 a
1016 795 1162 849 nullo
1192 794 1326 848 duro
1355 792 1516 848 corde
1554 792 1845 862 reSpuitur.
1892 789 2016 846 Ideo

438 887 631 956 quippe
661 887 922 944 tribuitur.
959 893 1015 938 ut
1039 884 1217 939 cordis
1241 883 1431 938 duritia
1459 883 1705 953 primitus
1724 881 2016 937 auferatur.

439 974 664 1043 Quando
707 991 835 1046 ergo
866 976 1023 1030 Pater
1053 976 1194 1030 intus
1220 972 1432 1028 auditur
1460 980 1515 1029 et
1542 972 1716 1038 docet,
1749 981 1806 1026 ut
1833 972 2016 1028 venia-

442 1076 523 1122 tur
551 1068 616 1122 ad
644 1067 862 1134 Filium,
900 1066 1077 1125 aufert
1105 1082 1199 1122 cor
1229 1064 1497 1136 lapideum
1520 1105 1535 1131 ,
1565 1073 1619 1119 et
1647 1063 1740 1118 dat
1767 1077 1864 1118 cor
1893 1077 2015 1117 car-

436 1175 619 1225 neum,
671 1159 808 1213 sicut
852 1158 1109 1228 propheta
1155 1142 1479 1226 prmdicante
1515 1153 1761 1224 promisit
1799 1150 2016 1221 (Ezech.

435 1267 509 1314 χι,
543 1250 656 1321 19).
705 1249 792 1304 Sic
817 1250 1013 1319 quippe
1050 1247 1175 1302 facit
1208 1247 1345 1301 ﬁlios
1379 1245 1772 1316 promissionis,
1815 1252 1870 1300 et
1895 1257 2019 1298 vasa

435 1340 818 1395 ttiisericordim
844 1354 963 1408 qua:
993 1336 1305 1407 prmparavit
1332 1336 1385 1391 in
1416 1335 1662 1406 gloriam.

507 1428 743 1486 HJCur
794 1444 921 1501 ergo
975 1444 1081 1483 non
1128 1443 1317 1484 omnes
1362 1426 1539 1494 docet,
1590 1435 1648 1481 ut
1688 1426 1907 1481 veniant
1951 1424 2018 1480 ad

437 1524 746 1587 Christum;
796 1522 898 1576 nisi
957 1521 1079 1591 quia
1126 1534 1315 1575 omnes
1366 1534 1501 1589 quos
1558 1519 1754 1582 docet,
1812 1517 2024 1571 miseri-

430 1613 612 1668 cordia
678 1612 880 1675 docet;
945 1625 1080 1681 quos
1141 1617 1317 1664 autem
1387 1623 1493 1663 non
1562 1606 1758 1674 docet’,
1822 1605 2024 1676 judicio

434 1720 539 1760 non
586 1703 783 1759 docet?
824 1704 1081 1771 Quoniam
1125 1702 1273 1773 cujus
1314 1700 1419 1755 uult
1463 1700 1744 1765 miseretur,
1790 1706 1834 1752 et
1873 1713 2023 1768 quem

904 1790 997 1846 scd
1038 1792 1365 1855 miseretur,
1424 1789 1562 1845 bona
1607 1789 1878 1853 tribuens;
1929 1788 2025 1843 ob-

436 1887 628 1951 durat,
666 1883 822 1954 digua
867 1881 1190 1937 retribuens.
1240 1880 1347 1935 Aut
1374 1880 1419 1935 si
1449 1887 1505 1936 et
1530 1882 1667 1945 ista,
1704 1889 1763 1932 ut
1804 1876 2019 1948 quidam

403 1977 759 2050 .«tlistiuguere
787 1961 1107 2037 maluerunt,
1137 1972 1300 2028 verba
1328 1980 1450 2027 sunt
1473 1970 1589 2042 ejus
1611 1970 1698 2025 cui
1725 1968 2018 2039 Apostolus

433 2068 530 2132 ait,
572 2065 719 2120 ‘Dicis
764 2065 935 2136 itaque
978 2063 1103 2117 mihi
1145 2078 1163 2117 :
1202 2069 1262 2117 ut
1307 2059 1422 2133 ipse
1461 2060 1661 2116 dixisse
1711 2058 2022 2129 accipiatur,

416 2158 573 2230 *Ergo
621 2159 768 2228 cujus
805 2156 908 2209 vult
950 2154 1235 2219 miseretur,
1277 2162 1324 2207 et
1363 2168 1512 2223 quem
1546 2149 1654 2205 vult
1691 2148 1945 2213 obdurat;
1973 2156 2028 2205 et

432 2264 553 2319 qua:
578 2256 893 2318 sequuntur,
927 2245 977 2300 id
1008 2253 1112 2309 est,
1149 2242 1289 2311 Quid
1314 2242 1485 2297 adhuc
1516 2238 1878 2311 conqueritur?
1906 2255 2027 2294 nam

411 2339 675 2395 ‘t'oluntati
699 2339 807 2409 ejus
831 2337 941 2409 quis
969 2334 1193 2390 resistit?
1218 2332 1475 2404 numquid
1511 2345 1827 2402 responsum
1853 2337 1937 2386 est
1958 2329 2029 2386 ab

435 2429 695 2501 Apostolo
712 2468 730 2496 ,
757 2427 801 2483 Ο
828 2427 989 2481 homo
1013 2465 1029 2492 ,
1064 2423 1257 2479 falsum
1287 2433 1371 2479 est
1397 2422 1540 2494 quod
1567 2420 1781 2477 dixisti?
1807 2418 1927 2475 Non
1952 2421 1967 2451 ⁸
2003 2438 2017 2473 :

434 2523 530 2579 sed
558 2536 875 2592 l't‘SpOllSllm
901 2528 1003 2583 est,
1036 2515 1081 2574 Ο
1105 2518 1276 2583 homo,
1307 2527 1361 2571 tu
1398 2516 1512 2589 quis
1532 2532 1583 2570 es
1606 2516 1692 2586 qui
1718 2514 2029 2587 respondeas

436 2615 585 2672 Deo?
630 2612 895 2683 Numquid
923 2611 1047 2665 dicit
1077 2611 1371 2682 ﬁgmentum
1399 2609 1447 2664 ei
1468 2609 1554 2680 qui
1581 2624 1635 2664 se
1659 2607 1828 2679 ﬁnxit,
1860 2607 2031 2674 Quare

434 2710 508 2762 sic
549 2723 628 2761 me
655 2705 860 2778 fecisti?
889 2703 1076 2759 Annon
1104 2703 1254 2758 habet
1291 2710 1590 2774 potestatem
1628 2700 1819 2773 ﬁgulus
1846 2700 1939 2755 luti
1965 2715 2028 2755 ea:

430 2798 612 2852 cadent
641 2812 828 2860 massa,
855 2803 910 2851 et
935 2794 1233 2865 sequentia,
1255 2807 1374 2863 qua:
1394 2791 1597 2862 optime
1619 2791 1812 2848 nostis.
1846 2791 1916 2846 Et
1943 2799 2024 2846 ta-

428 2909 560 2950 men
588 2889 881 2947 secundum
920 2887 1204 2959 quemdam
1234 2885 1486 2954 modum,
1520 2900 1710 2941 omnes
1749 2885 1908 2940 Pater
1932 2883 2030 2940 do-

430 2994 521 3040 cet
562 2982 745 3039 venire
788 2980 856 3037 ad
890 2995 1046 3036 suum
1077 2980 1290 3035 Filium.
1331 2977 1449 3034 Non
1476 2977 1619 3034 enim
1663 2977 1857 3033 frustra
1884 2990 2025 3033 scri-

440 3086 590 3145 ptum
619 3084 702 3131 est
732 3074 785 3128 in
814 3072 1097 3143 PrOphetis
1117 3113 1134 3138 ,
1175 3068 1244 3124 Et
1270 3080 1418 3125 erunt
1442 3085 1615 3125 omnes
1643 3067 1884 3124 docibiles
1909 3067 2029 3125 Dei.

443 3168 597 3237 Quod
630 3165 995 3223 testimonium
1034 3178 1155 3220 cum
1198 3161 1566 3234 praemisisset,
1606 3170 1733 3217 tunc
1775 3156 2029 3226 subdidit,

439 3262 618 3315 Omnis
642 3260 728 3332 qui
757 3258 946 3313 audiuit
968 3274 1001 3311 a
1032 3255 1257 3312 Patreet
1281 3255 1477 3323 didicit,
1504 3256 1635 3310 venit
1657 3254 1729 3308 ad
1756 3270 1854 3309 me.
1882 3253 2032 3311 Sicut

440 3367 571 3422 ergo
619 3352 825 3421 integre
872 3346 1176 3417 loquimur,
1220 3361 1342 3402 cum
1387 3344 1457 3401 de
1502 3344 1683 3415 aliquo
1731 3342 2031 3399 litterarum

438 3444 716 3515 magistro,
770 3457 860 3512 qm
891 3441 945 3496 in
988 3440 1203 3496 civitate
1232 3438 1380 3494 solus
1407 3444 1509 3504 est,
1556 3436 1808 3503 dicimus,
1835 3435 2035 3492 Omnes

440 3539 543 3592 iste
579 3535 665 3590 hic
703 3534 909 3588 litteras
948 3530 1135 3596 docet;
1167 3544 1277 3584 non
1301 3528 1423 3598 quia
1450 3539 1641 3583 omnes
1667 3524 1903 3591 discunt,
1937 3523 2034 3581 sed

429 3627 558 3700 quia
589 3640 747 3683 nemo
784 3623 882 3680 nisi
941 3623 1009 3678 ab
1036 3622 1130 3678 illo
1165 3620 1353 3684 discit,
1381 3619 1703 3690 quicumque
1728 3618 1803 3674 ibi
1830 3617 2036 3674 litteras

441 3718 596 3775 discit
628 3735 642 3772 :
670 3717 742 3772 ita
770 3724 915 3770 recte
931 3714 1174 3774 dicimus.
1193 3708 1392 3767 Omnes
1417 3710 1556 3766 Deus
1576 3709 1735 3765 docet
1759 3709 1943 3765 venire
1968 3708 2036 3764 ad

437 3810 734 3874 Christum,
781 3821 887 3863 non
932 3805 1058 3876 quia
1101 3817 1292 3858 omnes
1316 3802 1558 3866 veniunt,
1589 3799 1687 3856 sed
1711 3799 1837 3870 quia
1874 3814 2036 3855 nemo

447 3902 608 3956 aliter
636 3899 802 3955 venit.
847 3894 1163 3952 Conantem
1201 3907 1308 3948 non
1340 3905 1529 3947 omnes
1571 3890 1785 3956 doceat,
1829 3889 2039 3959 aperuit

448 3991 762 4063 Apostolus,
787 3997 1046 4059 quantum
1079 3984 1426 4055 aperiendum
1455 3982 1756 4055 judicavit:
1794 3982 1918 4053 quia
1946 3998 2035 4036 vo-

442 4084 554 4137 lens
594 4079 853 4135 ostendere
884 4078 1036 4143 iram,
1086 4086 1133 4129 et
1170 4075 1514 4130 demonstrare
1560 4074 1834 4146 potentiam
1870 4091 2035 4138 suam,

444 4173 615 4233 attulit
639 4173 693 4227 in
721 4170 883 4224 multa
908 4168 1148 4240 patientia
1171 4183 1293 4222 vasa
1327 4167 1420 4221 ira:
1449 4181 1563 4239 qua:
1588 4169 1810 4237 perfecta
1833 4177 1951 4221 sunt
1980 4168 2036 4220 in

432 4266 803 4340 perditionem,
849 4271 894 4316 et
931 4270 986 4314 ut
1024 4268 1169 4315 notas
1210 4260 1362 4331 faciat
1403 4259 1605 4313 divitias
1643 4257 1821 4329 gloria:
1852 4274 1959 4314 sua:
1986 4259 2039 4312 in

444 4374 566 4412 vasa
608 4352 989 4417 misericordiae,
1024 4366 1137 4422 quia
1164 4351 1467 4421 prteparavit
1507 4350 1561 4403 in
1601 4348 1817 4421 gloriam
1857 4350 2034 4422 (Rom.

446 4466 528 4515 ix,
580 4445 789 4516 l8-2‘5).
823 4444 958 4499 Hinc
994 4452 1076 4498 est
1098 4442 1253 4514 ’quod
1283 4442 1489 4496 verbum
1517 4442 1680 4496 crucis
1710 4442 2036 4511 pereuntibus

436 4539 662 4595 stultitia
697 4547 807 4604 est;
842 4536 921 4591 his
952 4545 1122 4589 autem
1159 4535 1245 4605 qui
1290 4534 1419 4589 salvi
1457 4534 1611 4603 ﬁunt,
1642 4535 1801 4588 virtus
1839 4534 1935 4588 Dei
1962 4543 2034 4588 est

448 4633 491 4703 (Ι
516 4632 632 4688 Cor.
664 4646 703 4696 ι,
747 4628 860 4700 18).
899 4627 1009 4684 Hos
1033 4640 1221 4682 omnes
1244 4624 1402 4682 docet
1437 4625 1621 4681 venire
1654 4624 1726 4679 ad
1769 4622 2041 4680 Christum

453 4728 625 4791 Deus;
653 4726 753 4780 hos
777 4723 920 4780 enim
945 4724 967 4755 '
992 4735 1179 4778 omnes
1202 4722 1314 4776 vult
1335 4721 1513 4776 salvos
1543 4719 1680 4786 ﬁeri,
1711 4727 1766 4774 et
1793 4719 1848 4773 in
1886 4717 2042 4788 agni-

452 4820 651 4875 tionem
678 4815 919 4873 veritatis
946 4814 1127 4871 venire
1152 4811 1198 4884 (l
1230 4810 1362 4866 Tim.
1396 4826 1454 4877 n,
1484 4808 1566 4882 4).
1597 4808 1732 4865 Nam
1762 4809 1808 4863 si
1834 4817 1889 4864 et
1918 4808 2044 4863 illos

457 4909 649 4980 quibus
676 4906 902 4963 stultitia
927 4916 1010 4962 est
1035 4904 1256 4960 verbum
1281 4902 1474 4966 erucis,
1510 4909 1569 4955 ut
1593 4899 1659 4955 ad
1673 4898 1942 4955 Christum
1954 4912 2046 4952 ve-

459 5004 660 5066 nirent,
707 4999 900 5055 docere
934 4997 1212 5062 voluisset,
1260 4993 1444 5065 procul
1492 4991 1669 5048 dubio-
1702 4990 1949 5046 venirent
1991 4998 2048 5044 et

456 5094 576 5165 ipsi.
606 5092 724 5149 Non
762 5091 907 5147 enim
944 5089 1078 5145 fallit
1113 5096 1207 5144 aut
1245 5086 1448 5142 fallitur
1487 5084 1578 5155 qui
1620 5083 1713 5147 ait,
1753 5083 1931 5138 Omnis
1963 5081 2049 5151 qui

459 5187 652 5244 audivit
690 5203 724 5241 a
757 5184 912 5241 Patre
948 5193 994 5238 et
1020 5181 1219 5247 didicit,
1262 5178 1396 5233 venit
1423 5176 1491 5231 ad
1515 5193 1613 5232 me.
1642 5176 1797 5232 Absit
1820 5190 1950 5245 ergo
1988 5184 2050 5231 ut

463 5279 742 5349 quisquam
775 5291 879 5330 non
905 5272 1103 5337 veniat,
1126 5268 1218 5340 qui
1246 5284 1278 5324 a
1304 5268 1463 5324 Patre
1490 5266 1692 5322 audivit
1717 5274 1773 5322 et
1796 5264 2004 5322 didicit.

536 5367 629 5422 15.
673 5384 694 5420 ι
719 5364 926 5434 Quare,
956 5379 977 5413 ι
1010 5358 1277 5430 inquiunt,
1313 5376 1333 5410 ι
1365 5373 1474 5413 non
1498 5371 1687 5412 omnes
1713 5354 1908 5411 docet?
1938 5373 1957 5407 ι
1982 5353 2041 5411 Si

443 5460 756 5515 dixerimus
781 5454 904 5526 quia
944 5452 1131 5507 nolunt
1168 5450 1377 5507 discere
1403 5465 1539 5521 quos
1583 5464 1688 5505 non
1728 5448 1922 5513 docet;
1957 5464 2046 5504 re-

454 5547 814 5619 spondebitur
854 5544 1027 5609 nobis,
1067 5543 1136 5597 Et
1164 5542 1251 5599 ubi
1279 5552 1362 5598 est
1385 5542 1526 5612 quod
1554 5542 1602 5598 ei
1631 5541 1857 5607 dicitur,
1888 5539 2047 5607 Deus,

452 5652 523 5695 tu
548 5647 836 5694 convertam
859 5634 1128 5702 viviﬁcabis
1152 5650 1244 5688 nos
1269 5631 1439 5704 (Psal.
1479 5649 1702 5698 LXXXIV,
1743 5632 1840 5702 7)?
1877 5633 1983 5687 Aut
2003 5633 2048 5686 si

527 5770 873 5835 immensa
897 5764 1139 5835 omnium,
1162 5776 1273 5835 πθξιο
1364 5778 1367 5779 ί

467 5891 501 5942 b
529 5832 551 5861 ι
568 5832 659 5942 sic
688 5827 932 5889 minus,
962 5824 1089 5877 enim
1101 5823 1132 5889 ;⁷
1157 5830 1271 5891 quia
1314 5827 1620 5891 manuscripti
1665 5838 1836 5878 omnes
1874 5824 1922 5875 id
1965 5823 2049 5875 ha-

504 5903 567 5941 eu

453 5903 567 5941 meo

1672 404 1740 476 s,
1774 398 2141 461 AUCUSTINI
2185 400 2480 459 LPISCOPI

3610 403 3713 460 9T!

2131 532 2240 572 non
2284 517 2406 574 facit
2450 518 2689 574 volentes
2719 532 2782 573 ex
2829 515 3129 574 uolentibus
3160 518 3328 586 Deus,
3369 519 3552 592 utquid
3587 532 3703 577 orat

2127 605 2363 663 Ecclesia
2400 609 2689 664 secundum
2722 619 3044 679 prmceptum
3075 609 3281 665 Domini
3312 624 3410 680 pro
3440 627 3664 682 persecu
3684 645 3697 654 -

2130 697 2334 755 toribus
2359 700 2468 755 suis
2495 698 2706 773 (Matth.
2738 715 2788 765 v,
2823 699 2955 770 tu)?
2981 698 3112 754 Nam
3143 699 3222 756 sic
3249 701 3412 756 etiam
3437 702 3598 757 voluit
3624 703 3704 757 in~

2128 790 2292 862 telligi
2352 801 2569 846 sanctus
2614 774 2909 862 Cyprianus
2953 787 3055 864 (De
3103 790 3348 846 Oratione
3418 791 3708 856 Dominicu)

2128 882 2268 953 quod
2312 882 2558 949 dicimus,
2591 881 2713 936 Fiat
2755 883 2986 937 voluntas
3015 891 3100 936 tua
3135 883 3265 937 sicut
3306 883 3356 937 in
3403 884 3527 938 caelo
3573 896 3619 938 et
3656 886 3706 937 in

2128 985 2262 1029 terra
2287 973 2499 1047 (Matth.
2532 991 2605 1043 γι,
2640 974 2730 1046 10)
2776 990 2795 1029 :
2822 972 2923 1030 hoc
2951 983 3052 1041 est,
3092 973 3232 1029 sicut
3272 974 3324 1028 in
3361 975 3439 1030 eis
3471 974 3561 1045 qui
3598 976 3708 1044 jtm

2126 1067 2487 1136 crediderunt,
2516 1076 2571 1124 et
2596 1076 2848 1138 tanquam
2873 1066 3067 1124 caelum
3089 1075 3244 1133 sunt;
3270 1066 3340 1121 ita
3362 1074 3416 1122 et
3442 1067 3494 1121 in
3520 1068 3596 1122 eis
3618 1069 3708 1137 qui

2127 1174 2234 1215 non
2261 1159 2506 1227 credunt,
2548 1170 2603 1215 et
2630 1160 2700 1215 ob
2729 1159 2833 1215 hoc
2863 1157 3038 1214 adhuc
3067 1167 3206 1213 terra
3236 1167 3379 1212 sunt.
3413 1156 3555 1226 Quid
3574 1172 3704 1227 ergo

2128 1265 2346 1307 oramus
2374 1266 2472 1322 pro
2498 1250 2800 1306 nolentibus
2826 1238 3067 1315 credere,
3100 1250 3203 1304 nisi
3232 1256 3290 1304 ut
3325 1249 3469 1305 Deus
3509 1250 3561 1311 in
3606 1248 3713 1304 illis

2126 1324 2378 1412 operetur
2403 1351 2467 1398 et,
2482 1341 2619 1398 velle
2658 1340 2921 1410 (Philipp.
2962 1356 3021 1408 ιι,
3062 1339 3197 1411 l3)?
3239 1341 3314 1396 De
3346 1340 3542 1396 Judzeis
3567 1348 3714 1395 certe

2130 1431 2421 1504 Apostolus
2463 1433 2539 1488 ait
2577 1452 2590 1489 :
2637 1432 2869 1498 Fratres,
2911 1431 3042 1486 bona
3067 1431 3297 1485 uoluntas
3318 1430 3522 1502 quidem
3547 1431 3716 1484 cordis

2124 1526 2247 1592 mei,
2286 1534 2336 1579 et
2375 1523 2658 1594 deprecatio
2695 1523 2765 1577 ad
2790 1521 2956 1577 Deum
2986 1538 3077 1592 pro
3120 1520 3225 1576 illis
3265 1521 3322 1591 ﬁt
3363 1521 3382 1553 ί
3422 1521 3477 1575 iu
3499 1520 3715 1576 salutem

2130 1615 2304 1690 (Rom.
2328 1633 2384 1682 ι,
2416 1616 2488 1685 1).
2526 1614 2656 1671 Orat
2682 1630 2776 1685 pro
2801 1612 3294 1678 non‘credentibus,
3334 1612 3482 1683 quid,
3512 1612 3611 1667 nisi
3656 1621 3719 1667 ut

2130 1706 2391 1762 credant?
2433 1705 2547 1762 Non
2584 1707 2727 1762 enim
2755 1706 2909 1760 aliter
2937 1712 3336 1775 consequuntur
3361 1704 3610 1761 salutem.
3653 1705 3712 1759 Si

2130 1810 2260 1867 ergo
2295 1796 2426 1851 ﬁdes
2452 1796 2715 1851 orantium
2747 1795 2837 1850 Dei
2870 1795 3127 1866 prtevenit
3155 1795 3417 1873 gratiam;
3459 1796 3716 1867 numquid

2129 1902 2315 1943 eorum
2347 1886 2480 1943 fides
2501 1926 2517 1953 ,
2559 1900 2656 1957 pro
2681 1885 2873 1958 quibus
2901 1895 3085 1941 oratur
3112 1893 3166 1940 ut
3194 1886 3437 1953 credant,
3465 1887 3557 1942 Dei
3583 1903 3718 1957 prte-

2128 1980 2276 2035 venit
2298 1978 2566 2051 gratiam?
2589 1977 3030 2049 Quandoquidem
3074 1976 3175 2031 hoc
3198 1991 3296 2047 pro
3321 1977 3399 2033 eis
3420 1988 3622 2045 oratur,
3657 1988 3716 2033 ut

2134 2085 2241 2125 non
2268 2069 2630 2132 credentibus,
2664 2069 2715 2125 id
2758 2077 2841 2125 est
2867 2068 3025 2123 ﬁdem
3055 2083 3163 2123 non
3206 2068 3547 2134 habentibus,
3579 2069 3716 2125 ﬁdes

2086 2159 2247 2230 -ipsa
2296 2159 2543 2215 donetur.
2588 2158 2724 2214 Cum
2772 2159 2932 2230 igitur
2986 2158 3331 2230 Evangelium
3380 2158 3718 2229 prtetﬁeatur,

2132 2250 2350 2320 quidam
2376 2248 2603 2306 credunt
2621 2290 2639 2313 .
2667 2248 2882 2320 quidam
2924 2263 3034 2304 non
3058 2248 3283 2304 credunt
3311 2266 3325 2303 :
3361 2249 3458 2306 sed
3481 2250 3569 2321 qui
3598 2265 3720 2307 cre—

2136 2340 2269 2397 dunt
2294 2340 2644 2413 praedicatore
2676 2340 2973 2399 forinsecus
3009 2341 3312 2406 insonante,
3335 2339 3480 2396 intus
3506 2356 3537 2395 a
3563 2341 3722 2397 Patre

2133 2435 2354 2491 audiunt
2377 2443 2536 2507 atque
2559 2433 2810 2499 discunt;
2840 2433 2929 2503 qui
2956 2440 3135 2489 autem
3162 2447 3269 2488 non
3295 2433 3540 2501 credunt,
3589 2433 3723 2491 foris

2133 2525 2376 2592 audiunt,
2411 2526 2553 2581 intus
2577 2539 2685 2580 non
2711 2522 2932 2579 audiunt
2960 2538 3136 2594 neque
3174 2522 3388 2578 discunt
3424 2541 3439 2578 :
3472 2522 3574 2580 hoc
3615 2535 3720 2589 est,

2135 2615 2245 2672 illis
2268 2614 2426 2672 datur
2447 2624 2505 2671 ut
2533 2614 2782 2678 credant,
2810 2612 2915 2668 illis
2944 2627 3048 2668 non
3078 2613 3253 2668 datur.
3283 2612 3415 2680 Quia
3437 2630 3602 2680 nemo,
3636 2613 3722 2668 in-

2132 2708 2271 2780 quit,
2297 2708 2429 2764 venit
2452 2707 2524 2761 ad’
2545 2722 2642 2773 me,
2674 2706 2773 2761 nisi
2800 2704 2955 2760 Pater
2973 2704 3061 2776 qui
3085 2704 3219 2759 misit
3233 2720 3331 2771 me,
3356 2705 3566 2760 traxerit
3585 2720 3719 2760 eum.

2136 2798 2290 2867 Quod
2316 2798 2558 2870 apertius
2583 2806 2764 2868 postea
2807 2795 3021 2852 dicitur.
3061 2794 3194 2850 Nam
3225 2802 3349 2866 post
3393 2794 3722 2866 aliquantum

2140 2907 2262 2949 cum
2289 2890 2356 2947 de
2379 2905 2542 2947 carne
2574 2904 2670 2945 sua
2714 2886 3082 2943 manducanda
3119 2895 3175 2943 et
3205 2886 3435 2943 bibendo
3462 2889 3726 2963 sanguine

2135 2999 2237 3041 suo
2263 2983 2591 3053 loqueretur,
2621 2990 2675 3037 et
2707 2979 2946 3036 dicerent
2971 2979 3186 3051 quidam
3224 2978 3386 3035 etiam
3424 2978 3723 3051 discipulo-

2136 3092 2255 3133 rum
2284 3077 2419 3148 ejus,
2445 3075 2619 3132 Durus
2638 3084 2709 3132 est
2735 3076 2817 3130 hic
2840 3091 3026 3139 sermo,
3051 3074 3164 3145 quis
3181 3080 3343 3145 potest
3368 3089 3482 3128 eum
3504 3073 3683 3128 audire
3699 3074 3726 3128 .’

2137 3167 2318 3224 Sciens
2352 3168 2505 3224 Jesus
2540 3166 2682 3239 apud
2706 3166 3048 3238 semetipsum,
3092 3165 3212 3238 quia
3247 3176 3622 3220 murmurarent
3662 3166 3728 3222 de

2138 3258 2232 3314 hoc
2257 3258 2659 3331 discipuli'ejus,
2689 3256 2820 3312 dixit
2864 3257 2936 3312 eis
2963 3273 2983 3313 :
3024 3254 3137 3312 Hoc
3169 3271 3256 3311 vos
3281 3256 3631 3312 scandalizat?
3659 3256 3729 3312 Et

2138 3352 2297 3422 paulo
2328 3360 2449 3423 post
2479 3367 2497 3406 :
2532 3349 2718 3419 Verba,
2751 3350 2941 3422 inquit,
2971 3365 3085 3422 qua;
3107 3365 3197 3422 ego
3219 3349 3418 3404 locutus
3437 3366 3549 3405 sum
3566 3350 3724 3417 vobis,

2137 3444 2348 3513 spiritus
2369 3453 2414 3498 et
2442 3443 2547 3497 vita
2575 3452 2693 3497 sunt
2720 3458 2739 3496 :
2764 3441 2854 3496 sed
2881 3450 2999 3497 sunt
3024 3440 3229 3512 quidam
3246 3456 3319 3495 ea:
3351 3438 3489 3494 vobis
3516 3441 3603 3511 qui
3626 3458 3729 3496 non

2138 3532 2369 3589 credunt.
2400 3535 2468 3589 Et
2494 3548 2616 3589 mox
2640 3532 2999 3603 Evangelista,
3033 3530 3238 3588 Sciebat
3259 3530 3416 3599 enim,
3449 3531 3639 3603 inquit,
3666 3533 3729 3586 ab

2137 3625 2283 3680 initio
2301 3623 2452 3679 Jesus
2478 3624 2565 3695 qui
2589 3633 2752 3680 essent
2774 3622 3050 3688 credentes,
3082 3631 3129 3677 et
3153 3622 3266 3692 quis
3296 3623 3576 3678 traditurus
3603 3632 3730 3678 esset

2139 3732 2274 3783 eum,
2305 3726 2351 3770 et
2382 3716 2579 3770 dicebat
2630 3730 2652 3771 :
2686 3713 2971 3787 Propterea
2992 3713 3103 3769 dimi
3129 3714 3284 3781 vobis,
3313 3712 3448 3780 Quia
3473 3731 3617 3770 nemo
3639 3732 3731 3777 po-

2141 3815 2235 3862 test
2280 3807 2447 3862 vem're
2485 3806 2555 3860 ad
2594 3822 2694 3874 me,
2734 3806 2832 3861 nisi
2865 3806 3015 3876 fuerit
3052 3805 3097 3860 ei
3141 3805 3316 3859 datum
3350 3822 3382 3860 a
3417 3803 3576 3860 Patre
3616 3823 3729 3861 meo

2142 3896 2321 3968 (Joan.
2354 3914 2428 3962 vi,
2459 3895 2676 3970 44-66).
2704 3897 2845 3968 Ergo
2868 3896 3003 3952 trahi
3031 3911 3062 3952 a
3087 3896 3244 3952 Patre
3262 3896 3329 3951 ad
3356 3895 3648 3965 Christum,
3676 3906 3731 3952 et

2141 3987 2328 4045 audire
2351 4003 2414 4044 ac
2441 3987 2651 4045 discere
2670 4003 2699 4042 a
2730 3987 2890 4044 Patre
2915 3997 2974 4043 ut
2993 3986 3171 4042 veniat
3191 3986 3256 4041 ad
3280 3984 3575 4052 Christum,
3596 3986 3730 4043 nihil

2142 4081 2288 4137 aliud
2318 4090 2421 4148 est,
2449 4097 2608 4153 quam
2646 4080 2846 4136 donum
2875 4081 3123 4150 accipere
3155 4094 3186 4134 a
3214 4079 3393 4146 Patre,
3419 4094 3526 4150 quo
3548 4079 3732 4135 credat

2143 4173 2198 4227 in
2244 4172 2540 4247 Christum.
2589 4172 2775 4242 Neque
2809 4172 2956 4228 enim
3000 4171 3278 4227 audientes
3314 4171 3657 4243 Evangelium
3699 4187 3729 4227 a

2144 4280 2251 4320 non
2271 4265 2625 4332 audientibus,
2648 4263 2742 4320 sed
2764 4263 3044 4320 credentes
3064 4279 3095 4319 a
3117 4278 3222 4319 non
3252 4265 3592 4320 credentibus
3617 4265 3731 4321 dis-

2144 4357 2396 4413 cernebat
2443 4357 2532 4427 qui
2561 4356 2790 4422 dicebat,
2817 4354 2987 4415 Nemo
3005 4355 3137 4414 venit
3156 4356 3225 4410 ad
3244 4372 3339 4424 me,
3382 4356 3482 4412 nisi
3511 4358 3661 4430 fuerit
3687 4359 3733 4412 ei

2145 4449 2320 4503 datum
2338 4465 2371 4503 a
2399 4446 2559 4503 Patre
2586 4465 2716 4504 utea.

2218 4564 2305 4619 16.
2347 4563 2421 4635 (α)
2441 4563 2601 4619 Fides
2621 4563 2800 4634 igitur,
2818 4575 2873 4620 et
2891 4561 3157 4630 inchoata,
3184 4573 3238 4621 et
3251 4564 3501 4635 perfecta,
3519 4563 3721 4620 donum

2151 4656 2245 4711 Dei
2283 4664 2367 4711 est
2395 4673 2408 4709 :
2435 4665 2491 4711 et
2526 4655 2629 4711 hoc
2655 4655 2854 4711 donum
2887 4655 3204 4726 quibusdam
3240 4655 3389 4722 dari,
3416 4657 3733 4727 quibusdam

2147 4764 2253 4809 non
2292 4748 2425 4813 dari,
2462 4749 2681 4803 omnino
2719 4763 2825 4803 non
2867 4748 3106 4814 dubitet,
3142 4749 3229 4819 qui
3272 4763 3378 4803 non
3415 4749 3529 4805 vult
3565 4751 3731 4806 mani-
3815 4753 3824 4762 ”

2150 4840 2455 4897 festissimis
2480 4840 2650 4897 sacris
2674 4839 2891 4897 Litteris
2929 4855 3249 4913 repugnare.
3289 4842 3398 4897 Cur
3420 4852 3598 4898 autem
3628 4859 3735 4899 non

2149 4934 2398 4989 omnibus
2431 4933 2609 4999 detur,
2634 4932 2845 4989 ﬁdelem
2867 4947 3085 4988 movere
3117 4948 3227 4988 non
3248 4933 3428 5000 debet,
3451 4934 3543 5005 qui
3566 4936 3740 4992 credit

2150 5039 2216 5079 ex
2242 5039 2350 5080 uno
2386 5039 2575 5080 omnes
2601 5024 2708 5080 isse
2744 5023 2796 5078 in
2822 5022 3345 5093 condemnationem,
3374 5026 3492 5082 sine
3523 5024 3740 5081 dubita-

2153 5118 2296 5173 tione
2317 5117 2667 5188 justissimam
2698 5132 2711 5171 :
2742 5116 2811 5170 ita
2839 5123 2899 5169 ut
2935 5115 3075 5170 nulla
3106 5116 3198 5171 Dei
3226 5127 3368 5172 esset
3389 5116 3531 5186 justa
3557 5132 3742 5187 repre-

2154 5208 2366 5275 hensio,
2407 5208 2617 5264 etiamsi
2660 5207 2833 5262 nullus
2874 5206 2999 5262 inde
3037 5206 3375 5262 liberaretur.
3421 5207 3571 5264 Unde
3607 5222 3740 5264 con-

2152 5310 2260 5355 stat
2297 5315 2541 5371 magnam
2569 5314 2689 5354 esse
2714 5298 2961 5370 gratiam,
2989 5297 3134 5368 quod
3167 5298 3385 5369 plurimi
3420 5298 3739 5367 liberantur,

2153 5400 2209 5446 et
2243 5390 2367 5461 quid
2417 5391 2516 5445 sibi
2571 5389 2887 5458 deberetur,
2930 5390 2983 5444 in
3027 5389 3107 5445 eis
3146 5391 3235 5461 qui
3287 5405 3393 5446 non
3446 5391 3742 5447 liberantur

2153 5493 2449 5555 agnoscunt
2489 5502 2503 5537 :
2545 5493 2602 5537 ut
2641 5483 2729 5552 qui
2768 5482 3056 5553 gloriatur,
3098 5496 3204 5537 non
3253 5483 3305 5538 in
3361 5484 3473 5538 suis
3500 5485 3741 5545 ‘meritis.

2154 5591 2273 5646 qua:
2313 5574 2460 5645 paria
2502 5574 2647 5630 videt
2689 5588 2809 5631 esse
2845 5573 3128 5638 damnatis,
3156 5573 3252 5629 sed
3291 5574 3345 5630 in
3369 5575 3595 5630 Domino
3626 5576 3743 5647 glu-

2156 5662 2385 5720 rietur".
2429 5665 2535 5720 Cur
2571 5672 2747 5719 autem
2782 5664 2938 5717 istum
2967 5664 3139 5732 potius
3162 5679 3318 5735 quam
3355 5665 3503 5721 illum
3528 5665 3740 5732 liberet,

2110 5806 2120 5819 κ
2220 5759 2237 5789 ί
2261 5765 2440 5819 omnes
2460 5769 2609 5819 prope
2634 5763 2739 5819 Mss.
2759 5755 3001 5813 omittunt,
3022 5752 3094 5819 ﬁt.

2217 5820 2238 5883 ἦ
2263 5818 2398 5883 editi,
2426 5813 2476 5867 ut
2498 5813 2581 5883 qui
2601 5816 2893 5883 gloriantur,
3230 5814 3433 5883 [ueritis
3453 5829 3566 5881 qua
3600 5824 3747 5883 parta

2219 5880 2292 5943 (tt)
2326 5880 2407 5929 uie
2430 5877 2556 5944 apud
2582 5877 2681 5928 tim.
2710 5885 2761 5929 et
2782 5883 2855 5928 Er.
2882 5878 3047 5941 incipit
3068 5885 3212 5940 caput
3226 5877 3276 5929 9.

1864 6482 2031 6490 -Δ
2096 6481 2153 6492 Δ
2227 6487 2255 6492 .-
