4122 6528
368 592 725 651 inscrutabilia
769 601 890 647 sunt
925 591 1123 663 judicia
1160 591 1276 661 ejus
1314 599 1370 646 et
1417 588 1811 658 investigahiles
1849 585 1948 641 vite

367 688 483 756 ejus
510 685 687 759 (Rom.
710 672 925 758 xr,"53).
969 684 1154 740 Melius
1178 683 1320 738 enim
1360 693 1415 738 et
1455 681 1541 738 hic
1577 681 1822 735 audimus
1859 689 1947 734 aut

373 778 619 842 dicimus,
647 774 691 831 0
713 777 883 841 homo,
901 786 955 829 tu
980 776 1092 847 quis
1118 792 1170 830 es
1194 775 1281 845 qui
1308 773 1609 846 respondeas
1635 770 1747 826 Deo
1769 770 1946 845 (Rom.

366 885 417 923 Ix
438 910 453 933 ,
489 868 644 938 20)?
683 882 841 936 quam
885 865 1067 922 dicere
1103 865 1392 928 audemus,
1432 863 1585 933 quasi
1620 864 1944 927 noverimus,

367 956 510 1027 quod
549 956 815 1011 occultum
849 970 971 1011 esse
994 955 1179 1021 voluit,
1218 955 1311 1026 qui
1354 963 1531 1010 tamen
1569 952 1767 1025 aliquid
1805 951 1948 1023 inju-

367 1060 507 1104 stum
550 1047 687 1103 velle
726 1061 830 1101 non
871 1047 1061 1117 potuit.

437 1140 666 1197 CAPUT
704 1138 797 1195 IX.
829 1169 904 1181 —
932 1140 1019 1194 I7.
1057 1138 1188 1194 Illud
1224 1146 1401 1194 autem
1435 1137 1579 1211 quod
1614 1136 1668 1193 in
1691 1134 1949 1207 opusculo

364 1247 487 1289 meo
520 1231 752 1303 quodam
778 1239 963 1287 contra
983 1217 1341 1303 Porphyrium
1363 1229 1462 1285 sub
1488 1228 1663 1295 titulo,
1697 1227 1767 1283 de
1791 1226 1953 1282 Tem-

365 1337 495 1392 pore
517 1322 829 1378 Christiana:
858 1320 1160 1392 religionis,
1191 1334 1277 1375 me
1330 1319 1528 1376 dixisse
1563 1317 1835 1383 recolitis;
1876 1316 1948 1372 ita

364 1415 503 1481 dixi,
528 1423 587 1470 ut
628 1413 767 1472 hanc
794 1407 1182 1482 diligentiorem
1219 1420 1275 1468 et
1309 1411 1674 1480 Operosiorem
1708 1408 1948 1480 disputa-

365 1509 564 1561 tionem
593 1505 660 1560 de
689 1502 869 1561 Gratia
895 1503 1247 1573 przeterirem,
1270 1517 1378 1557 non
1412 1515 1542 1557 sane
1565 1500 1762 1557 omissa
1786 1498 1950 1569 signi-

364 1599 645 1663 ﬁcatione,
688 1597 829 1668 quod
868 1611 987 1652 eam
1027 1596 1147 1651 loco
1190 1596 1280 1650 illo
1322 1595 1590 1665 explicare
1631 1592 1945 1660 noluissem,

363 1705 483 1758 qua:
509 1696 690 1759 posset
712 1688 842 1743 alias
862 1687 947 1742 vel
971 1686 1039 1741 ab
1057 1686 1178 1741 aliis
1203 1685 1460 1757 explicari
1482 1685 1525 1739 ί.
1548 1684 1679 1739 Nam
1706 1684 1777 1738 ita
1799 1682 1949 1738 locu-

364 1788 453 1833 tus
490 1794 608 1835 sum
653 1778 794 1832 inter
829 1786 1050 1843 cmtera,
1094 1776 1426 1847 respondens
1471 1775 1759 1845 proposita:
1798 1786 1947 1844 quae-

362 1869 546 1937 stioni,
574 1867 682 1923 Cur
700 1868 943 1924 Christus
963 1877 1083 1937 post
1116 1875 1223 1922 tam
1258 1867 1411 1937 longa
1444 1874 1684 1936 tempora
1705 1864 1945 1919 venerit:

367 1981 386 2014 ι
416 1961 680 2028 Proinde,
712 1980 730 2015 ι
762 1961 1006 2032 inquam,
1034 1979 1053 2013 ι
1099 1975 1220 2016 cum
1262 1960 1477 2015 Christo
1520 1973 1625 2014 non
1672 1956 1945 2025 objiciunt,

359 2054 500 2125 quod
527 2055 642 2125 ejus
671 2052 970 2109 doctrinam
995 2068 1104 2108 non
1128 2067 1316 2108 omnes
1353 2060 1646 2122 sequuntur
1669 2046 1950 2122 (’sentiunt

360 2147 501 2201 enim
529 2155 583 2199 et
618 2145 717 2215 ipsi
756 2160 1087 2216 nequaquam
1129 2144 1231 2199 hoc
1268 2152 1412 2199 recte
1446 2142 1605 2212 objici
1646 2155 1824 2211 posse,
1864 2141 1948 2195 vel

360 2238 634 2307 sapientia:
674 2238 1133 2308 philosOphorum,
1168 2236 1253 2292 vel
1291 2236 1452 2292 etiam
1481 2235 1685 2289 numini
1724 2233 1945 2289 deorum

359 2331 641 2399 suorum);
672 2329 796 2399 quid
820 2328 1223 2399 respondebunt
1247 2328 1292 2382 si
1320 2335 1540 2397 excepta
1564 2326 1649 2380 illa
1671 2324 1948 2381 altitudine

360 2421 635 2491 sapientia:
669 2427 727 2476 et
746 2420 986 2484 scientia:
1014 2419 1134 2487 Dei,
1158 2419 1248 2474 ubi
1278 2418 1522 2474 fortassis
1550 2417 1693 2473 aliud
1712 2416 1948 2472 divinum

360 2512 639 2567 consilium
668 2511 824 2582 longe
855 2511 1113 2568 secretius
1147 2511 1295 2578 latet,
1318 2511 1435 2566 sine
1459 2509 1768 2580 praejudicio
1786 2510 1947 2564 etiam

360 2604 583 2659 aliarum
607 2604 741 2659 forte
763 2618 1068 2671 causarum,
1091 2619 1211 2674 quae
1233 2618 1262 2657 a
1287 2602 1635 2674 prudentibus
1656 2601 1904 2672 vestigari
1924 2602 1947 2633 '

360 2703 583 2764 queunt,
618 2693 720 2748 hoc
746 2694 918 2748 solum
944 2694 1024 2749 eis
1043 2693 1321 2749 brevitatis
1353 2692 1521 2764 gratia
1544 2691 1597 2748 in
1625 2691 1780 2763 hujus
1802 2706 1951 2762 quae-

363 2784 555 2840 stionis
581 2784 937 2855 disputatione
960 2783 1224 2852 dicamus,
1244 2792 1369 2839 tunc
1388 2784 1622 2840 voluisse
1646 2783 1950 2840 hominibus

363 2890 625 2946 apparere
646 2874 939 2943 Christum,
963 2882 1017 2931 et
1036 2874 1177 2945 apud
1210 2890 1305 2931 eos
1339 2874 1618 2945 praedicari
1645 2873 1947 2929 doctrinam

361 2981 533 3030 suam,
558 2966 772 3036 quando
802 2965 1022 3032 sciebat,
1053 2973 1109 3020 et
1137 2963 1227 3020 ubi
1255 2964 1458 3021 sciebat
1480 2979 1601 3019 esse
1627 2964 1717 3034 qui
1750 2964 1801 3018 in
1825 2979 1948 3019 eum

364 3056 573 3111 fuerant
606 3054 903 3111 credituri?
944 3054 1040 3111 His
1076 3055 1221 3111 enim
1248 3056 1574 3126 temporibus
1598 3065 1653 3110 et
1679 3055 1765 3109 his
1794 3055 1946 3125 locis,

363 3146 558 3217 quibus
595 3146 945 3218 Evangelium
985 3146 1103 3218 ejus
1140 3162 1247 3201 non
1290 3155 1374 3202 est
1411 3145 1774 3217 praedicatum,
1816 3147 1950 3203 tales

345 3254 552 3297 omnes
579 3241 632 3295 in
661 3240 778 3311 ejus
816 3239 1193 3310 praedicatione
1225 3237 1434 3296 futuros
1467 3254 1589 3295 esse
1616 3239 1947 3309 prseseicbat,

362 3330 569 3401 quales,
599 3346 705 3385 non
726 3330 941 3402 quidem
976 3329 1309 3398 omnespsed
1344 3339 1524 3387 tamen
1560 3330 1712 3384 multi
1743 3330 1796 3385 in
1834 3330 1950 3400 ejus

362 3421 625 3492 corporali
653 3420 936 3492 prtesentia
964 3420 1197 3488 fuerunt,
1220 3421 1310 3491 qui
1336 3421 1390 3475 iu
1413 3435 1535 3476 eum
1558 3435 1659 3477 nec
1678 3420 1950 3477 suscitatis

362 3513 432 3569 ab
456 3528 522 3568 eo
540 3512 789 3579 mortuis,
815 3511 1037 3567 credere
1056 3512 1373 3577 voluerunt;
1413 3511 1599 3582 quales
1619 3510 1783 3565 etiam
1810 3525 1951 3566 nunc

367 3606 564 3661 multos
602 3604 875 3670 videmus,
918 3619 1039 3660 cum
1089 3612 1231 3658 tanta
1284 3601 1713 3659 mauifestatione
1749 3600 1817 3657 de
1859 3601 1951 3658 illo

363 3697 737 3767 compleantur
753 3695 1022 3767 prtecouia
1043 3692 1450 3764 PrOpbetarum,
1472 3693 1616 3749 nolle
1636 3692 1811 3749 adhuc
1832 3707 1951 3749 cre-

363 3788 527 3857 dere,
557 3797 611 3843 et
639 3787 799 3842 malle
825 3785 1058 3841 humana
1096 3784 1288 3840 astutia
1325 3785 1576 3840 resistere
1598 3826 1615 3852 ,
1650 3800 1810 3856 quam
1843 3794 1950 3840 tam

364 3884 525 3939 clam
549 3891 710 3953 atque
732 3881 1057 3952 perspicute,
1087 3890 1304 3949 tamque
1327 3878 1541 3933 sublimi
1569 3887 1622 3933 et
1654 3878 1952 3933 sublimiter

364 3973 650 4029 diffamatus
673 3972 867 4028 divina:
891 3971 1086 4029 cedere
1118 3969 1442 4032 auctoritati,
1468 3968 1723 4039 quamdiu
1757 3984 1951 4039 parvus

365 4075 418 4120 et
454 4051 697 4120 infirmus
729 4076 813 4121 est
858 4064 1160 4120 intellectus
1183 4062 1447 4126 hominis,
1479 4061 1673 4117 divina:
1698 4061 1953 4118 accedere

365 4156 575 4211 veritati
601 4155 643 4210 ³.
684 4154 822 4223 Quid
849 4169 978 4226 ergo
1007 4154 1200 4210 mirum
1219 4194 1238 4221 ,
1265 4153 1311 4209 si
1349 4162 1460 4209 tam
1495 4152 1805 4208 infidelibus
1834 4152 1950 4222 ple-

366 4242 494 4301 num
526 4244 711 4301 orbem
748 4254 1010 4300 terrarum
1032 4244 1279 4300 Christus
1314 4243 1582 4313 prioribus
1614 4243 1825 4298 saeculis
1858 4257 1954 4297 no-

367 4349 516 4393 verat
539 4336 580 4402 δ,
611 4346 671 4391 ut
706 4337 785 4391 eis
814 4350 1076 4407 apparere
1101 4336 1184 4391 vel
1209 4335 1491 4407 pradicari
1528 4336 1724 4391 merito
1764 4335 1949 4399 nollet,

363 4443 499 4497 quos
528 4442 627 4481 nec
653 4426 831 4482 verbis
852 4467 867 4493 ,
895 4440 996 4482 nec
1032 4426 1303 4482 miraculis
1345 4425 1457 4482 suis
1495 4426 1796 4482 credituros
1832 4441 1953 4482 esse

365 4516 722 4589 prtesciebat?
762 4516 946 4588 Neque
971 4518 1113 4572 enim
1153 4517 1463 4572 incredibile
1486 4527 1586 4582 est,
1623 4518 1756 4573 tales
1790 4517 1953 4573 fuisse

367 4619 494 4662 tunc
534 4622 744 4671 omnes,
788 4607 973 4678 quales
1012 4607 1081 4663 ab
1115 4606 1232 4677 ejus
1268 4608 1501 4663 adventu
1540 4623 1709 4679 usque
1745 4608 1813 4663 ad
1851 4608 1954 4664 hoc

367 4705 576 4766 tempus
614 4706 719 4752 tam
761 4695 957 4751 multos
999 4694 1162 4751 fuisse
1199 4704 1359 4766 atque
1398 4711 1518 4752 esse
1562 4698 1838 4752 miramur.
1885 4698 1954 4753 Et

294 4774 303 4781 ’
367 4797 544 4842 tamen
568 4787 635 4842 ab
668 4787 818 4842 initio
841 4787 1054 4859 generis
1088 4785 1305 4841 humani
1324 4827 1340 4851 ,
1368 4787 1502 4841 alias
1530 4788 1793 4853 ocultius,
1822 4788 1953 4842 alias

270 4910 288 4924 ο
364 4879 703 4948 evidentius,
759 4880 897 4935 sicut
951 4894 1249 4950 congruere
1308 4879 1643 4949 temporibus
1701 4879 1953 4934 divinitus

366 4972 534 5027 visum
574 4982 674 5041 est,
720 4988 819 5030 nec
858 4971 1167 5044 prophetari
1205 4971 1428 5036 destitit,
1473 4985 1572 5026 nec
1611 4972 1699 5041 qui
1739 4972 1792 5026 in
1829 4987 1951 5026 eum

365 5063 651 5120 crederent
685 5065 986 5133 defuerunt,
1029 5074 1082 5122 et
1116 5066 1185 5123 ab
1216 5063 1388 5121 Adam
1414 5079 1582 5134 usque
1610 5063 1677 5118 ad
1710 5063 1949 5135 Moysen,

1255 475 1456 532 unt-1R
1498 474 1585 530 us
1624 465 2286 529 PREDESTINATIONE
2324 468 2760 530 SANCTORUM.
3182 493 3193 504 -

3539 480 3643 535 9η

2063 595 2117 641 et
2143 586 2195 641 in
2230 586 2345 657 ipso
2380 589 2572 658 populo
2596 587 2777 657 Israel,
2805 604 2922 661 quae
2948 591 3162 662 speciali
3190 590 3418 663 quodam
3445 606 3642 667 mystc-

2058 676 2141 732 rio
2182 692 2314 748 gens
2358 679 2667 749 prephetica
2704 680 2837 747 fuit;
2882 683 3009 736 etin
3046 681 3168 737 aliis
3205 685 3448 754 gentibus
3486 697 3637 740 ante«

2057 781 2217 838 quam
2246 770 2481 825 venisset
2502 770 2555 824 in
2581 785 2763 827 carne.
2804 771 2936 826 Cum
2962 773 3104 826 enim
3147 774 3384 830 nonnulli
3408 791 3640 831 comme-

2057 868 2334 915 morantur
2356 858 2408 914 in
2436 862 2634 917 sanctis
2656 860 2932 918 Hebraicis
2967 864 3137 928 libris,
3159 864 3269 934 jam
3303 881 3368 920 ex
3400 875 3641 937 tempore

2056 948 2305 1032 Abrahag,
2353 966 2451 1007 nec
2486 952 2554 1008 de
2592 954 2758 1024 stirpe
2802 955 2979 1009 carnis
3018 955 3155 1026 ejus,
3198 973 3297 1012 uec
3335 974 3399 1013 ex
3444 960 3638 1029 pepulo

2056 1040 2244 1109 Israel,
2288 1057 2386 1098 nec
2420 1059 2486 1099 ex
2524 1045 2812 1101 adventitia
2840 1048 3096 1103 societate
3138 1049 3190 1103 in
3233 1050 3426 1119 populo
3454 1052 3635 1117 Israel,

2056 1133 2145 1201 qui
2182 1142 2359 1189 tamen
2386 1134 2544 1206 hujus
2579 1138 2898 1192 sacramenti
2939 1140 3219 1208 participes
3256 1142 3504 1207 fuerunt;
3545 1159 3640 1197 cur
3726 1153 3733 1159 ‘

2056 1239 2163 1280 non
2186 1225 2468 1282 credamus
2500 1231 2660 1282 etiam
2693 1228 2745 1281 in
2765 1229 2976 1284 caeteris
3010 1229 3111 1285 hac
3130 1239 3292 1300 atque
3327 1232 3447 1288 illac
3468 1235 3641 1302 genti-

2053 1314 2155 1371 bus
2192 1315 2326 1370 alias
2353 1316 2489 1371 alios
2525 1314 2689 1372 fuisse
2715 1318 2752 1383 ί,
2794 1320 3039 1389 quamvis
3074 1336 3169 1375 eos
3193 1332 3641 1377 commemoratos

2054 1408 2113 1461 in
2158 1406 2362 1462 eisdem
2416 1408 2821 1464 auctoritatibus
2876 1426 2982 1466 non
3031 1411 3312 1481 legamus?
3370 1412 3444 1467 lta
3495 1414 3640 1468 salus

2053 1498 2325 1569 religionis
2364 1499 2540 1570 hujus,
2583 1516 2679 1572 per
2710 1518 2869 1572 quam
2908 1504 3076 1557 solam
3110 1520 3288 1560 veram
3330 1507 3476 1561 salus
3514 1522 3636 1561 vera

2053 1592 2422 1663 veraeiterque
2476 1594 2839 1664 promittitur,
2880 1596 3008 1651 nulli
3063 1613 3295 1667 unquam
3342 1598 3510 1653 defuit
3547 1601 3636 1670 qui

2052 1682 2242 1754 dignus
2288 1683 2424 1750 fuit;
2471 1696 2525 1740 et
2569 1686 2649 1740 cui
2694 1685 2896 1751 defuit,
2939 1687 3130 1757 dignus
3160 1705 3264 1743 non
3306 1690 3420 1743 fuit.
3468 1691 3532 1745 Et
3570 1690 3636 1743 ab

2053 1773 2272 1829 exordio
2299 1776 2694 1847 propagationis
2734 1775 2981 1831 humanm
3014 1794 3185 1848 usque
3217 1780 3267 1832 in
3305 1780 3482 1845 fmcm,
3516 1782 3636 1851 qui-

2053 1862 2273 1918 busdam
2301 1865 2366 1919 ad
2411 1867 2706 1935 prmmium,
2746 1868 3062 1938 quibusdam
3103 1869 3169 1923 ad
3205 1870 3462 1939 judicium
3503 1887 3639 1941 prte-

2051 1957 2279 2011 dicatur.
2330 1958 2409 2013 Ac
2448 1974 2543 2028 per
2598 1959 2698 2015 hoc
2736 1970 2789 2015 et
2840 1960 3033 2031 quibus
3071 1961 3288 2015 omnino
3326 1963 3635 2017 annuntiata

2051 2061 2160 2101 non
2182 2057 2283 2112 est,
2308 2064 2414 2104 non
2437 2050 2688 2106 credituri
2728 2052 3179 2121 przesciebantur;
3220 2061 3277 2107 et
3305 2054 3496 2123 quibus
3530 2071 3634 2109 non

2045 2137 2334 2200 credituris
2356 2149 2530 2197 tamen
2556 2142 2869 2196 annuntiata
2889 2153 2992 2208 est,
3018 2143 3071 2198 in
3096 2143 3307 2198 illorum
3329 2145 3634 2215 exemplum

2051 2226 2488 2286 demonstrantur
2512 2250 2524 2285 :
2548 2233 2741 2303 quibus
2762 2241 2939 2287 autem
2965 2234 3245 2289 credituris
3271 2236 3630 2299 annuutiatur,

2052 2320 2107 2374 hi
2137 2336 2304 2391 regno
2336 2323 2591 2378 ctelorum
2623 2332 2676 2379 et
2702 2334 3007 2379 sanctorum
3051 2325 3356 2395 angelorum
3395 2327 3636 2381 societati

2052 2421 2421 2484 praeparantur
2445 2434 2465 2468 ›
2496 2414 2689 2487 (Epist.
2721 2417 2841 2479 102,
2865 2434 2954 2470 nn.
2979 2418 3066 2483 14,
3092 2418 3203 2489 l5).

2125 2503 2215 2560 18.
2254 2503 2577 2572 Ccrnitisne,
2604 2522 2691 2562 me
2714 2508 2830 2562 sine
2857 2508 3165 2578 przejudicio
3191 2509 3403 2565 latentis
3428 2509 3638 2564 consilii

2054 2596 2150 2652 Dei
2177 2597 2509 2669 aliarumque
2530 2614 2831 2666 causarum,
2856 2600 2961 2655 hoc
2988 2600 3060 2655 'de
3086 2602 3418 2670 prmscientia
3439 2601 3638 2657 Christi

2051 2688 2234 2745 dicere
2254 2691 2507 2757 voluisse,
2530 2690 2669 2762 quod
2690 2692 3069 2748 convincenda:
3089 2692 3421 2763 Paganorum
3452 2692 3639 2747 infide-

2050 2779 2209 2845 litati,
2231 2782 2321 2852 qui
2345 2782 2482 2837 hanc
2503 2782 2812 2853 objecerant
2832 2784 3199 2855 qumstionem,
3225 2784 3471 2847 sufficere
3491 2785 3640 2840 vide-

2052 2872 2242 2927 retur?
2278 2871 2416 2940 Quid
2454 2874 2595 2929 euim
2633 2883 2717 2930 est
2739 2875 2950 2940 verius,
2976 2892 3133 2946 quam
3171 2876 3448 2946 praescisse
3476 2876 3636 2931 Citri-

2051 2972 2212 3031 stum,
2240 2965 2328 3036 qui
2361 2975 2416 3021 et
2448 2965 2661 3035 quando
2689 2974 2745 3021 et
2774 2967 2967 3038 quibus
3006 2968 3138 3023 locis
3171 2968 3223 3022 in
3266 2983 3387 3023 eum
3425 2968 3639 3023 fuerant

2052 3057 2357 3113 credituri?
2412 3057 2520 3114 Sed
2559 3068 2737 3114 utrum
2788 3059 3074 3129 przedicato
3110 3060 3210 3114 sibi
3254 3059 3467 3115 Christo
3507 3076 3537 3115 a
3576 3076 3638 3115 se

2053 3150 2184 3221 ipsis
2228 3151 2456 3207 habituri
2496 3160 2677 3207 essent
2724 3151 2881 3207 Iidem
2905 3193 2921 3217 ,
2962 3166 3029 3206 an
3072 3152 3181 3206 Deo
3217 3150 3451 3206 donante
3491 3167 3637 3207 sum-

2053 3245 2223 3315 pturi,
2256 3245 2305 3301 id
2332 3255 2443 3314 est,
2470 3255 2645 3302 utrum
2672 3247 3040 3304 tantummodo
3078 3263 3173 3304 eos
3211 3249 3526 3320 prmscierit,
3566 3265 3635 3305 an

2053 3338 2214 3393 etiam
2240 3330 2697 3407 przedestinaverit
2716 3339 2877 3405 Deus,
2900 3354 3142 3410 quairere
3174 3350 3335 3411 atque
3368 3339 3637 3396 disserere

2056 3439 2181 3484 tunc
2222 3430 2583 3485 necessarium
2629 3446 2735 3485 non
2787 3431 2985 3501 putavi.
3041 3431 3269 3486 Proinde
3312 3431 3456 3501 quod
3503 3432 3634 3496 dixi,

2059 3539 2079 3573 ι
2114 3521 2262 3577 Tunc
2299 3522 2533 3577 voluisse
2583 3521 2887 3577 hominibus
2929 3536 3187 3591 apparere
3231 3521 3537 3587 Cbrismm,
3579 3532 3637 3577 et

2052 3611 2192 3682 apud
2223 3627 2316 3667 eos
2349 3610 2626 3683 przedicari
2655 3608 2951 3672 doctrinam
2972 3628 3122 3668 suam
3140 3653 3155 3677 ,
3184 3613 3397 3683 quando
3433 3614 3638 3669 sciebat

2054 3711 2110 3759 et
2143 3704 2231 3759 ubi
2268 3703 2470 3760 sciebat
2505 3718 2625 3760 esse
2661 3704 2749 3773 qui
2788 3704 2845 3758 in
2877 3718 2999 3759 eum
3040 3702 3250 3757 fuerant
3287 3703 3577 3758 credituri:
3611 3724 3630 3755 ι

2054 3806 2232 3868 potest
2265 3798 2427 3853 etiam
2449 3796 2527 3853 sic
2549 3796 2677 3864 dici,
2700 3795 2853 3852 Tunc
2873 3796 3103 3855 voluisse
3134 3794 3437 3851 hominibus
3470 3811 3634 3866 appa-

2054 3907 2176 3947 rere
2222 3890 2492 3945 Christum
2519 3932 2534 3955 ,
2575 3899 2630 3944 et
2680 3887 2819 3959 apud
2866 3903 2961 3943 eos
3012 3887 3292 3958 praedicari
3342 3887 3635 3942 doctrinam

2055 3997 2225 4047 suam,
2260 3980 2472 4051 quando
2507 3980 2711 4035 sciebat
2745 3987 2800 4034 et
2840 3978 2929 4033 ubi
2968 3977 3169 4033 sciebat
3197 3991 3317 4033 esse
3357 3978 3445 4047 qui
3483 3978 3637 4032 electi

2055 4071 2265 4126 fuerant
2304 4056 2355 4125 in
2401 4071 2517 4140 ipso
2554 4079 2677 4125 ante
2718 4068 2901 4123 mundi
2940 4068 3376 4124 constitutionem
3422 4068 3637 4139 (Ephes.

2056 4179 2093 4227 ι,
2125 4163 2205 4234 4).
2240 4162 2345 4218 Sed
2375 4162 2627 4232 quoniam
2658 4161 2701 4216 si
2734 4161 2806 4215 ita
2832 4160 3125 4227 diceretur,
3151 4159 3404 4215 lectorem
3439 4159 3642 4215 faceret

2056 4253 2317 4309 intentum
2358 4245 2426 4306 ad
2454 4267 2517 4307 ea
2556 4249 2873 4321 requirenda
2895 4292 2911 4316 ,
2947 4266 3067 4320 qua:
3106 4265 3249 4304 nunc
3290 4265 3358 4304 ex
3393 4250 3640 4304 admoni-

2058 4348 2201 4402 tione
2232 4344 2501 4415 Pelagiani
2526 4345 2730 4399 erroris
2759 4358 2980 4398 necesse
3005 4349 3089 4397 est
3115 4341 3386 4410 copiosius
3412 4350 3466 4396 et
3490 4340 3639 4395 labo-

2057 4437 2251 4492 riosius
2278 4435 2575 4504 disputari;
2618 4433 2790 4487 visum
2834 4432 2961 4487 mihi
3001 4439 3113 4499 est,
3154 4431 3296 4502 quod
3343 4442 3467 4485 tunc
3510 4430 3642 4486 satis

2057 4538 2203 4593 erat,
2234 4526 2466 4584 breviter
2492 4540 2612 4582 esse
2636 4524 2941 4590 dicendum,
2972 4531 3194 4593 excepta
3215 4566 3230 4587 ,
3259 4534 3315 4578 ut
3345 4524 3487 4589 dixi,
3520 4524 3641 4577 alti-

2058 4621 2242 4675 tudine
2279 4618 2554 4688 sapientize
2591 4626 2647 4673 et
2680 4616 2917 4672 scientia:
2946 4616 3068 4682 Dei,
3099 4626 3154 4671 et
3184 4616 3300 4671 sine
3330 4614 3641 4685 przejudicio

2056 4713 2279 4765 aliarum
2325 4724 2605 4787 causarum
2649 4708 2719 4763 de
2758 4708 2950 4779 quibus
2992 4722 3098 4762 non
3140 4716 3293 4772 tunc,
3327 4706 3421 4762 sed
3458 4706 3591 4761 alias
3618 4710 3639 4739 '

2057 4803 2409 4873 Opportunius
2437 4801 2813 4871 disputandum
2844 4799 3046 4871 putavi.

2128 4893 2352 4949 CAPUT
2392 4893 2457 4948 X.
2489 4924 2562 4933 -—
2596 4894 2679 4948 l9.
2711 4893 2840 4948 Item
2870 4891 3011 4962 quod
3041 4890 3173 4957 dixi,
3201 4908 3221 4943 ι
3254 4891 3491 4946 Salutem
3516 4893 3643 4946 reli-

2055 4986 2228 5055 gionis
2259 4978 2418 5055 hujus
2462 4985 2590 5039 nulli
2635 4999 2869 5055 unquam
2901 4982 3136 5038 defuisse
3167 4982 3254 5052 qui
3286 4982 3479 5053 dignus
3522 4983 3640 5045 fuit,

2057 5088 2111 5132 et
2138 5076 2355 5147 dignum
2394 5091 2499 5130 non
2540 5073 2702 5130 fuisse
2746 5075 2832 5133 cui
2874 5073 3082 5140 defuit;
3118 5091 3138 5126 ι
3168 5072 3214 5129 si
3242 5072 3557 5128 discutiatur
3591 5086 3647 5129 et

2056 5176 2325 5239 qua-ratur
2371 5166 2511 5222 unde
2556 5166 2781 5236 quisque
2807 5165 2878 5221 sit
2905 5164 3130 5235 dignus,
3161 5180 3266 5220 non
3314 5166 3503 5220 desunt
3553 5167 3643 5235 qui

2057 5260 2255 5323 dicant,
2287 5257 2562 5313 voluntate
2591 5256 2820 5310 humana
2855 5274 2867 5309 :
2904 5272 3000 5310 uos
3029 5265 3208 5311 autem
3238 5256 3495 5322 dicimus,
3526 5271 3646 5327 gra-
3682 5308 3687 5321 ,

2059 5351 2131 5406 tia
2160 5350 2244 5405 vel
2273 5336 2742 5420 prmdestiuatio'ne
2784 5346 2982 5401 divina.
3035 5347 3180 5403 Inter
3218 5348 3438 5419 gratiam
3484 5361 3646 5416 porro
3674 5336 3685 5423 ς

1946 5477 1966 5495 ε
2058 5451 2112 5497 et
2141 5439 2659 5512 praedestinationem
2689 5437 2793 5493 hoc
2821 5446 3021 5514 tantum
3044 5439 3309 5511 interest,
3341 5438 3482 5509 quod
3511 5428 3675 5506 pne-5‘
3704 5426 3707 5433 λ

2057 5530 2342 5588 destinatio
2374 5518 2471 5587 es]
2514 5531 2703 5601 gratiae
2748 5529 3105 5607 praeparatio,
3150 5531 3317 5600 gratia
3362 5520 3492 5597 vero
3534 5524 3701 5599 jam}

2059 5626 2171 5696 ipsa
2196 5624 2433 5685 donatio.
2466 5622 2615 5689 Quod
2646 5622 2824 5693 itaque
2849 5622 2924 5676 ait
2953 5620 3258 5690 Apostolus,
3292 5619 3413 5675 Non
3438 5637 3502 5674 ex
3529 5630 3653 5690 opc-‘
3694 5628 3701 5689 ξ

3698 5682 3703 5689 ι

364 5305 525 5369 vident
546 5318 645 5369 esse
670 5306 931 5369 danmaas,
956 5306 1057 5369 sed
1083 5305 1135 5369 in
1394 5302 1679 5369 glorientur.
1706 5310 1759 5354 At
1781 5316 1950 5354 manu-

362 5342 526 5440 ἔὲέῖῥὶῑ
540 5342 1812 5440 ᾜοῆἆῇέῃέάὲῖῗπῖόιῇἶὶἱιῖᾋηέἨῖῖυὲιὲἱὸξ

406 5433 446 5461 -ι
462 5420 561 5493 Serv
588 5420 714 5493 itssq
738 5420 937 5493 vetatiis
952 5420 1208 5493 explicari.

426 5491 617 5560 fului,
648 5488 946 5560 investigari.
978 5488 1157 5560 omnes
1183 5497 1289 5541 Mss.
1308 5488 1603 5560 ,yestigari.
1671 5555 1681 5560 Δ
1748 5548 1758 5560 _

434 5554 456 5585 ³
481 5560 581 5601 Am.
611 5558 663 5601 et
687 5559 778 5610 Er.,
804 5549 978 5600 divina:
999 5552 1231 5601 accedere
1251 5549 1440 5602 ueritati
1471 5549 1563 5601 non
1602 5549 1790 5609 poterit.
1818 5557 1951 5605 ων..

365 5613 544 5674 (lirium
568 5613 703 5663 debet
727 5612 961 5662 accedere
983 5611 1185 5662 veritati.
1225 5620 1280 5662 At
1316 5614 1628 5674 manuscripti
1664 5612 1876 5674 yaticani
1899 5620 1954 5662 et

364 5671 526 5725 Gallici
549 5688 660 5731 nec,
685 5674 843 5732 debet,
863 5674 1071 5737 habent;
1098 5686 1206 5732 nec,
1223 5685 1319 5737 non
1339 5671 1529 5737 poterit.
1555 5671 1847 5737 i’rtefereudi
1878 5675 1950 5737 vi:

364 5738 546 5787 dentur
569 5738 658 5799 ipsi
697 5739 844 5787 etiam
868 5735 1067 5786 editioni
1104 5735 1485 5795 wvauienSimti,
1520 5747 1665 5797 quam
1688 5735 1738 5783 in
1772 5743 1901 5785 tomo
1922 5735 1953 5784 3

365 5801 522 5849 secuti
537 5811 720 5849 sumus.

370 5921 385 5972 l
430 5860 452 5891 δ
476 5867 594 5910 Tres
613 5866 749 5972 Mssa
757 5859 901 5923 pleno
920 5858 1032 5911 orbe
1054 5865 1301 5911 terrarum
1314 5855 1529 5909 Christus
1545 5856 1785 5921 prioribus
1801 5873 1953 5912 sarcu-

386 5935 429 5972 ω
451 5934 542 5972 non
562 5935 700 5972 m'ner
752 5957 767 5972 .

386 5935 429 5973 ιδ
451 5934 542 5972 nou
562 5930 767 5974 venerat.

2060 5718 2220 5785 ribus,
2273 5731 2335 5769 ne
2378 5714 2507 5784 forte
2550 5713 2660 5784 quis
2707 5710 2981 5768 extollatur
3024 5727 3042 5766 :
3087 5712 3247 5782 ipsius
3294 5712 3427 5765 enim
3473 5727 3646 5765 sanius

2126 5857 2140 5887 ι
2169 5853 2240 5902 sic
2260 5859 2365 5900 uss.
2387 5856 2441 5900 Ai.
2460 5849 2596 5909 editi,
2614 5845 2733 5899 alios
2756 5852 2897 5909 atque
2911 5843 3029 5897 alios
3051 5843 3212 5907 fuisse.

2126 5918 2143 5948 ³
2168 5918 2249 5963 llic
2272 5916 2418 5965 nostri
2442 5905 2613 5962 onmes
2634 5905 2940 5973 manuscripti
2958 5905 3200 5967 omittunt,
3227 5905 3366 5957 alias.
