4098 6550
422 512 525 568 97⁸1

423 619 713 686 attendite,
741 629 795 676 et
816 620 1060 676 videbitis
1088 621 1176 675 illa
1207 620 1373 676 Deum
1407 623 1717 692 promittere
1742 625 2002 683 facturum

420 727 480 768 se
509 721 565 766 ut
594 712 818 778 faciant,
850 727 967 782 quae
991 711 1144 782 jubet
1174 721 1230 766 ut
1271 711 1414 766 fiant.
1450 711 1568 768 Non
1595 730 1724 771 sane
1764 717 1834 772 ibi
1869 727 2008 774 tacet

421 803 612 858 merita
639 819 847 867 eorum,
878 803 970 857 sed
1001 802 1174 868 mala;
1207 804 1398 872 quibus
1427 819 1486 858 se
1511 806 1746 862 ostendit
1773 808 2001 867 reddere

419 909 517 966 pro
545 895 698 950 malis
723 896 860 951 bona
881 938 896 962 ,
923 895 1027 950 lioc
1055 896 1172 966 ipso
1197 913 1301 966 quo
1330 912 1424 952 eos
1449 897 1576 953 facit
1619 900 1817 957 habere
1845 901 2004 958 deiu-

416 1003 542 1057 eeps
582 1003 745 1058 Opera
791 989 952 1054 bona,
1001 1003 1123 1043 cum
1167 987 1280 1058 ipse
1322 987 1446 1044 facit
1475 1000 1533 1044 ut
1578 988 1778 1048 faciant
1819 992 2003 1050 divina

416 1079 688 1134 mandata.
1473 1130 1478 1136 -

487 1171 716 1227 CAPUT
741 1171 858 1228 ΧΠ.
885 1202 954 1212 -
980 1159 1071 1226 2'5.
1103 1170 1206 1228 Sed
1239 1174 1412 1230 omnis
1447 1173 1564 1232 hinc
1582 1176 1738 1244 ratio,
1769 1194 1871 1250 qua
1899 1179 2002 1237 de-

416 1261 684 1317 fendimus
703 1267 926 1334 gratiam
957 1263 1048 1318 Dei
1079 1279 1176 1334 per
1199 1263 1380 1319 Jesum
1411 1264 1682 1323 Christum
1711 1269 1994 1326 Dominum

414 1364 655 1409 nostrum
685 1397 700 1422 ,
729 1349 876 1410 were
900 1337 1021 1410 esse
1049 1343 1294 1426 gratiam,
1327 1355 1378 1410 id
1422 1365 1524 1422 est,
1519 1375 1678 1442 1199‘
1701 1361 2002 1442 secundum

225 1415 401 1515 ““>
413 1445 600 1500 merita
629 1455 811 1522 nostra
841 1433 1242 1519 tlaijiJ'quatn'vis
1273 1430 1674 1506 evidentissime
1697 1451 2002 1508 divinorum

411 1525 747 1608 eloquiorum
801 1539 1118 1593 testimoniis
1147 1548 1443 1606 asseratur;
1490 1549 1668 1596 tamen
1707 1542 1850 1614 apud
1878 1559 1995 1611 eos,

350 1643 358 1651 '
413 1628 506 1698 qui
545 1628 646 1682 nisi
672 1627 872 1699 aliquid
899 1629 1000 1685 sibi
1027 1629 1301 1700 assignent
1327 1671 1340 1696 ,
1373 1630 1513 1702 quod
1545 1633 1754 1702 priores
1780 1634 1909 1690 dent
1937 1645 1995 1690 ut

409 1721 738 1776 retribuatur
762 1719 841 1776 eis
867 1764 882 1788 ,
912 1721 984 1776 ab
1025 1723 1170 1776 onmi
1220 1721 1399 1778 studio
1426 1719 1636 1794 pietatis
1681 1727 1900 1796 reprimi
1940 1743 2000 1784 se

407 1817 600 1880 putant
625 1852 638 1876 ,
674 1809 884 1866 laborat
931 1810 1259 1882 aliquantum
1286 1813 1304 1844 ί
1331 1813 1383 1868 in
1411 1823 1570 1870 :ctate
1599 1815 1862 1886 majorum
1886 1815 1998 1888 jam

408 1901 668 1955 utentium
695 1901 984 1968 voluntatis
1005 1903 1227 1970 arbitrio
1264 1904 1395 1960 :scd
1434 1905 1520 1960 tibi
1548 1908 1759 1964 venitur
1783 1907 1849 1964 ad
1873 1925 1998 1980 par-

403 1991 576 2058 vulos,
606 1999 661 2046 et
687 1991 754 2046 ad
785 1991 955 2062 ipsum
983 1992 1324 2050 Mediatorem
1357 1996 1448 2052 Dei
1477 2006 1530 2052 et
1559 1999 1856 2068 hominum,
1885 2002 1986 2054 ho-
2045 2037 2054 2044 -

366 2112 372 2118 -
404 2081 602 2137 minem
633 2081 906 2138 Christum
937 2083 1120 2140 Jesum
1156 2084 1211 2156 (1
1241 2084 1371 2140 Tim.
1398 2103 1455 2154 ιι,
1489 2088 1582 2160 5),
1614 2091 1789 2145 omnis
1817 2091 1997 2147 deﬁcit

403 2175 820 2244 pmcedentium
845 2178 1074 2247 gratiam
1107 2177 1202 2232 Dei
1230 2177 1588 2234 humanorum
1621 2184 1849 2238 assertio
1876 2191 1990 2240 tne-

405 2265 629 2320 ritorum
661 2285 675 2321 :
705 2267 829 2338 quia
868 2283 967 2323 nec
994 2268 1066 2322 illi
1089 2268 1212 2324 ullis
1249 2269 1402 2325 bonis
1433 2275 1855 2340 praecedentibus
1882 2292 1995 2331 me-

402 2356 516 2412 ritis
543 2357 918 2413 discernuntur
943 2374 972 2413 a
1001 2361 1230 2424 caeteris,
1265 2369 1324 2415 ut
1355 2363 1655 2431 pertineant
1683 2365 1748 2419 ad
1781 2365 1981 2422 libera-

403 2456 574 2503 torem
617 2449 928 2517 hominum;
959 2466 1058 2506 nec
1087 2451 1174 2506 ille
1201 2451 1334 2536 ullis.
1347 2451 1594 2524 humanis
1625 2457 1978 2538 praecedenti-

333 2561 341 2568 -
385 2539 496 2594 ‘hus
525 2541 750 2616 meritis,
773 2551 966 2598 cumet
991 2543 1105 2614 ipse
1124 2527 1404 2612 sit'ho'mo,
1437 2545 1692 2602 liberator
1718 2547 1886 2604 factus
1908 2557 1991 2607 est

397 2630 694 2688 hominum.

461 2723 553 2779 24.
608 2724 738 2794 Quis
767 2724 909 2780 cnim
940 2725 1162 2794 audiat,
1189 2727 1330 2798 quod
1357 2727 1607 2786 dicuntur
1658 2734 1862 2803 parvuli
1892 2750 1992 2805 pro

390 2815 500 2870 suis
549 2814 743 2872 futuris
790 2815 996 2872 meritis
1023 2816 1076 2872 in
1107 2819 1220 2888 ipsa
1265 2820 1492 2876 infantili
1543 2831 1700 2880 tetate
1736 2824 1990 2896 baptizati

387 2907 548 2963 exire
575 2908 644 2963 de
669 2907 769 2963 hac
799 2909 940 2976 vita;
967 2919 1020 2964 et
1039 2909 1162 2966 ideo
1189 2911 1279 2967 alii
1309 2929 1417 2969 non
1445 2914 1698 3000 baptizati
1721 2918 1773 2974 in
1799 2919 1988 2978 eadem

395 3009 552 3056 aetate
603 3001 760 3070 mori,
793 3003 917 3073 quia
958 3011 1014 3058 et
1059 3003 1298 3074 ipsorum
1330 3009 1577 3076 pnescita
1625 3018 1751 3065 sunt
1795 3013 1987 3070 merita

386 3088 580 3155 futura,
617 3092 709 3148 sed
735 3095 900 3160 mala;
931 3109 1036 3150 non
1053 3110 1239 3151 eorum
1269 3097 1428 3152 vitam
1452 3098 1646 3156 bonam
1675 3102 1760 3158 vel
1787 3104 1986 3162 malam

383 3182 496 3238 Deo
539 3195 914 3242 remunerante
933 3187 1017 3243 vel
1041 3187 1329 3245 damnante
1358 3191 1403 3257 ³,
1431 3191 1524 3246 sed
1551 3193 1750 3248 nullam
1781 3194 1988 3269 (Supra

383 3273 436 3326 in
487 3271 722 3344 Epistola
769 3273 1016 3348 Prosperi
1037 3319 1054 3346 ,
1101 3296 1154 3334 η.
1209 3280 1264 3348 5,
1319 3282 1420 3337 col.
1473 3283 1786 3359 931-952)?
1837 3290 1987 3360 Apo-

386 3365 553 3420 stolus
578 3367 792 3435 quidem
821 3367 1045 3424 limitem
1079 3371 1214 3438 fixit,
1239 3389 1398 3442 quem
1423 3379 1727 3448 transgredi
1755 3395 1866 3436 non
1890 3381 1986 3438 de-

387 3457 511 3512 beat
537 3456 772 3514 hominis
797 3503 812 3526 ,
837 3470 894 3516 ut
917 3462 1099 3518 mitius
1120 3463 1308 3538 loquar
1330 3509 1344 3533 ,
1375 3466 1585 3524 incauta
1612 3471 1866 3542 suspicio.
1894 3475 1985 3530 Ait

386 3549 552 3612 enim,
579 3547 767 3604 Omnes
795 3551 1074 3608 astabimus
1111 3563 1227 3609 ante
1256 3556 1480 3613 tribunal
1517 3560 1736 3631 Christi,
1763 3574 1819 3618 ut
1845 3569 1980 3638 refe-

384 3646 464 3690 rat
501 3639 838 3711 unusquisque
868 3642 1148 3697 secundum
1197 3662 1256 3700 ea
1295 3663 1409 3716 quae
1436 3666 1527 3720 per
1569 3666 1757 3723 corpus
1783 3655 1977 3726 gessit,

385 3729 488 3784 sive
513 3729 722 3799 bonum,
751 3731 854 3786 sive
869 3733 1060 3787 malum
1083 3731 1150 3806 (ll
1177 3733 1296 3792 Cor.
1325 3753 1382 3805 ν,
1413 3740 1499 3810 10)
1531 3756 1546 3794 :
1571 3743 1744 3812 gessit,
1771 3747 1974 3816 inquit;

387 3836 492 3876 non
520 3820 780 3892 adjunxit,
804 3821 902 3878 Vel
924 3833 1170 3894 gesturus
1195 3826 1315 3884 fuit.
1341 3827 1446 3886 Sed
1487 3833 1629 3888 unde
1655 3834 1757 3891 hoc
1784 3837 1978 3896 talibus

394 3913 522 3969 viris
569 3915 619 3968 in
663 3924 896 3972 mentem
928 3921 1136 3975 venerit
1162 3923 1344 3978 nescio
1365 3963 1382 3990 ,
1409 3932 1467 3980 ut
1506 3924 1682 3984 futura
1709 3945 1830 4001 quae
1867 3947 1976 3989 non

383 4014 508 4058 sunt
565 4003 759 4074 futura,
805 4007 1115 4078 puniantur,
1143 4021 1233 4066 aut
1269 4011 1601 4074 bonorentur
1626 4019 1816 4075 merita
1855 4037 1977 4094 par-

387 4098 654 4153 vulorum.
684 4097 794 4155 Cur
835 4111 1015 4158 autem
1055 4103 1256 4160 dictum
1287 4115 1409 4175 est,
1439 4111 1732 4167 secundum
1762 4129 1826 4168 ea
1858 4131 1975 4186 quae

386 4203 480 4256 per
499 4203 692 4259 corpus
721 4191 882 4260 gessit
911 4191 1184 4250 hominem
1201 4195 1549 4266 judicandum
1575 4242 1590 4267 ,
1621 4218 1744 4259 cum
1773 4221 1972 4276 geran-

385 4288 470 4332 tur
495 4281 656 4334 multa
683 4282 798 4335 solo
825 4284 1025 4352 animo,
1050 4299 1156 4340 non
1185 4302 1282 4357 per
1303 4303 1521 4362 corpus,
1555 4307 1656 4348 nec
1683 4310 1778 4364 per
1804 4297 1973 4355 ullum

381 4372 624 4440 corporis
645 4373 973 4440 membrum;
1005 4385 1059 4432 et
1089 4377 1405 4452 plerumque
1431 4391 1538 4438 tam
1565 4399 1778 4456 magna,
1811 4397 1868 4444 ut
1889 4387 1970 4446 ta-

381 4463 520 4518 libus
541 4463 948 4535 cogitationibus
972 4483 1131 4539 paena
1161 4469 1456 4541 justissima
1481 4475 1742 4534 debeatur
1771 4497 1784 4534 :
1813 4481 1973 4540 sicuti

393 4562 495 4621 est,
525 4562 584 4609 ut
606 4555 707 4609 alia
733 4565 936 4612 taceam
958 4599 974 4624 ,
1003 4559 1144 4630 quod
1169 4561 1300 4617 dixit
1323 4563 1568 4637 insipiens
1594 4568 1646 4622 in
1665 4572 1818 4626 corde
1841 4589 1934 4630 suo
1951 4617 1966 4641 ,

382 4643 503 4699 Non
529 4655 601 4700 est
641 4645 781 4702 Dens
802 4650 818 4717 (
841 4646 984 4703 Psal.
1019 4665 1136 4716 xm,
1167 4653 1264 4722 ιη
1306 4654 1445 4723 Quid
1474 4667 1556 4714 est
1592 4675 1757 4733 ergo,
1786 4679 1968 4721 secun-

379 4735 500 4790 dum
527 4755 586 4791 ea
605 4753 716 4806 qua:
733 4757 823 4808 per
845 4757 1029 4810 corpus
1054 4744 1242 4814 gessit;
1267 4745 1392 4815 nisi,
1425 4747 1728 4809 Secundum
1757 4771 1819 4812 ea
1843 4773 1966 4828 quae

376 4829 541 4898 gessit
569 4844 633 4884 eo
661 4839 900 4900 tempore
926 4847 1035 4904 quo
1062 4833 1120 4889 in
1169 4851 1396 4908 corpore
1425 4839 1545 4910 fuit,
1573 4851 1630 4898 ut
1651 4861 1744 4915 per
1782 4863 1967 4920 corpus

378 4913 732 4990 intelligamus
751 4962 767 4989 ,
793 4921 898 4978 Per
921 4938 1164 4994 corporis
1210 4930 1459 4999 tempus?
1483 4931 1608 4989 Post
1647 4913 1842 5008 corpus
1865 4913 1966 4994 au-

379 5019 486 5064 tem
532 5026 690 5066 neruo
718 5014 820 5068 erit
859 5014 911 5070 in
939 5031 1166 5086 corpore
1185 5059 1200 5086 ,
1230 5019 1332 5075 nisi
1362 5027 1755 5085 resurrectione
1781 5031 1964 5088 novis.

379 5101 544 5167 sima;
575 5119 681 5158 non
711 5105 778 5160 ad
807 5106 911 5162 ulla
947 5110 1134 5164 merita
1161 5117 1519 5185 comparanda
1539 5161 1554 5185 ,
1587 5121 1681 5177 sed
1717 5124 1786 5179 ad
1826 5127 1964 5183 reci-

375 5191 567 5260 pienda
599 5208 694 5262 pro
723 5193 878 5276 bonis
902 5199 1104 5254 meritis
1133 5205 1373 5273 praemia,
1403 5221 1502 5276 pro
1531 5210 1686 5266 malis
1711 5212 1733 5245 ³
1767 5214 1960 5273 luenda

294 5287 310 5309 ο
374 5284 656 5354 supplicia.
687 5269 800 5342 Ποὲ
823 5301 1004 5346 autem
1035 5269 1214 5351 medio
1236 5269 1476 5370 tempore
1505 5302 1645 5360 inter
1664 5305 1959 5378 depositio-

440 5435 1197 5522 ‘qliqizanqo.
1209 5454 1265 5522 at
1286 5455 1412 5522 Ms_s.,
1433 5449 1617 5522 laborat
1639 5455 1956 5522 aliquantum,

371 5497 501 5566 sive,
521 5496 782 5577 aliquanto.
803 5496 1042 5566 netertu'r,
1067 5496 1268 5571 laborat,
1291 5496 1372 5561 adi
1382 5496 1852 5577 sdﬁéiialaT-BIEE.’

370 5557 525 5607 omnis
547 5557 652 5608 lucc
675 5559 815 5609 ratio.

437 5619 714 5707 militiae?!
1049 5631 1318 5707 mede
1341 5639 1632 5707 sententiam
1648 5654 1954 5707 .seqmm

371 5680 597 5764 i‘nclioanut
619 5683 709 5764 hoc
727 5685 867 5764 modo
889 5699 902 5734 :
933 5685 1026 5764 sed
1055 5689 1242 5764 nullum
1265 5680 1952 5764 apostolus

371 5739 501 5804 fixit.
527 5744 935 5824 Ettieudanturwex
959 5739 1390 5824 manuscriptorrmn
1410 5739 1520 5824 Ιὶιῆί,

372 5816 487 5851 nem
507 5805 712 5884 proletan't‘
729 5807 985 5884 manifeste
1022 5805 1342 5884 t.o_\;an_ienses
1367 5819 1412 5884 in
1428 5805 1950 5884 iadi‘ioiationibus:

373 5873 589 5936 monent,
613 5867 814 5940 nullam,
838 5869 936 5941 illic
953 5871 1184 5942 appellari
1218 5880 1314 5926 vita
1330 5891 1362 5926 n
1387 5867 1953 5950 ista.iiiii,'¥[{.'5"£tti£

373 5930 652 5992 somniatur,
677 5931 716 5977 si
739 5930 1144 5992 supervixiSSent.

438 5989 458 6017 ³
480 5989 616 6048 aliti,
642 5992 710 6040 ι·ιί
726 5989 816 6052 pro
831 5991 988 6061 inpiis.
1015 5996 1179 6060 Abest,
1204 5997 1292 6062 rd,
1313 6011 1342 6050 τι
1357 6009 1458 6053 iss.

1299 509 1496 566 uena
1537 511 1626 568 ne
1667 513 2330 580 rneoesrmmone
2371 467 2827 599 sucronem
2879 467 3060 588 '49;
3103 554 3120 599 ,-

2853 541 3122 632 ἐξελ)
3618 541 3750 598 ῢῖϐτ

2117 647 2239 687 nem
2293 645 2347 690 et
2395 639 2756 708 receptionem
2811 639 3071 714 corporis,
3130 651 3426 710 secundum
3477 674 3541 713 ea
3576 677 3702 732 qua

2114 733 2397 793 gesserunt
2460 743 2554 798 per
2607 723 2852 804 corporis
2919 745 3167 809 tempus,
3228 743 3342 800 sive
3403 751 3709 807 cruciantur

2115 815 2341 884 animae,
2385 819 2500 877 sive
2524 825 2884 895 requiescunt.
2928 831 3012 886 Ad
3037 835 3178 904 quod
3225 847 3436 908 tempus
3463 850 3706 916 corporis

2113 909 2348 977 pertinet
2366 912 2527 968 etiam
2549 917 2690 986 quod
2711 917 2980 992 Pelagiani
3007 935 3222 996 negant,
3248 931 3342 986 sed
3375 909 3578 990 Christi
3608 937 3704 993 Ec-

2114 1001 2276 1058 clesia
2304 1007 2595 1066 confitetur
2614 1053 2628 1078 ,
2678 1015 2938 1086 originale
2986 1031 3258 1090 peccatum
3291 1043 3304 1078 :
3333 1043 3442 1096 quo
3471 1029 3584 1084 sive
3615 1047 3698 1087 so-

2115 1093 2226 1150 luto
2257 1112 2352 1166 per
2397 1099 2487 1156 Dei
2517 1105 2740 1173 gratiam
2761 1149 2776 1174 ,
2817 1110 2929 1165 sive
2957 1127 3056 1183 per
3078 1115 3170 1170 Dci
3195 1093 3454 1187 judicium
3489 1139 3593 1177 ttult
3618 1140 3696 1178 so-

2113 1185 2247 1253 luto,
2277 1205 2401 1246 cum
2439 1197 2744 1254 moriuntur
2769 1199 3036 1273 infantes,
3067 1217 3158 1263 aut
3193 1213 3386 1266 merito
3413 1226 3699 1284 regenera-

2113 1279 2273 1335 tionis
2292 1290 2568 1341 transeunt
2589 1303 2655 1344 ex
2681 1292 2838 1348 malis
2855 1293 2920 1349 ad
2948 1295 3108 1363 bona,
3139 1309 3232 1355 aut
3260 1303 3454 1358 merito
3483 1306 3708 1378 originis

2113 1377 2393 1429 transeunt
2417 1390 2483 1432 ex
2506 1377 2660 1438 malis
2683 1381 2752 1437 ad
2773 1385 2932 1440 mala.
2955 1387 3068 1444 Hoc
3088 1391 3348 1449 catholica
3370 1394 3502 1451 ﬁdes
3524 1377 3704 1454 novit:

2111 1460 2164 1516 in
2196 1461 2300 1520 hoc
2341 1468 2502 1525 etiam
2545 1476 2786 1531 nonnulli
2831 1476 3072 1538 hazretici
3112 1485 3230 1542 sine
3276 1488 3383 1544 ulla
3423 1495 3697 1550 contradi-

2108 1555 2286 1613 ctione
2332 1566 2696 1624 eonsentiunt.
2736 1569 2972 1630 Judicari
3019 1588 3200 1634 autem
3241 1597 3561 1656 quemquam
3594 1605 3697 1645 non

2107 1651 2400 1710 secundum
2418 1657 2606 1714 merita
2628 1677 2747 1731 quae
2764 1663 2952 1722 habuit
2975 1673 3226 1740 quamdiu
3250 1651 3350 1732 fuit
3365 1651 3703 1752 in-corpore,

2101 1739 2204 1812 sed
2229 1745 2528 1805 secundum
2549 1753 2736 1810 merita
2777 1771 2896 1826 quae
2919 1739 3092 1817 fuerat
3115 1763 3394 1825 habiturus
3429 1773 3472 1827 si
3496 1739 3698 1832 diutius

2105 1835 2326 1894 vixisset
2353 1840 2406 1896 in
2433 1856 2683 1916 corpore,
2719 1850 2858 1908 unde
2881 1855 3088 1924 opinari
3121 1865 3390 1929 potuerint
3421 1865 3694 1938 homines,

2104 1943 2329 1998 quorum
2361 1935 2570 2008 ingenia
2601 1957 2707 1998 non
2737 1959 2858 2001 esse
2881 1954 3302 2024 contemptibilia
3334 1969 3525 2017 vestrae
3557 1963 3697 2020 indi-

2102 2030 2227 2076 cant
2253 2022 2465 2094 litterie,
2492 2031 2696 2089 mirans
2723 2045 2774 2090 et
2793 2045 3014 2109 stupens
3031 2022 3267 2114 reperire
3293 2065 3400 2106 non
3435 2069 3650 2123 possunt
3674 2077 3686 2110 :

2103 2127 2205 2170 nec
2241 2118 2468 2178 credere
2508 2125 2799 2197 auderem,
2847 2133 2950 2188 nisi
2977 2136 3127 2193 vobis
3167 2155 3274 2197 non
3314 2146 3539 2206 credere
3583 2169 3693 2207 non

2097 2204 2374 2266 auderem.
2418 2211 2526 2270 Sed
2560 2233 2720 2288 spero
2759 2221 3068 2284 adfuturum
3113 2231 3282 2289 Deum
3306 2278 3321 2302 ,
3351 2247 3409 2292 ut
3450 2204 3692 2299 comato:

2095 2772 2312 2820 serente
2333 2782 2439 2822 non
2465 2784 2646 2839 posse,
2673 2776 2910 2846 cogitare
2937 2780 3100 2839 debet
3117 2795 3370 2856 quantam
3394 2793 3504 2850 Deo
3528 2796 3688 2854 faciat

2092 2853 2387 2926 gratiaeque
2443 2861 2564 2931 ejus
2612 2864 2894 2938 injuriam;
2933 2877 3085 2944 quasi
3124 2853 3361 2938 futurum
3399 2899 3684 2956 peccatum

2095 2948 2355 3012 praenosci
2387 2953 2596 3021 possit,
2630 2973 2731 3014 nec
2777 2964 2948 3031 possit
2988 2966 3209 3038 ignosci.
3241 2948 3468 3042 Quod'si
3494 2980 3686 3038 absur-

2091 3033 2218 3090 dum
2241 3047 2352 3106 est;
2379 3044 2550 3123 magis
2588 3062 2716 3120 ergo
2757 3049 2953 3112 futuris
2975 3033 3093 3124 ,vsi
3119 3061 3210 3118 diu
3239 3033 3480 3125 viverent
3502 3113 3517 3136 ,
3547 3089 3680 3143 pec-

2091 3131 2394 3200 caloribus,
2439 3152 2562 3193 cum
2589 3140 2642 3196 in
2674 3158 2836 3213 parva
2872 3159 3030 3208 aetate
3068 3157 3401 3230 moriuntur,
3461 3164 3688 3225 lavacro

2090 3234 2198 3290 quo
2240 3237 2454 3292 peccata
2482 3229 2778 3302 diluuntur,
2805 3238 2990 3297 debuit
3011 3246 3315 3307 subvenire.

2158 3313 2388 3374 CAPUT
2417 3320 2554 3380 .\'lll.
2582 3327 2768 3422 —A23.
2798 3330 2951 3401 Quod
2981 3337 3025 3392 si
3054 3339 3274 3398 forsitan
3303 3343 3506 3416 dicunt,
3542 3367 3666 3422 pre-

2088 3406 2380 3500 nitentibus
2404 3427 2616 3483 peccata
2641 3413 2867 3491 dimitti;
2891 3434 2946 3482 et
2971 3429 3090 3486 ideo
3115 3431 3248 3490 istos
3273 3452 3378 3494 non
3411 3406 3679 3512 baptizari

2085 3497 2142 3553 in
2173 3500 2191 3532 ⁸
2219 3495 2436 3570 parvula
2459 3516 2616 3566 artate
2635 3514 2929 3572 morientes
2954 3559 2970 3586 ,
3000 3522 3119 3590 quia
3143 3528 3378 3594 praesciti
3407 3543 3527 3586 sunt
3549 3549 3676 3604 pus-

2087 3589 2388 3662 nitentiam,
2442 3598 2488 3653 si
2533 3599 2794 3671 viverent,
2841 3623 2948 3663 non
2991 3617 3196 3683 acturi;
3237 3633 3332 3675 eos
3377 3632 3554 3680 autem
3581 3631 3698 3697 qui.

2085 3683 2456 3758 baptizautur,
2485 3701 2542 3748 et
2569 3699 2776 3764 parvuli
2805 3698 2874 3757 de
2914 3707 3232 3775 corporibus
3253 3723 3468 3780 exeunt,
3503 3683 3670 3776 Deum
3690 3760 3704 3778 τ.

2083 3778 2361 3845 praescisse
2389 3792 2602 3840 acturos
2632 3789 3000 3858 paenitentiam
3046 3795 3210 3856 fuisse
3243 3842 3260 3866 ,
3305 3804 3350 3858 si
3387 3805 3630 3864 viverent
3658 3831 3671 3861 :

2081 3870 2360 3926 attendant
2387 3885 2440 3930 et
2466 3877 2716 3944 videant,
2749 3883 2794 3937 si
2822 3882 2894 3939 ita
2923 3897 3037 3956 est,
3067 3907 3172 3946 non
3208 3893 3319 3964 jam
3353 3897 3404 3952 in
3435 3904 3670 3970 parvulis

2081 3961 2197 4018 sine
2217 3963 2545 4035 Baptismate
2565 3972 2920 4033 morientibus
2947 3993 3162 4050 peccata
3190 3987 3467 4060 originalia
3497 3994 3675 4050 viridi-

2077 4055 2210 4121 cari,
2251 4057 2345 4112 sed
2391 4073 2489 4115 sua
2519 4063 2778 4136 cujusque
2827 4069 3002 4128 futura
3037 4074 3082 4130 si
3125 4055 3330 4136 viveret
3373 4101 3387 4138 :
3432 4084 3670 4158 itemque

2078 4143 2360 4216 baptizatis
2389 4167 2494 4208 non
2521 4155 2802 4227 originalia
2827 4161 2976 4230 dilui,
3013 4167 3107 4222 sed
3133 4187 3230 4226 sua
3256 4171 3427 4230 futura
3455 4178 3499 4232 si
3523 4143 3664 4236 vile.

2077 4246 2237 4304 rent;
2265 4243 2518 4311 quoniam
2542 4261 2647 4302 non
2681 4263 2898 4320 possent
2920 4255 3020 4310 nisi
3050 4258 3101 4314 in
3131 4262 3333 4332 majore
3359 4277 3517 4325 aetate
3541 4287 3670 4342 pee-

2075 4343 2202 4386 care
2226 4333 2248 4364 ²
2269 4349 2282 4386 :
2303 4334 2397 4390 sed
2423 4335 2559 4394 alios
2586 4347 2800 4399 acluros
2818 4348 3210 4420 paenitentiam,
3230 4357 3364 4413 alios
3391 4376 3498 4416 non
3515 4375 3670 4420 actu-

2075 4435 2167 4478 ros
2192 4421 2362 4482 fuisse
2403 4431 2694 4500 przevisos;
2727 4435 2848 4492 ideo
2873 4439 3008 4496 alios
3036 4443 3350 4515 baptizatos,
3383 4452 3518 4510 alios
3543 4457 3664 4514 sine

2074 4513 2338 4586 baptismo
2365 4523 2541 4580 exisse
2584 4525 2652 4582 de
2671 4527 2772 4586 bac
2806 4533 2930 4588 vita.
2963 4535 3076 4592 Hoc
3101 4539 3146 4594 si
3173 4513 3432 4601 auderent
3465 4513 3663 4607 'Pela;

2070 4607 2236 4678 giani,
2255 4626 2360 4667 non
2369 4613 2480 4683 jam
2503 4617 2806 4678 laborarent
2833 4629 3074 4696 negando
3091 4633 3346 4703 originale
3357 4652 3656 4708 peccatum,

2059 4698 2312 4770 ‘quzerere
2350 4709 2583 4776 parvulis
2603 4721 2750 4768 extra
2781 4731 3002 4787 regnum
3051 4721 3142 4777 Dei
3171 4727 3350 4783 nescio
3367 4730 3520 4801 cujus
3548 4752 3661 4791 sua:

2068 4793 2337 4851 felicitatis
2384 4797 2560 4856 locum
2589 4819 2604 4856 :
2635 4807 2868 4864 maxime
2895 4812 3109 4880 quando
3134 4818 3523 4880 convincuntur
3551 4845 3658 4886 non

2069 4897 2162 4942 eos
2181 4885 2378 4945 habere
2396 4904 2555 4961 posse
2573 4895 2733 4951 vitam
2750 4907 3024 4969 :eternam,
3041 4905 3160 4976 quia
3179 4926 3280 4963 non
3301 4915 3557 4972 manduca
3567 4936 3660 4978 ve-

2067 4983 2195 5034 runt
2218 4996 2434 5038 carnem
2460 5001 2560 5042 nec
2587 4987 2834 5046 biberunt
2861 4997 3172 5064 sanguinem
3211 5001 3410 5061 Christi
3455 5009 3656 5078 (Jonn.

2065 5085 2142 5136 Vl,
2165 5071 2256 5144 54)
2278 5089 2294 5138 ;
2317 5083 2371 5129 et
2396 5077 2519 5146 quia
2538 5078 2597 5134 in
2617 5080 2720 5148 eis,
2751 5084 2840 5154 qui
2856 5087 3058 5143 nullum
3073 5090 3270 5150 habent
3289 5071 3508 5158 omnino
3531 5121 3656 5174 pet--

2065 5173 2265 5232 catum,
2297 5167 2462 5225 falsus
2496 5181 2579 5226 est
2601 5173 2900 5244 Baptismus
2933 5183 3024 5251 qui
3059 5183 3110 5239 in
3151 5189 3518 5251 remissionem
3546 5210 3656 5255 tra-

2063 5255 2207 5312 ditur
2269 5272 2630 5330 peccatorum.
2683 5267 2931 5326 Dicerent
2968 5275 3108 5331 enim
3166 5295 3384 5350 prorsus
3445 5290 3653 5348 milium

2061 5365 2181 5406 esse
2207 5353 2465 5424 originale
2484 5367 2777 5426 peccatum,
2810 5363 2904 5418 Sed
2931 5381 3025 5434 pro
3047 5370 3159 5424 suis
3180 5372 3391 5443 futuris,
3427 5379 3474 5434 si
3495 5382 3650 5438 vive-

2063 5454 2202 5512 rent,
2231 5448 2439 5504 meritis
2457 5451 2539 5506 vel
2571 5451 2822 5522 baptizari
2839 5459 2918 5512 vel
2942 5475 3046 5515 non
3061 5462 3314 5534 baptizari
3342 5487 3436 5526 eos
3465 5473 3554 5544 qui
3581 5477 3649 5530 de

2059 5551 2284 5607 corpore
2305 5543 2586 5598 solvuntur
2609 5545 2834 5603 infantes
2855 5567 2868 5615 ;
2893 5562 2946 5606 et
2975 5569 3070 5622 pro
3090 5557 3202 5614 suis
3228 5560 3418 5617 futuris
3439 5543 3644 5620 meritis

2121 5713 2140 5804 ξ
2163 5715 2740 5804 Ἲὲῗυδαὶὶῑῗὲἓςςέἶζντίὲίξὶί
2759 5723 2962 5804 nerve!“
2981 5735 3122 5800 «vute
3141 5734 3374 5804 semisse
3398 5735 3470 5788 ενι

2119 5774 2140 5805 ³
2175 5781 2281 5845 Mss.
2303 5774 2588 5856 ,mq‘no‘niarrt
2634 5793 2736 5856 ηυνξ
2759 5774 2958 5856 inesset
3141 5774 3470 5856 ’ἱῆᾜ-ἆινῖἇῖἷ.
3495 5806 3638 5851 attrit:

2053 5835 2263 5906 perrexi.
2312 5835 2517 5889 Et'infra
2557 5842 2687 5924 loco,
2706 5835 3124 5924 ρήὲξέ-ᾗνμεὲἓόδ
3142 5835 3368 5924 {habent
3384 5893 3399 5914 ,
3437 5835 3636 5920 regem;

2053 5897 2297 5978 proeliantes.
2316 5897 2716 5978 nonomuiabic'
2735 5897 2852 5960 satis
2891 5897 3174 5978 (Ἐφίιᾷξῆξῆιέ
3202 5918 3312 5978 quia
3338 5897 3460 5969 l'u’rti-
3489 5925 3634 5973 tum

2053 5959 2280 6031 nonnulla
2305 5977 2334 6009 e
2361 5967 2580 6027 margine
2600 5959 2913 6031 irrepserunt
2927 5959 3202 6024 intentum.

2118 6021 2137 6052 ³
2160 6031 2260 6072 Am.
2288 6031 2336 6075 et
2362 6031 2432 6075 Er.
2448 6021 2748 6088 (audierint.
2777 6041 2902 6096 Mm,
2930 6021 3177 6086 audirent.
