4098 6502
465 426 568 478 97‘)

464 553 559 594 eos
584 535 666 592 vel
697 532 942 606 accipere
969 529 1052 585 vel
1081 542 1188 584 non
1231 527 1476 598 accipere
1503 542 1699 598 corpus
1739 536 1795 584 et
1827 529 2046 600 sangui-

464 647 586 687 nem
612 627 832 694 Christi,
865 624 982 680 sine
1005 637 1110 694 quo
1137 622 1297 676 vitam
1327 635 1547 692 prorsus
1574 619 1768 675 habere
1790 635 1894 674 non
1924 634 2049 690 pos-

464 730 626 777 sunt:
656 728 710 776 et
733 719 787 773 in
813 731 994 772 veram
1017 713 1386 770 remissionem
1409 720 1746 782 peccatorum
1768 710 2047 780 baptizari,

464 812 708 885 quamvis
737 810 940 866 nullum
965 823 1031 862 ex
1057 805 1225 862 Adam
1259 805 1563 868 traherent;
1593 803 1844 874 quoniam
1862 802 2049 858 remit-

466 915 647 960 tuntur
672 903 750 958 eis
773 909 986 972 peccata
1009 940 1023 964 ,
1054 897 1122 953 de
1155 897 1346 968 quibus
1373 895 1493 950 illos
1519 895 1657 950 Deus
1679 895 2046 964 paenitentiam

471 996 738 1068 prtescivil.
764 1003 996 1049 acturos.
1026 991 1100 1046 lta
1127 990 1373 1044 facillime
1407 997 1628 1058 agerent
1648 997 1810 1058 atque
1830 988 2047 1043 obtine—

468 1095 587 1142 rent
610 1101 826 1142 causam
854 1099 1002 1138 suam
1029 1122 1044 1145 ,
1076 1095 1178 1151 qua
1207 1088 1402 1150 negant
1431 1095 1550 1134 esse
1575 1079 1831 1150 originale
1865 1094 2052 1150 pecca-

468 1191 576 1234 tum
599 1222 614 1244 ,
642 1187 694 1234 et
721 1177 941 1248 gratiam
985 1174 1075 1228 Dei
1119 1188 1224 1226 non
1251 1171 1362 1226 dari
1403 1171 1507 1225 nisi
1531 1171 1824 1226 secundum
1862 1169 2050 1225 merita

471 1279 650 1324 nostra
686 1265 1040 1322 contendunt.
1073 1262 1177 1318 Sed
1221 1263 1342 1333 quia
1375 1261 1652 1315 hominum
1696 1259 1886 1327 futura,
1931 1275 2051 1330 quae

469 1376 574 1417 non
603 1368 727 1414 sunt
753 1357 926 1412 futura
957 1396 972 1420 ,
1004 1352 1188 1424 procul
1233 1351 1393 1406 dubio
1417 1350 1566 1406 nulla
1591 1359 1714 1405 sunt
1756 1350 1967 1414 merita,
1997 1358 2052 1404 et

469 1453 572 1507 hoc
598 1450 782 1506 videre
808 1447 1114 1502 facillimum
1136 1455 1218 1500 est
1244 1443 1398 1498 :ideo
1424 1457 1524 1500 nec
1545 1442 1812 1513 Pelagiani
1843 1441 1946 1496 hoc
1974 1441 2047 1495 di-

466 1559 592 1598 cere
620 1549 948 1612 potuerunt;
981 1545 1036 1591 et
1073 1535 1241 1590 multo
1277 1533 1448 1604 magis
1487 1547 1586 1588 nec
1624 1533 1710 1588 isti
1741 1531 1922 1588 dicere
1951 1531 2052 1586 de-

467 1637 713 1690 buerunt.
750 1631 858 1685 Dici
887 1629 1028 1684 enim
1073 1642 1179 1681 nou
1221 1633 1388 1696 potest
1418 1639 1577 1695 quam
1607 1623 1834 1680 moleste
1859 1621 2047 1689 feram,

465 1727 607 1798 quod
637 1725 886 1780 viderunt
905 1719 1174 1791 Pelagiani
1199 1733 1318 1790 esse
1335 1717 1677 1772 falsissimum
1703 1725 1757 1772 et
1779 1715 2054 1770 absurdis-

467 1822 680 1880 simum,
712 1818 812 1871 hoc
837 1829 948 1869 non
971 1812 1169 1866 vidisse
1199 1811 1352 1877 istos,
1381 1813 1470 1880 qui
1496 1808 1776 1864 nobiscum
1803 1821 2050 1862 errorem

469 1914 682 1967 illul‘tlttl
729 1910 1101 1964 haereticorum
1145 1901 1406 1959 catholica
1454 1901 1774 1956 auctoritate
1801 1898 2054 1954 condem-

463 2017 613 2062 naut.

533 2095 757 2152 CAPUT
799 2093 937 2149 XIV.
959 2121 1029 2133 —
1055 2092 1145 2148 26.
1173 2088 1397 2159 Scripsit
1420 2087 1612 2142 librum
1639 2085 1707 2140 de
1734 2082 2056 2139 Mortalitate

461 2191 782 2262 Cyprianus,
807 2187 988 2242 multis
1028 2200 1090 2240 ac
1115 2198 1252 2254 pene
1278 2180 1524 2237 omnibus
1547 2177 1639 2250 qui
1665 2177 2054 2233 ecclesiasticas

461 2259 670 2336 litteras
698 2287 899 2340 amant,
928 2275 1262 2331 laudabiliter
1289 2281 1474 2327 notum
1500 2286 1516 2325 :
1550 2269 1602 2324 in
1637 2283 1745 2338 quo
1773 2275 2055 2338 propterea

463 2373 596 2427 dicit
623 2385 727 2424 non
773 2369 944 2424 solum
982 2381 1088 2420 non
1118 2379 1239 2420 esse
1265 2361 1509 2418 ﬁdelibus
1536 2359 1775 2414 inutilem
1805 2367 2050 2420 mortem,

463 2479 650 2518 verum
679 2459 842 2516 etiam
873 2457 1060 2513 utilem
1090 2454 1341 2525 reperiri,
1371 2453 1622 2523 quoniam
1663 2449 1920 2521 peccandi
1957 2465 2054 2519 pe-

445 2557 646 2612 ‘riculis
677 2554 948 2609 hominem
993 2548 1278 2613 subtrahit,
1304 2557 1358 2601 et
1383 2547 1436 2600 in
1481 2559 1587 2600 non
1615 2542 1872 2615 peccandi
1898 2557 2056 2597 secu-

465 2653 625 2704 ritate
653 2644 952 2704 constituit.
981 2643 1087 2700 Sed
1128 2640 1254 2712 quid
1301 2637 1539 2710 prodest,
1567 2637 1614 2692 si
1653 2635 1816 2692 etiam
1860 2635 2053 2698 futura,

451 2759 586 2812 qua:
630 2739 914 2796 commissa
945 2751 1050 2791 non
1093 2741 1240 2800 sunt,
1271 2738 1488 2802 peccata
1537 2727 1863 2800 puniuntur?
1901 2725 2052 2796 Agit‘

452 2848 646 2888 'tamen
674 2832 762 2887 ille
788 2819 1158 2900 copiosissime
1199 2833 1358 2896 atque
1383 2823 1602 2894 optime,
1634 2819 1886 2891 peccandi
1915 2817 2057 2888 peri-

451 2928 582 2980 -cula
611 2940 711 2980 nec
733 2923 920 2978 deesse
943 2921 996 2974 in
1027 2919 1128 2975 ista
1155 2917 1285 2984 vita,
1309 2930 1410 2978 uec
1435 2927 1718 2986 superesse
1742 2916 1864 2982 post
1889 2909 2052 2964 illam.

465 3018 569 3073 Ubi
597 3027 652 3073 et
696 3015 824 3071 illud
868 3011 1232 3070 testimonium
1276 3008 1426 3080 ponit
1461 3006 1529 3063 de
1569 3006 1704 3062 libro
1742 3001 2053 3074 Sapientiae,

470 3111 670 3181 Raptus
701 3118 793 3172 est,
823 3123 886 3161 ne
922 3105 1118 3160 malitia
1152 3109 1370 3158 mutaret
1396 3099 1704 3154 intellectum
1741 3096 1869 3166 ejus.
1903 3092 2056 3162 Quod

467 3220 498 3256 a
553 3217 638 3256 me
682 3214 894 3271 quoque
943 3190 1196 3267 positum,
1242 3192 1434 3248 fratres
1486 3191 1618 3245 istos
1665 3189 1737 3243 ita
1789 3185 2058 3256 respuisse

467 3293 698 3356 dixistis,
733 3298 982 3360 tanquam
1022 3303 1126 3342 non
1162 3284 1231 3340 de
1271 3283 1408 3339 libro
1431 3281 1690 3338 canonico
1721 3278 2054 3334 adhibitum:

465 3385 620 3455 quasi
647 3391 702 3437 et
730 3388 950 3450 excepta
981 3378 1138 3449 hujus
1166 3376 1284 3432 libri
1313 3374 1654 3430 attestatione
1690 3386 1780 3426 res
1805 3370 1916 3441 ipsa
1949 3365 2058 3424 non

468 3480 613 3535 clara
635 3479 722 3544 sit,
743 3490 900 3547 quam
933 3471 1230 3529 voluimus'
1262 3469 1387 3525 hinc
1409 3467 1608 3523 doceri.
1635 3464 1765 3532 Quis
1785 3463 1928 3519 enim
1957 3477 2056 3517 au-

469 3572 596 3626 deat
625 3583 817 3638 nrgare
845 3566 1186 3628 christianus,
1226 3561 1454 3633 justum,
1487 3560 1532 3613 si
1577 3566 1750 3612 morte
1785 3568 2058 3626 praeoccu-

467 3671 627 3734 patus
657 3659 832 3724 fuerit,
867 3659 924 3712 in
963 3654 1238 3726 refrigerio
1277 3651 1509 3706 futurum
1541 3648 1696 3722 (Sap.
1729 3663 1801 3713 tv,
1839 3647 1927 3712 11,
1965 3644 2060 3716 7)?

471 3753 706 3820 Quilibet
743 3751 846 3805 hoc
871 3748 1085 3813 dixerit,
1113 3745 1232 3816 quis
1273 3743 1435 3798 homo
1469 3757 1612 3797 same
1649 3740 1771 3794 ﬁdei
1801 3740 2059 3794 resisten-

473 3847 602 3899 dum
627 3841 862 3913 putabit?
891 3841 1018 3896 ltem
1047 3839 1091 3892 si
1122 3835 1336 3902 dixerit,
1357 3835 1580 3905 justum,
1612 3831 1654 3885 si
1685 3845 1714 3884 a
1742 3845 1835 3884 sua
1857 3828 2060 3899 justitia

471 3936 778 4002 recesserit,
803 3935 855 3988 in
891 3947 994 4003 qua
1028 3931 1117 3985 diu
1149 3928 1298 3992 vixit,
1337 3936 1392 3980 et
1426 3925 1480 3979 in
1515 3939 1578 3979 ea
1606 3921 1764 3976 fuerit
1789 3920 2063 3989 impietate

474 4027 778 4091 defunctus,
807 4025 858 4079 in
890 4038 1014 4093 qua,
1039 4035 1143 4076 non
1185 4019 1308 4074 dico
1335 4031 1499 4072 unum
1527 4029 1747 4077 annum,
1779 4011 1872 4066 sed
1899 4025 2060 4066 unum

475 4125 615 4176 diem
641 4117 852 4182 vixerit,
887 4117 938 4171 in
979 4129 1166 4184 punias
1190 4111 1388 4180 iniquis
1425 4108 1632 4164 debitas
1671 4106 1795 4161 hinc
1841 4105 2061 4170 iturum,

475 4213 610 4268 nihil
654 4211 754 4266 sibi
801 4223 895 4264 sua
946 4204 1216 4278 praeterita
1258 4201 1460 4272 justitia
1507 4197 1780 4268 profutura
1832 4195 2061 4267 (Ezeclt.

475 4323 633 4370 xvnt,
663 4303 758 4374 24)
781 4321 792 4356 :
819 4301 942 4356 huic
971 4297 1264 4367 perspicua:
1287 4291 1500 4348 veritati
1530 4291 1648 4360 quis
1683 4288 1916 4343 ﬁdelium
1938 4301 2068 4341 con-
2099 4315 2102 4318 -

477 4394 755 4452 tradicet?
799 4393 982 4453 Porro,
1013 4389 1057 4443 si
1087 4396 1356 4458 quaeratur
1397 4399 1426 4437 a
1468 4381 1621 4437 nobis
1663 4389 1837 4434 utrum
1865 4379 1910 4433 si
1942 4388 2068 4433 tunc

481 4497 630 4547 esset
669 4497 933 4548 mortuus,
963 4481 1173 4552 quando
1201 4488 1318 4534 erat
1341 4478 1536 4548 justus,
1567 4489 1754 4545 pinnas
1791 4481 1935 4529 esset
1981 4471 2067 4525 in-

479 4589 761 4644 venturus,
799 4592 866 4630 an
911 4575 1180 4644 requiem;
1239 4568 1496 4640 numquid
1547 4567 1785 4636 requiem
1839 4578 2066 4635 respon-

479 4676 611 4732 dere
635 4667 1036 4729 dubitabimus?
1079 4666 1204 4721 llaec
1249 4673 1330 4718 est
1377 4671 1484 4717 tota
1527 4675 1685 4715 causa
1729 4673 1826 4713 cur
1867 4657 2068 4711 dictum

481 4776 588 4835 est,
617 4781 646 4820 a
673 4774 1010 4836 quocumque
1048 4759 1118 4814 sit
1151 4756 1372 4820 dictum,
1405 4752 1602 4823 Raptus
1642 4759 1735 4818 est,
1777 4765 1840 4803 ne
1874 4747 2070 4802 malitia

483 4865 702 4914 mutaret
727 4853 1030 4909 intellectum
1064 4851 1192 4920 ejus.
1233 4847 1437 4900 Dictum
1479 4853 1562 4899 est
1588 4842 1730 4899 enim
1777 4838 2068 4894 secundum

487 4949 723 5022 pericula
744 4943 867 5001 vitae
893 4941 1068 5012 hujus,
1087 4955 1193 4994 non
1222 4935 1512 4994 secundum
1541 4929 1929 5005 praescientiam
1953 4929 2068 4996 Dei,

486 5045 576 5113 qui
607 5043 710 5098 hoc
737 5036 1002 5110 praeseivit
1023 5034 1163 5106 quod
1193 5033 1425 5087 futurum
1457 5037 1592 5097 erat,
1617 5043 1722 5083 non
1761 5025 1902 5096 quod
1932 5022 2074 5078 futu-

488 5151 606 5192 rum
647 5149 753 5189 non
783 5139 900 5186 erat
932 5147 944 5184 :
979 5129 1030 5183 id
1069 5135 1170 5191 est,
1217 5125 1358 5196 quod
1387 5123 1437 5178 ei
1467 5131 1693 5177 mortem
1734 5119 2072 5174 immaturam

489 5229 662 5282 fuerat
709 5223 1011 5294 largiturus,
1053 5229 1112 5274 ut
1151 5217 1503 5274 tentationum
1555 5211 1957 5269 subtraheretur
1995 5211 2076 5264 in-

488 5327 674 5382 certo;
723 5330 829 5370 non
859 5311 998 5383 quod
1029 5317 1343 5381 peccaturus
1381 5314 1544 5370 esset,
1573 5305 1660 5376 qui
1693 5317 1977 5358 mansurus
2019 5303 2072 5356 in

491 5407 787 5465 tentatione
820 5419 925 5458 non
965 5410 1128 5457 esset.
1161 5401 1236 5456 De
1278 5399 1380 5455 hac
1419 5398 1617 5468 quippe
1646 5396 1752 5450 vita
1803 5395 1994 5465 legitur
2024 5393 2076 5446 in

491 5503 630 5558 libro
659 5500 790 5562 Job,
839 5496 1100 5568 Numquid
1129 5513 1231 5550 non
1261 5493 1466 5549 tentatio
1495 5500 1566 5545 est
1593 5491 1695 5544 vita
1725 5489 1946 5542 humana
1985 5503 2078 5540 su-

499 5612 588 5665 per
619 5603 804 5650 terram
844 5589 963 5661 (Job
1001 5605 1098 5652 vn,
1144 5589 1196 5652 1,
1239 5601 1340 5640 sec.
1373 5581 1586 5654 LXX)?
1633 5580 1738 5636 Sed
1767 5593 1933 5649 quare
1961 5578 2078 5632 aliis

496 5685 843 5750 concedatur,
869 5691 926 5738 ut
951 5697 1012 5736 ex
1047 5679 1206 5750 hujus
1233 5677 1354 5732 vita:
1381 5675 1629 5746 periculis
1656 5672 1779 5728 dum
1805 5670 1930 5739 justi
1958 5677 2080 5724 sunt

567 5889 577 5915 '
601 5891 673 5934 Slt:
697 5893 797 5932 “Si.
829 5889 876 5930 At
899 5881 1032 5936 t'tlili.
1060 5881 1142 5930 (ut.
1524 5933 1530 5938 Α
1575 5933 1581 5938 η

567 5949 585 5980 ι
618 5933 770 6004 ι-ἰιζιὶιὶ,
819 5933 1048 5997 minutus.
1086 5943 1270 6003 Aliquo:
1295 5945 1422 5998 Mss,
1460 5933 1704 5986 voluimus.

1692 415 1748 474 S.
1791 416 2156 474 AUGUSTINI
2188 417 2487 476 EPlSCOPl

3639 431 3744 489 980

2153 529 2494 597 auferantur;
2537 531 2626 586 alii
2671 548 2796 589 vero
2833 534 2962 605 justi
2993 533 3164 594 donec
3209 553 3238 592 a
3279 534 3482 602 iustitia
3528 543 3740 610 cadant,

2154 618 2208 674 in
2237 620 2440 677 eisdem
2473 623 2724 692 periculis
2751 627 2858 680 vita
2898 627 3237 696 productiore
3262 637 3582 700 teneantur;
3623 637 3738 705 quis

2153 713 2405 783 cognovit
2445 728 2663 768 sensum
2706 715 2918 771 Domini
2947 716 3123 790 (Rom.
3168 734 3244 788 ιι,
3277 721 3408 790 54)?
3453 721 3523 777 Et
3565 731 3739 781 tamen

2155 799 2282 858 hinc
2319 802 2544 874 intelligi
2573 803 2750 872 datur,
2782 808 2941 863 etiam
2975 809 3078 864 illis
3101 809 3260 881 justis
3287 813 3376 883 qui
3401 813 3570 870 bonos
3597 815 3739 885 pios-

2154 909 2259 964 que
2289 909 2470 950 mores
2501 911 2668 968 usque
2695 898 2763 953 ad
2799 903 3090 958 senectutis
3136 909 3494 962 maturitatem
3525 917 3580 963 et
3601 908 3741 964 diem

2154 988 2280 1043 vita:
2307 987 2464 1059 hujus
2493 989 2738 1046 ultimum
2768 1004 3004 1063 servant,
3039 1011 3144 1050 non
3173 998 3226 1052 in
3255 999 3366 1054 suis
3392 1001 3618 1066 meritis,
3644 1001 3742 1056 sed

2155 1080 2208 1135 in
2238 1081 2464 1136 Domino
2489 1096 2611 1138 esse
2634 1085 2971 1154 gloriandum
3005 1105 3020 1141 :
3062 1091 3312 1158 quoniam
3351 1093 3442 1162 qui
3471 1093 3590 1148 vitae
3615 1093 3742 1148 bre-

2153 1172 2318 1227 vitate
2343 1173 2521 1242 rapuit
2551 1173 2774 1244 justum,
2807 1193 2876 1232 ne
2915 1179 3116 1234 malitia
3147 1191 3376 1238 mutaret
3415 1185 3740 1240 intellectum

2154 1263 2290 1333 ejus,
2325 1264 2517 1336 ipsein
2551 1277 2978 1340 quantacumque
2999 1272 3124 1325 vita:
3159 1272 3486 1342 longitudine
3513 1275 3742 1330 custodit

2149 1351 2374 1422 justum,
2405 1345 2474 1410 ne
2499 1358 2700 1412 malitia
2729 1370 2898 1416 mutet
2922 1362 3247 1418 intellectum
3275 1365 3408 1434 ejus.
3433 1365 3537 1420 Cur
3558 1377 3734 1422 autem

2155 1443 2244 1500 hic
2287 1448 2521 1502 tenuerit
2563 1463 2810 1504 casurum
2850 1451 3072 1522 justum,
3101 1470 3257 1524 quem
3297 1457 3603 1528 priusquam
3647 1475 3738 1512 ca-

2155 1535 2310 1590 deret
2359 1537 2482 1591 hinc
2531 1547 2714 1608 posset
2761 1540 2991 1610 auferre,
3019 1545 3313 1612 justissima
3361 1549 3597 1616 omnino,
3645 1551 3740 1605 sed

2156 1626 2524 1683 inscrutabilia
2553 1639 2678 1685 sunt
2697 1631 2896 1702 judicia
2921 1634 3059 1704 ejus.
3389 1651 3394 1655 ·

2229 1715 2321 1771 27.
2361 1718 2492 1785 Qua:
2521 1734 2642 1774 cum
2687 1722 2758 1776 ita
2787 1723 2914 1790 sint,
2943 1739 3050 1779 non
3089 1723 3273 1782 debuit
3314 1729 3580 1798 repudiari
3620 1745 3740 1786 sen-

2158 1807 2320 1861 tentia
2346 1807 2466 1864 libri
2497 1809 2805 1881 Sapientiat,
2829 1813 2921 1884 qui
2959 1817 3153 1871 meruit
3181 1817 3232 1872 in
3275 1819 3509 1876 Ecclesia
3543 1821 3738 1878 Christi

2157 1898 2225 1954 de
2253 1899 2419 1970 gradu
2447 1901 2708 1959 lectorum
2740 1905 2995 1963 Ecclesiae
3025 1907 3219 1964 Christi
3251 1918 3357 1965 tam
3387 1911 3540 1983 longa
3571 1929 3738 1970 anno-

2156 1989 2314 2046 sitate
2337 1991 2572 2062 recitari,
2592 2001 2646 2050 et
2670 1994 2737 2050 ab
2760 1997 3006 2052 omnibus
3025 1997 3361 2069 Chrlstianis,
3387 2004 3452 2058 ab
3472 2005 3728 2076 episcopis

2157 2097 2326 2154 usque
2365 2085 2434 2140 ad
2464 2098 2736 2142 extremos
2783 2088 2949 2145 laicos
2991 2091 3196 2159 ﬁdeles,
3230 2097 3564 2164 pcenitentes,
3592 2109 3736 2153 cate-

2157 2171 2473 2242 chumenos,
2507 2191 2630 2232 cum
2669 2181 3012 2237 veneratione
3043 2183 3235 2239 divinas
3279 2189 3607 2243 auctoritatis
3641 2205 3736 2244 au-

2157 2263 2280 2319 diri.
2308 2264 2470 2322 Certe
2514 2268 2658 2323 enim
2687 2269 2732 2324 si
2761 2269 2828 2325 de
2862 2269 3162 2328 divinarum
3193 2274 3581 2346 Scripturarum
3623 2287 3730 2334 tra-

2157 2358 2450 2413 ctatoribus
2478 2359 2570 2430 qui
2596 2359 2812 2416 fuerunt
2845 2373 2970 2418 ante
2997 2380 3113 2430 nos,
3147 2367 3442 2436 proferrem
3469 2369 3730 2424 defensio-

2157 2461 2281 2503 nem
2321 2447 2544 2520 hujusce
2573 2453 2872 2518 seutentiaa,
2903 2469 3062 2524 quam
3092 2472 3234 2512 nunc
3259 2458 3416 2514 solito
3444 2460 3738 2531 diligentius

2157 2545 2316 2608 atque
2341 2539 2612 2609 copiosius
2653 2549 2839 2598 contra
2885 2557 3083 2600 novum
3131 2545 3530 2617 Pelagianorum
3555 2549 3737 2605 defcno

2158 2627 2286 2683 dere
2313 2643 2564 2700 urgemur
2587 2646 2861 2700 errorem;
2908 2633 3012 2691 hoc
3037 2645 3136 2702 est,
3163 2639 3383 2708 gratiam
3415 2640 3504 2695 Dei
3535 2657 3637 2696 non
3657 2657 3740 2696 se-

2159 2719 2394 2775 cundum
2429 2719 2618 2776 merita
2649 2731 2830 2778 nostra
2859 2723 2998 2794 dari,
3025 2735 3078 2781 et
3105 2727 3269 2797 gratis
3289 2728 3403 2784 dari
3441 2732 3524 2785 cui
3551 2731 3736 2797 datur;

2157 2810 2280 2880 quia
2322 2825 2498 2882 neque
2528 2812 2776 2882 volentis,
2805 2829 2978 2886 neque
3007 2818 3293 2884 currentis,
3319 2820 3414 2875 sed
3443 2822 3740 2880 miserentis

2156 2909 2241 2956 est
2264 2901 2358 2957 Dei
2383 2919 2399 2970 ;
2437 2903 2582 2974 justo
2617 2915 2797 2961 autem
2822 2907 3026 2978 judicio
3047 2925 3153 2965 non
3182 2912 3296 2967 dari
3325 2913 3411 2968 cui
3431 2930 3534 2970 non
3560 2915 3735 2976 datur.

2159 2993 2280 3063 quia
2311 3008 2418 3048 non
2459 3003 2542 3050 est
2575 2996 2824 3068 iniquitas
2863 3000 3005 3072 apud
3038 3001 3208 3058 Deum
3239 3003 3351 3075 (Id.
3381 3021 3455 3072 ιι,
3495 3008 3581 3074 16,
3614 3007 3734 3079 ll):

2159 3083 2204 3138 si
2243 3083 2401 3154 hujus
2439 3101 2566 3156 ergo
2607 3089 2886 3144 sententiae
2925 3089 3290 3149 defensionem
3341 3111 3404 3152 ex
3444 3096 3740 3153 divinorum

2157 3175 2493 3247 eloquiorum
2527 3193 2625 3234 nos
2669 3181 3096 3250 praecedentibus
3123 3185 3402 3244 catholicis
3443 3191 3739 3244 tractatori-

2159 3267 2262 3324 bus
2287 3283 2625 3339 promerem;
2671 3271 2912 3343 profecto
2939 3273 2996 3329 hi
3023 3275 3233 3346 fratres,
3266 3294 3363 3349 pro
3389 3281 3579 3350 quibus
3605 3295 3742 3336 nunc

2160 3361 2393 3432 agimus,
2421 3363 2824 3432 acquiescerent
2854 3383 2866 3422 :
2900 3366 3003 3423 hoc
3028 3369 3170 3424 enim
3201 3371 3536 3440 signiﬁcastis
3557 3374 3742 3431 litteris

2158 3452 2372 3508 vestris.
2415 3451 2551 3520 Quid
2603 3454 2762 3525 igitur
2807 3470 2943 3526 opus
2987 3467 3070 3514 est
3115 3469 3172 3516 ut
3217 3477 3402 3518 eorum
3451 3473 3742 3521 scrutemur

2160 3543 2434 3613 opuscula,
2463 3545 2554 3616 qui
2593 3546 2900 3617 priusquam
2947 3549 3046 3604 ista
3097 3550 3318 3607 haeresis
3361 3554 3608 3622 oriretur,
3637 3571 3740 3611 non

2161 3636 2464 3694 habuerunt
2493 3640 2874 3696 necessitatem
2898 3641 2952 3696 in
2986 3641 3087 3699 hac
3115 3643 3316 3700 difﬁcili
3343 3646 3408 3700 ad
3437 3648 3740 3704 solvendum

2161 3728 2459 3799 quaestione
2505 3729 2750 3784 versari?
2794 3731 2935 3801 quod
2976 3734 3160 3803 procul
3207 3734 3368 3791 dubio
3410 3737 3661 3806 facerent,
3691 3741 3736 3794 si

2163 3818 2493 3890 respondere
2535 3821 2728 3875 talibus
2773 3834 3108 3893 cogerentur.
3140 3825 3292 3882 Unde
3335 3827 3530 3884 factum
3575 3840 3655 3885 est
3683 3839 3742 3886 ut

2165 3910 2233 3966 de
2283 3912 2450 3982 gratia
2499 3911 2595 3966 Dei
2638 3903 2780 3983 quid“
2807 3915 3103 3983 sentirent,
3151 3917 3385 3976 breviter
3433 3923 3742 3993 quibusdam

2165 4002 2487 4072 scriptorum
2529 4016 2746 4059 suorum
2788 4005 2920 4062 locis
2953 4015 3009 4062 et
3037 4015 3372 4067 transeunter
3399 4015 3742 4086 attingerent:

2165 4095 2579 4150 immorarentur
2622 4112 2748 4152 vero
2791 4097 2844 4152 in
2887 4099 2966 4155 eis
3011 4116 3130 4171 qua:
3177 4101 3430 4158 adversus
3479 4107 3742 4162 inimicos‘

2166 4186 2423 4241 Ecclesia:
2450 4185 2812 4258 disputabant,
2850 4199 2904 4245 et
2931 4190 2984 4246 in
3013 4192 3471 4252 exhortationibus
3496 4198 3561 4252 ad
3587 4214 3742 4269 quas-

2168 4291 2272 4346 que
2296 4275 2539 4341 virtutes,
2563 4277 2755 4346 quibus
2783 4279 2894 4334 Deo
2921 4280 3040 4335 vivo
3061 4291 3114 4336 et
3133 4299 3260 4339 vero
3291 4300 3388 4354 pro
3411 4287 3744 4357 adipiscenda

2169 4370 2274 4423 vita
2304 4377 2504 4424 aeterna
2535 4377 2590 4424 et
2613 4385 2738 4424 vera
2770 4369 3026 4426 felicitate
3073 4374 3320 4428 servitur.
3353 4377 3747 4447 Frequentatio-
3817 4415 3826 4422 -

2169 4461 2326 4516 nibus
2369 4468 2546 4515 autem
2599 4461 2900 4516 orationum
2955 4463 3269 4534 simpliciter
3322 4471 3612 4538 apparebat
3657 4471 3746 4526 Dei

2168 4553 2336 4624 gratia
2365 4553 2492 4623 quid
2522 4553 2724 4608 valeret
2755 4571 2769 4607 :
2816 4569 2922 4609 non
2954 4557 3096 4610 enim
3130 4569 3475 4627 poscerentur
3505 4561 3572 4616 de
3609 4563 3742 4617 Deo'

2170 4661 2290 4715 qua:
2327 4643 2750 4715 praecipit‘ﬁeri,
2783 4645 2884 4700 nisi
2928 4646 2995 4699 ab
3027 4645 3118 4701 illo
3147 4647 3436 4704 donaretur
3461 4660 3518 4705 ut
3545 4651 3743 4706 ﬁerent.

2240 4735 2332 4790 28.
2371 4733 2476 4790 Sed
2517 4734 2606 4805 qui
2634 4736 2912 4790 sententiis
2941 4745 3284 4792 tractatorum
3327 4739 3518 4794 instrui
3549 4741 3744 4806 volunt,

2173 4834 2385 4897 oportet
2413 4837 2471 4880 ut
2503 4825 2663 4880 istum
2693 4826 2886 4880 librum
2932 4827 3239 4894 Sapientite,
3271 4829 3358 4883 tthi
3401 4830 3612 4904 legitur,
3643 4831 3748 4885 Ra-

2173 4929 2289 4990 ptus
2317 4927 2410 4982 est,
2449 4933 2512 4972 ne
2538 4918 2736 4972 malitia
2766 4927 2982 4972 mutaret
3008 4917 3316 4974 intellectum
3345 4921 3473 4992 ejus,
3512 4923 3750 4977 omnibus

2177 5009 2552 5066 tractatoribus
2577 5017 2902 5079 anteponant
2928 5026 2943 5062 :
2975 5011 3222 5080 quoniam
3253 5011 3352 5067 sibi
3381 5028 3502 5067 eum
3529 5023 3748 5084 antepo-

2178 5109 2400 5157 suerunt
2417 5099 2577 5156 etiam
2603 5099 2932 5168 temporibus
2955 5101 3184 5168 proximi
3206 5103 3582 5172 Apostolorum
3609 5120 3752 5174 egre-

2179 5195 2249 5266 gii
2277 5203 2612 5258 traetatores,
2637 5193 2726 5262 qui
2762 5207 2883 5246 eum
2927 5201 3117 5247 testem
3164 5193 3501 5262 adhibentes,
3531 5196 3662 5251 nihil
3695 5211 3752 5251 se

2179 5285 2432 5342 adhibere
2468 5284 2570 5339 nisi
2617 5283 2854 5338 divinum
2895 5284 3260 5338 testimonium
3301 5285 3659 5340 crediderunt.
3691 5286 3748 5341 Et

2181 5388 2328 5435 certe
2355 5376 2723 5434 beatissimum
2758 5375 3081 5446 Cyprianum
3111 5376 3411 5446 disputasse
3448 5387 3674 5445 constat,
3701 5385 3754 5432 ut

2183 5470 2456 5526 celerioris
2481 5468 2670 5522 mortis
2696 5465 3015 5521 beneﬁcium
3041 5468 3461 5532 commendaret,
3503 5485 3534 5523 a
3571 5484 3750 5538 pecca-

2186 5571 2358 5616 torum
2399 5558 2649 5630 periculis
2677 5556 2810 5626 eripi
2849 5571 2945 5611 eos
2986 5557 3075 5627 qui
3115 5556 3254 5612 hanc
3291 5558 3450 5612 vitam
3499 5557 3680 5612 ﬁniunt
3705 5557 3753 5611 iu

2186 5667 2290 5723 qua
2319 5650 2524 5720 peccari
2567 5654 2760 5720 potest.
2797 5647 2854 5702 ln
2879 5648 3070 5704 eodem
3100 5649 3237 5704 libro
3265 5652 3340 5703 ait
3381 5649 3518 5704 inter
3535 5657 3751 5704 cetera:

2245 5809 2269 5874 ,ι
2296 5803 2432 5864 Editi,
2458 5801 2686 5852 adversus
2703 5799 2826 5853 alios
2863 5801 3098 5857 inimicos.
3127 5805 3425 5869 atauuscripti
3449 5818 3544 5857 non
3567 5805 3753 5868 habent,

2193 5869 2324 5917 alios.

2257 5932 2272 5961 '
2298 5930 2366 5979 sic
2381 5933 2483 5978 Mss.
2513 5927 2645 5978 Editi.
2675 5939 2702 5974 a
2729 5933 2843 5976 lico.
