4098 6548
345 476 440 531 91η
1225 465 1427 524 LIBER
1465 463 1553 520 DE
1590 461 2251 520 PRIEDESTINATIONE
2289 464 2724 525 SANCTORUM.

282 605 287 609 '
346 590 447 642 Cur
471 605 569 640 non
597 602 710 639 runt
753 586 950 639 t.hrtsto
978 583 1197 652 futurus,
1221 592 1266 634 et
1308 580 1373 633 de
1417 577 1621 633 Domini
1665 578 1919 648 pollicita-

345 684 477 734 tione
515 696 737 745 securus,
764 677 898 748 quod
925 676 992 729 ad
1032 674 1288 729 Christum
1323 672 1531 737 voceris,
1568 671 1923 741 amplecteris;

347 785 392 827 et
414 771 547 840 quod
567 769 769 824 diabolo
788 784 979 833 careas,
996 764 1309 839 gratularis?
1335 764 1399 819 Et
1418 764 1522 819 alio
1551 763 1670 819 loco
1693 780 1706 815 :
1741 761 1922 829 Pueri,

348 865 538 933 inquit,
558 862 837 934 periculum
863 860 1068 915 lubrica:
1085 863 1249 914 (etatis
1268 857 1503 912 evadunt.
1525 856 1762 926 Itemque
1783 856 1923 912 alio:

351 954 484 1019 Quid
514 969 634 1017 non,
667 951 857 1022 inquit,
886 966 1219 1023 properamus
1248 957 1294 1004 et
1325 949 1594 1013 currimus,
1617 956 1673 1001 ut
1709 947 1926 1017 patriam

350 1052 571 1096 nostram
596 1042 782 1107 cidere,
800 1050 854 1094 ut
880 1051 1110 1112 parentes
1130 1040 1354 1095 salutare
1381 1040 1671 1109 possimus?
1706 1038 1925 1110 Magnus

348 1134 453 1187 illic
495 1148 585 1186 nos
625 1134 897 1187 charorum
932 1148 1172 1186 numerus
1197 1140 1448 1201 exspectat
1491 1139 1774 1201 parentum,
1818 1134 1927 1202 fra-

348 1234 500 1289 trum,
532 1223 792 1291 ﬁliorum;
841 1222 1073 1293 frequens
1104 1238 1195 1276 nos
1224 1231 1270 1275 et
1310 1221 1517 1290 capiosa
1557 1220 1702 1274 turba
1731 1220 1927 1275 deside-

347 1322 447 1379 rat,
469 1313 581 1383 jam
625 1312 689 1366 de
714 1328 807 1366 sua
834 1312 1181 1366 incolumitate
1221 1327 1418 1376 secura,
1447 1311 1616 1364 adhuc
1651 1310 1716 1364 de
1753 1319 1927 1365 nostra

347 1406 510 1460 salute
532 1404 770 1459 sollicita.
798 1404 893 1459 llis
920 1413 1080 1474 atque
1117 1403 1420 1474 hujusmodi
1446 1403 1635 1459 doctor
1674 1402 1764 1458 ille
1804 1417 1927 1457 sen-

348 1496 527 1551 tentiis
549 1495 602 1550 in
625 1495 906 1550 catholicae
929 1493 1054 1549 ﬁdei
1076 1494 1196 1551 luce
1221 1494 1537 1560 clarissima,
1566 1493 1696 1549 satis
1720 1502 1951 1563 aperte-.

345 1602 451 1657 que
476 1595 719 1654 testatur,
761 1600 931 1657 usque
972 1586 1039 1641 ad
1066 1585 1224 1657 hujus
1258 1584 1501 1657 corporis
1538 1584 1927 1654 depositionem

348 1677 604 1748 peccandi
621 1677 854 1748 pericula
872 1677 1297 1747 tentationesque
1311 1675 1655 1741 metuendus;
1674 1675 1927 1745 deinceps

347 1770 492 1825 nulla
517 1771 640 1826 talia
665 1785 987 1841 quemquam
1022 1784 1143 1826 esse
1174 1784 1475 1840 passurum.
1502 1768 1656 1837 Quod
1687 1769 1788 1826 etsi
1818 1783 1926 1823 non

348 1869 654 1928 testaretur,
681 1859 893 1931 quando
921 1860 988 1915 de
1027 1859 1127 1916 hac
1171 1876 1230 1916 re
1257 1860 1579 1916 christianus
1607 1860 1929 1930 qualiscum-

346 1967 452 2021 que
476 1951 785 2007 dubitaret?
830 1951 1110 2020 Quomodo
1152 1952 1312 2023 igitur
1347 1951 1551 2007 homini
1580 1952 1752 2021 lapso,
1782 1960 1836 2007 et
1872 1952 1926 2006 in

346 2043 536 2098 eodem
580 2042 731 2112 lapsu
775 2043 931 2098 istam
971 2044 1131 2098 vitam
1176 2044 1373 2099 misere
1416 2043 1641 2110 linientt,
1671 2052 1828 2114 atque
1872 2042 1927 2098 in

352 2146 536 2200 poenas
583 2132 732 2188 eunti
784 2133 977 2189 talibus
1027 2133 1272 2197 debitas;
1322 2133 1625 2203 quomodo,
1685 2134 1923 2204 inquam,

349 2222 474 2278 huic
500 2238 606 2279 non
634 2222 921 2294 plurimum
961 2238 1275 2295 summeque
1320 2223 1618 2293 prodesset,
1650 2225 1696 2279 si
1729 2240 1793 2281 ex
1825 2224 1926 2279 hoc

346 2312 698 2370 tentationum
738 2313 858 2370 loco
895 2314 1201 2387 priusquam
1237 2314 1529 2383 laberetur,
1560 2325 1733 2372 morte
1773 2331 1927 2387 rape-

344 2415 509 2463 retur.
1461 2393 1473 2399 ’

413 2494 507 2551 29.
536 2496 616 2552 Ac
656 2511 753 2568 per
782 2496 903 2563 hoc,
932 2496 980 2553 si
1003 2496 1144 2553 absit
1184 2497 1345 2555 nimis
1371 2498 1766 2555 inconsiderata
1794 2512 1927 2554 con-

347 2587 535 2655 tentio,
569 2595 678 2643 tota
701 2589 927 2658 quaestio
965 2589 1066 2644 ista
1093 2589 1243 2646 (inita
1280 2598 1363 2646 est
1385 2590 1456 2646 de
1498 2590 1592 2645 illo
1620 2590 1711 2660 qui
1749 2597 1926 2661 raptus

344 2686 440 2747 est,
460 2695 522 2733 ne
549 2677 745 2733 malitia
771 2689 990 2735 mutaret
1013 2680 1326 2736 intellectum
1351 2682 1483 2755 ejus.
1509 2680 1618 2737 Nec
1646 2680 1768 2736 ideo
1793 2680 1927 2735 liber

343 2769 649 2840 Sapientiae,
678 2770 768 2841 qui
798 2779 944 2827 tanta
971 2772 1358 2828 numerositate
1382 2787 1645 2829 annorum
1675 2771 1780 2843 legi
1815 2786 1928 2827 me-

344 2863 451 2918 ruit
476 2863 532 2918 in
578 2864 817 2921 Ecclesia
846 2863 1066 2932 Christi,
1106 2865 1160 2920 in
1191 2879 1299 2936 quo
1336 2873 1392 2921 et
1431 2865 1534 2939 hoc
1575 2865 1788 2936 legitur,
1818 2865 1927 2935 pati

343 2954 505 3011 debet
530 2956 799 3027 injuriam,
828 2960 1081 3028 quoniam
1107 2957 1310 3012 resistit
1335 2956 1415 3011 eis
1448 2956 1541 3027 qui
1586 2970 1683 3026 pro
1723 2955 1928 3011 meritis

347 3046 621 3102 hominum
649 3047 923 3113 falluntur,
952 3057 1008 3103 ut
1032 3049 1245 3104 veniant
1272 3055 1459 3104 contra
1485 3048 1581 3102 Dei
1609 3047 1928 3103 manifestis-

342 3137 535 3193 simam
576 3141 841 3209 gratiam:
874 3156 993 3211 qute
1035 3141 1269 3195 maxime
1299 3148 1526 3211 apparet
1568 3139 1621 3195 in
1658 3139 1922 3209 parvulis;

344 3245 570 3300 quorum
611 3248 731 3288 cum
774 3233 865 3287 alii
904 3222 1187 3304 'haptizati,
1224 3232 1315 3289 alii
1357 3247 1464 3287 non
1512 3232 1760 3303 baptizati
1803 3230 1926 3287 vita:

348 3321 508 3392 hujus
553 3323 842 3378 terminum
889 3331 1129 3391 sumunt,
1173 3324 1305 3380 satis
1344 3323 1579 3379 indicant
1620 3324 1925 3380 misericor-

346 3412 486 3468 diam
511 3423 564 3469 et
592 3413 885 3485 judicium;
915 3415 1352 3471 .misericordiam
1376 3415 1591 3486 quidem
1616 3416 1924 3484 gratuitam,

342 3504 599 3575 judicium
625 3505 886 3562 debitum.
908 3506 965 3564 Si
994 3507 1138 3563 enim
1162 3507 1531 3578 judicarentur
1557 3506 1803 3563 homines
1827 3522 1925 3578 pro

346 3596 553 3653 meritis
592 3612 705 3654 suze
746 3599 891 3665 vitae,
918 3615 1037 3669 quae
1078 3615 1184 3655 non
1227 3599 1530 3679 habuerunt
1572 3609 1746 3655 morte
1785 3614 1927 3669 prae-

346 3690 516 3757 venti,
539 3690 632 3745 sed
670 3690 902 3746 habituri
930 3702 1134 3757 essent,
1163 3691 1208 3746 si
1238 3692 1513 3756 viverent;
1542 3691 1670 3746 nihil
1707 3691 1927 3762 prodes-

344 3790 429 3835 set
467 3780 517 3836 ei
544 3781 631 3851 qui
656 3791 840 3853 raptus
867 3791 971 3850 est,
1004 3796 1072 3839 ne
1093 3782 1293 3837 malitia
1322 3791 1553 3838 mutaret
1597 3782 1923 3838 intellectum

345 3872 497 3941 ejus;
529 3872 662 3927 nihil
686 3872 970 3943 prodesset
994 3874 1075 3928 eis
1094 3887 1187 3943 qut
1214 3871 1347 3943 lapsi
1380 3872 1701 3937 moriuntur,
1732 3872 1777 3927 si
1802 3880 1926 3929 ante

343 3972 720 4019 morerentur:
762 3963 904 4034 quod
953 3963 1130 4018 nullus
1170 3962 1351 4019 dicere
1392 3962 1715 4018 christianus
1758 3962 1925 4019 aude-

343 4053 441 4108 bit.
465 4054 723 4122 Quocirca
751 4070 860 4110 non
887 4056 1084 4111 debent
1110 4055 1300 4110 fratres
1325 4054 1516 4120 nostri,
1533 4054 1625 4125 qui
1650 4054 1924 4110 nobiscum

344 4160 440 4213 pro
477 4144 740 4200 catholica
772 4146 875 4201 ﬁde
906 4146 1196 4216 perniciem
1226 4146 1492 4217 Pelagiani
1517 4146 1718 4202 erroris
1747 4147 1922 4217 impu-

340 4247 528 4306 gnant,
572 4236 697 4292 huic
736 4236 1035 4308 Pelagianae
1083 4238 1139 4293 in
1186 4246 1391 4293 tantum
1437 4238 1615 4293 favere
1661 4238 1920 4309 opinioni,

345 4342 449 4397 qua
483 4327 767 4398 opinantur
798 4329 1024 4398 gratiam
1054 4328 1157 4384 Dei
1199 4328 1493 4385 secundum
1523 4330 1712 4385 merita
1738 4338 1923 4385 nostra

252 4417 275 4435 '
347 4418 502 4483 dari;
547 4427 606 4474 ut
642 4419 783 4491 quod
824 4420 897 4474 illi
935 4420 1135 4476 audere
1183 4435 1291 4475 non
1335 4429 1576 4489 possunt,
1605 4421 1923 4476 sententiam

349 4523 532 4566 veram
560 4512 714 4582 plane
738 4520 793 4567 et
817 4513 1109 4583 antiquitus
1130 4512 1500 4578 christianam,
1530 4512 1727 4584 Raptus
1747 4522 1839 4579 est,
1863 4528 1927 4567 ne

348 4602 546 4657 malitia
577 4612 791 4657 mutaret
818 4603 1125 4657 intellectum
1150 4604 1280 4672 ejus,
1306 4601 1585 4658 destruere
1605 4601 1921 4667 moliantur;

346 4703 405 4751 et
432 4693 485 4749 id
512 4701 771 4758 astruere,
799 4693 962 4763 quod,
993 4706 1102 4748 non
1127 4692 1250 4747 dico
1294 4692 1645 4757 crediturum,
1689 4690 1784 4748 sed
1830 4706 1924 4746 so—

352 4784 676 4839 mniaturum
708 4782 974 4838 neminem
990 4793 1318 4853 putaremus,
1332 4782 1622 4838 secundum
1638 4797 1701 4838 ea
1720 4782 1926 4838 scilicet

344 4873 572 4945 judicari
614 4889 879 4945 quemque
906 4882 1259 4938 mortuorum,
1291 4888 1411 4943 quae
1452 4883 1700 4945 gesturus
1730 4874 1921 4941 fuerat,

348 4965 394 5019 si
425 4974 664 5035 tempore
705 4965 994 5033 prolixiora
1035 4964 1276 5019 vixisset.
1308 4963 1384 5018 Ita
1421 4963 1617 5034 quippe
1646 4963 1812 5019 claret
1839 4963 1923 5018 in—

351 5059 549 5113 victum
578 5072 699 5114 esse
737 5056 879 5127 quod
906 5055 1153 5120 dicimus,
1194 5056 1417 5126 gratiam
1463 5052 1558 5110 Dei
1596 5069 1701 5110 non
1729 5070 1924 5111 secun-

344 5150 475 5205 dum
523 5150 715 5206 merita
758 5158 938 5204 nostra
977 5148 1115 5215 dari,
1147 5157 1205 5202 ut
1236 5146 1358 5202 huic
1400 5148 1609 5202 veritati
1656 5146 1927 5207 contradi-

346 5249 530 5297 centes
572 5240 834 5312 ingeniosi
876 5239 1119 5295 homines
1149 5238 1284 5305 ha-c,
1316 5238 1384 5293 ab
1424 5238 1664 5294 omnium
1705 5239 1926 5295 auribus

343 5342 402 5388 et
418 5332 828 5403 cogitationibus
855 5330 1138 5398 abigenda,
1168 5329 1348 5385 dicere
1374 5338 1718 5401 cogerentur.

413 5422 641 5480 CAPUT
678 5421 797 5477 XV.
822 5451 893 5463 —
918 5421 1009 5477 50.
1053 5422 1145 5476 Est
1166 5420 1327 5477 etiam
1352 5420 1817 5490 praeclarissimum
1843 5419 1927 5475 lu—

348 5521 470 5571 men
502 5512 983 5584 prtedestinationis
1023 5520 1080 5568 et
1117 5516 1324 5583 gratiae,
1357 5514 1472 5581 ipse
1498 5511 1766 5578 Salvator,
1805 5510 1926 5582 ipse

348 5604 607 5664 Mediator
643 5606 737 5662 Dei
766 5614 821 5661 et
844 5604 1118 5660 hominum
1150 5603 1312 5659 homo
1334 5602 1577 5660 Christus
1604 5604 1761 5662 Jesus
1789 5622 1802 5659 :
1833 5603 1925 5675 qui

345 5709 408 5756 ut
434 5700 539 5756 hoc
578 5706 743 5764 esset,
783 5696 975 5767 quibus
1020 5694 1233 5750 tandem
1282 5694 1393 5749 suis
1439 5695 1522 5749 vel
1564 5711 1787 5765 operum
1836 5696 1926 5751 vel

347 5790 474 5847 tidei
518 5787 940 5859 prmcedentibus
986 5785 1191 5841 meritis
1237 5795 1425 5841 natura
1455 5785 1684 5842 humana
1720 5802 1839 5857 qua:
1869 5786 1923 5840 in

348 5881 442 5936 illo
466 5889 546 5936 est
566 5876 932 5946 comparavit?
959 5875 1597 5951 Respondeatur,quaeso:
1624 5877 1711 5934 ille
1736 5878 1920 5945 homo,

2028 585 2088 633 ut
2116 593 2146 633 a
2182 578 2353 635 Verbo
2383 580 2522 635 Patri
2560 591 2829 637 comterno
2872 582 2923 636 in
2957 581 3213 638 unitatem
3245 600 3487 654 persona:
3516 602 3608 640 as-

2029 679 2289 739 sumptus,
2323 669 2488 726 Filius
2530 672 2620 727 Dei
2650 673 2956 742 unigenitus
2985 685 3149 741 esset,
3182 677 3322 731 unde
3358 677 3463 739 hoc
3492 693 3605 731 me-

2028 762 2189 815 ruit?
2241 760 2394 828 Quod
2445 777 2562 834 ejus
2616 762 2813 844 bonum
2863 766 3250 837 qualecumque
3300 770 3606 838 prtrCCSs'it‘.’

2029 849 2166 921 Quid
2205 854 2315 924 egit
2360 864 2506 920 ante,
2552 855 2677 925 quid
2723 856 2969 923 credidit,
3011 857 3139 927 quid
3185 859 3387 926 petivit,
3438 870 3493 913 ut
3538 859 3607 914 ad

2029 942 2168 998 hanc
2198 942 2523 999 ineﬂ‘abilem
2547 946 2921 1001 excellentiam
2955 948 3293 1016 perveniret?
3321 950 3506 1006 Nonne
3530 950 3610 1004 la-

2029 1036 2204 1091 ciente
2227 1050 2291 1091 ac
2314 1038 2640 1107 suscipiente
2668 1037 2866 1106 Verbo,
2895 1038 3011 1109 ipse
3056 1039 3237 1107 homo,
3269 1056 3335 1096 ex
3361 1057 3466 1112 quo
3490 1055 3613 1097 esse

2029 1127 2212 1195 cmpit,
2239 1125 2404 1182 Filius
2448 1128 2542 1183 Dei
2581 1116 2769 1184 unicus
2792 1144 2913 1187 esse
2940 1112 3139 1201 coepit?
3190 1130 3376 1187 Nonne
3416 1131 3610 1187 Filium

2032 1215 2124 1272 Dei
2146 1217 2358 1272 unicum
2389 1217 2587 1274 femina
2610 1220 2699 1274 illa
2728 1222 2897 1292 gratia
2925 1223 3082 1294 plena
3109 1224 3393 1293 concepit?
3418 1223 3607 1279 Nonne

2029 1302 2096 1361 de
2142 1306 2344 1377 Spiritu
2388 1316 2575 1364 sancto
2617 1319 2671 1365 et
2717 1312 2922 1383 virgine
2964 1313 3125 1368 Maria
3172 1314 3264 1369 Dei
3296 1312 3461 1369 Filius
3491 1315 3610 1368 uni-

2029 1412 2125 1451 cus
2143 1407 2300 1454 natus
2325 1409 2426 1468 est,
2450 1415 2555 1455 non
2584 1401 2764 1457 carnis
2783 1402 3054 1470 cupidine,
3075 1403 3169 1459 sed
3195 1405 3478 1476 singulari‘
3515 1405 3608 1459 Dei

2031 1490 2298 1546 munere?
2339 1489 2605 1562 Numquid
2646 1493 2994 1549 metuendum
3036 1494 3155 1562 fuit,
3204 1511 3271 1550 ne
3322 1495 3611 1551 accedente

2030 1588 2187 1637 actate
2215 1582 2377 1638 homo
2401 1583 2494 1639 ille
2529 1583 2697 1640 libero
2741 1594 2991 1656 peccaret
3032 1586 3296 1643 arbitrio?
3343 1590 3450 1643 Aut
3488 1586 3611 1643 ideo

2030 1674 2084 1728 in
2114 1673 2207 1730 illo
2232 1690 2338 1730 non
2369 1675 2535 1731 libera
2572 1677 2826 1734 voluntas
2853 1688 2988 1746 erat,
3021 1694 3085 1734 ac
3110 1694 3217 1734 non
3256 1688 3405 1735 tanto
3442 1679 3611 1749 magis

2030 1776 2168 1833 erat,
2211 1774 2411 1837 quanto
2461 1768 2629 1839 magis
2683 1781 2906 1839 peccato
2954 1771 3159 1826 servire
3206 1785 3311 1825 non
3366 1771 3611 1841 poterat?

2030 1858 2234 1929 Nempe
2258 1860 2359 1915 ista
2383 1861 2560 1917 omnia
2599 1862 2943 1932 singulariter
2978 1864 3310 1927 adntiranda,
3342 1872 3396 1920 et
3433 1864 3536 1919 alia
3564 1864 3611 1919 si

2030 1966 2132 2021 qua
2162 1952 2278 2022 ejus
2308 1954 2524 2023 propria
2559 1955 2840 2012 verissime
2864 1956 2968 2011 dici
2996 1967 3242 2026 possunt,
3274 1958 3611 2028 singulariter

2030 2042 2083 2098 in
2113 2043 2202 2099 illo
2226 2045 2432 2115 accepit
2462 2045 2716 2113 humana,
2747 2046 2849 2102 hoc
2874 2057 2978 2113 est,
3004 2059 3184 2104 nostra
3214 2059 3420 2117 natura,
3452 2050 3612 2105 nullis

2029 2134 2142 2189 Suis
2186 2137 2611 2206 praecedentibus
2656 2140 2882 2194 meritis.
2934 2140 3277 2210 Respondeat
3323 2142 3406 2196 hic
3450 2141 3612 2196 homo

2031 2226 2163 2293 Deo,
2190 2227 2234 2282 si
2264 2228 2453 2296 audet,
2486 2237 2541 2284 et
2580 2230 2752 2297 dicat,
2779 2230 2888 2286 Cur
2911 2228 3021 2286 non
3060 2240 3113 2288 et
3138 2233 3279 2304 ego?
3316 2234 3384 2288 Et
3428 2234 3472 2287 si
3516 2249 3611 2288 au-

2029 2317 2204 2385 dierit,
2255 2319 2301 2375 0
2327 2320 2498 2385 homo,
2532 2330 2586 2375 tu
2612 2322 2700 2392 qui
2743 2340 2795 2377 es
2831 2324 2918 2391 qui
2952 2325 3259 2395 respondeas
3284 2321 3392 2378 Deo
3433 2323 3609 2395 (Rom.

2031 2426 2104 2479 Ix,
2134 2411 2277 2482 20)?
2318 2427 2419 2468 nec
2460 2413 2537 2468 sic
2571 2413 2839 2481 cohibeat,
2868 2414 2961 2469 sed
2988 2424 3179 2485 augeat
3206 2414 3612 2484 impudentiam,

2030 2512 2087 2559 et
2110 2502 2270 2567 dicat,
2303 2503 2584 2573 Quomodo
2622 2503 2801 2570 audio,
2841 2504 2918 2559 Tu
2959 2506 3047 2575 qui
3089 2522 3161 2573 es,
3189 2521 3220 2560 ο
3262 2506 3452 2560 homo?
3479 2504 3615 2561 Cum

2028 2594 2130 2649 sim
2156 2594 2298 2666 quod
2327 2594 2507 2662 audio,
2539 2596 2591 2651 id
2616 2604 2702 2652 est
2728 2595 2912 2661 homo,
2934 2597 3076 2667 quod
3102 2605 3189 2653 est
3215 2606 3272 2653 et
3295 2598 3385 2653 ille
3410 2598 3479 2654 de
3503 2614 3612 2670 quo

2028 2698 2150 2755 ago,
2183 2699 2281 2741 cur
2318 2700 2426 2741 non
2469 2685 2569 2740 sim
2608 2686 2750 2757 quod
2779 2696 2833 2742 et
2864 2687 2989 2742 ille?
3030 2688 3101 2742 At
3138 2687 3280 2743 enim
3327 2689 3494 2759 gratia
3524 2689 3615 2745 ille

2029 2774 2151 2831 talis
2186 2790 2251 2832 ac
2277 2785 2456 2832 tantus
2483 2785 2584 2833 est.
2613 2775 2721 2832 Cur
2748 2776 2959 2833 diversa
2986 2786 3069 2833 est
3095 2778 3289 2848 gratia,
3312 2778 3400 2833 ubi
3428 2787 3615 2833 natura

2029 2866 2332 2922 communis
2374 2866 2494 2922 est?
2520 2864 2680 2923 Certe
2723 2880 2829 2921 non
2873 2875 2958 2922 est
2996 2867 3236 2937 acceptio
3262 2882 3613 2937 personarum

2030 2955 2172 3027 apud
2205 2956 2371 3012 Deum
2406 2956 2627 3029 (Coloss.
2659 2973 2739 3026 Ill,
2760 2956 2877 3030 25).
2908 2956 3060 3027 Quis,
3092 2972 3199 3014 non
3224 2957 3344 3014 dico
3370 2958 3618 3015 christia-

2030 3063 2153 3112 nus,
2181 3047 2279 3102 sed
2306 3048 2524 3103 insanus
2553 3047 2668 3104 han:
2704 3048 2896 3104 dicat?

2100 3138 2191 3193 3|.
2232 3138 2500 3207 Appareat
2539 3137 2719 3209 itaque
2760 3138 2916 3195 nobis
2955 3138 3008 3194 in
3053 3149 3237 3195 nostro
3274 3138 3451 3209 capite
3493 3138 3608 3209 ipse

2030 3228 2149 3283 fons
2184 3229 2390 3300 gratim,
2434 3227 2574 3285 unde
2613 3228 2907 3285 secundum
2949 3229 3364 3300 uniuscujusque
3407 3244 3615 3283 mensu-

2029 3338 2143 3377 ram
2179 3337 2238 3378 se
2266 3337 2362 3392 per
2388 3328 2579 3377 cuncta
2606 3321 2724 3391 ejus
2762 3322 3000 3377 membra
3028 3322 3297 3377 dill‘undit.
3328 3322 3404 3376 Ea
3444 3313 3637 3391 gratia

2032 3416 2093 3470 lit
2116 3415 2184 3470 ab
2209 3414 2364 3470 initio
2402 3413 2527 3470 ﬁdei
2552 3428 2663 3469 sua:
2702 3414 2864 3469 homo
2900 3415 3225 3485 quicumque
3246 3413 3569 3468 christianus
3592 3454 3609 3479 ,

2028 3522 2132 3577 qua
2155 3506 2321 3577 gratia
2348 3505 2510 3560 homo
2534 3505 2624 3560 ille
2647 3506 2714 3560 ab
2740 3505 2892 3559 initio
2912 3521 3011 3560 suo
3030 3504 3199 3561 factus
3220 3514 3305 3560 est
3324 3504 3567 3560 Christus
3593 3521 3608 3558 :

2030 3599 2098 3655 de
2125 3600 2240 3669 ipso
2269 3598 2469 3669 Spiritu
2497 3606 2553 3652 et
2578 3597 2664 3652 hic
2690 3605 2928 3661 renatus,
2965 3597 3034 3653 de
3056 3613 3165 3668 quo
3193 3606 3276 3652 est
3300 3596 3391 3651 ille
3417 3607 3608 3662 natus;

2029 3689 2219 3746 eodem
2246 3689 2448 3759 Spiritu
2474 3689 2533 3743 tit
2555 3688 2610 3743 in
2635 3688 2788 3744 nobis
2816 3688 3063 3744 remissio
3093 3697 3453 3759 peccatorum,
3494 3703 3603 3757 quo

2028 3782 2228 3852 Spiritu
2258 3780 2453 3836 factum
2479 3788 2562 3836 est
2591 3787 2648 3835 ut
2675 3780 2876 3834 nullum
2919 3780 3140 3835 haberet
3174 3780 3262 3833 ille
3305 3787 3603 3848 peccatum.

2030 3873 2156 3928 Haec
2181 3887 2240 3928 se
2268 3872 2411 3928 Deus
2449 3885 2571 3927 esse
2599 3870 2864 3926 facturum
2898 3872 3138 3940 profecto
3164 3871 3449 3941 prmscivit.
3492 3869 3611 3940 Ipsa

2029 3973 2112 4020 est
2150 3965 2309 4036 igitur
2339 3962 2735 4034 praedestinatio
2772 3972 3077 4017 sanctorum
3104 4004 3120 4031 ,
3161 3978 3280 4033 qua:
3320 3963 3372 4017 in
3414 3962 3614 4018 Sancto

2029 4066 2334 4115 sanctorum
2363 4056 2593 4110 maxime
2615 4055 2808 4110 claruit
2835 4072 2849 4109 :
2880 4070 3038 4125 quam
3068 4070 3263 4124 negare
3287 4055 3405 4125 quis
3437 4064 3612 4125 potest

2028 4156 2177 4204 recte
2202 4148 2609 4216 intelligentium
2639 4145 2852 4215 eloquia
2882 4146 3164 4201 veritatis?
3190 4145 3320 4200 Nam
3352 4155 3406 4201 et
3437 4146 3610 4216 ipsum

2033 4242 2318 4297 Dominum
2346 4240 2529 4311 gloria:
2551 4240 2605 4305 ²,
2637 4239 2689 4293 in
2723 4248 2979 4309 quantum
3018 4238 3179 4294 homo
3209 4239 3382 4295 factus
3407 4251 3487 4295 est
3517 4241 3612 4295 Dei

2030 4330 2217 4397 Filius,
2262 4328 2694 4399 praedestinatum
2720 4342 2841 4384 esse
2874 4327 3163 4385 didicimus
3189 4329 3235 4382 ³.
3264 4328 3471 4385 Clamat
3507 4330 3615 4385 Do-

2028 4431 2146 4478 ctor
2168 4421 2414 4477 Gentium
2443 4420 2497 4474 in
2525 4420 2698 4490 capite
2726 4418 3086 4490 Epistolarum
3129 4435 3342 4476 suarum
3363 4462 3378 4486 ,
3416 4418 3613 4476 Paulus

2027 4528 2197 4567 servus
2238 4510 2365 4565 Jesu
2393 4511 2619 4579 Christi,
2657 4520 2860 4566 vocatus
2896 4513 3182 4583 apostolus,
3223 4522 3512 4584 segregatus
3556 4513 3612 4567 in

2028 4601 2365 4676 Evangeliunt
2393 4603 2524 4669 Dei,
2559 4601 2697 4673 quod
2724 4610 2842 4657 ante
2882 4603 3181 4674 promiserat
3207 4620 3296 4672 per
3322 4602 3611 4672 PrOphetas

2028 4710 2146 4749 suos
2172 4694 2226 4747 in
2255 4692 2534 4762 Scripturis
2569 4692 2757 4747 sanctis
2782 4691 2847 4746 de
2883 4690 3021 4746 Filio
3051 4708 3174 4759 suo,
3213 4693 3299 4763 qui
3340 4694 3503 4763 factus
3539 4700 3613 4746 est

2029 4799 2074 4837 et
2096 4798 2158 4836 ea:
2175 4782 2363 4836 semine
2388 4780 2552 4835 David
2569 4780 2846 4836 secundum
2869 4798 3093 4847 carnem,
3115 4783 3201 4852 qui
3222 4782 3610 4849 prtedestinatus

2029 4884 2103 4931 est
2138 4873 2303 4928 Filius
2326 4872 2421 4927 Dei
2450 4873 2505 4928 in
2532 4873 2714 4927 virtute
2733 4913 2751 4940 ,
2782 4872 3059 4927 secundum
3088 4872 3341 4944 Spiritum
3379 4875 3612 4944 sancti/i-

2029 4965 2244 5020 cationis
2289 4980 2352 5020 ea:
2391 4964 2751 5019 resurrectione
2788 4973 3101 5020 mortuorum
3146 4964 3323 5036 (Rom.
3366 4981 3424 5033 ι,
3468 4967 3610 5038 1-4).

2031 5055 2446 5115 Prmdestinatus
2477 5064 2559 5109 est
2589 5069 2716 5125 ergo
2742 5053 2919 5122 Jesus,
2948 5062 3005 5108 ut
3029 5054 3118 5125 qui
3149 5056 3356 5110 iuturus
3384 5065 3499 5111 erat
3523 5072 3613 5112 se-
3662 5087 3667 5111 ε

2030 5146 2261 5207 cundum
2294 5162 2511 5203 carnem
2541 5146 2683 5201 ﬁlius
2708 5146 2874 5201 David
2898 5188 2915 5215 ,
2946 5155 3089 5203 esset
3128 5156 3305 5203 tamen
3338 5150 3390 5202 in
3418 5149 3616 5206 virtute

2031 5242 2199 5299 Filius
2224 5240 2318 5296 Dei
2358 5235 2655 5295 secundum
2682 5237 2938 5308 Spiritum
2980 5238 3446 5305 sanctiﬁcationis;
3491 5242 3613 5311 quia

2032 5343 2189 5388 natus
2216 5340 2299 5387 est
2321 5329 2389 5386 de
2415 5329 2615 5399 Spiritu
2642 5337 2828 5383 sancto
2852 5338 2907 5383 et
2930 5328 3134 5400 virgine
3157 5329 3344 5385 Maria.
3373 5329 3490 5400 Ipsa
3527 5345 3613 5387 est

2032 5425 2123 5482 illa
2154 5422 2493 5479 ineﬂ'abiliter
2517 5420 2655 5477 facta
2682 5419 2915 5476 hominis
2942 5435 2972 5475 a
3000 5420 3112 5476 Deo
3139 5420 3315 5477 Verbo
3344 5424 3618 5494 susceptio

2031 5516 2337 5587 singularis,
2360 5522 2420 5569 ut
2447 5514 2612 5569 Filius
2637 5513 2729 5568 Dei
2753 5521 2807 5569 et
2835 5513 2975 5569 [ilius
3002 5512 3236 5568 hominis
3264 5514 3445 5580 simul,
3478 5514 3617 5570 lilius

2033 5607 2263 5665 hominis
2296 5614 2513 5679 prapter
2545 5614 2849 5677 susceptum
2886 5604 3157 5662 hominem
3179 5645 3195 5673 ,
3240 5614 3295 5661 ct
3321 5604 3488 5660 Filius
3516 5605 3609 5661 Dei

2098 5748 2362 5828 {Plerique
2383 5759 2707 5827 manuscripti,
2733 5756 2850 5828 solo.

2095 5826 2114 5854 '
2134 5831 2253 5871 Tres
2272 5830 2396 5880 Mss,
2426 5826 2675 5870 Dominum
2687 5826 2874 5883 gratim.

2098 5885 2118 5918 ⁸
2142 5890 2241 5933 Am.
2264 5889 2335 5933 Er.
2364 5890 2413 5934 et
2436 5890 2617 5947 auquot
2640 5880 2765 5943 uss,
2784 5880 3009 5933 dicimus.

3496 486 3603 544 982
3709 528 3715 547 ς
