4098 6502
565 406 666 464 983

566 540 781 602 propter
809 527 1191 597 suscipientem
1217 522 1547 595 unigenitum
1590 521 1758 577 Deum
1788 520 2051 575 veraciter
2088 528 2144 575 et

572 624 784 694 proprie
823 621 1127 685 diceretur;
1168 633 1236 674 ne
1271 632 1380 673 non
1407 615 1634 683 trinitas,
1676 614 1773 672 sed
1813 615 2144 684 quaternitas

562 716 890 771 crederetur.
942 712 1324 769 Prtedestinata
1370 718 1457 766 est
1507 709 1606 762 ista
1650 721 1856 762 natura:
1895 707 2148 761 humanae

564 816 708 861 tanta
736 814 791 861 et
815 816 920 860 tam
944 804 1081 859 celsa
1109 815 1161 856 et
1185 816 1390 857 summa
1413 799 1709 863 subvectio,
1734 806 1793 853 ut
1811 812 1918 868 quo
1941 796 2150 851 attolle-

563 910 711 955 retur
728 900 908 972 altius,
935 912 1040 952 non
1070 896 1288 950 haberet
1317 911 1330 947 :
1359 893 1498 947 sicut
1523 907 1620 961 pro
1643 891 1794 945 nobis
1821 890 1935 959 ipsa
1955 887 2146 943 divini-

565 1000 643 1045 las
683 1006 788 1061 quo
829 1004 995 1058 usque
1034 1001 1093 1042 se
1130 986 1424 1055 deponeret
1457 980 1729 1046 humilius,
1773 995 1878 1035 non
1921 978 2143 1045 habuit,

558 1088 991 1148 quamsuscepla
1016 1086 1201 1132 natura
1228 1075 1457 1130 hominis
1485 1089 1606 1128 cum
1634 1072 1939 1135 infirmitate
1965 1070 2146 1126 carnis

560 1190 730 1245 usque
769 1173 835 1228 ad
884 1180 1107 1227 mortem
1137 1170 1335 1225 crucis.
1377 1166 1527 1223 Sicut
1564 1180 1692 1235 ergo
1730 1162 2145 1235 prrodestinatus

564 1275 648 1320 est
674 1266 762 1320 ille
792 1271 1036 1329 unus,-ut
1056 1268 1217 1331 caput
1244 1268 1484 1315 nostrum
1513 1264 1657 1311 esset
1685 1273 1699 1309 :
1727 1256 1798 1309 ita
1827 1254 1976 1308 multi
2009 1268 2146 1324 pra:-

557 1355 808 1411 dcstinati
849 1367 1054 1418 sumus,
1097 1361 1153 1405 ut
1192 1349 1428 1405 membra
1454 1346 1569 1418 ejus
1611 1360 1872 1401 essemus.
1901 1344 2145 1399 Humana

558 1448 647 1504 hic
674 1450 859 1504 merita
895 1446 1279 1509 conticescant,
1322 1457 1438 1513 qua:
1476 1439 1754 1511 perierunt
1793 1451 1890 1507 per
1924 1435 2093 1491 Adam
2124 1453 2139 1491 :

536 1552 614 1598 et
640 1550 826 1612 regnet
851 1555 970 1611 quae
996 1546 1183 1608 regnat
1211 1537 1299 1590 Dei
1327 1534 1495 1605 gratia
1527 1548 1624 1602 per
1646 1531 1830 1587 Iesum
1866 1529 2141 1585 Christum

556 1633 838 1687 Dominum
867 1637 1131 1694 nostrum,
1163 1640 1374 1681 unicum
1402 1624 1495 1678 Dei
1528 1622 1741 1689 Filium,
1774 1635 1938 1676 unum
1963 1620 2145 1675 Domi-

553 1740 681 1779 unm
715 1726 752 1777 ι.
782 1722 1033 1791 Quisquis
1060 1720 1112 1774 in
1139 1719 1313 1788 capite
1342 1727 1527 1772 nostro
1566 1713 1925 1786 praecedentia
1954 1712 2143 1769 merita

555 1814 841 1885 singularis
871 1814 1014 1867 illius
1044 1810 1410 1882 generationis
1445 1808 1735 1873 invenerit,
1764 1806 1878 1875 ipse
1907 1806 1960 1861 in
1986 1804 2145 1899 nobis

551 1909 809 1964 membris
834 1908 948 1977 ejus
971 1905 1327 1976 przecedentia
1365 1902 1556 1957 merita
1584 1900 1946 1969 multiplicate
1985 1912 2142 1969 rege-

550 2000 843 2056 nerationis
870 1998 1120 2068 inquirat.
1155 1995 1337 2067 Neque
1361 1995 1504 2050 enim
1531 1992 1787 2048 retributa
1817 2000 1902 2047 est
1928 1990 2145 2045 Christo

530 2092 643 2147 illa
674 2090 970 2161 generatio,
999 2088 1094 2144 sed
1122 2088 1337 2153 tributa,
1368 2093 1423 2140 ut
1448 2085 1654 2139 alienus
1675 2083 1744 2137 ab
1767 2082 1913 2137 omni
1943 2080 2146 2151 obliga-

550 2184 697 2238 tione
725 2181 958 2252 peccati,
1000 2180 1070 2235 de
1104 2179 1305 2250 Spiritu
1344 2187 1400 2233 et
1425 2177 1644 2246 Virgine
1682 2186 2012 2231 nasceretur.
2053 2173 2143 2229 Sic

551 2283 607 2328 et
637 2272 789 2328 nobis
816 2281 876 2326 ut
901 2287 970 2326 ex
993 2286 1130 2340 aqua
1157 2279 1211 2324 et
1240 2268 1444 2339 Spiritu
1470 2281 1898 2332 renasceremur,
1926 2279 2034 2320 non
2062 2279 2144 2321 re-

553 2366 809 2421 tributum
837 2373 921 2419 est
952 2378 1047 2433 pro
1071 2356 1250 2432 aliquo
1277 2364 1491 2426 merito,
1521 2359 1617 2415 sed
1640 2360 1807 2431 gratis
1833 2359 2087 2414 tributum
2120 2375 2136 2412 :

549 2465 607 2511 et
634 2456 679 2510 si
710 2470 808 2510 nos
835 2454 900 2508 ad
928 2456 1197 2508 lavacrum
1223 2451 1641 2523 regenerationis
1667 2450 1801 2504 ﬁdes
1827 2449 2000 2515 duxit,
2031 2465 2138 2505 non

550 2549 671 2603 ideo
700 2558 887 2619 putare
915 2547 1193 2613 debemus,
1224 2547 1430 2615 priores
1450 2559 1549 2599 nos
1593 2543 1806 2598 dedisse
1830 2541 2052 2612 aliquid,
2082 2550 2140 2597 ut

548 2640 934 2694 retribuerctnr
963 2637 1117 2691 nobis
1144 2635 1479 2705 regeneratio
1504 2633 1784 2698 salutaris;
1818 2633 1907 2688 ille
1942 2633 2137 2703 quippe

548 2746 650 2787 nos
678 2732 802 2785 fecit
825 2730 1044 2785 credere
1066 2730 1117 2783 in
1138 2726 1429 2790 Christum,
1457 2726 1549 2797 qui
1571 2727 1724 2781 nobis
1748 2726 1873 2781 fecit
1898 2726 1953 2781 in
1978 2741 2135 2795 quem

548 2821 821 2876 credimus
861 2818 1170 2884 Christum;
1210 2818 1303 2873 ille
1341 2816 1467 2872 facit
1508 2819 1562 2872 in
1592 2815 1897 2871 hominibus
1932 2815 2136 2886 princi-

546 2915 694 2982 pium
723 2911 844 2966 ﬁdei
869 2919 923 2965 et
948 2909 1330 2980 perfectionem
1364 2909 1417 2963 in
1446 2907 1651 2970 Iesum,
1682 2907 1772 2976 qui
1801 2906 1925 2963 fecit
1954 2906 2134 2961 homi-

547 3016 669 3056 nem
698 3001 992 3071 principem
1020 2999 1143 3056 ﬁdei
1170 3009 1226 3055 et
1251 2998 1606 3070 perfectorem
1635 2997 1819 3054 Iesum
1850 3016 1864 3053 :
1888 2998 1966 3053 sic
1991 2998 2135 3053 enim

545 3098 631 3147 est
659 3093 978 3162 appellatus,
1025 3100 1083 3147 ut
1118 3091 1291 3160 scitis,
1329 3090 1384 3146 in
1409 3089 1652 3161 Epistola
1677 3105 1799 3161 qua:
1822 3098 1908 3145 est
1934 3090 2001 3145 ad
2032 3090 2136 3147 lle-

542 3182 720 3238 braros
746 3181 928 3254 (Hebr.
959 3198 1032 3237 xu
1047 3221 1062 3246 ,
1092 3180 1175 3254 2).

450 3278 454 3281 ·
617 3271 841 3327 CAPUT
880 3271 1018 3327 XVI.
1047 3301 1121 3313 -—
1156 3270 1248 3327 '52.
1291 3270 1461 3328 Vocat
1499 3270 1643 3327 enim
1681 3270 1823 3327 Deus
1857 3271 2138 3342 pradesti-

542 3371 700 3417 natos
729 3364 924 3417 multos
953 3362 1091 3418 ﬁlios
1125 3377 1253 3418 suos
1273 3403 1289 3430 ,
1322 3371 1382 3417 ut
1410 3377 1504 3418 eos
1534 3361 1692 3417 faciat
1719 3365 1959 3419 membra
1985 3380 2129 3435 prte-

541 3453 795 3509 destinati
828 3455 970 3510 unici
998 3455 1119 3509 Filii
1149 3454 1255 3522 sui,
1287 3470 1393 3510 non
1429 3471 1492 3511 ea
1519 3456 1803 3513 vocatione
1825 3472 1927 3527 qua
1954 3458 2132 3513 vocati

541 3555 669 3599 sunt
701 3554 757 3601 et
780 3547 870 3616 qui
902 3547 1189 3601 noluerunt
1226 3548 1411 3602 venire
1447 3547 1515 3602 ad
1545 3549 1761 3618 nuptias
1804 3547 1957 3620 (Luc.
2005 3564 2139 3617 \‘tv;

543 3635 763 3706 46-20);
805 3638 890 3693 illa
931 3638 1126 3710 quippe
1164 3639 1444 3695 vocatione
1479 3647 1533 3694 et
1562 3640 1734 3695 Iudaei
1762 3641 1932 3697 vocati
1970 3650 2128 3709 sunt,

541 3728 736 3798 quibus
755 3728 1000 3783 Christus
1020 3730 1307 3786 cruciﬁxus
1331 3730 1640 3785 scandalum
1662 3740 1780 3798 est;
1805 3742 1861 3788 et
1890 3731 2089 3789 Gentes
2108 3774 2125 3801 ,

541 3822 736 3891 quibus
762 3822 1049 3877 cruciﬁxus
1073 3823 1295 3878 stultitia
1322 3835 1406 3877 est
1437 3841 1451 3877 :
1482 3823 1577 3879 sed
1602 3839 1664 3879 ea
1691 3826 1969 3881 vocatione
1993 3840 2130 3895 pra:-

545 3911 843 3966 destinatos
869 3922 1044 3978 vocat,
1081 3928 1240 3984 quam
1268 3912 1511 3968 distinxit
1548 3915 1871 3984 Apostolus,
1902 3914 2123 3984 dicens,

536 4003 673 4071 ipsis
710 4005 911 4059 vocatis
939 4004 1140 4060 Iudaeis
1164 4012 1219 4059 et
1245 4003 1448 4061 Grtecis
1466 4005 1761 4075 prtedicare
1779 4021 1839 4061 se
1855 4004 2126 4063 Christum

538 4095 637 4149 Dei
666 4095 911 4150 virtutem
941 4105 995 4151 et
1032 4096 1128 4149 Dei
1168 4096 1505 4164 sapientiam.
1548 4096 1639 4151 Sic
1672 4085 1821 4151 enini
1853 4098 1957 4163 ait,
1988 4097 2127 4168 Ipsis

535 4197 703 4241 autem
730 4189 918 4242 vocatis
952 4188 993 4261 (Ι
1022 4187 1140 4242 Cor.
1179 4203 1233 4254 t,
1264 4186 1357 4255 25,
1383 4186 1519 4252 24);
1563 4196 1623 4242 ut
1661 4188 1782 4244 illos
1817 4191 2127 4249 ostenderet

534 4293 643 4332 non
670 4290 889 4333 vocatos
922 4296 935 4332 :
964 4278 1141 4333 sciens
1168 4293 1289 4332 esse
1328 4278 1612 4348 quamdam
1646 4290 1847 4334 certam
1885 4283 2125 4337 vocatio-

533 4384 659 4424 nem
690 4384 878 4425 eorum
919 4369 1009 4440 qui
1047 4369 1342 4424 secundum
1390 4375 1720 4440 propositum
1749 4374 1921 4428 vocati
1946 4385 2121 4442 sunt,

532 4474 670 4530 quos
697 4470 820 4516 ante
860 4460 1124 4529 praescivit
1158 4470 1213 4515 et
1241 4460 1638 4530 prmdestinavit
1659 4462 1962 4520 conformes
1987 4465 2124 4521 ima-

531 4551 673 4620 ginis
702 4549 819 4606 Filti
845 4550 925 4605 sui
958 4549 1130 4619 (Rom.
1162 4566 1276 4616 vin,
1306 4550 1565 4622 28et29).
1597 4550 1765 4618 Quam
1792 4555 2123 4612 vocationem

533 4641 842 4712 signiﬁcans
861 4683 876 4705 ,
910 4642 985 4695 ait
1014 4658 1029 4694 :
1065 4639 1186 4695 Non
1214 4657 1278 4695 ex
1305 4641 1568 4712 aperibus,
1608 4643 1697 4697 sed
1722 4659 1789 4697 ea:
1813 4654 2017 4700 vocante
2041 4646 2124 4700 di-

533 4742 670 4786 ctum
698 4742 769 4787 est
792 4732 857 4795 ei,
894 4732 1027 4799 Quia
1056 4732 1222 4803 major
1247 4733 1423 4787 serviet
1449 4734 1634 4788 minori
1653 4733 1765 4799 (Id.
1789 4751 1863 4803 ts,
1887 4736 1973 4802 12,
2006 4737 2118 4811 15).

536 4822 800 4894 Numquid
828 4823 1004 4890 dixit,
1045 4823 1159 4877 Non
1187 4838 1254 4877 ex
1281 4823 1560 4892 operibus,
1599 4824 1697 4881 sed
1727 4841 1791 4881 ex
1821 4828 2120 4885 credente?

534 4913 760 4968 Prorsus
800 4915 959 4968 etiam
992 4912 1095 4967 hoc
1131 4912 1347 4967 abStulit
1387 4912 1627 4980 homini,
1666 4923 1724 4970 ut
1762 4924 1928 4972 totum
1967 4917 2120 4975 daret

539 5005 668 5059 Deo.
699 5003 840 5057 Dixit
865 5017 1012 5073 ergo,
1044 5003 1132 5057 sed
1154 5019 1217 5057 ea:
1243 5013 1450 5058 uocante
1481 5019 1500 5059 :
1526 5021 1632 5060 non
1657 5022 1992 5079 quacumque
2020 5025 2117 5065 vo-

531 5094 762 5158 catione,
794 5093 888 5148 sed
917 5109 1018 5164 qua
1042 5095 1322 5150 vocatione
1350 5094 1411 5149 ﬁt
1434 5096 1678 5153 credens.

605 5185 694 5241 33.
726 5186 875 5240 lianc
900 5186 1201 5242 intuebatur
1225 5188 1407 5255 etiam,
1439 5204 1561 5244 cum
1589 5190 1793 5246 diceret
1821 5209 1834 5243 :
1866 5191 1992 5248 Sine
2020 5210 2118 5265 pa:-

530 5278 743 5332 nitentia
771 5285 887 5331 sunt
909 5278 1044 5332 dona
1068 5288 1116 5334 et
1143 5282 1337 5335 vacatio
1366 5280 1477 5335 Dei.
1504 5282 1637 5337 Nam
1667 5294 1719 5338 et
1747 5284 1814 5340 ibi
1841 5286 1968 5356 quid
1994 5302 2119 5357 age-

534 5369 690 5425 batur
718 5370 985 5441 paulisper
1024 5372 1306 5429 advertite.
1341 5373 1473 5429 Cum
1502 5377 1644 5431 enim
1675 5376 1931 5445 dixisset,
1975 5379 2115 5435 Nolo

531 5463 667 5518 enim
687 5478 772 5517 vos
798 5464 1051 5535 ignorare,
1081 5467 1286 5537 fratres,
1316 5479 1686 5523 sacramentum
1712 5470 1823 5534 hoc,
1848 5481 1904 5524 ut
1933 5488 2032 5527 non
2052 5474 2115 5528 si-

529 5553 594 5605 tis
620 5555 755 5610 vobis
783 5554 1033 5628 sapientes
1059 5572 1079 5612 :
1106 5558 1224 5628 quia
1249 5560 1444 5614 ctecitas
1467 5576 1532 5615 ea:
1560 5571 1703 5631 parte
1731 5559 1898 5617 Israel
1924 5565 1943 5595 ²
1972 5567 2109 5634 [acta

518 5683 902 5794 ηοζιξξηοωηθδ
919 5694 1024 5738 Mss.
1049 5694 1107 5740 At
1128 5688 1263 5751 editi,
1288 5689 1482 5741 urticam
1516 5691 1607 5742 Dei
1638 5689 1834 5753 Filium,
1861 5695 2114 5747 venitnam

580 5759 618 5795 3i
624 5759 732 5794 rum
742 5782 751 5792 .

589 5806 769 5920 arma,
796 5810 1037 5924 ipltsracl.
1078 5815 1241 5876 Abest,
1274 5814 1340 5875 in,
1374 5828 1403 5866 a
1438 5816 1777 5879 manuscripth
1814 5826 1866 5870 et
1893 5832 1920 5869 a
1953 5833 2113 5883 graeco

589 5886 609 5921 Κ
637 5887 664 5920 ιι
695 5886 811 5924 suis
833 5892 859 5921 (ἱ
882 5890 913 5923 ι.

518 5883 664 5921 ςεχιιι
695 5883 913 5934 subicit.

1802 405 1861 463 S.
1904 404 2269 462 AUGUSTINI
2309 404 2619 466 EPISCOPI‘

3738 431 3839 489 984

2258 530 2352 587 est,
2374 523 2534 577 donec
2552 524 2812 595 plenitudo
2831 530 3052 598 gentium
3071 529 3303 602 intraret,
3325 544 3375 590 et
3395 537 3469 592 sic
3488 540 3650 595 omnis
3674 540 3831 599 Israel

2254 612 2422 669 saluus
2448 617 2622 686 ﬁeret;
2649 620 2781 674 sicut
2803 622 3045 693 scriptum
3063 632 3156 691 est,
3198 624 3369 683 Veniet
3394 646 3458 684 ea:
3481 629 3609 686 Sion
3629 635 3715 705 qui
3740 637 3830 690 eri-

2253 706 2381 777 piat,
2411 716 2460 763 et
2483 719 2674 764 avertat
2701 711 3008 784 impietatem
3035 717 3099 771 ab
3122 715 3287 775 Iacob
3307 763 3324 789 ,
3348 732 3398 777 et
3427 723 3520 778 hoc
3548 724 3651 782 illis
3684 744 3717 781 a
3750 744 3829 784 me

2253 805 2625 866 testamentum,
2650 817 2764 855 cum
2786 801 3040 861 abstulero
3059 820 3263 877 peccata
3288 828 3461 866 eorum
3486 831 3506 869 :
3539 832 3662 872 mox
3684 817 3833 873 addi-

2250 884 2327 941 dit
2348 888 2488 958 quod
2506 889 2788 962 diligenter
2808 894 3207 969 intelligendum
3227 914 3329 967 est,
3353 903 3645 962 Secundum
3672 910 3829 966 Em

2249 978 2440 1049 gelium
2466 982 2669 1052 quidem
2694 987 2889 1042 inimici
2926 999 3135 1062 propter
3159 1008 3277 1058 vos,
3320 1000 3596 1071 secundum
3634 1002 3826 1055 electio-

2249 1086 2362 1124 nem
2373 1082 2542 1128 autem
2564 1075 2734 1130 dilecti
2753 1090 2958 1147 propter
2982 1091 3150 1150 patres
3178 1084 3354 1155 (Rom.
3370 1087 3661 1159 Ἠλεί-29).
3690 1091 3827 1160 Quid

2247 1172 2350 1231 est,
2374 1163 2667 1222 Secundum
2692 1167 3029 1244 Evangelium
3049 1175 3249 1246 quidem
3267 1178 3460 1234 inimici
3482 1194 3683 1251 propter
3701 1201 3818 1252 vos;

2247 1256 2349 1311 nisi
2392 1258 2535 1328 quod
2567 1274 2754 1316 eorum
2777 1260 3048 1320 inimicitia
3072 1282 3175 1337 qua
3199 1270 3508 1326 occiderunt
3531 1274 3820 1341 Christum,

2247 1348 2556 1421 Evangelio,
2584 1354 2724 1409 sicut
2749 1355 2995 1414 videmus
3013 1400 3029 1421 ,
3060 1362 3181 1417 sine
3204 1361 3541 1421 dubitatione
3565 1368 3824 1435 profecit?

2246 1438 2316 1494 Et
2343 1440 2445 1498 hoc
2459 1445 2774 1521 ostendite):
2813 1447 2905 1503 Dei
2919 1449 3271 1533 dispositione
3292 1456 3542 1533 venisse,
3558 1460 3823 1529 qui-bene

2247 1534 2321 1586 uti
2351 1536 2498 1595 novit
2527 1538 2689 1595 etiam
2728 1541 2883 1601 malis
2912 1559 2926 1595 :
2960 1559 3069 1622 non
3108 1528 3497 1616 uti-ei‘prosint
3535 1528 3659 1605 vasa
3692 1553 3817 1622 ine,
3844 1528 3861 1575 ί

2245 1623 2342 1679 sed
2371 1635 2430 1681 ut
2459 1627 2576 1697 ipso
2602 1629 2711 1685 illis
2733 1632 2872 1689 bene
2900 1620 3099 1700 utente,
3127 1638 3333 1706 prosint
3357 1642 3495 1696 vasis
3522 1620 3822 1700 misericors

2245 1715 2368 1808 diae.
2400 1718 2539 1786 Quid
2565 1723 2709 1777 enim
2732 1726 2969 1795 apertius
2997 1727 3102 1784 diei
3146 1732 3345 1799 potuit,
3384 1749 3541 1803 quam
3588 1736 3638 1790 id
3678 1739 3819 1808 quod

2245 1807 2444 1864 dictum
2469 1820 2572 1880 est,
2603 1814 2895 1871 Secundum
2923 1819 3254 1893 Evangelium
3269 1825 3471 1894 quidem
3499 1807 3824 1901 lnimiciipro-

2246 1909 2356 1970 pter
2398 1903 2529 1957 vos?
2584 1904 2682 1960 Est
2718 1922 2847 1978 ergo
2885 1910 2938 1964 in
2977 1911 3237 1968 malorum
3268 1923 3527 1983 potestate
3555 1933 3818 1987 peccare:

2245 2001 2304 2048 ut
2330 2004 2509 2050 autem
2529 2001 2806 2068 peccando
2836 2001 2937 2057 hoc
2965 2003 3049 2058 vel
3086 2004 3189 2060 hoc
3234 2007 3321 2061 illa
3351 2010 3550 2064 malitia
3596 2010 3818 2081 faciant,

2243 2100 2352 2141 non
2375 2096 2461 2143 est
2489 2090 2543 2144 in
2573 2107 2762 2148 eorum
2796 2103 3078 2165 potestate,
3122 2100 3217 2155 sed
3250 2100 3340 2156 Dei
3366 2101 3648 2158 dividentis
3676 2114 3820 2163 tene-

2244 2178 2369 2236 bras
2392 2192 2447 2238 et
2474 2184 2770 2241 ordinantis
2798 2203 2929 2255 eas;
2976 2198 3036 2245 ut
3077 2191 3199 2247 hinc
3242 2192 3403 2248 etiam
3448 2194 3586 2264 quod
3623 2195 3821 2254 faciunt

2243 2284 2427 2327 contra
2455 2276 2780 2333 voluntatem
2812 2279 2941 2346 Dei,
2977 2296 3083 2337 non
3127 2284 3409 2353 impleatur
3448 2287 3547 2341 nisi
3583 2290 3823 2346 Voluntas

2243 2360 2360 2417 Dei.
2391 2363 2638 2434 Legimus
2666 2368 2718 2423 in
2747 2370 2969 2427 Actibus
2994 2374 3367 2444 Apostolorum
3388 2415 3405 2443 ,
3434 2379 3573 2447 quod
3600 2395 3718 2435 cum
3742 2381 3822 2436 di-

2241 2455 2391 2510 missi
2419 2472 2448 2511 a
2473 2458 2673 2516 Iudaeis
2700 2463 2939 2532 Apostoli
2965 2468 3236 2521 venissent
3256 2468 3321 2521 ad
3343 2483 3491 2536 suos,
3517 2480 3571 2525 et
3592 2472 3820 2529 indicas-

2240 2558 2363 2604 sent
2384 2561 2580 2620 quanta
2610 2554 2690 2609 eis
2718 2557 3023 2611 sacerdotes
3058 2568 3113 2613 et
3147 2560 3385 2616 seniores
3420 2561 3699 2630 dixerunt;
3742 2565 3818 2621 le-

2239 2653 2498 2697 vavernnt
2522 2644 2596 2698 illi
2633 2660 2817 2701 vocem
2858 2650 3135 2705 bnanimes
3178 2666 3364 2708 omnes
3404 2653 3471 2707 ad
3520 2654 3819 2723 Dominum,

2242 2740 2298 2787 et
2322 2732 2575 2789 dixerunt
2603 2754 2617 2791 :
2647 2735 2885 2805 Domine,
2909 2748 2963 2793 tu
2985 2756 3039 2794 es
3056 2742 3142 2811 qui
3162 2744 3323 2813 fecisti
3344 2745 3523 2799 cretum
3545 2754 3589 2799 et
3614 2757 3813 2814 terram,

2239 2834 2288 2879 et
2311 2843 2470 2893 mare,
2502 2838 2551 2884 et
2578 2832 2749 2884 omnia
2769 2848 2883 2902 quat
2901 2834 2954 2887 in
2982 2834 3053 2888 eis
3077 2845 3213 2899 sunt,
3240 2838 3327 2907 qui
3353 2854 3440 2905 per
3467 2855 3523 2892 os
3552 2842 3708 2910 patris
3729 2857 3819 2895 no-

2238 2917 2333 2970 stri
2357 2916 2540 2984 David,
2570 2925 2731 2975 sancti
2761 2924 2907 2993 pueri
2941 2924 3035 2989 tui,
3069 2927 3277 2990 dixisti,
3318 2928 3490 2996 Quare
3514 2934 3819 3001 fremuerunt

2238 3018 2439 3080 gentes,
2471 3021 2519 3066 et
2545 3015 2721 3085 populi
2748 3017 2974 3072 meditati
2998 3028 3117 3072 sunt
3151 3020 3361 3086 inania;
3390 3022 3653 3075 astiterunt
3681 3040 3818 3094 reges

2237 3108 2406 3168 terra,
2435 3113 2483 3157 et
2511 3105 2762 3176 principes
2788 3119 3132 3164 convenerunt
3159 3112 3212 3165 in
3248 3128 3423 3178 unum,
3452 3113 3688 3167 adversus
3721 3115 3819 3169 Do-

2235 3195 2430 3249 minum
2457 3205 2508 3251 et
2536 3197 2777 3253 adversus
2816 3200 3071 3257 Christum
3114 3182 3261 3275 ejus?
3302 3204 3645 3261 Convenerunt
3685 3209 3816 3263 enim

2234 3284 2291 3339 in
2326 3287 2555 3355 veritate,
2587 3289 2643 3343 in
2671 3291 2874 3346 civitate
2894 3294 3023 3361 ista,
3064 3294 3306 3350 adversus
3342 3308 3568 3351 sanctum
3608 3316 3813 3369 puerum

2236 3383 2379 3429 tuum
2399 3376 2579 3432 Iesum
2602 3397 2749 3453 quem
2778 3384 2988 3451 unaisti,
3019 3383 3246 3440 Herodes
3275 3397 3320 3441 et
3351 3385 3549 3444 Pilatus
3581 3401 3625 3443 et
3646 3406 3812 3461 popu-

2233 3466 2316 3520 lus
2342 3466 2528 3535 Israel,
2559 3475 2729 3541 facere
2763 3484 2955 3545 quanta
2978 3492 3158 3530 "ianus
3196 3486 3281 3531 tua
3314 3487 3363 3531 et
3390 3480 3655 3534 consilium
3686 3496 3816 3550 prte-

2233 3556 2500 3613 destinavit
2530 3561 2640 3630 ﬁeri
2666 3561 2898 3632 (Ασίαν,
2923 3565 3135 3633 24-28).
3166 3567 3306 3622 Ecce
3325 3570 3466 3639 quod
3493 3569 3685 3625 dictum
3708 3581 3809 3639 est,

2234 3646 2532 3705 Secundum
2590 3651 2923 3725 Evangelium
2975 3656 3179 3726 quidem
3226 3658 3418 3713 inimici
3463 3670 3665 3733 propter
3705 3678 3810 3716 vos.

2232 3740 2399 3796 Tanta
2428 3744 2625 3814 quippe
2653 3746 2721 3800 ab
2762 3748 2990 3803 inimicis
3017 3749 3218 3805 Iudaeis
3245 3766 3434 3807 manus
3477 3755 3566 3807 Dei
3594 3754 3665 3808 et'
3683 3770 3811 3809 con-

2231 3832 2408 3888 silium
2438 3835 2837 3903 prrrdestinavit
2879 3839 3017 3906 ﬁeri,
3047 3852 3240 3911 quanta
3273 3849 3568 3900 necessaria
3603 3846 3810 3903 fuerunt

2230 3925 2521 3996 Evangelio
2548 3939 2768 3999 propter
2792 3947 2891 3987 nos
2918 3935 2957 3987 ¹.
2987 3934 3092 3991 Sed
3120 3937 3247 4006 quid
3277 3946 3360 3992 est
3382 3938 3521 4007 quod
3550 3940 3803 4008 sequitur,

2231 4018 2525 4075 Secundum
2572 4022 2864 4080 electionem
2915 4037 3081 4082 autem
3137 4029 3307 4084 dilecti
3354 4042 3560 4103 propter
3606 4033 3810 4103 patres!

2229 4110 2490 4182 Numquid
2519 4114 2593 4169 illi
2625 4115 2846 4183 inimici,
2876 4120 2963 4189 qui
2988 4121 3038 4173 in
3062 4123 3173 4175 suis
3204 4122 3490 4177 inimicitiis
3522 4123 3805 4193 perierunt,

2229 4211 2283 4257 et
2308 4203 2659 4263 adversantes
2684 4208 2899 4264 Christo
2925 4211 2991 4265 de
3019 4222 3177 4282 gente
3207 4214 3317 4283 ipsa
3344 4214 3519 4270 adhuc
3547 4228 3766 4286 pereunt
3787 4260 3803 4283 ,

2230 4296 2328 4364 ipsi
2370 4306 2494 4353 sunt
2530 4300 2685 4355 electi
2723 4310 2883 4372 atque
2927 4304 3153 4360 dilecti?
3198 4307 3350 4361 Absit
3390 4325 3404 4361 :
3435 4309 3555 4379 quis
3588 4308 3687 4364 hoc
3720 4309 3806 4364 vel

2225 4388 2572 4447 stultissimus
2596 4392 2832 4450 dixerit?
2858 4397 2963 4451 Sed
2992 4406 3272 4469 utrumque
3295 4401 3416 4456 licet
3436 4401 3575 4457 inter
3596 4418 3654 4476 se
3675 4418 3805 4458 con-

2227 4482 2446 4536 trarium
2471 4525 2485 4547 ,
2518 4484 2571 4539 id
2600 4494 2682 4540 est
2704 4528 2720 4552 ,
2767 4487 2967 4545 inimici
3007 4498 3060 4545 et
3084 4491 3299 4557 dilecti,
3332 4495 3572 4563 quamvis
3611 4510 3710 4551 non
3752 4496 3803 4550 in

2225 4571 2443 4627 eosdem
2473 4573 2737 4643 homines,
2771 4587 2945 4633 tamen
2969 4581 3020 4635 in
3048 4582 3290 4637 eamdem
3320 4593 3530 4654 gentem
3560 4587 3806 4641 convenit

2222 4660 2531 4720 Iudaeorum
2557 4708 2572 4732 ,
2612 4677 2667 4723 et
2703 4669 2771 4724 ad
2813 4668 2954 4725 idem
2985 4673 3199 4727 carnale
3225 4688 3408 4729 semen
3450 4675 3608 4731 Israel
3636 4717 3651 4741 ,
3689 4676 3807 4732 aliis

2224 4767 2411 4808 eorum
2455 4756 2522 4811 ad
2568 4759 3036 4830 claudicationem,
3092 4763 3216 4819 aliis
3260 4764 3328 4820 ad
3378 4766 3804 4824 benedictionem

2222 4843 2387 4900 Israel
2416 4846 2581 4918 ipsius
2610 4853 3021 4920 pertinentibus.
3058 4854 3212 4910 lianc
3242 4857 3385 4912 enim
3413 4874 3626 4913 sensum
3653 4874 3806 4930 aper-

2221 4939 2325 4992 tius
2346 4940 2592 5010 superius
2610 4944 2911 5014 explicavit,
2938 4947 3023 5003 ubi
3045 4945 3138 5014 ait,
3166 4947 3317 5014 Quod
3333 4949 3581 5022 quazrebat
3618 4948 3800 5017 Israel,

2224 5032 2317 5087 hoc
2359 5049 2462 5087 non
2499 5044 2573 5089 est
2611 5045 2908 5090 consecutus
2936 5053 2955 5091 :
2981 5038 3153 5092 electio
3191 5049 3359 5093 autem
3396 5051 3657 5095 consecuta
3694 5052 3798 5107 at,

2221 5124 2391 5178 caeteri
2418 5140 2534 5179 vero
2559 5127 2796 5180 eacwcati
2825 5137 2941 5183 sunt
2973 5128 3146 5201 (Rom.
3180 5146 3253 5196 χι,
3282 5130 3359 5202 7).
3387 5131 3439 5185 In
3463 5133 3697 5202 utrisque
3721 5141 3802 5186 ta-

2218 5232 2341 5273 men
2384 5217 2521 5274 idem
2550 5219 2664 5290 ipse
2691 5219 2871 5277 Israel.
2918 5221 3018 5277 Ubi
3057 5236 3185 5292 ergo
3223 5224 3482 5290 audimus,
3517 5222 3679 5278 Israel
3702 5239 3802 5277 non

2218 5318 2292 5363 est
2320 5321 2649 5378 consecutus,
2678 5312 2759 5367 vel
2784 5354 2800 5380 ,
2843 5314 3013 5368 caueri
3040 5317 3276 5370 excazcati
3309 5327 3465 5383 sunt;
3497 5317 3572 5373 ibi
3609 5317 3801 5372 intelli-

2221 5401 2381 5472 gendi
2421 5415 2546 5459 sunt
2584 5405 2779 5459 inimici
2815 5416 3021 5478 prapter
3060 5425 3151 5462 nos
3179 5424 3198 5462 :
3228 5407 3316 5463 ubi
3345 5424 3475 5463 vero
3516 5408 3754 5464 audimus
3777 5450 3798 5476 ,

2220 5495 2413 5550 Electio
2442 5506 2607 5553 autem
2632 5511 2899 5553 consecuta
2926 5510 3038 5565 est;
3067 5501 3134 5556 ibi
3160 5502 3488 5573 intelligendi
3523 5512 3645 5558 sunt
3674 5503 3799 5556 :tile-

2217 5590 2286 5641 cti
2328 5597 2528 5660 propter
2574 5601 2743 5660 patres
2773 5606 2790 5645 :
2817 5592 3007 5662 quibus
3044 5594 3282 5663 patribus
3321 5594 3503 5665 utique
3544 5594 3641 5650 ista
3683 5609 3799 5665 pro-

2280 5765 2295 5795 ί
2322 5769 2431 5813 Lov.
2459 5800 2474 5823 ,
2520 5732 2841 5833 propter:tjos.
2878 5774 2931 5833 Et
2969 5767 3258 5833 paulopost
3303 5768 3474 5820 eadem
3507 5769 3653 5819 editio
3686 5779 3793 5817 cum

2216 5836 2313 5896 aut.
2342 5834 2393 5876 et
2417 5834 2508 5885 Er.,
2522 5827 2600 5896 ibi
2610 5827 2918 5891 intelligendi
2937 5827 3047 5881 sicut
3066 5827 3249 5883 initiari
3269 5837 3461 5896 propter
3475 5844 3568 5883 nos.
3592 5839 3646 5882 At
3665 5838 3790 5891 uss.

2220 5889 2308 5939 hoc
2333 5900 2539 5952 utroque
2566 5892 2687 5951 loco,
2724 5889 2918 5956 promer
2943 5906 3043 5944 nos.
