4098 6518
269 447 372 504 935
893 413 1084 552 ("Hb
1112 438 1366 552 (51.1mm
1407 437 1494 493 DE
1525 434 2182 493 PR.EDESTINATlO-.\’E
2223 437 2663 499 S.\NCTORU.\I.
3447 447 3552 504 εδδ

264 563 424 616 missa
453 569 597 616 sunt.
629 559 846 615 Abraha:
1096 488 1254 610 ita)ch
1280 563 1396 608 sunt
1422 552 1778 623 promissiones
1802 563 1849 606 et

1967 567 2087 640 ου’ξὲ
2127 553 2749 628 '199tmtinsprmscictit
2789 532 3145 642 D.c.us,§quod
3169 560 3267 630 ipsi
3297 562 3561 619 ωιωῐιω-

261 653 440 707 semini
469 655 578 725 ejus
607 652 801 720 (Gatat.
823 647 1197 721 nt,i6).Unde
1213 648 1333 704 etin
1355 647 1452 700 ista
1479 645 1595 700 olea
1617 645 1852 699 oleaster
1964 633 2085 711 rant
2108 645 2432 725 elecb1ri,fu_t
2457 648 2662 723 abmiilo
2693 633 3016 704 mererentur
3059 649 3560 723 eligillElgztisunt
3633 633 3660 688 Υ

263 743 516 798 inseritur
554 743 823 800 Gentium.
859 743 976 798 .Iam
1019 755 1178 810 porro
1215 741 1532 795 electionem
1573 753 1732 809 quam
1770 737 1855 793 di-
1966 735 2146 805 itaque
2163 731 3554 817 πλψῇᾖῆἷίῖὴἷτήῖθ-ρεριςξιῂιωοηε.

258 836 386 891 cat‘
411 875 426 901 ,
467 835 590 904 quia
625 834 916 890 secundum
943 833 1189 904 gratiam,
1233 845 1336 884 non
1373 829 1665 886 secundum
1703 829 1855 884 debi-
1964 827 2017 882 in
2047 798 3392 938 qpa__‘W§g§ci\'itlzielecti
3436 845 3558 890 sunt
3597 806 3618 938 ix

262 940 374 987 tum
395 971 410 996 ,
441 928 599 984 debet
648 929 829 998 utique
863 940 1175 988 occurrere;
1205 925 1459 994 quoniam
1499 923 1722 992 reliquias
1763 939 1853 993 per

1963 903 2146 998 autem
2571 895 3170 1018 ινρςςιιὶρᾘᾷῖῇῖῖῖοςυε
3189 895 3400 1009 ξάριροᾱ
3426 944 3550 996 prae.
3609 895 3626 1018 ξ

263 1019 551 1077 electionem
573 1020 754 1092 gratiae
778 1019 928 1089 facta:
953 1028 1068 1073 sunt
1095 1019 1116 1050 ¹
1145 1017 1320 1089 (Rom.
1349 1031 1436 1080 x1,
1479 1015 1568 1080 17,
1599 1015 1676 1082 5).
1722 1015 1849 1070 Ilmc

1962 997 2596 1095 destigiﬁwiinplevitb
2613 1017 2758 1094 Quos
2787 1018 2929 1073 enim
2962 997 3378 1095 pr:_e_d'e:s_tind}it_,
3413 1021 3556 1092 ipsos
3620 997 3636 1057 ’λ

2837 1102 2844 1106 .
2856 1097 3008 1107 ...ρης-ε-
3018 1093 3074 1100 "—‘

157 4946 168 4990 Ι

261 1097 458 1186 electio.
467 1123 751 1169 consecuta
767 1113 1080 1176 est,caeleris
1096 1109 1701 1168 execcatis.Secundum
1717 1109 1853 1164 hanc

262 1205 575 1261 electionem
613 1203 865 1260 Israelitze
884 1203 1062 1260 dilecti
1101 1213 1320 1274 propter
1345 1211 1543 1271 patres.
1565 1201 1681 1256 Non
1704 1201 1846 1255 enim

265 1298 542 1354 vocatione
569 1297 657 1352 illa
686 1296 859 1354 vocati
889 1305 1010 1351 sunt
1034 1338 1051 1361 ,
1089 1295 1156 1350 de
1181 1310 1283 1366 qua
1305 1293 1506 1349 dictum
1544 1303 1624 1348 est
1649 1335 1664 1356 ,
1695 1291 1852 1347 Multi

265 1389 428 1444 vocati
454 1387 667 1462 (Matth.
698 1404 767 1443 xx
792 1430 808 1456 ,
839 1389 967 1459 16);
1003 1386 1096 1442 sed
1125 1386 1212 1440 illa
1240 1401 1343 1456 qua
1382 1392 1644 1439 vocantur
1669 1383 1859 1438 electi.

261 1479 415 1536 Unde
453 1489 506 1535 et
536 1480 620 1534 hic
657 1489 1000 1550 posteaquam
1027 1477 1189 1544 dixit,
1239 1475 1528 1533 Secundum
1557 1475 1848 1529 electionem

259 1582 428 1626 autem
463 1571 634 1626 dilecti
678 1581 884 1644 propter
908 1580 1116 1642 patres;
1157 1569 1414 1625 continuo
1441 1567 1666 1640 subjecit
1704 1567 1849 1622 unde

259 1663 502 1732 agimus,
549 1663 674 1718 Sine
714 1663 1007 1732 poenitentia
1048 1663 1180 1716 enim
1221 1671 1338 1716 sunt
1379 1661 1516 1716 dona
1558 1670 1604 1716 et
1652 1661 1847 1715 vocutio

259 1752 360 1806 Dei
390 1769 408 1807 :
438 1753 486 1808 id
513 1763 615 1817 est,
659 1754 776 1810 sine
819 1755 1111 1810 mutatione
1150 1754 1416 1810 stabiliter
1453 1753 1553 1808 lixa
1595 1763 1736 1808 sunt.
1767 1753 1847 1808 Ad

259 1843 399 1900 hanc
437 1846 765 1902 vocationem
791 1847 878 1916 qui
909 1847 1192 1916 pertinent,
1231 1861 1418 1901 omnes
1444 1855 1568 1902 sunt
1591 1846 1850 1902 dncibilcs

259 1938 355 1994 Dei
388 1956 402 1994 :
431 1953 530 1994 nec
557 1947 732 2008 potest
757 1955 945 1994 eorum
975 1939 1256 2010 quisquam
1292 1939 1508 2007 dicere,
1537 1938 1750 1994 Credidi
1792 1949 1850 1995 ut

257 2028 338 2086 sic
394 2045 656 2098 vocarer;
713 2033 972 2102 praevenit
1037 2049 1158 2088 eum
1225 2035 1423 2105 quippe
1483 2034 1846 2090 misericordia

258 2121 391 2187 Dei,
439 2123 560 2193 quia
591 2124 670 2178 sic
705 2133 788 2178 est
813 2133 1030 2179 vocatus
1070 2133 1130 2178 ut
1169 2125 1432 2180 crederet.
1474 2124 1674 2181 Omnes
1703 2125 1847 2182 enim

257 2213 517 2269 doeibiles
547 2215 640 2270 Dei
667 2215 886 2270 veniunt
917 2214 982 2270 ad
1011 2214 1203 2270 Filium
1237 2231 1252 2270 :
1283 2217 1535 2287 quoniam
1565 2216 1850 2275 audierunt

257 2315 314 2360 et
341 2305 640 2361 didicerunt
677 2321 708 2360 a
752 2307 910 2362 Patre
937 2323 1032 2375 per
1069 2305 1260 2362 Filium
1287 2349 1301 2372 ,
1329 2307 1418 2378 qui
1449 2307 1848 2364 evidentissime

255 2396 425 2463 dicit,
467 2397 645 2454 Omnis
684 2399 771 2468 qui
816 2397 1006 2452 audivit
1035 2415 1067 2452 a
1099 2397 1256 2453 Patre
1280 2408 1326 2454 et
1353 2399 1570 2467 didicit,
1613 2401 1744 2454 venit
1779 2403 1854 2457 ad

255 2507 357 2546 me.
385 2491 610 2545 Istorum
636 2501 812 2546 autem
841 2506 1002 2547 nemo
1041 2491 1202 2560 perit,
1245 2491 1366 2560 quia
1391 2506 1551 2546 omne
1575 2489 1719 2561 quod
1749 2491 1847 2547 de-

256 2581 337 2636 dit
362 2581 412 2636 ei
436 2581 612 2647 Pater,
645 2597 750 2636 non
781 2581 970 2653 perdet
997 2596 1062 2637 ex
1103 2597 1170 2637 eo
1205 2581 1496 2652 quidquam
1527 2579 1711 2652 (Joan.
1753 2597 1802 2636 vt
1827 2623 1844 2649 ,

255 2673 349 2738 45,
374 2673 487 2742 59).
511 2672 768 2742 Quisquis
796 2687 926 2744 ergo
964 2672 1090 2728 inde
1113 2681 1216 2739 est,
1259 2673 1480 2728 omnino
1510 2687 1616 2727 non
1661 2673 1800 2744 perit
1829 2691 1844 2728 :

256 2779 358 2820 nec
381 2774 495 2818 erat
523 2764 646 2819 inde
673 2763 764 2835 qui
799 2763 936 2834 perit
965 2763 1010 2817 ³.
1052 2763 1280 2834 Propter
1317 2764 1462 2835 quod
1501 2764 1700 2821 dictum
1742 2773 1844 2831 est,

257 2857 345 2913 Ea:
371 2859 512 2912 nobis
531 2859 778 2924 exierunt,
803 2857 892 2912 sed
915 2874 1017 2912 non
1043 2867 1186 2912 erant
1211 2874 1275 2914 ea:
1299 2859 1443 2913 nobis
1464 2877 1484 2924 ;
1511 2876 1630 2914 nam
1657 2859 1701 2914 si
1720 2859 1851 2927 fuis-

257 2958 449 3002 sentea:
501 2949 644 3004 nobis
673 2991 688 3016 ,
739 2948 1038 3003 mansissent
1085 2949 1258 3020 utique
1306 2949 1566 3004 nobiscum
1626 2947 1849 3016 (lJoan.
1870 2998 1921 3018 χ

257 3054 316 3104 ιι,
351 3039 460 3108 l9).
1169 3097 1176 3100 _

327 3130 556 3187 CAPUT
591 3128 756 3186 XVII.
783 3159 860 3172 —
881 3131 968 3187 54.
991 3129 1350 3202 lntelligamus
1365 3147 1493 3203 ergo
1515 3133 1848 3189 vocationem

256 3238 363 3294 qua
409 3224 540 3278 lium
577 3225 768 3281 electi:
796 3241 902 3280 non
929 3225 1019 3293 qui
1047 3225 1314 3296 eliguntur
1336 3227 1457 3296 quia
1486 3227 1846 3295 crediderunt,

257 3314 354 3370 sed
381 3316 469 3385 qui
508 3315 779 3386 eliguntur
807 3326 862 3370 ut
890 3315 1130 3371 credant.
1174 3317 1319 3372 Hanc
1345 3318 1487 3373 enim
1513 3329 1566 3374 et
1595 3320 1850 3376 Dominus

257 3405 374 3476 ipse
417 3408 548 3463 satis
585 3407 772 3476 aperit,
818 3407 906 3462 ubi
937 3408 1064 3462 dicit
1089 3425 1104 3462 :
1135 3407 1259 3464 Non
1284 3424 1369 3463 vos
1390 3426 1470 3463 me
1496 3411 1732 3482 elegistis,
1763 3411 1851 3466 sed

257 3514 352 3568 ego
376 3499 504 3568 elegi
528 3516 615 3576 vos
644 3498 820 3570 (Joan.
849 3515 938 3566 xv,
971 3501 1081 3568 16).
1115 3501 1246 3556 Nam
1290 3503 1334 3556 si
1376 3513 1651 3574 propterea
1695 3505 1848 3560 electi

258 3598 431 3654 erant,
479 3593 600 3660 quia
625 3591 992 3658 crediderant;
1039 3593 1140 3662 ipsi
1181 3609 1302 3648 eum
1341 3595 1490 3664 prius
1521 3597 1702 3666 utique
1738 3598 1848 3652 ele-

255 3691 447 3752 gerant
471 3682 738 3738 credendo
773 3684 825 3738 in
855 3699 1000 3750 eum,
1042 3694 1100 3739 ut
1133 3685 1252 3755 eligi
1283 3690 1634 3742 mererentur.
1663 3687 1850 3744 Aufert

255 3781 434 3828 autem
464 3773 566 3830 hoc
591 3775 830 3841 omnino,
875 3775 964 3846 qui
1007 3775 1156 3844 dicit,
1198 3774 1321 3831 Non
1362 3793 1450 3832 vos
1487 3795 1567 3833 me
1608 3781 1845 3851 elegistis,

255 3865 348 3920 sed
375 3883 464 3937 ego
485 3883 572 3920 vos
608 3867 752 3938 elegi.
791 3867 858 3922 Et
898 3867 996 3939 ipsi
1033 3868 1246 3938 quidem
1274 3870 1456 3938 procul
1486 3871 1648 3926 dubio
1669 3873 1847 3944 elege-

255 3969 386 4016 runt
409 3975 554 4024 eum,
585 3959 798 4030 quando
831 3960 1176 4018 crediderunt
1204 3961 1254 4016 in
1281 3978 1426 4018 eum.
1465 3961 1620 4020 Unde
1644 3979 1749 4020 non
1778 3964 1848 4018 ob

255 4050 399 4106 aliud
423 4050 572 4116 dicit,
603 4050 724 4106 Non
749 4068 836 4106 vos
862 4068 942 4106 me
963 4053 1198 4126 elegistis,
1222 4054 1312 4108 sed
1331 4071 1421 4126 ego
1440 4071 1526 4111 vos
1555 4057 1717 4128 elegi;
1747 4057 1848 4113 nisi

253 4144 381 4214 quia
409 4158 513 4199 non
544 4145 819 4216 elegerunt
849 4159 970 4200 eum
997 4153 1052 4200 ut
1079 4145 1298 4216 eligeret
1325 4161 1440 4214 eos,
1463 4146 1555 4202 sed
1585 4157 1645 4203 ut
1681 4149 1848 4221 elige-

255 4244 380 4292 rent
407 4251 530 4291 eum
551 4235 712 4306 elegit
738 4251 835 4292 eos
863 4253 876 4290 :
909 4237 1030 4307 quia
1059 4236 1426 4293 misericordia
1451 4238 1568 4309 ejus
1591 4213 1850 4309 praevenit

256 4339 354 4382 eos
402 4325 573 4398 (Psal.
602 4341 754 4393 LVIII,
785 4327 874 4398 il)
910 4327 1202 4383 secundum
1233 4330 1478 4400 gratiam,
1511 4345 1618 4386 non
1651 4347 1848 4388 secun-

253 4418 384 4474 dum
404 4419 659 4475 debitum.
677 4419 846 4491 Elegit
863 4435 991 4491 ergo
1009 4436 1104 4477 eos
1123 4419 1192 4478 de
1211 4421 1411 4477 mundo
1425 4438 1544 4478 cum
1568 4423 1655 4481 hic
1668 4434 1850 4496 ageret

254 4527 472 4568 carnem
503 4511 552 4580 ⁸,
575 4513 669 4569 sed
693 4514 802 4582 jam
827 4513 1028 4570 electos
1052 4515 1104 4568 in
1131 4529 1190 4570 se
1218 4515 1335 4586 ipso
1359 4524 1484 4572 ante
1506 4517 1689 4572 mundi
1716 4533 1848 4574 con-

255 4603 609 4659 stitutionem.
653 4604 776 4660 Ilaec
817 4614 899 4660 est
943 4605 1230 4661 immobilis
1267 4608 1463 4662 veritas
1505 4607 1848 4678 prmdestina-

258 4693 420 4750 tienis
445 4703 498 4750 et
532 4695 735 4764 gratim.
766 4694 899 4750 Nam
939 4696 1066 4766 quid
1108 4706 1190 4752 est
1235 4697 1377 4767 quod
1423 4699 1498 4753 ait
1534 4700 1842 4770 Apostolus,

256 4785 404 4843 Sicut
420 4788 564 4858 elegit
581 4804 671 4842 nos
685 4787 740 4842 in
759 4789 870 4858 ipso
889 4797 1007 4844 ante
1024 4789 1198 4842 mundi
1210 4791 1612 4846 constitutionem
1627 4791 1843 4866 (Ephes.

254 4893 296 4944 ι,
323 4877 423 4946 4)?
450 4879 599 4958 Quod
629 4877 869 4949 profecto
911 4879 956 4934 si
1006 4879 1538 4958 proptereaslictnm
1572 4884 1846 4954 est,.-qnia

253 4953 1848 5050 υνφεοὶἧῖῖῧῇῖῖῗῖδημὲὄεῖῗιιδὲψέλεῖει..πὲειαπιιειίιιέικιιι

255 5047 372 5139 ipse
419 5044 952 5139 crtﬂﬁleggeontra
998 5061 1152 5117 istam
1185 5044 1586 5139 pra—ascientiam
1615 5065 1848 5137 loquitur

468 5123 707 5142 ...σιω-ρον*

253 5133 455 5234 Filius,
468 5133 691 5216 h’iEafs’,‘
715 5150 834 5206 Non
855 5169 940 5208 vos
961 5169 1039 5208 me
1063 5151 1280 5225 elegistis
1295 5133 1846 5230 Wﬁbﬁi‘éuﬁ:

607 4959 789 4973 ...ρ-ι,

249 5321 256 5331 '
319 5327 338 5394 ξ
356 5325 432 5394 sic
449 5331 553 5374 Mss.
581 5332 636 5374 At
659 5326 797 5394 editi,
819 5327 986 5394 electio
1008 5343 1156 5394 quam
1176 5332 1313 5386 dicit.

319 5389 340 5453 ξ
368 5384 557 5453 aliquot
571 5394 700 5444 διεδ..
723 5387 869 5441 salvae
884 5384 1032 5453 [cette
1043 5401 1169 5444 sunt.

259 5447 669 5527 ,,,Ῐὲἰο’Ξ¹,ἐξιξιοι
693 5447 973 5527 ﬂuuii“.
994 5467 1146 5527 νεποι
1179 5469 1272 5526 eo"
1301 5464 1440 5527 εταηι
1471 5459 1585 5527 ede
1615 5473 1699 5527 qui
1731 5476 1844 5527 per-

252 5510 436 5624 imunt.
486 5510 640 5574 aliti,
689 5522 785 5560 non
821 5514 914 5564 erit
953 5513 1067 5566 inde
1119 5510 1205 5580 qui
1245 5518 1405 5582 perit;
1436 5510 1572 5582 vel,
1730 5510 1846 5590 per-

318 5635 433 5704 f_sic
472 5636 624 5704 nostri
660 5647 835 5686 omnes
861 5641 1174 5704 manuscript:
1203 5640 1426 5694 Galliam
1459 5652 1512 5695 et
1528 5653 1753 5699 Vaticani.
1789 5656 1846 5702 At

256 5695 390 5762 editi,
415 5697 644 5762 ageretin
661 5709 827 5750 carne.

318 5759 340 5792 ⁸
365 5765 430 5829 tta
523 5759 677 5829 editis
695 5760 930 5824 Er.Lugd.
945 5768 1070 5829 Ven.
1084 5769 1193 5829 Lor.
1212 5770 1260 5814 In
1282 5772 1328 5816 Β.
1343 5766 1421 5818 hic
1437 5777 1640 5828 tantum,
1673 5783 1732 5822 ne
1763 5785 1844 5824 vos

251 5820 591 5944 ἔξιὲερὶἰὶίες
623 5836 732 5886 cum
753 5820 899 5888 sapia
923 5832 976 5876 et
995 5825 1120 5877 intra
1144 5825 1333 5891 legatur
1349 5865 1364 5890 ,
1399 5839 1499 5882 non
1517 5845 1595 5884 vos
1627 5820 1724 5885 ἠδέ
1745 5820 1842 5887 cie:-

319 5895 404 5932 ius.

1963 1105 2288 1182 etjocavil;
2318 1105 2404 1161 illa
2447 1095 2653 1164 scilidet
2680 1095 3284 1165 νοαὶιῑδιῖξὲῐέιιηάυηι
3317 1095 3561 1182 proposi-

1961 1170 2265 1251 ιιιῖἶῗῆὸῐὶ
2297 1213 2424 1268 ergo
2469 1198 2624 1264 alios,
2669 1199 2762 1254 sed
2803 1170 3380 1275 qugﬁmmvit,
3413 1170 3558 1275 ipsos

1959 1289 2254 1374 euocauit
2279 1307 2292 1344 :
2324 1305 2424 1345 nec
2453 1291 2606 1358 alios,
2649 1292 2742 1347 sed
2784 1307 2918 1362 quos
2957 1293 3028 1347 ita
3058 1296 3286 1360 vocavit,
3329 1297 3470 1365 ipsos
3504 1305 3568 1350 et

1952 1370 2300 1450 jnstilicavil?
2323 1396 2421 1436 nec
2441 1382 2596 1448 alios,
2624 1383 2717 1438 sed
2739 1397 2871 1452 quos
2892 1383 3306 1454 praedestinavit,
3326 1387 3554 1452 vocavit,

1953 1469 2282 1544 justilicavit,
2328 1475 2474 1543 ipsos
2513 1484 2566 1530 et
2604 1475 2918 1546 glorilicavit
2954 1475 3130 1544 (Rom.
3169 1493 3278 1542 vut,
3308 1477 3435 1547 '50);
3467 1478 3556 1531 illo

1957 1565 2140 1635 utique
2169 1565 2276 1620 line
2302 1568 2390 1636 qui
2422 1552 2525 1621 non
2563 1566 2722 1623 habet
2763 1567 2942 1622 linem.
2972 1569 3140 1639 Elegit
3171 1584 3298 1638 ergo
3329 1570 3466 1623 Deus
3496 1569 3558 1623 li-

1955 1655 2105 1712 deles
2129 1699 2143 1724 ,
2173 1657 2266 1711 sed
2296 1667 2352 1712 ut
2375 1660 2500 1722 sint,
2533 1675 2636 1713 non
2667 1661 2787 1730 quia
2810 1660 2920 1730 jam
2949 1669 3122 1716 erant.
3153 1661 3442 1736 Apostolus
3466 1661 3555 1716 .Ia-

1955 1747 2120 1802 cobus
2145 1747 2275 1804 dicit
2303 1765 2318 1804 :
2349 1748 2535 1804 Nonne
2575 1749 2712 1804 Deus
2741 1751 2887 1823 elegit
2927 1768 3172 1822 paquercs
3197 1754 3249 1804 in
3276 1750 3370 1804 hoc
3406 1768 3556 1804 unm-

1955 1844 2042 1910 do,
2071 1845 2250 1901 divites
2281 1849 2336 1900 in
2371 1847 2491 1916 ﬁde,
2535 1855 2583 1900 et
2618 1847 2839 1901 hteredes
2881 1847 3041 1918 regni,
3089 1847 3224 1916 quod
3267 1847 3555 1916 repromisit

1955 1937 2092 1998 Deus
2123 1940 2446 2012 diligentibus
2471 1957 2524 1995 se
2551 1938 2752 2012 (Jacobi
2783 1957 2840 2006 ll,
2867 1940 2964 2009 5)?
2993 1939 3246 2010 Elige-udo
3271 1954 3398 2010 ergo
3429 1939 3554 1994 facit

1953 2029 2146 2087 divites
2173 2033 2224 2086 in
2252 2031 2375 2098 ﬁde,
2405 2033 2542 2088 sicut
2581 2031 2822 2086 Ineredes
2851 2032 3018 2102 regni.
3054 2031 3218 2086 Recte
3263 2032 3458 2102 quippe
3497 2031 3549 2086 in

1912 2136 1918 2150 '
1954 2123 2034 2178 eis
2061 2122 2163 2178 hoc
2189 2123 2388 2195 eligere
2413 2124 2626 2189 dicitur,
2659 2123 2800 2194 quod
2841 2132 2898 2178 ut
2940 2123 2990 2177 in
3019 2123 3098 2178 eis
3135 2122 3310 2187 l'aciat,
3333 2136 3426 2176 eos
3455 2121 3548 2176 eli-

1953 2213 2030 2284 git
2055 2214 2094 2268 ι.
2129 2214 2294 2286 Rogo,
2341 2217 2459 2284 quis
2487 2215 2668 2270 audiat
2690 2207 2971 2269 Dominum
2994 2213 3282 2281 dicentem,
3317 2212 3437 2267 Non
3465 2229 3552 2266 vos

1952 2322 2034 2362 me
2067 2308 2302 2379 elegistis,
2341 2308 2430 2363 sed
2458 2325 2548 2380 ego
2565 2325 2650 2362 vos
2689 2309 2853 2382 elegi;
2898 2317 2953 2363 et
2981 2309 3173 2362 audeat
3198 2308 3396 2374 dicere,
3427 2322 3552 2362 cre-

1951 2396 2082 2454 dere
2107 2400 2348 2454 homines
2373 2407 2432 2453 ut
2469 2401 2750 2469 eligantur,
2802 2414 2922 2454 cum
2963 2399 3138 2468 potius
3191 2399 3454 2468 eligantur
3495 2407 3553 2452 ut

1951 2489 2194 2555 credant,
2241 2505 2308 2546 ne
2335 2499 2519 2546 contra
2547 2491 2864 2546 sententiam
2899 2491 3138 2545 veritatis
3169 2491 3371 2560 priores
3400 2489 3552 2543 inve-

1954 2583 2168 2638 niantur
2186 2583 2412 2652 elegisse
2445 2583 2735 2650 Christum,
2768 2583 2956 2653 quibus
2981 2582 3108 2637 dicit
3131 2581 3396 2650 Christus,
3428 2579 3552 2636 Non

1952 2689 2038 2730 vos
2063 2692 2142 2729 me
2168 2675 2405 2748 elegistis,
2436 2674 2523 2729 sed
2551 2691 2642 2747 ego
2667 2688 2752 2728 vos
2781 2673 2910 2745 elegi
2925 2668 2957 2728 ?
2995 2679 2998 2684 ’

2023 2765 2251 2824 CAPUT
2289 2767 2476 2822 XVIII.
2503 2797 2574 2809 -
2601 2767 2688 2822 53.
2717 2767 2846 2834 Quis
2889 2765 3068 2821 audiat
3109 2765 3423 2836 Apostolum
3462 2763 3552 2820 ἀί·-

1952 2845 2209 2926 contem,
2231 2856 2532 2912 Benedictus
2569 2857 2705 2913 Deus
2735 2867 2782 2912 et
2816 2857 2974 2912 Pater
2998 2856 3208 2911 Domini
3233 2858 3393 2912 nostri
3419 2857 3550 2912 Jesu

1953 2946 2160 3011 Christi,
2182 2948 2271 3019 qui
2291 2948 2541 3002 benedixit
2567 2965 2658 3026 nos
2679 2950 2730 3002 in
2751 2949 2888 3003 omni
2909 2949 3248 3004 benedictione
3268 2949 3548 3020 spirituali,

1539 3043 1663 3128 χρὴ
1691 3047 1738 3126 Γ
1774 3025 1914 3113 1?;
1924 3019 2006 3093 Ῑεη
2034 3041 2312 3094 cazlestibus
2351 3042 2403 3095 in
2434 3020 2669 3097 Clu-isto:
2701 3044 2828 3096 sirut
2867 3041 3013 3113 elegit
3060 3060 3152 3096 nos
3193 3043 3245 3096 in
3284 3019 3394 3114 ipso
3432 3053 3554 3098 ante

1955 3131 2132 3185 mundi
2157 3132 2582 3199 constitutionem,
2623 3143 2678 3186 ut
2703 3149 2922 3188 essemus
2949 3134 3112 3187 sancti
3151 3143 3197 3188 et
3236 3134 3552 3187 immaculati

1921 3257 1926 3263 -
1952 3221 2006 3277 in
2034 3232 2300 3293 conspectu
2325 3219 2432 3294 ejus
2461 3224 2513 3276 in
2542 3224 2812 3290 charitate,
2857 3223 3226 3294 pra'destinans
3254 3240 3345 3276 nos
3373 3223 3424 3276 in
3449 3223 3545 3276 ud-

1954 3315 2210 3382 optionem
2233 3313 2454 3383 ﬁliorth
2475 3331 2566 3385 per
2591 3311 2770 3369 Iesum
2795 3312 3047 3368 Christum
3069 3329 3122 3366 tn
3150 3314 3336 3382 ipsum,
3368 3329 3550 3367 secun-

1953 3405 2074 3459 dum
2103 3405 2344 3478 placitum
2370 3400 2640 3460 voluntatis
2681 3421 2807 3472 sum,
2835 3398 2889 3458 in
2915 3421 3015 3475 qua
3050 3405 3351 3476 grati/ienuit
3375 3421 3465 3459 nos
3494 3405 3549 3459 in

1953 3497 2136 3552 dilecto
2174 3496 2313 3551 Filio
2345 3514 2469 3564 suo;
2513 3497 2567 3551 in
2603 3513 2704 3568 quo
2749 3497 2989 3550 habemus
3025 3496 3414 3566 redemptionem
3457 3512 3550 3564 per

1951 3590 2248 3661 sanguinem
2295 3589 2474 3659 ipsius,
2519 3589 2862 3642 remissionem
2907 3598 3224 3658 peccatorum
3269 3586 3548 3640 secundant

1953 3682 2153 3736 divitias
2179 3682 2367 3754 gratia!
2386 3682 2514 3751 ejus,
2543 3697 2658 3752 qua:
2677 3680 2946 3734 abundavit
2978 3681 3030 3734 in
3060 3697 3151 3734 nos
3179 3681 3200 3712 ³
3221 3680 3274 3733 in
3301 3680 3438 3732 omni
3455 3696 3544 3732 sa-

1955 3775 2141 3844 pientia
2169 3785 2216 3828 et
2239 3774 2521 3843 prudentia,
2565 3783 2620 3828 ut
2659 3775 2937 3828 ostenderet
2969 3773 3110 3828 nobis
3144 3773 3434 3844 mysterium
3459 3789 3548 3826 vo-

1953 3863 2161 3918 luntatis
2187 3879 2312 3931 suae,
2343 3863 2616 3918 secundum
2653 3865 2836 3919 bonam
2862 3862 3168 3919 voluntatem
3193 3881 3360 3930 suam,
3389 3879 3542 3934 quam

1953 3955 2216 4026 proposuit
2251 3955 2303 4009 in
2329 3955 2438 4020 illo,
2475 3956 2528 4010 in
2557 3956 2931 4026 dispensatione
2951 3955 2973 3987 ³
2994 3955 3323 4028 plenitudinis
3351 3966 3548 4026 tenipo-

1952 4063 2066 4102 rum
2107 4048 2390 4103 instaurare
2414 4048 2584 4101 omnia
2623 4048 2676 4102 in
2714 4047 2935 4112 Christo,
2979 4063 3092 4118 qua:
3116 4048 3168 4101 in
3196 4048 3332 4102 caelis
3357 4057 3470 4102 sunt
3498 4057 3548 4102 ct

1951 4154 2064 4210 qua:
2085 4139 2138 4192 in
2165 4139 2308 4194 terris
2335 4139 2389 4192 in
2413 4139 2524 4209 ipso
2551 4153 2570 4194 :
2593 4139 2648 4194 in
2687 4156 2786 4212 quo
2816 4140 2965 4196 etiam
2990 4149 3037 4194 et
3065 4126 3252 4194 sortem
3291 4140 3546 4194 consecuti

1951 4247 2144 4298 sumus,
2175 4231 2519 4303 prwdestinati
2566 4233 2844 4288 secundum
2896 4235 3208 4305 propositum
3235 4231 3278 4300 ‘,
3305 4234 3392 4305 qui
3428 4234 3546 4288 uni-

1951 4338 2094 4378 versa
2139 4331 2379 4396 operatur
2418 4324 2698 4378 secundum
2735 4325 3003 4380 consilium
3027 4324 3302 4379 voluntatis
3329 4341 3457 4392 sum,
3487 4334 3544 4379 ut

1951 4417 2110 4472 simus
2139 4417 2194 4470 in
2237 4415 2438 4470 laudent
2487 4415 2666 4488 gloria:
2702 4418 2812 4490 ejus
2837 4415 3053 4490 (Ep/tes.
3109 4408 3146 4484 ιζ
3176 4415 3334 4489 5-12)
3359 4435 3372 4471 :
3399 4417 3541 4488 quis,

1953 4507 2188 4578 inquam,
2220 4507 2335 4562 lucc
2361 4507 2541 4563 audiat
2567 4507 2852 4580 diligenter
2875 4517 2930 4564 et
2968 4508 3342 4580 intelligenter,
3372 4516 3426 4563 et
3448 4524 3544 4562 an-

1951 4597 2076 4654 deat
2100 4597 2168 4653 de
2197 4597 2319 4660 bac,
2349 4615 2505 4670 quam
2533 4599 2888 4667 defendimus,
2912 4609 3018 4656 tam
3042 4602 3182 4657 clara
3206 4601 3426 4656 veritate
3445 4601 3542 4656 du-

1951 4687 2122 4744 bitare
2153 4689 2213 4744 ’ἲ
2239 4691 2410 4760 Elegit
2445 4692 2586 4746 Deus
2625 4692 2677 4746 in
2702 4691 2918 4747 Christo
2951 4703 3073 4748 ante
3109 4693 3541 4748 constitutionem

1951 4779 2138 4835 mundi
2184 4781 2422 4836 membra
2456 4781 2615 4851 ejus:
2649 4793 2713 4851 et
2737 4783 3004 4852 quomodo
3050 4783 3270 4853 eligeret
3311 4799 3406 4838 eos
3450 4783 3542 4853 qui

1951 4871 2207 4948 nondurrr
2219 4884 2392 4952 erant,
2423 4873 2522 4928 nisi
2551 4871 3021 4944 prtcdestiuando?
3241 4891 3377 4947 ergo
3404 4891 3544 4954 priu-

1951 4951 2386 5046 de‘s‘tinansﬂnos.
2432 4961 2701 5034 Numquid
2740 4966 2962 5035 eligeret
3000 4951 3284 5036 imm—Et
3311 4951 3542 5022 immun-

1951 5044 2566 5128 dosiNB'iu‘ETqumstio
2609 5067 2956 5129 proponatur,
2995 5067 3170 5113 utrum
3215 5059 3313 5114 bos
3358 5060 3540 5131 eligat,

2017 5241 2034 5309 ξ
2059 5239 2198 5309 aditi,
2220 5235 2378 5309 elegit.
2407 5237 2577 5309 Plures
2595 5246 2726 5309 μεδε..
2750 5238 2900 5304 eligit.

2014 5303 2035 5365 ξ
2061 5299 2436 5365 Plerique'uss.,
2459 5299 2678 5365 innubis.
2759 5362 2770 5365 _
3403 5331 3408 5336 -

2018 5363 2038 5396 ³
2060 5371 2162 5411 Am.
2203 5361 2282 5413 'et
2334 5369 2440 5422 Er.,
2496 5363 2548 5413 in
2589 5361 2910 5431 dispositione.
2951 5370 3080 5431 _.\tss.
3109 5401 3124 5425 ,
3157 5365 3538 5431 _in‘_dispositio-

1949 5437 2094 5486 nem;
2126 5438 2225 5475 uno
2269 5433 2480 5488 excepto
2503 5425 2787 5476 Oorbeiensi
2823 5427 2910 5490 qui
2951 5427 3118 5488 habet,
3150 5425 3202 5478 in
3225 5425 3536 5495 dispensatio-

1949 5499 2076 5537 nem.

2013 5547 2042 5622 ξ
2200 5547 2294 5624 hoc
2313 5549 2613 5624 etnpiroximo
2643 5547 2770 5624 loco,
2802 5549 3101 5624 propositum
3282 5558 3342 5624 lat
3376 5565 3542 5624 magu-

1947 5610 2115 5672 scripti
2137 5609 2217 5660 hic
2239 5617 2291 5660 et
2313 5609 2436 5676 infra
2459 5609 2764 5676 constanter,
2773 5609 2966 5676 n'ecn'on
2978 5614 3070 5676 Ipsi
3089 5609 3204 5663 editi
3229 5614 3443 5676 ἱππεῖ-ειη.
3461 5613 3539 5668 38,

1948 5671 2277 5737 praetereunt,
2311 5671 2416 5737 ejus
2443 5683 2462 5722 :
2486 5674 2613 5736 quod
2653 5673 2922 5737 exitlicandi
2956 5671 3048 5737 loci
3095 5687 3236 5724 causa
3253 5709 3268 5734 ,
3293 5687 3340 5722 n.
3368 5675 3448 5732 :57,
3472 5686 3540 5737 sn;

1949 5732 2112 5804 adjicit
2130 5732 2424 5798 augustiuus
2447 5747 2460 5784 :
2479 5732 2752 5786 secundum
2774 5735 3086 5802 propositum,
3100 5747 3193 5785 non
3206 5732 3434 5794 uestrum,
3454 5732 3540 5782 sed

1948 5808 2174 5932 ῗΐείδῖξῐεε.
2204 5858 2426 5932 (ξαῐιὶοθρί
2447 5872 2620 5932 omnes
2637 5867 2689 5932 et
2705 5860 2932 5932 Vaticani,
2957 5859 3017 5909 de
3059 5857 3148 5908 huc
3169 5868 3244 5919 re,
3278 5867 3423 5920 quam
3455 5854 3536 5903 de-

1950 5919 2195 5980 tendimns
2219 5927 2318 5970 tam
2341 5921 2478 5972 clura
2493 5923 2708 5973 veritate.
2729 5921 2966 5972 dubitare.
