4118 6516
331 410 434 468 989

327 523 395 578 de
422 521 522 579 bac
550 535 611 578 te
634 528 739 577 tam
771 519 933 577 multa
960 535 1075 590 qua:
1103 518 1353 574 diximus.

399 612 489 668 59.
537 613 774 684 Denique
796 612 922 668 etin
951 610 1108 681 hujus
1131 607 1420 665 testimonii
1441 607 1910 677 consequentibus.

330 705 440 763 Deo
470 705 668 774 gratias
712 704 820 775 agit
856 703 1143 773 Apostolus
1173 717 1269 772 pro
1308 700 1391 755 his
1421 699 1509 770 qui
1536 699 1908 766 crediderunt,

333 812 435 851 non
461 796 642 866 utique
663 795 914 865 quoniam
936 794 1014 849 eis
1034 793 1401 867 annuntiatum
1433 800 1516 847 est
1538 791 1909 861 Evangelium,

331 886 427 944 sed
449 886 699 955 quoniam
717 885 1079 941 crediderunt.
1099 884 1342 939 Aitenim
1378 902 1391 939 :
1414 881 1480 937 In
1506 900 1606 954 quo
1633 892 1676 938 et
1705 899 1790 938 vos
1817 900 1913 936 au-

331 978 520 1031 dientes
549 976 751 1031 verbum
794 977 1015 1031 veritatis
1057 976 1388 1049 Evangelium
1415 977 1594 1031 salutis
1623 987 1829 1041 vestrm,
1863 977 1915 1032 in

332 1087 429 1139 quo
457 1069 710 1124 credentes
736 1069 921 1142 signati
945 1076 1063 1124 estis
1090 1069 1290 1141 Spiritu
1317 1069 1663 1141 promissionis
1701 1079 1872 1124 sancto
1897 1110 1912 1135 ,

331 1161 416 1232 qui
443 1170 514 1214 est
542 1161 722 1232 pignus
749 1160 1056 1216 hareditatis
1082 1170 1269 1215 nostra:
1286 1201 1301 1227 ,
1328 1161 1382 1215 iu
1412 1160 1799 1232 redemptionem
1831 1177 1917 1215 ac-

332 1254 634 1325 quisitionis,
658 1255 711 1309 in
738 1253 937 1308 laudem
966 1254 1144 1325 gloriae
1170 1254 1332 1324 ipsius
1360 1269 1379 1308 :
1410 1262 1617 1323 propter
1642 1254 1734 1307 hoc
1759 1261 1805 1307 et
1826 1269 1916 1325 ego

333 1344 510 1399 audita
535 1345 638 1415 ﬁde
673 1355 837 1400 vestra
863 1345 916 1399 in
941 1343 1142 1399 Christo
1174 1342 1301 1398 Iesu
1324 1354 1371 1398 et
1400 1345 1452 1397 in
1476 1360 1645 1398 omnes
1672 1354 1872 1397 sanctos
1895 1382 1911 1409 ,

333 1453 434 1491 non
462 1452 598 1491 cesso
624 1436 813 1508 gratias
842 1452 989 1508 agere
1028 1452 1119 1505 pro
1160 1433 1295 1490 vobis
1316 1432 1553 1512 (Ephes.
1586 1449 1624 1501 ι,
1658 1435 1727 1489 15
1745 1464 1766 1474 -
1788 1432 1915 1503 16).

332 1526 478 1582 Nova
504 1536 620 1581 erat
645 1535 699 1582 et
727 1541 915 1581 recens
942 1541 1127 1582 eorum
1156 1525 1288 1581 ﬁdes
1313 1524 1600 1596 prmdicato
1617 1525 1716 1580 sibi
1744 1526 1918 1580 Evan-

333 1619 471 1690 gelio
491 1659 504 1683 ,
535 1632 637 1689 qua
668 1618 771 1674 lide
798 1617 975 1673 audita
999 1660 1014 1685 ,
1044 1618 1240 1689 gratias
1273 1619 1380 1673 Deo
1410 1633 1503 1687 pro
1527 1619 1606 1675 eis
1637 1619 1746 1691 agit
1773 1620 1918 1690 Apo-

339 1709 527 1764 stolus.
555 1707 611 1765 Si
658 1707 858 1765 homini
900 1710 1098 1780 gratias
1140 1718 1321 1780 ageret
1362 1725 1459 1780 pro
1485 1724 1551 1766 eo
1582 1709 1723 1780 quod
1768 1710 1916 1765 illum

334 1800 419 1854 vel
448 1807 658 1869 putaret
696 1814 801 1854 non
833 1799 1145 1870 praestitisse
1181 1800 1264 1855 vel
1307 1780 1527 1867 nosset',
1571 1801 1804 1857 adulatio
1834 1804 1919 1860 vel

336 1891 514 1946 irrisio
541 1890 723 1945 verius
760 1905 918 1962 quam
946 1890 1234 1961 gratiarum
1261 1892 1400 1946 actio
1427 1891 1713 1948 diceretur.
1742 1890 1917 1947 Nolite

340 1998 509 2037 errare
529 2000 548 2049 ;
571 1981 709 2038 Deus
736 2000 837 2037 non
881 1983 1120 2038 irridetur
1150 1984 1165 2016 ⁸
1193 1981 1407 2057 (Colat.
1440 2000 1512 2051 vt,
1543 1984 1611 2055 7)
1657 2000 1672 2037 :
1717 1984 1918 2040 donum

337 2075 481 2129 enim
511 2073 628 2144 ejus
656 2082 739 2128 est
766 2075 925 2128 etiam
956 2074 1216 2144 incipiens
1242 2074 1394 2141 ﬁdes,
1427 2091 1494 2131 ue
1520 2076 1757 2146 Apostoli
1787 2075 1918 2132 falsa

334 2164 420 2218 vel
437 2162 592 2217 fallax
613 2163 902 2234 gratiarum
919 2165 1058 2219 actio
1080 2165 1270 2222 merito
1285 2166 1573 2236 judicetur.
1596 2166 1733 2236 Quid
1754 2167 1920 2223 illud?

336 2271 515 2311 nonne
553 2256 760 2311 initium
804 2256 927 2312 ﬁdei
970 2267 1191 2328 apparet
1228 2259 1781 2317 Thessalonicensium
1808 2304 1823 2329 ,
1852 2262 1920 2319 de

336 2360 443 2417 quo
473 2352 651 2403 tamen
684 2346 822 2403 idem
853 2349 1130 2419 apostolus
1159 2350 1270 2406 Deo
1296 2353 1494 2421 gratias
1522 2352 1662 2423 agit,
1691 2352 1872 2409 dicens
1898 2395 1914 2419 ,

340 2437 617 2509 Pr0pterea
642 2448 686 2493 et
712 2454 805 2493 nos
830 2440 1021 2510 gratias
1046 2441 1242 2510 agimus
1264 2440 1374 2497 Deo
1396 2444 1505 2499 sine
1531 2445 1916 2513 intermissione,

338 2531 576 2601 quoniam
601 2547 715 2585 cum
745 2533 1092 2603 percepissetis
1119 2550 1151 2587 a
1179 2534 1321 2589 nobis
1340 2536 1541 2591 verbum
1565 2538 1770 2594 auditus
1799 2538 1917 2609 Dei,

300 2665 304 2668 .
338 2623 599 2692 accepistis
640 2641 741 2678 non
767 2635 821 2678 ut
849 2625 1050 2680 uerbum
1088 2626 1382 2695 hominum,
1419 2629 1510 2684 sed
1550 2631 1680 2686 sicut
1705 2642 1778 2686 est
1809 2648 1923 2689 vere

338 2712 538 2767 verbum
567 2713 693 2781 Dei,
733 2715 868 2786 quod
891 2726 1129 2785 operatur
1152 2718 1204 2773 in
1227 2720 1364 2775 vobis
1381 2761 1397 2787 ,
1428 2722 1510 2775 cui
1547 2722 1830 2779 credidistis
1858 2724 1878 2795 (
1900 2724 1920 2780 1

337 2803 517 2860 Thess.
546 2821 607 2874 tt,
638 2806 777 2879 15)?
802 2807 938 2877 Quid
967 2818 1051 2864 est
1076 2811 1219 2882 quod
1247 2812 1372 2868 hinc
1401 2814 1515 2870 Deo
1539 2817 1736 2887 gratias
1771 2818 1921 2890 agit?

338 2896 541 2968 Nempe
565 2914 759 2955 vanum
794 2910 877 2957 est
922 2910 1084 2972 atque
1128 2903 1287 2960 inane
1311 2947 1326 2971 ,
1358 2905 1403 2961 si
1443 2908 1529 2962 cui
1565 2908 1761 2979 gratias
1789 2911 1918 2981 agit,

342 2988 442 3044 hoc
472 2989 584 3061 ipse
627 3005 733 3047 non
764 2991 889 3048 fecit
917 2993 959 3045 '.
1000 2991 1107 3049 Sed
1147 2996 1271 3065 quia
1316 2995 1420 3052 hoc
1457 3013 1651 3053 vanum
1681 3007 1736 3071 _et
1763 3000 1922 3057 inane

342 3098 447 3137 non
473 3092 577 3151 est,
612 3083 850 3155 profecto
883 3086 1022 3143 Deus
1048 3089 1134 3144 cui
1161 3090 1229 3146 de
1258 3090 1361 3147 hoc
1381 3107 1547 3163 opere
1567 3094 1768 3165 gratias
1787 3096 1917 3168 agit,

338 3173 452 3244 ipse
479 3174 639 3243 fecit‘,
677 3186 734 3232 ut
756 3180 876 3233 cum
907 3180 1275 3251 percepissent
1310 3182 1379 3238 ab
1408 3184 1666 3255 Apostolo
1696 3188 1921 3243 verbum

337 3265 552 3322 auditus
569 3268 683 3335 Dei,
708 3268 1014 3341 exciperent
1033 3272 1159 3328 illud
1184 3289 1290 3330 non
1311 3284 1369 3331 ut
1383 3277 1603 3332 verbum
1621 3278 1919 3348 hominum,

335 3355 429 3411 sed
445 3356 580 3412 sicut
596 3367 680 3414 est
699 3374 845 3425 vere,
864 3361 1083 3417 verbum
1108 3362 1221 3419 Dei.
1248 3363 1387 3420 Deus
1412 3365 1570 3436 igitur
1589 3376 1842 3439 operatur
1865 3369 1918 3425 in

335 3451 587 3506 cordibus
612 3452 908 3521 hominum,
929 3456 1209 3514 vocatione
1236 3458 1327 3515 illa
1356 3459 1645 3516 secundum
1674 3464 1920 3533 proposi-

336 3550 447 3596 tum
464 3557 640 3611 suum,
657 3544 722 3599 de
737 3560 839 3617 qua
856 3548 1079 3604 multum
1098 3551 1259 3608 locuti
1270 3568 1474 3623 sumus,
1496 3562 1673 3612 utnon
1694 3557 1922 3616 inaniter

334 3634 553 3688 audiant
576 3635 960 3707 Evangelium,
989 3640 1084 3696 sed
1127 3654 1195 3697 eo
1238 3643 1420 3700 audito
1459 3655 1842 3705 convertantur
1866 3658 1922 3706 et

335 3726 587 3793 credant,
620 3730 948 3800 excipientes
990 3748 1095 3788 non
1141 3742 1202 3790 ut
1226 3735 1447 3793 verbum
1478 3737 1753 3797 hominum
1776 3782 1793 3812 ,
1823 3742 1919 3800 sed

335 3818 475 3873 sicut
498 3827 580 3874 est
607 3831 734 3875 vere
761 3821 982 3879 verbum
1012 3824 1129 3881 Dei.

408 3910 631 3969 CAPUT
667 3912 787 3968 XX.
810 3944 882 3955 —
906 3914 996 3973 40.
1037 3915 1173 3974 Illud
1216 3918 1376 3975 etiam
1412 3920 1622 3978 initium
1662 3922 1786 3981 ﬁdei
1815 3926 1919 3981 ho-

336 4002 540 4059 minum
565 4003 761 4059 donum
792 4005 886 4061 Dei
907 4021 1028 4063 esse
1055 4022 1152 4063 nos
1178 4009 1451 4077 admonet,
1478 4026 1599 4068 cum
1629 4016 1732 4070 hoc
1755 4015 1921 4087 signi-

340 4095 462 4150 ﬁcet
489 4096 773 4166 Apostolus
811 4097 996 4155 dicens
1037 4099 1090 4155 in
1132 4101 1374 4171 Epistola
1419 4103 1487 4159 ad
1524 4103 1915 4163 Colossenses:

339 4186 572 4243 Orationi
596 4190 796 4259 instate,
828 4192 1089 4264 vigilantes
1113 4194 1167 4250 in
1198 4194 1290 4250 illa
1314 4196 1367 4251 in
1387 4198 1666 4269 gratiarum
1689 4201 1915 4269 actione,

337 4290 536 4334 orantes
558 4281 711 4336 simul
735 4291 784 4336 et
809 4299 901 4352 pro
927 4284 1086 4353 nobis,
1118 4294 1173 4339 ut
1200 4284 1338 4365 Deus
1361 4289 1557 4359 aperiat
1577 4289 1719 4353 nobis
1734 4291 1919 4346 ostium

337 4371 469 4425 verbi
506 4373 584 4427 sui
627 4373 697 4428 ad
747 4372 1049 4446 loquendum
1100 4379 1392 4449 mysterium
1443 4379 1665 4449 Christi,
1716 4392 1919 4454 prapter

336 4460 472 4530 quod
508 4462 658 4517 etiam
700 4464 891 4519 vinctus
938 4484 1080 4533 sum,
1120 4477 1176 4522 ut
1218 4470 1534 4540 manifestem
1576 4471 1708 4527 illud
1748 4474 1820 4528 ita
1863 4484 1919 4529 ut

336 4563 530 4623 oportet
556 4572 636 4610 me
662 4554 797 4626 loqui
821 4555 839 4627 (
862 4554 1059 4613 Coloss.
1087 4575 1160 4626 IV,
1190 4558 1347 4633 2-4).
1375 4562 1655 4631 Quomodo
1682 4567 1918 4636 aperitur

337 4646 532 4701 ostium
562 4648 744 4715 verbi,
789 4648 890 4703 nisi
934 4665 1055 4705 cum
1086 4665 1277 4707 sensus
1303 4655 1542 4723 aperitur
1566 4656 1832 4713 audientis
1863 4669 1919 4714 ut

336 4737 556 4805 credat,
581 4748 637 4794 et
666 4738 814 4793 initio
842 4739 962 4795 ﬁdei
1001 4740 1142 4795 facto
1162 4783 1178 4807 ,
1206 4757 1270 4798 ea
1309 4759 1427 4814 qua:
1452 4745 1518 4800 ad
1548 4746 1915 4803 aediﬁcandam

335 4828 604 4884 salubrem
639 4828 939 4885 doctrinam
981 4831 1339 4902 praedicantur
1370 4842 1427 4890 et
1457 4835 1796 4906 disputantur
1823 4839 1918 4894 ad-

335 4916 546 4984 mittat;
578 4935 647 4975 ne
677 4934 770 4990 per
795 4920 1161 4977 inlidelitatem
1186 4923 1349 4978 corde
1370 4924 1572 4991 clauso,
1602 4942 1664 4982 ea
1689 4942 1806 4998 qua:
1836 4929 1918 4984 di-

333 5019 527 5066 cuntur
554 5013 818 5084 improbet
844 5029 907 5070 ac
942 5016 1202 5087 repellat?
1249 5015 1403 5073 Unde
1432 5027 1487 5073 et
1513 5018 1579 5074 ad
1610 5018 1917 5077 Corinthios

334 5102 411 5156 ait
441 5117 455 5155 :
491 5101 805 5161 Permanebo
848 5116 1015 5161 autem
1046 5106 1240 5179 Ephesi
1268 5125 1424 5179 usque
1449 5111 1518 5163 ad
1548 5110 1875 5168 Pentecosten
1892 5129 1917 5180 ;

333 5194 517 5248 ostium
542 5198 673 5251 enim
702 5198 826 5252 mihi
872 5207 1101 5270 apertum
1139 5210 1210 5256 est
1250 5219 1487 5274 magnum
1530 5214 1578 5259 et
1615 5206 1835 5271 evidens,
1867 5218 1915 5263 et

331 5286 607 5372 aduersarii
632 5289 775 5344 multi
801 5291 845 5363 (l
863 5291 980 5346 Cor.
1000 5306 1109 5357 xvr,
1125 5293 1181 5362 8,
1201 5292 1281 5366 9).
1310 5295 1446 5362 Quid
1472 5297 1557 5354 hic
1576 5299 1717 5355 aliud
1740 5310 1914 5372 potest

332 5371 591 5448 intelligi,
624 5380 725 5434 nisi
762 5382 1050 5450 praedicato
1079 5383 1149 5441 ibi
1180 5401 1277 5456 per
1300 5402 1425 5443 eum
1466 5390 1715 5460 primitus
1740 5371 1915 5449 Evan-

329 5468 468 5539 gelio
493 5470 783 5528 credidisse
818 5473 1045 5543 multos,
1073 5484 1127 5532 et
1153 5478 1349 5535 multos
1387 5481 1625 5551 ejusdem
1658 5484 1779 5541 ﬁdei
1809 5486 1911 5541 ad-

398 5602 425 5687 :
440 5608 750 5687 Araxates:
759 5615 857 5687 non
878 5620 1095 5687 tri-remus
1115 5619 1286 5687 atreus
1307 5626 1404 5687 non
1417 5606 1671 5687 irridetur.
1689 5620 1912 5687 Plerique

329 5665 650 5744 ﬁguli/loli?
661 5665 855 5744 errare,
1068 5672 1328 5744 apostolus,
1370 5665 1503 5744 Deus
1654 5665 1907 5735 ibia'éi'u'r'.

334 5726 683 5800 mttn_e_d_i_tione
704 5737 812 5799 Iov.
838 5726 1291 5800 omittimus,_inquit
1310 5726 1569 5799 hpostolus.

398 5787 566 5868 ἶ
583 5787 762 5868 δέ
778 5792 961 5868 gratias
982 5793 1079 5868 agit
1098 5787 1160 5868 de
1180 5787 1273 5868 hoc
1287 5787 1418 5860 qu'od
1431 5787 1645 5868 ipseiam:
1666 5805 1794 5868 ferit.
1819 5813 1908 5858 tta-

336 5849 568 5914 nuscrlpti
588 5849 809 5908 omittunt
834 5849 1106 5918 particulas,
1125 5859 1204 5919 de,
1230 5849 1311 5919 et;
1323 5849 1468 5920 quod:

1230 397 1432 455 LIBER
1473 395 1561 452 DE
1600 394 2259 453 PRIEDESTINATIONE
2291 394 2727 457 SANCTORUM.

2224 5 2878 39 θνα---
3344 14 3363 16 “
3590 15 3637 19 ’-

3500 406 3605 463 990

2021 517 2284 570 versarios
2314 515 2579 571 exstitisse
2605 559 2619 583 ,
2647 516 2943 574 secundum
2990 517 3116 574 illud
3150 518 3355 575 Domini
3381 563 3397 589 ,
3434 520 3600 576 Nemo

2019 606 2089 660 ad
2114 623 2190 660 me
2217 608 2370 674 venit,
2402 609 2497 662 nisi
2519 609 2601 662 cui
2630 608 2806 662 datum
2839 610 2988 681 fuerit
3017 626 3049 663 a
3079 608 3236 665 Patre
3261 628 3369 666 meo
3396 612 3599 678 (Joan.

2022 712 2096 765 Vl,
2126 697 2230 770 66)
2271 716 2286 754 :
2328 707 2402 762 et,
2441 697 2591 755 Vobis
2628 700 2804 755 datum
2849 710 2923 755 est
2966 718 3112 755 nosse
3142 703 3430 773 mysterium
3460 705 3601 774 regni

2019 791 2258 846 caelorum
2281 808 2301 857 ;
2327 792 2429 848 illis
2448 803 2613 848 autem
2635 810 2735 848 non
2761 803 2834 849 est
2863 796 3038 849 datum
3061 793 3283 863 (Matth.
3315 811 3430 862 χιιι,
3458 795 3515 850 Η
3539 794 3592 866 )ἳ

2019 884 2226 939 Ostium
2257 899 2385 955 ergo
2414 894 2654 956 apertum
2685 894 2768 942 est
2812 887 2863 941 in
2905 888 2985 943 eis
3028 889 3220 958 quibus
3257 887 3440 942 datum
3477 897 3592 944 est:

2019 974 2312 1031 adversarii
2340 987 2515 1031 autem
2547 978 2694 1031 multi
2731 993 2794 1032 ex
2824 978 2902 1032 eis
2931 978 3121 1048 quibus
3151 994 3255 1032 non
3284 988 3367 1034 est
3396 977 3575 1034 datum

2091 1066 2181 1121 «il.
2243 1064 2482 1137 Itemque
2506 1067 2572 1121 ad
2599 1067 2816 1123 eosdem
2848 1068 2900 1122 in
2930 1068 3161 1123 secunda
3192 1069 3429 1138 Epistola
3463 1069 3601 1124 idem

2022 1157 2294 1227 apostolus
2326 1176 2339 1211 :
2368 1156 2494 1214 Cum
2523 1160 2786 1224 venissem,
2808 1161 2996 1231 inquit,
3016 1162 3066 1214 in
3085 1159 3338 1215 Troadem
3357 1161 3407 1215 in
3439 1160 3606 1215 Evan-

2020 1248 2204 1319 gelium
2230 1247 2438 1316 Christi,
2464 1259 2510 1303 et
2533 1252 2713 1305 ostium
2738 1251 2864 1304 mihi
2889 1261 3118 1321 apertum
3139 1260 3263 1306 esset
3283 1252 3335 1305 in
3365 1251 3602 1316 Domino,

2022 1356 2123 1394 non
2150 1340 2303 1396 habui
2327 1342 2541 1411 requiem
2568 1344 2766 1413 spiritui
2793 1360 2923 1408 meo,
2951 1360 3010 1398 eo
3034 1345 3169 1416 quod
3198 1362 3297 1400 non
3323 1346 3490 1400 iuveni
3522 1345 3607 1399 Ti-

2022 1439 2128 1485 tum
2154 1435 2362 1503 fratrem
2388 1450 2553 1488 meum
2578 1451 2596 1489 :
2618 1435 2706 1489 sed
2734 1435 2842 1491 vale
2866 1435 2970 1491 illis
2999 1436 3191 1508 faciens
3220 1437 3319 1492 exii
3346 1438 3398 1492 in
3429 1437 3605 1491 Marc-

2022 1523 2247 1579 doniam.
2276 1524 2476 1594 Quibus
2498 1527 2616 1582 vale
2633 1525 2786 1597 fecit,
2818 1528 2921 1584 nisi
2949 1529 3029 1584 eis
3054 1531 3142 1599 qui
3164 1530 3524 1598 crediderant,
3552 1532 3603 1583 iu

2023 1630 2248 1687 quorum
2289 1617 2494 1672 scilicet
2532 1618 2784 1675 cordibus
2814 1620 3208 1691 'evangclizanti
3251 1631 3491 1690 apertum
3524 1629 3608 1674 cst

2022 1708 2259 1763 ostium?
2283 1707 2421 1776 Quid
2451 1716 2627 1765 autem
2656 1711 2909 1782 adjungat
2934 1712 3195 1768 attendite
3228 1729 3242 1768 :
3280 1712 3387 1766 Deo
3415 1724 3603 1777 autem,

2023 1799 2230 1871 inquit,
2270 1801 2514 1872 gratias;
2541 1802 2628 1872 qui
2667 1819 2864 1874 semper
2904 1804 3216 1875 triumphare
3257 1820 3348 1860 nos
3389 1804 3513 1874 facit
3553 1805 3606 1857 in

2023 1891 2255 1959 Christo,
2288 1892 2332 1947 et
2372 1891 2577 1947 odorem
2606 1895 2797 1949 notitia:
2839 1911 2944 1950 sua:
2991 1913 3080 1966 per
3105 1913 3195 1951 nos
3222 1897 3512 1968 manifestat
3554 1896 3605 1948 in

2023 1982 2296 2037 omni-loco
2326 1997 2346 2037 :
2372 1983 2492 2055 quia
2519 1982 2703 2038 Christi
2743 1985 2904 2040 bonus
2928 1986 3055 2041 odor
3080 2004 3252 2042 suntus
3281 1986 3421 2050 Deo,
3449 1988 3501 2040 in
3528 1988 3607 2040 his

2022 2073 2111 2144 qui
2134 2074 2259 2129 salvi
2282 2075 2433 2144 ﬁunt,
2456 2084 2502 2129 et
2526 2074 2580 2129 in
2600 2076 2678 2131 his
2703 2076 2790 2148 qui
2814 2088 3057 2148 pereunt;
3081 2077 3380 2149 quibusdam
3403 2079 3606 2148 quidem

2024 2167 2151 2222 odor
2176 2169 2352 2223 mortis
2376 2168 2429 2223 in
2456 2178 2665 2223 mortent
2687 2211 2703 2237 ,
2742 2170 3040 2243 quibusdam
3067 2180 3235 2225 autem
3265 2172 3389 2224 odor
3416 2171 3530 2225 vitte
3555 2171 3607 2223 in

2023 2260 2196 2314 vitam.
2229 2261 2365 2317 Ecce
2394 2261 2534 2316 unde
2558 2263 2755 2333 gratias
2792 2264 2899 2334 agit
2937 2264 3086 2319 miles
3110 2264 3400 2318 acerrimus
3426 2273 3479 2319 et
3508 2263 3607 2317 de-

2023 2351 2207 2409 fensor
2230 2352 2610 2409 invictissimus
2636 2356 2821 2426 gratite
2853 2372 2869 2411 :
2900 2370 3025 2412 ecce
3052 2354 3193 2412 unde
3219 2357 3419 2427 gratias
3457 2362 3563 2423 agit
3590 2397 3606 2419 .

2022 2445 2144 2515 quia
2171 2444 2373 2500 Christi
2404 2445 2576 2501 bonus
2602 2445 2736 2501 odor
2762 2455 2888 2502 sunt
2912 2448 3152 2518 Apostoli
3182 2447 3290 2502 Deo
3314 2489 3330 2514 ,
3359 2456 3415 2503 et
3442 2447 3496 2502 in
3526 2447 3607 2500 his

2023 2537 2114 2608 qui
2133 2536 2264 2593 salvi
2290 2538 2424 2592 ﬁunt
2448 2538 2613 2610 gratia
2639 2538 2756 2610 ejus
2796 2547 2852 2595 et
2880 2539 2932 2595 in
2961 2539 3041 2594 his
3061 2540 3151 2611 qui
3170 2539 3610 2610 pereuntjudicio

2025 2628 2161 2699 ejus.
2202 2628 2308 2685 Sed
2336 2639 2392 2685 ut
2429 2629 2603 2685 minus
2645 2642 3026 2686 succenseatur
3054 2632 3172 2689 haec
3196 2645 3383 2700 parum
3414 2630 3609 2685 intelli-

2022 2722 2270 2794 gentibus
2298 2724 2338 2788 ί,
2368 2724 2481 2794 ipse
2506 2723 2792 2788 admonet,
2824 2739 2946 2780 cum
2971 2723 3213 2796 adjungit
3253 2733 3311 2780 et
3349 2724 3507 2785 dicit,
3545 2722 3610 2777 Et

2023 2814 2093 2868 ad
2119 2814 2226 2869 hac
2251 2814 2363 2885 quis
2401 2815 2610 2870 idoneus
2640 2814 2721 2889 (ll
2754 2815 2872 2871 Cor.
2901 2832 2971 2883 ιι,
3003 2816 3263 2886 12-16)?
3297 2816 3490 2871 Verum
3519 2833 3608 2871 re-

2027 2903 2248 2959 deamus
2271 2903 2337 2959 ad
2360 2905 2481 2959 ostii
2506 2906 2862 2976 apertiouem,
2885 2921 2989 2977 qua
3016 2907 3221 2962 initium
3248 2906 3368 2963 ﬁdei
3389 2908 3606 2962 audien-

2027 2993 2155 3049 tium
2185 2994 2498 3066 signiﬁcavit
2523 2996 2833 3066 Apostolus.
2880 2997 3017 3066 Quid
3055 3008 3138 3054 est
3178 2998 3352 3064 enim,
3393 2997 3609 3055 Orontes

2023 3086 2176 3141 simul
2198 3095 2245 3142 et
2274 3104 2367 3159 pro
2392 3088 2553 3155 nobis,
2584 3097 2638 3142 ut
2664 3087 2803 3143 Deus
2827 3090 3023 3160 aperiat
3061 3089 3203 3154 nobis
3228 3091 3412 3144 ostium
3437 3090 3571 3145 verbi
3587 3105 3608 3155 ς

2025 3178 2127 3233 nisi
2150 3178 2489 3249 apertissima
2528 3179 2953 3246 demonstratio,
2994 3180 3154 3236 etiam
3197 3181 3371 3252 ipsum
3399 3181 3609 3236 initium

2023 3268 2148 3324 ﬁdei
2175 3284 2295 3324 esse
2323 3270 2521 3324 donum
2551 3270 2680 3325 Dei?
2703 3268 2819 3325 Non
2848 3270 2991 3327 enim
3021 3271 3224 3327 orando
3250 3280 3518 3343 peteretur
3541 3272 3608 3326 ab

2024 3374 2123 3427 eo,
2155 3360 2259 3415 nisi
2285 3361 2352 3416 ab
2379 3361 2493 3432 ipso
2524 3362 2682 3417 tribui
2709 3362 3039 3420 crederetur.
3072 3364 3184 3440 Hoc
3212 3366 3411 3420 donum
3441 3365 3609 3421 coale-

2024 3453 2123 3507 stis
2133 3452 2316 3523 gratite
2333 3453 2384 3507 in
2404 3453 2544 3507 illam
2570 3454 2933 3524 purpurariam
2952 3454 3325 3520 descenderat,
3345 3456 3452 3519 cui,
3472 3456 3609 3511 sicut

2022 3542 2296 3614 Scriptura
2315 3543 2446 3599 dicit
2472 3545 2523 3599 in
2548 3545 2770 3600 Actibus
2798 3546 3199 3615 Apostolorum,
3231 3545 3376 3600 Deus.
3395 3564 3608 3617 aperue-

2022 3646 2102 3691 rat
2125 3653 2326 3692 sensum
2352 3639 2485 3711 ejus,
2515 3648 2561 3692 et
2588 3637 2872 3692 intendebat
2902 3639 2952 3692 in
2983 3655 3039 3692 ea
3069 3653 3183 3708 qua:
3210 3654 3243 3692 a
3269 3637 3436 3694 Paulo
3463 3639 3574 3693 dice

2023 3728 2204 3784 bantur
2222 3728 2364 3801 (Act.
2389 3745 2501 3796 xw,
2531 3731 2594 3784 ll
2609 3731 2649 3801 ).
2671 3729 2761 3785 Sic
2781 3730 2923 3786 enim
2943 3730 3248 3798 vocabatur,
3269 3732 3583 3788 utcrederet

2022 3822 2145 3893 Agit
2176 3822 2371 3893 quippe
2400 3822 2542 3878 Deus
2579 3822 2719 3893 quod
2748 3823 2860 3877 vult
2903 3824 2956 3878 in
2999 3823 3252 3880 cordibus
3281 3823 3554 3879 hominum
3581 3865 3598 3891 ,

2023 3915 2108 3970 vel
2130 3914 2448 3985 adjuvaudo,
2471 3915 2554 3970 vel
2575 3914 2884 3986 judicaudo,
2908 3917 3138 3971 utetiam
3160 3932 3251 3986 per
3271 3931 3363 3972 eos
3385 3915 3607 3986 impleao

2024 4011 2110 4059 tur
2132 4004 2274 4076 quod
2302 4020 2487 4060 manus
2513 4004 2631 4077 ejus
2658 4013 2713 4062 et
2749 4006 3027 4061 consilium
3061 4005 3452 4076 prtcdestiuavit
3483 4006 3598 4061 ﬁeri

2025 4092 2145 4167 (Id.
2179 4110 2255 4160 tv,
2282 4093 2407 4168 28).

2095 4186 2180 4242 42.
2223 4186 2441 4242 Frustra
2469 4187 2646 4259 itaque
2674 4188 2835 4243 etiam
2862 4187 3014 4254 illud,
3046 4187 3184 4257 quod
3214 4186 3520 4258 Regnorum
3551 4198 3607 4242 ct

2022 4278 2462 4350 ParalipOmenon
2484 4280 2758 4352 Scriptura
2781 4290 2914 4337 teste
2938 4282 3296 4352 probavimus,
3317 4296 3437 4336 cum
3463 4282 3605 4336 Deus

2021 4372 2137 4426 vult
2165 4371 2278 4427 ﬁeri
2305 4372 2446 4444 quod
2477 4388 2583 4428 non
2610 4373 2710 4429 nisi
2740 4373 3039 4429 volentibus
3065 4373 3365 4430 hominibus
3389 4385 3628 4444 oportet.

2022 4463 2159 4532 ﬁeri,
2192 4466 2436 4522 inclinari
2463 4481 2647 4522 eorum
2676 4466 2837 4529 corda
2864 4475 2925 4523 ut
2953 4468 3056 4523 hoc
3084 4467 3250 4523 velint
3279 4468 3333 4542 (ι
3362 4464 3499 4539 Reg.
3525 4485 3556 4523 x
3582 4507 3600 4535 ,

2020 4554 2124 4625 26,
2154 4566 2201 4611 et
2226 4555 2247 4612 Ι
2275 4555 2457 4611 Paral.
2485 4573 2555 4612 xtl
2575 4597 2590 4621 ,
2622 4556 2732 4627 18),
2754 4571 2820 4612 eo
2849 4558 3053 4613 scilicet
3096 4557 3385 4614 inclinante
3428 4559 3516 4628 qui
3549 4560 3603 4613 in

2021 4647 2176 4703 nobis
2199 4646 2428 4704 mirabili
2454 4648 2616 4703 modo
2641 4656 2695 4703 et
2721 4648 2971 4703 incll‘abili
3000 4659 3253 4719 Operatur
3276 4659 3329 4704 et
3352 4649 3510 4714 velle,
3536 4650 3601 4703 ad

2019 4738 2235 4794 causam
2259 4737 2328 4794 de
2367 4753 2469 4808 qua
2515 4738 2826 4794 disserimus
2850 4781 2865 4805 ,
2900 4756 3003 4794 non
3051 4741 3317 4810 pertinere
3352 4739 3604 4795 dixerunt

2025 4828 2265 4900 (Supra,
2290 4829 2345 4882 in
2365 4826 2534 4899 Epist.
2562 4828 2776 4894 Hilarii,
2809 4846 2862 4884 η.
2894 4830 2988 4904 7).
3021 4830 3157 4898 Quid
3180 4839 3261 4886 est
3281 4830 3446 4897 aliud,
3470 4830 3600 4887 nihil

2020 4921 2219 4987 dicere,
2248 4929 2303 4975 et
2333 4929 2510 4975 tamen
2534 4920 2935 4976 contradicere?
2966 4922 3066 4976 uisi
3110 4921 3246 4977 forte
3271 4937 3368 4978 cur
3395 4923 3475 4979 eis
3501 4923 3605 4979 hoc

2021 5009 2190 5065 visum
2211 5010 2303 5075 sit,
2326 5010 2587 5066 rationem
2613 5010 2765 5065 vobis
2789 5011 3020 5082 aliquam
3049 5011 3418 5082 reddiderunt,
3442 5032 3601 5086 quam

2018 5115 2117 5157 vos
2143 5101 2195 5157 in
2224 5100 2415 5157 litteris
2439 5101 2632 5157 vestris
2666 5112 2842 5158 tacere
2884 5104 3165 5159 maluistis.
3209 5104 3315 5161 Sed
3355 5122 3474 5178 qua:
3512 5108 3600 5163 illa

2018 5205 2139 5248 esse
2155 5191 2324 5262 possit
2336 5192 2540 5263 ignoro.
2567 5194 2647 5247 An
2671 5193 2804 5247 forte
2824 5195 2946 5264 quia
2963 5195 3294 5251 ostendimus
3316 5198 3417 5254 hoc
3434 5198 3600 5254 Deum

2016 5280 2192 5351 egisse
2227 5282 2282 5337 in
2311 5281 2560 5339 cordibus
2598 5282 2874 5339 hominum
2898 5325 2915 5353 ,
2945 5296 3000 5341 et
3039 5286 3107 5342 ad
3143 5286 3246 5343 hoc
3285 5289 3600 5360 perduxisse

2017 5387 2243 5442 quorum
2270 5373 2319 5429 ei
2360 5372 2558 5444 placuit
2592 5374 2892 5431 voluntates
2912 5415 2929 5443 ,
2961 5385 3021 5432 ut
3055 5393 3148 5434 rex
3184 5381 3600 5434 constitueretur

2017 5463 2144 5521 Sat’tl
2173 5465 2288 5523 sive
2318 5465 2510 5533 David;
2541 5466 2661 5524 ideo
2685 5469 2803 5525 haec
2837 5472 3084 5542 exempla
3110 5487 3284 5528 causae
3315 5472 3436 5527 huic
3461 5488 3596 5527 cou-
3674 5494 3683 5500 -

2017 5557 2200 5614 venire
2223 5573 2329 5614 non
2358 5567 2564 5628 putant,
2592 5547 2844 5631 quoniam
2876 5579 2980 5618 non
3011 5564 3112 5619 hoc
3132 5573 3213 5619 est
3233 5565 3595 5633 temporaliter

2016 5663 2239 5720 regnare
2268 5649 2322 5704 in
2351 5648 2452 5706 hoc
2475 5651 2692 5721 saeculo,
2722 5654 2861 5724 quod
2891 5666 2972 5711 est
3000 5656 3051 5710 in
3078 5665 3334 5712 :cternum
3365 5669 3590 5725 regnare

2038 5868 2047 5878 ,
2079 5806 2095 5839 ¹
2113 5807 2266 5878 ,Εάὶιίι
2284 5816 2619 5861 succenseatur
2640 5812 2705 5863 ad
2727 5811 2833 5865 haec
2875 5825 3047 5878 parum
3070 5811 3455 5878 mtelligcutibus.
3483 5821 3566 5862 t'ar

2016 5868 2177 5929 ticula,
2201 5870 2286 5929 ad.
2309 5885 2403 5923 non
2425 5883 2586 5924 exstat
2604 5878 2653 5924 in
2667 5868 3019 5934 manuscrlt-tis.
