4118 6520
483 417 590 476 995

483 535 604 598 fuit,
635 530 891 602 quamdiu
931 528 1061 594 fuit;
1092 541 1214 584 cum
1243 539 1371 580 vero
1407 537 1528 580 esse
1551 522 1756 578 destitit
1777 523 1819 589 ³,
1851 536 1957 576 non
1989 527 2070 572 est

483 622 626 695 quod
675 622 774 678 luit
797 637 812 675 :
836 621 930 690 qui
971 635 1104 675 vero
1147 633 1252 674 non
1295 613 1758 686 perseveraverit,
1800 611 2070 683 quomodo

485 727 840 787 perseverans
869 712 1151 778 fuit;eum
1195 705 1586 779 perseverando
1629 705 1854 776 quisque
1891 711 2070 757 osten-

485 807 576 862 dat
601 821 662 863 se
697 809 1163 876 perseverantem,
1203 799 1347 870 quod
1387 799 1490 852 istc
1535 811 1642 851 non
1681 793 1845 849 fecit?
1871 792 1975 850 Sed
2005 807 2072 848 ne

489 897 770 968 quisquam
799 895 1090 950 reluctetur
1117 901 1172 948 et
1197 891 1339 947 dicat
1363 932 1378 958 ,
1406 889 1462 946 Si
1491 895 1557 945 ex
1584 903 1690 959 quo
1717 886 1892 941 ﬁdelis
1921 885 2070 956 quis-

463 1005 594 1068 une
625 987 800 1044 factus
821 995 923 1054 est,
957 985 1118 1052 vixit,
1149 983 1298 1040 verbi
1333 982 1502 1053 gratia
1522 1021 1540 1048 ,
1567 980 1756 1035 decem
1795 993 1998 1044 annos,
2021 985 2076 1034 et

489 1094 678 1135 eorum
703 1077 880 1133 medio
904 1085 1144 1146 tempore
1167 1090 1196 1128 a
1221 1073 1325 1129 ﬁde
1353 1073 1535 1142 lapsus
1570 1079 1682 1136 est,
1714 1084 1891 1125 nonne
1915 1069 2074 1140 quin-

491 1186 598 1243 que
619 1184 790 1225 annos
815 1167 1215 1240 perseveravit?
1239 1164 1358 1220 Non
1396 1163 1660 1220 contendo
1689 1161 1756 1218 de
1785 1160 1962 1218 verbis
1985 1203 2001 1228 ,
2030 1160 2077 1216 si

498 1273 554 1319 et
579 1264 667 1318 illa
699 1261 1096 1334 perseverantia
1131 1267 1350 1330 putatur
1383 1272 1503 1312 esse
1541 1254 1795 1321 dicenda,
1826 1263 2088 1324 tanquam-

493 1354 750 1426 temporis
773 1354 855 1410 sui
879 1372 892 1406 :
916 1351 1054 1408 hanc
1081 1361 1226 1407 certe
1253 1349 1325 1405 de
1351 1364 1454 1420 qua
1485 1363 1626 1402 nunc
1656 1346 1866 1417 agimus
1893 1359 2080 1415 perse-

491 1447 808 1514 verantiam,
835 1429 962 1516 qua"
977 1445 1030 1499 in
1072 1443 1286 1499 Christo
1313 1448 1687 1512 perseveratur
1715 1452 1885 1508 usque
1927 1437 1986 1492 in
2013 1435 2078 1490 ﬁ-

491 1553 638 1604 nem,
665 1537 810 1592 nullo
837 1535 997 1592 modo
1017 1534 1266 1589 habuisse
1287 1529 1544 1588 dicendus
1570 1540 1674 1598 est,
1704 1529 1794 1601 qui
1823 1543 1928 1585 non
1955 1542 2080 1598 per-

494 1627 822 1683 severaverit
857 1641 1028 1694 uSque
1067 1625 1122 1679 in
1158 1625 1358 1689 linem;
1397 1622 1680 1693 potiusque
1721 1621 1860 1677 hanc
1895 1619 2082 1675 habuit

495 1722 656 1776 unius
691 1719 820 1775 anni
848 1718 1056 1784 ﬁdelis,
1081 1725 1134 1772 et
1163 1725 1418 1787 quantum
1447 1714 1584 1771 infra
1613 1713 1835 1786 cogitari
1861 1720 2036 1786 potest
2060 1753 2078 1780 ,

497 1816 543 1870 si
571 1815 760 1886 donec
793 1823 1094 1870 moreretur
1138 1812 1364 1867 fideliter
1389 1809 1560 1874 vixit,
1590 1823 1750 1878 quam
1791 1805 2080 1861 multorum

491 1922 780 1974 annorum,
805 1906 852 1962 si
877 1905 1128 1977 exiguum
1157 1903 1411 1976 temporis
1459 1911 1586 1958 ante
1629 1907 1866 1955 mortem
1900 1914 1930 1952 a
1957 1895 2082 1952 ﬁdei

491 1998 780 2054 stabilitate
805 1997 1026 2053 defecit.

562 2089 791 2148 CAPUT
819 2091 884 2146 ll.
909 2121 980 2132 ——
1002 2089 1059 2145 2.
1100 2090 1218 2158 Quo
1245 2087 1555 2154 constituto,
1583 2084 1862 2142 videamus
1899 2089 2081 2138 utrum

494 2183 611 2239 inec
633 2184 1048 2256 perseverantia,
1075 2184 1144 2238 de
1171 2199 1273 2254 qua
1303 2183 1503 2238 dictum
1531 2189 1632 2246 est,
1665 2180 1767 2244 Qui
1793 2193 2084 2249 perseuera-

492 2277 618 2332 verit
645 2293 802 2348 usque
828 2278 881 2330 in
910 2277 1062 2346 ﬁnem
1083 2317 1100 2342 ,
1131 2275 1213 2330 hic
1251 2275 1423 2330 salvus
1469 2275 1564 2328 erit
1595 2271 1820 2346 (Matth.
1848 2287 1904 2336 ι,
1933 2261 2041 2342 29)
2063 2312 2079 2338 ,

497 2370 699 2424 donum
726 2370 797 2423 sit
821 2369 939 2423 Dei.
963 2367 1116 2434 Quod
1155 2367 1202 2422 si
1230 2382 1338 2421 non
1365 2367 1468 2432 sit,
1497 2363 1767 2436 quomodo
1791 2379 1976 2418 verum
2003 2370 2086 2417 est

496 2461 644 2534 quod
683 2461 972 2532 Apostolus
1001 2461 1109 2528 ait,
1145 2459 1298 2514 Vobis
1327 2461 1574 2513 donatum
1611 2466 1684 2512 est
1723 2473 1816 2528 pro
1842 2455 2043 2510 Christo
2063 2496 2082 2522 ,

495 2569 597 2606 non
623 2551 788 2606 solum
812 2561 866 2604 ut
891 2551 1108 2605 credatis
1131 2550 1184 2603 in
1213 2565 1348 2616 eum,
1377 2565 1548 2604 verum
1573 2549 1724 2603 etiam
1743 2556 1799 2601 ut
1821 2545 2084 2617 patiamini

496 2658 598 2712 pro.
621 2658 682 2696 eo.
705 2640 963 2713 (Phili-pp.
991 2656 1030 2706 ι,
1051 2638 1184 2712 29)?
1213 2639 1416 2694 Horum
1441 2639 1636 2710 quippe
1663 2653 1826 2694 unum
1853 2637 2086 2708 pertinet

494 2731 562 2785 ad
593 2731 828 2797 initium,
859 2732 1088 2786 alterum
1115 2729 1184 2786 ad
1229 2728 1389 2785 linem
1415 2736 1738 2800 :utrumque
1783 2737 1958 2785 tamen
1999 2737 2086 2784 est

501 2823 596 2880 Dei
623 2824 846 2892 donum,
875 2823 999 2894 quia
1021 2834 1304 2894 utrumque
1327 2821 1527 2878 dictum
1551 2831 1779 2878 estesse
1803 2821 2080 2890 donatum,

497 2919 638 2972 sicut
661 2924 718 2971 et
739 2915 985 2986 superius
1005 2913 1116 2985 jam
1145 2913 1399 2970 diximus.
1425 2912 1577 2981 Quod
1598 2913 1741 2968 enim
1764 2921 1846 2969 est
1870 2913 2082 2968 initium

493 3007 676 3062 verius
701 3005 996 3062 christiano
1013 3047 1029 3072 ,
1055 3020 1218 3076 quam
1257 3004 1484 3062 credere
1521 3005 1578 3061 in
1612 3005 1930 3064 Christum?
1951 3005 2086 3073 Quis

495 3100 619 3155 ﬁnis
643 3099 832 3155 melior
871 3107 984 3166 est,
1011 3114 1168 3170 quam
1209 3099 1318 3170 pati
1355 3113 1455 3170 pro
1489 3099 1703 3156 Christo
1724 3099 1780 3154 ’ἲ
1806 3099 1914 3155 Sed
1938 3098 2084 3170 quod

494 3191 564 3246 ad
591 3190 644 3248 id
667 3191 897 3262 pertinet
921 3197 980 3245 ut
1002 3189 1250 3245 credatur
1274 3189 1326 3244 in
1349 3189 1616 3246 Christum
1641 3231 1657 3258 ,
1683 3190 2082 3262 qualiscumque

491 3282 710 3339 inventa
741 3291 826 3338 est
849 3281 1221 3349 contradictio,
1267 3289 1328 3336 ut
1355 3282 1554 3336 donum
1579 3282 1676 3337 Dei
1713 3297 1821 3338 non
1848 3281 2078 3350 initium,

491 3375 589 3432 sed
612 3383 954 3447 augmentum
981 3374 1107 3430 ﬁdei
1139 3373 1447 3430 diceretur:
1470 3373 1558 3430 cui
1582 3374 1820 3446 Opinioni
1848 3373 2083 3430 donante

497 3467 726 3524 Domino
769 3468 900 3524 satis
947 3481 1214 3538 superque
1263 3465 1658 3537 respondimus.
1707 3465 1845 3535 Quid
1901 3474 2082 3522 autem

491 3558 600 3614 dici
642 3566 860 3629 potest,
892 3571 988 3612 cur
1028 3557 1427 3628 perseverantia
1455 3571 1625 3628 usque
1667 3557 1722 3612 in
1763 3555 1924 3612 ﬁnem
1969 3570 2082 3614 non

493 3649 725 3706 donetur
763 3648 817 3704 in
859 3647 1075 3705 Christo
1098 3688 1114 3715 ,
1145 3647 1231 3704 cui
1269 3647 1502 3704 donatur
1541 3649 1649 3718 pati
1695 3663 1794 3720 pro
1829 3646 2080 3714 Christo,

489 3747 622 3808 aut,
669 3748 731 3795 ut
775 3739 1080 3811 expressius
1119 3739 1359 3810 eloquar,
1406 3739 1492 3796 cui
1532 3739 1760 3795 donatur
1797 3739 1934 3795 mori
1980 3755 2081 3813 pro

489 3829 740 3886 Christo?
759 3829 892 3885 Nam
913 3839 968 3886 et
989 3830 1178 3886 Petrus
1198 3830 1472 3901 apostolus
1489 3829 1689 3886 donum
1713 3831 1806 3886 Dei
1832 3831 1935 3887 hoc
1959 3845 2083 3888 esse

497 3921 873 3978 demonstrans
898 3940 912 3977 :
936 3921 990 3975 Μ
997 3921 1128 3976 efius
1148 3930 1239 3989 est,
1271 3921 1461 3992 inquit,
1491 3921 1613 3976 bene
1635 3922 1897 3994 facientes,
1923 3923 1969 3977 si
1997 3938 2082 3978 ue-

493 4012 557 4068 lit
583 4012 816 4068 voluntas
839 4010 969 4080 Dei,
998 4013 1105 4082 pati
1120 4053 1134 4079 ,
1161 4028 1315 4084 quam
1341 4015 1475 4067 male
1502 4013 1740 4084 facientes
1761 4013 1804 4083 (Ι
1829 4010 1972 4066 Petr.
2000 4027 2078 4078 ut,

493 4101 609 4174 17).
641 4100 774 4156 Cum
802 4101 952 4169 dicit,
983 4103 1028 4158 si
1053 4102 1168 4157 velit
1194 4103 1426 4157 uoluntas
1453 4101 1551 4156 Dei
1571 4118 1591 4157 :
1609 4102 1843 4158 ostendit
1867 4103 1970 4158 hoc
1995 4101 2078 4157 di-

495 4193 689 4249 vinitus
714 4193 900 4249 donari
924 4236 939 4262 ,
969 4209 1070 4250 nec
1106 4195 1356 4251 omnibus
1384 4196 1583 4252 sanctis
1602 4237 1616 4263 ,
1646 4207 1705 4251 ut
1741 4211 1839 4266 pro
1865 4196 2078 4252 Christo

493 4285 784 4356 patiantur.
812 4284 998 4356 Neque
1036 4284 1180 4341 enim
1216 4301 1350 4357 quos
1386 4301 1495 4341 non
1533 4287 1908 4343 vultvoluntas
1939 4289 2034 4346 Dei
2056 4289 2078 4320 '

493 4381 774 4452 pervenire
801 4379 867 4435 ad
893 4380 1278 4450 experientiam
1300 4381 1632 4453 gloriamque
1657 4383 1942 4454 passionis,
1968 4397 2078 4439 non

491 4469 809 4540 perveniunt
852 4469 919 4526 ad
963 4485 1187 4542 regnum
1235 4471 1372 4540 Dei,
1414 4471 1464 4531 si
1513 4473 1975 4544 perseveraverint
2023 4475 2080 4530 in

491 4561 710 4618 Christo
734 4577 900 4633 usque
936 4561 990 4618 in
1018 4562 1201 4619 ﬁnem.
1232 4562 1338 4621 Sed
1355 4565 1484 4636 quis
1505 4564 1678 4632 dicat,
1705 4567 1822 4622 istis
1849 4582 1958 4622 non
1981 4565 2078 4623 do-

490 4655 606 4710 nari
629 4653 765 4710 hanc
785 4655 1258 4728 persevcrantiam,
1285 4655 1376 4728 qui
1397 4657 1709 4730 aegritudine
1729 4659 1968 4730 corporis
1991 4661 2079 4716 vel

489 4759 826 4817 quocumque
865 4759 994 4801 casu
1040 4746 1343 4802 moriuntur
1384 4747 1438 4803 in
1477 4747 1723 4817 Christo;
1751 4745 1874 4806 cum
1917 4751 2076 4822 longe

487 4835 756 4893 difﬁcilior
789 4836 1017 4893 donetur
1043 4837 1150 4892 illis
1171 4877 1187 4905 ,
1217 4853 1248 4893 a
1275 4839 1468 4910 quibus
1507 4841 1794 4911 suscipitur
1831 4851 1888 4900 et
1926 4859 2073 4900 mors

487 4931 602 5000 ipsa
632 4943 727 5000 pro
751 4929 1005 4985 Christo?
1029 4930 1193 4986 Multo
1217 4931 1413 5002 quippe
1442 4933 1709 4990 difﬁcilius
1747 4949 2064 5005 persevera-

497 5030 604 5087 tur,
631 5019 722 5076 ubi
745 5019 848 5077 hoc
867 5021 978 5092 agit
1005 5023 1096 5093 qui
1131 5025 1470 5094 persequitur
1492 5041 1560 5081 ne
1587 5039 1978 5097 perseveretur,
2016 5039 2072 5088 et

492 5119 774 5182 propterea
800 5127 969 5182 usque
995 5111 1062 5167 ad
1085 5121 1314 5170 mortem
1342 5117 1634 5173 sustinetur
1659 5127 1718 5174 ut
1757 5135 2070 5191 persevere-

493 5212 600 5257 tur.
625 5201 777 5258 lllam
802 5203 1022 5274 proinde
1038 5203 1308 5260 difﬁcilius
1331 5209 1802 5280 perseverantiam,
1821 5213 1972 5267 istam
1999 5215 2072 5269 fa-

485 5298 642 5353 cilius
665 5307 751 5354 est
780 5297 1014 5356 habere:
1041 5299 1137 5356 sed
1165 5302 1250 5357 cui
1274 5303 1406 5358 nihil
1429 5303 1648 5362 difﬁcile
1671 5315 1773 5374 est,
1805 5308 1961 5367 facile
1989 5323 2072 5370 est

489 5397 768 5461 utramque
792 5387 1012 5446 donare.
1044 5391 1193 5449 Hanc
1213 5394 1355 5450 enim
1385 5397 1632 5467 promisit
1655 5398 1817 5470 Deus,
1843 5401 2067 5460 dicens:

553 5610 569 5671 Ρ
591 5607 732 5667 Editi,
759 5605 962 5659 desistit.
989 5617 1117 5671 ηδε..
1143 5614 1340 5666 destitit.

546 5670 1180 5750 uta‘ejfditisEr-Lttug'd.
1205 5684 1326 5750 _v_en.
1353 5685 1458 5730 Lov.
1485 5687 1534 5731 In
1557 5687 1606 5732 Β.
1633 5685 1874 5750 :Quiﬁm’s
1899 5689 2068 5743 melior

485 5733 760 5795 quorum“
796 5745 884 5795 pro
914 5733 1144 5785 Christo?
1205 5743 1261 5788 Μ.

1253 5813 1352 5882 res
1375 5803 1470 5858 vuu
1499 5813 1641 5860 om.
1669 5817 1722 5862 λι
1745 5818 1854 5863 υεε-
1877 5825 2068 5882 mque

486 5855 614 5908 enim
631 5855 756 5917 quod
779 5855 872 5913 non
895 5861 990 5912 vult
1005 5855 1217 5914 meum
1243 5863 1346 5926 Dei,

1710 406 1768 463 S.
1809 401 2176 464 AUGUSTINI
2216 399 2528 460 EPISCOPI‘

2179 517 2436 571 Timorem
2473 533 2640 571 meum
2664 517 2796 571 dabo
2822 517 2876 571 in
2900 534 2988 572 cor
3013 534 3218 588 eorum,
3249 527 3362 575 uta
3385 537 3460 577 me
3491 541 3584 580 non
3606 546 3728 584 rere-

2179 611 2303 664 dant
2333 610 2544 682 (Jerem.
2575 626 2750 678 xxxn,
2777 611 2892 682 40).
2923 611 3076 680 Quod
3101 613 3228 684 quid
3258 623 3341 670 est
3367 616 3500 670 aliud
3523 660 3536 682 ,
3565 637 3728 690 qustu,

2178 701 2324 756 Talis
2349 715 2412 757 ac
2437 710 2615 756 tantus
2641 702 2744 756 erit
2781 701 2942 758 timor
2985 719 3158 770 meus,
3201 719 3362 774 quem
3401 706 3534 762 dabo
3574 711 3622 764 iu
3649 727 3732 769 cur

2179 808 2386 860 eorum,
2415 803 2474 849 ut
2501 794 2630 848 mihi
2659 803 3063 864 perseveranter
3087 795 3436 852 adhaereant?

2251 885 2304 939 5.
2345 883 2456 939 Cur
2483 893 2660 939 autem
2689 887 3082 955 perseverantia
3119 888 3217 942 ista
3241 891 3478 960 poscitur
3498 907 3528 946 a
3551 891 3671 962 Deo,
3695 898 3735 953 si

2181 989 2287 1028 non
2311 975 2467 1030 datur
2495 990 2526 1029 a
2553 974 2696 1030 Deo?
2725 977 2806 1030 An
2829 985 2882 1031 et
2907 977 3004 1031 ista
3031 977 3266 1034 irrisoria
3294 981 3483 1050 petitio
3509 993 3604 1049 est,
3628 1001 3738 1042 cum

2182 1068 2236 1123 id
2263 1069 2332 1124 ab
2354 1071 2644 1138 eo-petitur
2663 1070 2805 1139 quod
2829 1069 2990 1124 scitur
3019 1087 3126 1126 non
3152 1071 3328 1140 ipsum
3353 1073 3497 1142 dare,
3519 1077 3608 1132 sed
3634 1079 3742 1149 ipso

2187 1175 2298 1214 non
2326 1160 2487 1216 dante
2525 1175 2646 1216 esse
2694 1161 2750 1216 in
2779 1161 3010 1218 hominis
3041 1172 3338 1232 potestate;
3368 1167 3500 1221 sicut
3527 1169 3744 1225 irrisoria

2183 1263 2268 1310 est
2313 1256 2474 1310 etiam
2517 1256 2604 1310 illa
2650 1256 2790 1310 actio
2831 1257 3118 1326 gratiarum
3145 1299 3158 1324 ,
3203 1259 3250 1314 si
3295 1275 3363 1316 ex
3403 1259 3539 1319 hoc‘
3575 1267 3744 1334 gratia:

2183 1358 2414 1419 aguntur
2453 1347 2586 1414 Deo,
2610 1349 2750 1418 quod
2791 1365 2896 1403 non
2935 1350 3152 1406 donavit
3181 1351 3312 1422 ipse,
3339 1369 3437 1409 nec
3456 1353 3614 1411 fecit?
3649 1358 3746 1413 Sed

2183 1440 2326 1510 quod
2361 1440 2432 1496 ibi
2474 1440 2583 1496 dixi
2619 1439 2710 1514 (In
2739 1440 2866 1495 libro
2895 1443 3184 1510 superiore,
3219 1461 3272 1497 η.
3300 1444 3427 1516 59).
3461 1446 3559 1504 hoc
3585 1460 3635 1503 et
3668 1449 3748 1506 hic

2184 1533 2325 1588 dico.
2355 1533 2532 1588 Nolite
2555 1549 2726 1588 errare
2745 1577 2760 1601 ,
2789 1534 2960 1604 inquit
2997 1537 3322 1606 Apostolus;
3353 1539 3486 1594 Deus
3514 1559 3609 1596 non
3643 1544 3748 1596 irri-

2185 1625 2332 1680 detur
2362 1625 2556 1698 (Galat.
2586 1643 2659 1692 vr,
2691 1625 2770 1700 7).
2797 1626 2848 1682 0
2877 1626 3056 1694 homo,
3097 1643 3204 1684 non
3241 1630 3526 1687 verborum
3553 1643 3744 1689 tuorum

2185 1723 2392 1771 tantum
2417 1758 2432 1786 ,
2457 1731 2640 1772 verum
2682 1719 2844 1774 etiam
2869 1719 3250 1789 cogitationum
3294 1723 3445 1778 testis
3470 1733 3549 1779 est
3589 1725 3748 1780 Deus:

2187 1808 2232 1862 si
2263 1807 2462 1878 aliquid
2494 1824 2526 1863 a
2557 1817 2706 1864 tanto
2728 1809 2892 1865 divite
2917 1812 3178 1868 veraciter
3203 1828 3268 1868 ac
3291 1814 3516 1872 ﬁdeliter
3551 1817 3749 1887 poscis;

2185 1899 2252 1953 ab
2291 1898 2401 1964 illo,
2427 1913 2458 1953 a
2497 1915 2604 1970 quo
2627 1901 2824 1970 poscis,
2851 1908 2906 1958 te
2938 1903 3180 1974 accipere
3205 1903 3367 1962 crede
3406 1907 3544 1978 quod
3569 1911 3750 1978 poscis.

2184 1993 2303 2048 Noli
2341 2009 2462 2050 eum
2503 1995 2658 2052 labiis
2697 1996 2995 2065 honorare,
3035 2007 3091 2054 et
3129 2015 3292 2071 super
3347 2017 3473 2058 eum
3509 2005 3661 2059 corde
3697 2015 3744 2062 te

2186 2085 2466 2154 extollere,
2511 2085 2737 2142 credens
2775 2103 2802 2141 a
2845 2095 2898 2143 te
2937 2087 3058 2158 ipso
3096 2089 3188 2146 tibi
3224 2105 3364 2160 esse,
3407 2094 3546 2163 quod
3585 2095 3756 2150 abillo

2185 2183 2240 2230 te
2267 2174 2422 2246 ﬁngis
2465 2191 2644 2232 orare.
2681 2179 2764 2232 An
2808 2179 2875 2234 ab
2923 2179 3016 2234 illo
3061 2185 3458 2251 perseverantia
3499 2184 3596 2240 ista
3633 2185 3760 2242 forte

2186 2281 2294 2322 non
2325 2267 2602 2337 poscitur?
2629 2269 2747 2324 Jam
2793 2269 2896 2326 hoc
2921 2271 3012 2342 qui
3043 2273 3191 2340 dicit,
3221 2289 3330 2330 non
3361 2278 3497 2332 meis
3535 2278 3758 2348 disputa.

2187 2359 2420 2415 tionibus
2448 2359 2794 2430 refellendus,
2826 2363 2920 2419 sed
2945 2373 3250 2421 sanctorum
3279 2369 3614 2425 orationibus
3633 2386 3758 2426 one-

2186 2453 2384 2510 randus
2412 2463 2496 2511 est
2519 2457 2566 2509 ³.
2597 2457 2681 2511 An
2711 2471 2840 2512 vero
2871 2459 3150 2530 quisquam
3185 2475 3372 2516 eorum
3406 2469 3520 2528 est,
3550 2461 3639 2532 qui
3665 2477 3764 2518 non

2185 2545 2288 2601 sibi
2315 2555 2497 2617 poscat
2519 2561 2550 2602 a
2579 2547 2692 2602 Deo
2721 2557 2778 2604 ut
2807 2559 3114 2620 perseveret
3138 2551 3192 2606 in
3217 2568 3316 2618 eo;
3347 2567 3472 2608 cum
3503 2554 3610 2624 ipsa
3647 2570 3762 2610 ora-

2187 2637 2334 2694 tione
2356 2637 2378 2670 ³
2405 2654 2524 2710 qua:
2559 2639 2834 2696 Dominica
2854 2653 3210 2714 nuncupatur,
3238 2644 3360 2715 quia
3381 2660 3501 2701 eam
3523 2644 3767 2700 Dominus

2185 2728 2388 2798 docuit,
2411 2731 2630 2802 quando
2649 2742 2832 2790 oratur
2849 2749 2881 2790 a
2904 2735 3124 2801 sanctis,
3143 2737 3275 2792 nihil
3296 2751 3436 2808 pene
3457 2735 3765 2807 aliud-quam

2183 2825 2582 2894 perseverantia
2614 2827 2764 2895 posci
2789 2827 3152 2899 intelligatur?

2255 2914 2311 2970 4.
2353 2913 2536 2987 Legite
2563 2915 2832 2987 aliquanto
2862 2919 3117 2976 intentius
3143 2921 3257 2992 ejus
3295 2921 3690 2992 expositionem
3719 2921 3768 2976 in

2185 3002 2330 3060 beati
2353 3003 2608 3078 Cypriani
2639 3008 2892 3080 martyris
2922 3009 3080 3077 libro,
3109 3027 3267 3082 quem
3293 3012 3362 3068 de
3391 3013 3493 3067 hac
3513 3028 3574 3068 re
3598 3011 3773 3068 condi-

2185 3095 2283 3164 dit,
2315 3097 2466 3168 cujus
2493 3107 2576 3154 est
2603 3099 2822 3170 titulus,
2852 3101 2930 3158 De
2959 3101 3233 3160 Dominica
3271 3104 3571 3162 Oratione:
3597 3115 3651 3162 et
3689 3105 3768 3160 vi-

2184 3184 2310 3243 dete
2336 3195 2461 3244 ante
2486 3197 2614 3260 quot
2633 3205 2823 3260 annos,
2846 3201 3032 3249 contra
3061 3209 3124 3250 ea
3150 3211 3270 3266 qua:
3295 3195 3478 3252 futura
3503 3206 3652 3252 erant
3677 3197 3772 3252 Pe-

2185 3279 2514 3351 lagianorum
2545 3297 2771 3349 venena,
2793 3285 2954 3356 quale
2977 3287 3048 3342 sit
3075 3289 3372 3345 antidotum
3397 3299 3768 3362 prmparatum.

2185 3369 2318 3426 Nam
2349 3371 2450 3427 tria
2478 3383 2637 3442 sunt,
2672 3382 2732 3429 ut
2759 3375 2937 3442 scitis,
2979 3391 3098 3448 quze
3129 3381 3359 3436 maxime
3406 3380 3662 3436 adversus
3685 3394 3774 3436 eos

2185 3463 2448 3518 catholica
2473 3462 2714 3520 defendit
2750 3467 2988 3524 Ecclesia
3013 3486 3028 3524 :
3051 3485 3275 3540 quorum
3305 3481 3396 3528 est
3422 3489 3584 3528 unum
3605 3515 3621 3540 ,
3650 3488 3770 3543 gra-

2185 3556 2314 3612 tiam
2341 3557 2437 3614 Dei
2463 3575 2570 3616 non
2595 3561 2886 3617 secundum
2913 3563 3103 3618 merita
3133 3572 3314 3620 nostra
3343 3565 3502 3632 dari;
3529 3565 3776 3636 quoniam

2185 3647 2281 3704 Dei
2309 3648 2450 3705 dona
2469 3661 2612 3718 sunt,
2633 3662 2689 3709 et
2716 3653 2810 3710 Dei
2834 3655 3002 3725 gratia
3027 3655 3372 3713 oonferuntur
3400 3658 3566 3714 etiam
3593 3658 3774 3712 merita

2185 3737 2436 3796 universa
2473 3741 2742 3812 justorum
2768 3763 2782 3799 :
2809 3745 3036 3802 alterum
3080 3757 3197 3814 est,
3245 3748 3299 3803 in
3349 3757 3776 3819 quantacumque

2181 3831 2386 3901 justitia
2406 3874 2422 3901 ,
2452 3835 2572 3892 sine
2609 3837 3084 3910 qualibuscumque
3111 3843 3342 3910 peccatis
3369 3843 3426 3898 iu
3471 3843 3574 3898 hoc
3593 3858 3774 3898 corru-

2183 3922 2357 3992 ptibili
2383 3937 2610 3996 corpore
2653 3928 2924 3986 neminem
2963 3932 3142 3987 vivere
3171 3950 3184 3986 :
3210 3934 3430 3989 tertium
3460 3943 3579 4002 est,
3609 3935 3772 3988 obno-

2183 4014 2328 4068 xium
2360 4017 2507 4071 nasci
2545 4017 2816 4075 hominem
2847 4034 3066 4090 peccato
3095 4024 3251 4094 primi
3281 4025 3520 4080 hominis
3539 4067 3555 4092 ,
3583 4035 3637 4080 et
3657 4026 3772 4079 vin-

2184 4104 2307 4158 culo
2335 4105 2691 4165 damnationis
2719 4111 3054 4182 obstrictum,
3081 4115 3180 4169 nisi
3211 4125 3410 4182 reatus,
3445 4117 3536 4187 qui
3557 4130 3772 4186 genera-

2185 4197 2330 4253 tione
2381 4201 2752 4268 contrahitur,
2805 4207 3209 4275 regeneratione
3261 4209 3524 4264 solvatur.
3579 4208 3770 4262 lloruni

2185 4291 2342 4346 trium
2375 4291 2510 4360 hoc,
2539 4296 2680 4366 quod
2713 4297 2833 4353 loco
2863 4299 3049 4353 ultimo
3075 4301 3264 4371 posui,
3314 4303 3495 4356 solum
3529 4316 3632 4356 non
3665 4309 3770 4354 tra-

2183 4391 2355 4438 ctatur
2381 4385 2434 4439 in
2463 4387 2766 4456 supradicto
2799 4389 3022 4460 gloriosi
3053 4393 3302 4463 martyris
3343 4393 3488 4448 libro
3513 4411 3526 4447 :
3549 4393 3618 4448 de
3643 4391 3772 4446 duo—

2183 4475 2284 4531 bus
2314 4491 2442 4532 vero
2467 4479 2678 4535 caeteris
2723 4491 2868 4536 tanta
2913 4483 3022 4538 illic
3057 4484 3438 4556 perspicuitate
3475 4485 3768 4550 disseritur,

2183 4576 2244 4622 ut
2270 4568 2562 4638 supradicti
2603 4571 2875 4642 haeretici,
2908 4575 3032 4630 novi
3077 4577 3276 4632 inimici
3301 4578 3494 4648 gratia:
3539 4575 3769 4640 Christi,

2185 4659 2342 4731 longe
2363 4670 2485 4717 ante
2511 4665 2845 4734 reperiantur
2864 4667 3090 4723 convicti
3117 4684 3237 4726 esse
3258 4685 3419 4741 quam
3449 4670 3584 4724 nati.
3609 4668 3668 4724 In
3695 4667 3772 4721 his

2182 4766 2310 4822 ergo
2340 4755 2544 4810 meritis
2565 4767 2892 4824 sanctorum,
2920 4777 3036 4830 qua:
3060 4761 3202 4816 nulla
3231 4761 3332 4817 nisi
3352 4763 3450 4818 Dei
3473 4763 3614 4816 dona
3631 4771 3769 4824 sunt,

2182 4846 2340 4897 etiam
2373 4851 2820 4914 perseverantiam
2867 4853 3064 4906 donum
3111 4853 3206 4908 Dei
3237 4869 3360 4910 esse
3397 4855 3480 4909 sic
3521 4855 3766 4924 loquitur.

2180 4932 2430 5004 Dicimus,
2463 4935 2655 5008 inquit,
2691 4939 3054 5010 Sancti/icetur
3089 4960 3270 4999 nomen
3300 4953 3446 4998 tuum
3473 4961 3492 4999 :
3515 4962 3618 4999 non
3643 4943 3772 5014 quod

2180 5037 2407 5095 aptemus
2439 5027 2545 5082 Deo
2569 5071 2584 5097 ,
2621 5041 2674 5084 ut
2701 5035 3048 5103 sanctiﬁcetnr
3086 5036 3397 5090 orationibus
3427 5038 3654 5102 nostris;
3687 5033 3770 5089 sed

2177 5119 2314 5188 quod
2343 5129 2570 5188 petamus
2597 5122 2658 5176 ab
2686 5141 2764 5190 eo,
2794 5135 2850 5179 ut
2879 5143 3060 5180 nomen
3087 5129 3198 5198 ejus
3227 5131 3584 5195 sanctiﬁcetur
3611 5131 3664 5182 in
3685 5145 3772 5181 no-

2179 5209 2272 5262 bis.
2306 5205 2547 5266 therum
2573 5231 2604 5266 a
2629 5231 2726 5284 quo
2762 5215 2894 5270 Deus
2917 5219 3283 5287 sanctiﬁcatur,
3313 5221 3401 5292 qui
3442 5222 3557 5290 ipse
3581 5231 3767 5274 sanctt-

2175 5301 2294 5370 ﬁcat
2311 5303 2453 5357 ?Sed
2461 5307 2580 5374 quia
2591 5307 2700 5376 ipse
2721 5309 2868 5374 dixit,
2897 5327 2916 5360 ί
2942 5309 3118 5365 Sancti
3137 5321 3305 5377 estote,
3320 5315 3571 5383 quoniam
3585 5324 3634 5368 et
3647 5329 3736 5384 ego
3749 5321 3770 5342 ⁸

2173 5404 2376 5450 sanctus
2401 5412 2514 5450 sum
2545 5414 2563 5448 ι
2599 5395 2779 5468 (Leuit.
2809 5415 2918 5468 xxx,
2957 5400 3046 5471 9.);
3069 5402 3123 5456 id
3153 5404 3364 5474 petimus
3405 5413 3457 5460 et
3511 5420 3767 5476 rogamus,

2237 5633 2253 5698 ξ
2280 5635 2350 5683 sic
2368 5639 2475 5684 Mss.
2497 5635 2632 5698 Editi,
2657 5639 2700 5690 si
2721 5640 2777 5690 ob
2800 5640 2907 5692 hoc.

2236 5697 2345 5764 {sic
2367 5709 2539 5747 omnes
2569 5706 2676 5764 Mss.
2703 5711 2757 5752 At
2782 5704 2896 5754 editi
2911 5741 2925 5764 ,
2949 5705 3243 5756 revocandus
3267 5714 3351 5757 est.

2237 5758 2257 5788 ³
2283 5763 2330 5804 ιη
2349 5763 2478 5818 Mss,
2497 5763 2664 5810 oratio.

2235 5819 2687 5892 ‘_.ttss.,__qttornodo
2741 5835 2784 5876 ct
2827 5841 2928 5890 ego.
2987 5837 3059 5877 Sir:
3111 5842 3254 5890 sui-ra
3301 5837 3593 5883 cottstantcr
3643 5837 3772 5888 ferc—

2177 5881 2290 5932 bant
2324 5883 2372 5932 iu
2407 5881 2528 5936 libro
2549 5885 2613 5937 de
2636 5881 2948 5954 Correptibne
2975 5899 3025 5943 ct
3047 5881 3216 5954 mauis,
3252 5905 3299 5942 ιι.
3339 5893 3416 5944 ιο.
