4118 6526
433 427 540 487 997

442 556 500 602 ut
525 548 612 616 qui
637 547 691 601 in
715 530 979 617 Baptismo
995 544 1296 614 sanctiﬁcati
1337 558 1529 608 sumus,
1571 543 1628 597 in
1665 557 1724 597 ea
1750 540 1887 615 quod
1912 556 2019 596 esse

433 638 676 709 carpimus
706 652 1096 709 perseveremus.
1127 634 1196 691 Et
1221 634 1379 706 paulo
1406 641 1533 704 post
1570 632 1639 689 de
1677 632 1780 688 hac
1816 633 1930 703 ipsa
1958 645 2019 686 re

438 729 616 786 adhuc
635 728 934 800 disputans,
956 737 1012 784 et
1030 728 1228 783 docens
1244 740 1343 782 nos
1362 724 1813 797 perseverantiam
1835 731 2020 793 petere

431 834 463 875 a
491 819 753 887 Domino;
778 818 923 892 quod
954 818 1100 874 nullo
1127 815 1455 873 modorecte
1489 830 1552 870 ac
1577 813 1844 869 veraciter
1871 813 2018 869 iace-

429 919 534 977 ret,
562 912 665 968 nisi
688 911 807 983 ejus
829 913 1029 968 donum
1053 918 1109 966 et
1136 909 1237 965 hoc
1274 918 1456 965 esset:
1485 907 1633 974 Herc,
1670 906 1863 978 inquit,
1892 921 2018 961 san-

429 1001 669 1072 ctiﬁcatio
696 1012 753 1057 ut
775 1002 830 1057 in
858 1002 1001 1057 nobis
1029 1010 1320 1072 permaneat
1345 1015 1549 1055 oramus
1575 1014 1594 1053 :
1618 1007 1665 1052 et
1693 998 1811 1068 quia
1838 995 2020 1051 Domi-

436 1109 535 1149 nus
558 1102 607 1148 et
623 1092 792 1164 judex
814 1105 981 1149 noster
1008 1106 1189 1148 sanato
1213 1109 1245 1147 a
1272 1109 1327 1149 se
1353 1102 1400 1147 et
1426 1092 1679 1161 viviﬁcato
1701 1093 1719 1124 ⁸
1747 1089 2020 1145 commina-

430 1192 515 1238 tur
549 1199 653 1239 non
691 1184 1012 1256 delinquere,
1043 1200 1107 1238 ne
1139 1184 1263 1254 quid
1301 1184 1349 1238 ei
1386 1183 1605 1239 deterius
1632 1183 1723 1252 ﬁat
1750 1181 1929 1254 (Joan.
1958 1197 2014 1251 v,

445 1275 576 1347 ii):
608 1276 740 1331 hanc
763 1276 1014 1332 continuis
1052 1275 1361 1332 mulionibus
1399 1292 1595 1347 precem
1637 1275 1858 1346 facimus
1877 1314 1894 1341 ,
1923 1273 2018 1329 hoc

431 1365 606 1424 diebus
631 1376 680 1423 et
705 1368 935 1424 noctibus
958 1368 1295 1437 postulamus,
1331 1378 1389 1423 ut
1413 1366 1748 1437 sanctiﬁcatio
1777 1375 1825 1420 et
1850 1365 2014 1436 vivifi-

432 1458 565 1513 catio
588 1474 704 1528 qua:
727 1459 791 1515 de
809 1458 907 1514 Dei
929 1460 1097 1530 gratia
1118 1459 1356 1529 sumitur,
1382 1459 1544 1530 ipsius
1567 1458 1879 1529 protectione
1902 1472 2015 1512 ser-

427 1557 586 1605 vetur.
616 1549 676 1606 lu
722 1550 1142 1607 sanctiﬁcatione
1187 1550 1350 1621 igitur
1393 1549 1867 1621 perseverantiam,
1912 1547 2017 1605 hoc

426 1648 531 1706 est,
561 1639 704 1696 utin
743 1639 1171 1696 sanctiﬁcatione
1213 1655 1619 1712 perseveremus
1642 1681 1658 1706 ,
1700 1655 1801 1696 nos
1840 1639 1908 1696 ab
1946 1653 2014 1696 eo

428 1738 610 1799 petere
634 1730 737 1788 iste
761 1731 950 1788 doctor
969 1732 1236 1803 intelligit,
1265 1746 1387 1788 cum
1412 1731 1727 1788 sanctiﬁcati
1761 1731 2010 1797 dicimus,

426 1820 798 1892 Sanctiﬁcetur
825 1838 1006 1878 nomen
1031 1833 1192 1879 tuum.
1221 1822 1359 1893 Quid
1383 1832 1467 1879 est
1493 1822 1634 1878 enim
1661 1820 1805 1877 aliud
1830 1830 2017 1893 petere

427 1912 572 1983 quod
598 1914 924 1987 accepimus,
955 1914 1058 1970 nisi
1084 1923 1143 1971 ut
1165 1914 1219 1970 id
1243 1928 1456 1986 quoque
1482 1913 1637 1970 nobis
1664 1921 1949 1984 praestetur
1967 1913 2010 1980 ⁸,

429 2020 501 2063 ne
528 2005 728 2064 habere
750 2007 1096 2064 desinamus?
1125 2006 1275 2065 Sicut
1297 2022 1425 2080 ergo
1444 2014 1679 2074 sanctus,
1702 2020 1823 2062 cum
1848 2005 2015 2060 Deum

428 2105 579 2168 rogat
606 2105 667 2153 ut
706 2108 924 2155 sanctus
948 2098 1040 2169 sit,
1071 2098 1127 2155 id
1159 2099 1337 2171 utique
1363 2106 1517 2170 rogat
1554 2106 1614 2154 ut
1650 2104 1864 2153 sanctus
1893 2110 2014 2153 esse

430 2199 778 2260 permaneat:
801 2192 874 2247 ita
903 2192 1085 2264 utique
1109 2200 1164 2249 et
1187 2200 1387 2259 castus,
1416 2205 1538 2248 cum
1566 2198 1721 2262 rogat
1743 2198 1801 2245 ut
1828 2197 2013 2245 castus

426 2283 529 2351 sit;
560 2284 878 2353 continens,
910 2291 970 2341 ut
1009 2284 1293 2341 continens
1320 2285 1426 2352 sit;
1451 2284 1629 2354 justus
1648 2326 1663 2351 ,
1698 2291 1758 2338 ut
1788 2282 2008 2354 justus;

423 2375 568 2445 pius,
598 2382 658 2430 ut
680 2375 834 2447 pius;
867 2383 922 2433 et
947 2384 1163 2445 cmtera,
1186 2390 1307 2446 qua;
1331 2385 1519 2432 contra
1538 2374 1852 2445 Pelagianos
1875 2372 2015 2428 dona

429 2468 525 2524 Dei
547 2481 666 2524 esse
688 2466 1021 2524 defendimus
1046 2483 1062 2523 :
1086 2467 1188 2524 hoc
1213 2467 1330 2524 sine
1356 2466 1518 2522 dubio
1540 2474 1746 2539 petunt,
1776 2465 1911 2520 utin
1935 2463 2014 2520 eis

434 2569 784 2630 perseverent
807 2559 981 2627 bonis,
1010 2574 1129 2632 qua:
1155 2574 1215 2617 se
1238 2560 1509 2631 accepisse
1535 2566 1816 2615 noverunt.
1859 2557 2015 2627 Quod

435 2651 482 2706 si
506 2651 805 2722 accipiunt,
839 2651 1078 2722 proiecto
1115 2659 1172 2708 et
1209 2651 1378 2722 ipsam
1404 2650 1855 2722 perseverantiam
1895 2664 2013 2704 ma-

428 2757 589 2814 guum
619 2743 713 2800 Dei
739 2741 942 2800 donum
967 2784 984 2812 ,
1015 2757 1122 2815 quo
1151 2751 1344 2801 caetera
1369 2742 1506 2801 dona
1533 2742 1649 2814 ejus
1691 2754 2016 2798 conservan-

431 2842 539 2902 tur,
567 2832 853 2904 accipiunt.

501 2927 556 2982 5.
587 2926 762 2995 Quid?
789 2941 911 2984 cum
940 2927 1186 2996 dicimus,
1222 2926 1407 2982 Veniat
1432 2942 1646 2998 regnum
1674 2935 1853 2992 tuum;
1883 2938 2010 2980 num

433 3016 579 3073 aliud
617 3017 922 3089 poscimus,
967 3018 1070 3074 nisi
1114 3026 1176 3073 ut
1216 3016 1395 3073 veniat
1422 3024 1477 3072 et
1499 3015 1682 3084 nobis,
1724 3013 1867 3086 quod
1896 3027 2018 3070 esse

432 3116 715 3165 venturum
760 3125 866 3166 non
907 3109 1212 3167 dubitamus
1252 3108 1499 3165 omnibus
1541 3108 1773 3166 sanctis?
1801 3108 1941 3178 Ergo
1963 3116 2020 3163 et

433 3202 555 3270 hic,
584 3202 677 3274 qui
710 3201 824 3274 jam
859 3203 1033 3258 sancti
1059 3210 1218 3267 sunt,
1260 3200 1389 3272 quid
1424 3208 1617 3267 orant,
1661 3199 1766 3255 nisi
1790 3207 1848 3255 ut
1873 3199 1928 3254 in
1953 3212 2019 3254 ea

432 3293 716 3350 sanctitate
742 3307 861 3364 quae
885 3292 992 3349 illis
1015 3291 1136 3349 data
1162 3299 1246 3349 est
1268 3289 1650 3363 perseverent?
1671 3289 1854 3360 Neque
1874 3288 2019 3344 enim

433 3385 590 3441 aliter
607 3385 686 3441 eis
705 3384 883 3440 veniet
898 3398 1118 3456 regnum
1140 3382 1257 3452 Dei,
1279 3382 1420 3456 quod
1442 3397 1549 3438 non
1568 3381 1706 3450 aliis,
1719 3382 1814 3438 sed
1830 3380 1913 3436 his
1930 3380 2021 3451 qui

433 3483 778 3547 perseverant
792 3489 960 3546 usque
982 3475 1036 3530 in
1052 3474 1232 3542 ﬁnem,
1251 3482 1454 3530 eertum
1474 3481 1555 3529 est
1571 3486 1693 3529 esse
1712 3480 2017 3527 venturum.

504 3564 732 3623 CAPUT
768 3564 855 3621 iii.
881 3594 954 3608 --
976 3564 1028 3621 6.
1058 3564 1238 3621 Tertia
1267 3563 1451 3636 petitio
1479 3571 1600 3631 est,
1646 3562 1769 3618 Fiat
1793 3562 2023 3617 uoluntas

439 3667 525 3713 tua
548 3658 603 3713 in
638 3658 763 3714 mlo
788 3666 836 3712 et
874 3657 929 3712 in
953 3665 1122 3723 terra;
1149 3657 1256 3723 vel,
1286 3655 1427 3727 quod
1455 3656 1508 3711 in
1535 3655 1803 3726 plerisque
1826 3654 2024 3710 codici-

440 3751 540 3807 bus
560 3750 774 3822 legitur,
793 3748 1068 3821 magisque
1091 3748 1160 3804 ab
1184 3749 1459 3804 orantibus
1486 3746 1870 3818 frequentatur,
1893 3746 2024 3802 sicut

442 3843 497 3897 in
526 3844 652 3898 cmlo
680 3852 728 3897 et
756 3843 811 3897 in
855 3853 988 3897 terra
1009 3858 1030 3897 :
1051 3841 1190 3912 quod
1232 3841 1471 3913 plerique
1513 3841 1844 3912 intelligunt,
1876 3838 2026 3896 Sicut

440 3935 610 3991 sancti
643 3934 831 4007 Angeii
850 3934 871 3967 ³
892 3934 989 4007 (α),
1017 3943 1069 3991 et
1097 3948 1195 3990 nos
1224 3934 1480 3990 faciamus
1497 3932 1825 3989 voluntatem
1856 3940 2021 3987 tuam.

452 4024 577 4081 Vult
601 4034 781 4082 autem
820 4026 911 4082 ille
948 4025 1137 4082 doctor
1164 4032 1219 4082 et
1242 4033 1476 4097 martyr,
1520 4023 1716 4080 omium
1743 4031 1798 4079 et
1826 4031 2024 4078 terram

441 4117 663 4190 intelligi
692 4118 937 4188 spiritum
964 4126 1020 4175 et
1046 4131 1285 4183 carnem,
1313 4125 1369 4173 et
1394 4116 1497 4172 hoc
1520 4130 1618 4181 nos
1642 4129 1819 4181 orare,
1846 4122 1904 4170 ut
1926 4129 2024 4170 vo-

440 4209 698 4265 luntatem
724 4208 820 4265 Dei
847 4224 908 4265 re
934 4218 1161 4280 utraque
1184 4206 1547 4265 concordante
1573 4205 1849 4261 faciamus.
1881 4204 2027 4261 Vidit

442 4299 499 4357 in
523 4300 608 4357 his
637 4301 817 4357 verbis
838 4309 896 4358 et
919 4301 1149 4357 alterum
1176 4314 1392 4356 sensum
1419 4297 1715 4354 sanissimae
1740 4295 1864 4353 ﬁdei
1892 4310 2025 4352 con-

440 4402 741 4465 gruentem,
772 4393 842 4449 de
861 4408 966 4465 quo
981 4392 1093 4465 jam
1116 4407 1278 4464 supra
1303 4391 1465 4448 locuti
1492 4405 1678 4447 sumus
1701 4409 1714 4447 :
1739 4398 1797 4446 ut
1823 4390 2028 4446 scilicet

442 4500 541 4557 pro
565 4485 873 4543 inﬁdelibus
894 4484 986 4556 qui
1002 4492 1128 4542 sunt
1145 4484 1321 4541 adhuc
1341 4492 1504 4550 terra,
1527 4492 1800 4540 terrenum
1821 4489 2025 4537 tantum

442 4577 714 4635 hominem
760 4576 929 4647 prima
969 4574 1244 4631 nativitate
1290 4582 1586 4645 portantes,
1630 4586 1789 4628 orare
1833 4571 2026 4627 intelli-

441 4677 632 4740 gantur
670 4667 879 4735 ﬁdeles,
914 4666 1007 4738 qui
1049 4665 1255 4722 cmlesti
1289 4664 1505 4720 homine
1535 4662 1738 4731 induti,
1784 4676 1891 4717 non
1920 4661 2024 4717 im-

442 4759 635 4814 merito
685 4756 808 4814 curii
863 4756 1081 4813 nomine
1132 4763 1527 4827 nuncupantur.
1582 4753 1685 4810 Ubi
1743 4752 2026 4809 evidenter

442 4850 709 4919 ostendit,
755 4860 811 4906 et
855 4848 1066 4906 initium
1106 4848 1228 4905 ﬁdei
1266 4863 1386 4904 esse
1414 4846 1614 4903 donum
1640 4846 1771 4913 Dei,
1810 4846 2024 4917 quando

446 4957 552 4998 non
580 4950 784 4997 tantum
820 4957 920 5015 pro
949 4940 1196 4997 ﬁdelibus
1234 4948 1292 4995 ut
1324 4947 1582 5012 augeatur
1604 4938 1659 4993 in
1686 4939 1765 4994 eis
1789 4938 1873 4993 vel
1900 4954 2023 5009 per-

362 5105 367 5109 _
445 5043 655 5090 severet
681 5033 814 5091 ﬁdes
836 5075 854 5103 ,
895 5048 1081 5089 verum
1106 5032 1267 5088 etiam
1297 5045 1395 5103 pro
1424 5029 1726 5085 inﬁdelibus
1750 5038 1807 5085 ut
1832 5027 2029 5086 habere

447 5125 701 5195 incipiant
724 5140 842 5181 eam
868 5140 1027 5197 quam
1058 5124 1269 5196 penitus
1298 5139 1404 5179 non
1434 5120 1732 5190 habebant,
1763 5130 1816 5177 et
1843 5130 2026 5177 contra

447 5232 605 5287 quam
631 5219 795 5274 corda
839 5219 1057 5290 insuper
1098 5216 1311 5273 inimica
1339 5215 1650 5287 gestabant,
1698 5224 1881 5270 sancta
1910 5222 2028 5269 orat

449 5307 705 5363 Ecclesia.
734 5308 929 5365 Verum
958 5324 1100 5365 nunc
1140 5323 1249 5364 non
1282 5308 1350 5373 de
1376 5308 1528 5363 initio
1553 5305 1676 5363 ﬁdei
1700 5347 1715 5373 ,
1746 5305 1813 5362 de
1841 5320 1948 5376 quo
1976 5306 2028 5362 in

448 5398 724 5468 superiore
752 5398 893 5453 libro
926 5398 1092 5454 multa
1127 5399 1237 5470 jam
1267 5398 1532 5465 diximus;
1576 5396 1673 5453 sed
1703 5396 1770 5453 de
1795 5397 1881 5453 ilia
1909 5412 2030 5466 qua:

451 5488 692 5547 habenda
719 5499 802 5545 est
830 5504 997 5560 usque
1039 5490 1091 5545 in
1138 5489 1299 5545 ﬁnem
1344 5488 1741 5559 perseverantia
1785 5487 2028 5559 disputa-

514 5649 551 5716 ξ.
559 5647 773 5716 vaticsui
787 5652 915 5716 Mss,
934 5650 1100 5716 sanato
1119 5651 1164 5696 et
1177 5643 1463 5708 justiﬁcato.
1482 5652 1534 5696 Et
1549 5645 1695 5709 paulo
1711 5652 1834 5709 post,
1857 5652 1909 5696 ut
1923 5658 2033 5697 stm-

518 5788 536 5805 ³
558 5788 632 5821 διο
655 5788 760 5820 nt.
786 5788 925 5829 nutu,
948 5788 1158 5831 privates.

518 5836 540 5867 ⁸
562 5840 637 5881 Er.
662 5834 808 5895 Lugd.
836 5840 952 5881 \‘en.
974 5839 1025 5879 et
1043 5837 1151 5879 Iov.
1180 5828 1257 5878 hic
1280 5826 1477 5889 addunt,
1498 5829 1696 5893 faciunt.
1767 5837 1822 5879 ιι.

516 5916 592 5976 (α)
614 5914 838 5976 Subaudi,
862 5912 1060 5978 faciunt.

1464 429 1665 486 LIBER
1704 427 1794 484 DE
1830 424 2012 485 D0910
2050 423 2669 492 ΡΕΒΞΕἾΕΒΔΝἸΊᾸΞ.

2127 555 2285 634 mus,
2324 559 2482 615 quam
2512 557 2699 619 petunt
2742 550 2923 622 utique
2964 554 3123 612 etiam
3164 558 3334 616 sancti
3366 564 3460 634 qui
3507 564 3707 623 iaciunt

2126 633 2453 692 voluntatem
2482 638 2612 707 Dei,
2660 639 2899 699 dicentes
2924 644 2977 700 in
3000 645 3254 706 Oratione
3275 692 3291 717 ,
3330 633 3450 706 Fiat
3473 655 3706 711 uoluntas

2128 734 2237 782 tua.
2266 727 2417 784 Cum
2441 732 2583 787 enim
2609 733 2719 802 jam
2745 732 2885 790 facta
2908 737 2978 793 sit
3004 738 3060 794 in
3083 740 3182 810 eis,
3212 756 3311 798 cur
3333 752 3391 800 ut
3418 744 3507 802 ﬁat
3529 747 3705 805 adhuc

2126 824 2336 887 petunt,
2361 818 2464 876 nisi
2484 829 2544 876 ut
2568 835 2911 892 perseverent
2932 827 2986 883 in
3009 843 3075 885 eo
3095 831 3238 901 quod
3255 847 3376 891 esse
3393 841 3707 907 coeperunt?

2126 908 2381 977 Quamvis
2405 911 2494 969 hic
2521 914 2627 971 dici
2665 919 2856 987 possit,
2901 934 3009 976 non
3045 932 3228 994 petere
3255 936 3489 997 sanctos,
3523 939 3583 984 ut
3606 945 3704 985 vo-

2148 1000 2325 1059 luntas
2350 1004 2445 1062 Dei
2481 1006 2575 1063 ﬁat
2610 1007 2664 1063 in
2693 1010 2862 1078 coelo;
2901 1012 2996 1068 sed
3022 1023 3082 1069 ut
3108 1015 3201 1072 ﬁat
3241 1018 3294 1073 in
3332 1016 3476 1076 terra
3500 1021 3637 1077 sicut
3661 1022 3715 1078 in

2125 1093 2382 1152 eteiozut
2427 1104 2571 1154 terra
2607 1100 2813 1158 scilicet
2856 1103 3093 1161 imitetur
3128 1108 3362 1177 omium,
3407 1111 3459 1166 id
3504 1122 3608 1181 est,
3651 1124 3713 1168 ut

2120 1183 2289 1243 homo
2323 1188 2592 1260 angelum,
2620 1192 2706 1248 vel
2748 1192 2976 1252 inﬁdelis
3017 1196 3227 1254 ﬁdelem
3255 1218 3268 1254 :
3293 1214 3357 1256 ac
3384 1217 3482 1272 per
3500 1203 3605 1259 hoc
3652 1203 3705 1259 id

2123 1286 2337 1335 sanctos
2364 1274 2605 1350 poscere,
2631 1290 2691 1338 ut
2714 1283 2784 1340 sit
2808 1285 2951 1356 quod
2974 1288 3210 1344 nondum
3234 1298 3336 1359 est,
3363 1307 3470 1348 non
3498 1302 3555 1348 ut
3581 1308 3712 1365 per-

2121 1378 2337 1427 severet
2363 1371 2506 1441 quod
2521 1381 2623 1429 est.
2638 1373 2977 1441 Quantalibet
2998 1379 3142 1435 enim
3164 1380 3408 1439 homines
3429 1387 3710 1443 sanctitate

2119 1459 2490 1530 prmpolleant,
2520 1464 2755 1520 nondum
2778 1475 2901 1522 sunt
2926 1470 3156 1540 aequales
3180 1473 3396 1544 Angelis
3418 1475 3513 1531 Dei
3537 1493 3552 1529 :
3575 1492 3711 1533 non-

2120 1548 2251 1605 dum
2281 1566 2410 1623 ergo
2436 1553 2577 1610 sicut
2602 1555 2656 1610 in
2684 1556 2823 1613 cmlo
2852 1558 2906 1613 in
2936 1560 3017 1616 eis
3046 1560 3106 1615 ﬁt
3129 1562 3379 1620 voluntas
3400 1565 3519 1622 Dei.
3550 1567 3706 1635 Quod

2119 1641 2167 1696 si
2196 1642 2269 1698 ita
2295 1651 2406 1710 est,
2450 1645 2508 1700 in
2553 1661 2616 1702 ea
2645 1648 2860 1719 quidem
2903 1660 3054 1720 parte
3080 1668 3184 1723 qua
3212 1662 3459 1725 optamus
3500 1668 3560 1713 ut
3602 1658 3704 1715 bo-

2122 1733 2293 1789 mines
2318 1748 2383 1789 ex
2408 1734 2713 1794 inﬁdelibus
2737 1740 2867 1795 ﬁant
2889 1740 3098 1811 ﬁdeles,
3128 1759 3237 1799 non
3269 1750 3667 1816 perseverantia
3688 1791 3706 1817 ,

2121 1823 2219 1880 sed
2254 1824 2467 1881 initium
2507 1827 2717 1884 videtur
2744 1832 2917 1901 optari
2947 1850 2963 1887 :
2994 1832 3048 1889 in
3077 1849 3141 1890 ea
3168 1851 3298 1892 vero
3324 1852 3433 1908 qua
3458 1848 3706 1909 optamus

2118 1923 2180 1970 ut
2205 1914 2450 1972 homines
2477 1917 2530 1973 in
2570 1917 2809 1977 facienda
2839 1922 3114 1980 voluntate
3147 1926 3241 1981 Dei
3284 1937 3564 1998 tequentur
3591 1931 3706 1987 An-

2118 2003 2255 2075 gelis
2281 2005 2417 2074 Dei,
2445 2021 2569 2063 cum
2597 2007 2701 2066 hoe
2724 2020 2879 2067 orant
2906 2014 3098 2083 sancti,
3126 2021 3581 2086 perseverantiam
3606 2022 3707 2078 de-

2120 2111 2487 2159 monstrantur
2513 2118 2697 2173 orare;
2725 2107 2976 2177 quoniam
3005 2124 3165 2166 nemo
3191 2114 3431 2181 pervenit
3456 2114 3523 2170 ad
3555 2116 3702 2171 illam

2120 2205 2383 2247 summam
2407 2234 2424 2260 ,
2469 2208 2588 2264 quae
2628 2195 2683 2249 in
2706 2210 2872 2266 regno
2897 2206 3013 2265 est,
3054 2198 3476 2270 beatitudinem,
3517 2205 3618 2260 nisi
3645 2205 3701 2261 in

2119 2296 2185 2338 ea
2210 2284 2490 2340 sanctitate
2512 2300 2674 2356 quam
2698 2288 2925 2358 sumpsit
2965 2289 3022 2345 in
3066 2298 3206 2347 terra
3230 2332 3247 2360 ,
3286 2298 3707 2363 perseveraverit

2120 2389 2290 2446 usque
2315 2375 2370 2431 in
2401 2376 2582 2432 ﬁnem.

2191 2464 2418 2524 CAPUT
2441 2466 2530 2523 iV.
2548 2498 2621 2510 --
2635 2469 2686 2523 7.
2709 2470 2906 2539 Quarta
2927 2472 3115 2544 petitio
3134 2483 3237 2541 est,
3258 2473 3455 2532 Panem
3475 2486 3703 2533 nostrum

2120 2556 2473 2627 quotidianum
2509 2556 2578 2612 da
2622 2559 2766 2614 nobis
2813 2561 2984 2616 hodie.
3036 2563 3137 2619 Ubi
3180 2564 3367 2622 beatus
3410 2565 3709 2639 Cyprianus

2120 2648 2356 2704 ostendit
2396 2650 2664 2720 quomodo
2706 2661 2763 2708 et
2806 2653 2894 2710 hic
2943 2654 3270 2728 intelligatur
3310 2648 3708 2729 perseverantia

2120 2739 2399 2810 postulari.
2437 2740 2528 2796 Ait
2569 2742 2767 2813 quippe
2810 2744 2953 2801 inter
2995 2756 3189 2804 caetera
3222 2766 3238 2805 :
3274 2767 3293 2802 ι
3327 2749 3482 2807 Hunc
3522 2761 3702 2809 autem

2121 2845 2315 2901 panem
2367 2831 2486 2889 dari
2532 2835 2689 2891 nobis
2734 2837 2972 2906 quotidie
3019 2841 3369 2910 postulamus,
3418 2859 3488 2901 ne
3522 2845 3612 2916 qui
3648 2848 3710 2903 in

2123 2920 2341 2978 Christo
2377 2937 2582 2993 sumus,
2623 2935 2679 2983 et
2723 2927 3114 2986 Eucharistiam
3157 2933 3396 3003 quotidie
3436 2934 3501 2990 ad
3527 2936 3710 2994 cibum

2121 3012 2312 3069 salutis
2337 3014 2661 3086 accipimus,
2707 3016 3071 3076 intercedente
3108 3021 3289 3092 aliquo
3328 3024 3574 3094 graviore
3613 3024 3712 3083 de—

2124 3104 2254 3160 licto
2271 3146 2287 3173 ,
2333 3104 2459 3161 dum
2485 3106 2717 3164 abstenti
2743 3117 2798 3166 et
2821 3125 2930 3166 non
2957 3114 3415 3172 communicantes
3438 3132 3468 3173 a
3497 3117 3708 3177 cmlesti

2122 3208 2264 3267 pane
2307 3194 2656 3266 prohibemur
2676 3240 2693 3267 ,
2733 3213 2764 3253 a
2802 3200 3003 3257 Christi
3047 3217 3277 3275 corpore
3320 3220 3651 3278 separemur.
3682 3228 3703 3263 ι

2124 3285 2253 3343 llaec
2268 3287 2434 3344 verba
2448 3289 2620 3345 sancti
2635 3289 2865 3347 hominis
2881 3292 2997 3361 Dei,
3017 3298 3471 3365 perseverantiam
3489 3313 3710 3368 prorsus

2125 3393 2156 3434 a
2182 3379 2409 3437 Domino
2433 3392 2649 3440 sanctos
2684 3383 2921 3441 indicant
2961 3400 3214 3457 poscere,
3257 3389 3469 3459 quando
3494 3390 3594 3447 hac
3620 3392 3703 3446 in-

2116 3472 2365 3529 ‘tentione
2393 3472 2596 3543 dicunt,
2626 3472 2821 3530 Panem
2847 3485 3071 3531 nostrum
3099 3479 3445 3548 quotidianum
3473 3480 3542 3535 da
3565 3483 3710 3538 nobis

2127 3563 2308 3629 hodie;
2337 3580 2407 3620 ne
2424 3579 2453 3619 a
2473 3564 2670 3621 Christi
2694 3582 2921 3638 corpore
2944 3578 3277 3639 separentur,
3304 3572 3397 3627 sed
3423 3573 3476 3628 in
3502 3587 3565 3628 ea
3586 3587 3709 3629 san-

2126 3652 2310 3709 ctitate
2352 3666 2730 3725 permaneant,
2776 3673 2881 3728 qua
2928 3660 3133 3715 nullum
3162 3676 3268 3732 quo
3308 3662 3432 3719 inde
3470 3667 3710 3735 separari

2129 3754 2457 3811 mereantur,
2483 3746 2683 3802 crimen
2710 3748 3013 3805 admittant.

2201 3833 2428 3894 CAPUT
2471 3836 2703 3894 V.—8.
2742 3839 2937 3908 Quinto
2981 3842 3239 3898 orationis
3282 3842 3403 3900 ioco
3445 3844 3707 3915 dicimus,

2130 3926 2343 3983 Dimitte
2365 3930 2508 3984 nobis
2535 3930 2702 3985 debita
2726 3941 2920 3999 nostra,
2952 3934 3080 3987 sicut
3106 3944 3156 3989 et
3181 3952 3274 3991 nos
3297 3936 3597 3994 dimittimus
3623 3940 3714 3994 de-

2131 4017 2372 4073 bitoribus
2412 4020 2614 4076 nostris.
2645 4019 2702 4076 In
2728 4036 2830 4092 qua
2868 4022 2980 4077 sola
3008 4023 3267 4092 petitione
3301 4040 3407 4081 non
3445 4026 3714 4083 invenitur

2133 4110 2282 4179 posci
2326 4110 2745 4180 perseverantia.
2792 4110 3068 4168 Prmterita
3110 4113 3253 4169 enim
3292 4123 3417 4169 sunt
3458 4126 3711 4186 peccata,

2132 4214 2251 4270 quae
2277 4199 2434 4256 nobis
2458 4207 2518 4257 ut
2543 4200 2876 4257 dimittantur
2896 4216 3146 4258 oramus:
3169 4206 3563 4274 perseverantia
3582 4220 3714 4263 vero

2088 4294 2093 4298 ’
2132 4305 2252 4361 quac
2279 4290 2334 4346 in
2359 4301 2616 4348 aeternum
2641 4293 2817 4349 salvos
2845 4293 3004 4363 facit,
3049 4295 3277 4366 tempori
3314 4296 3527 4367 quidem
3554 4298 3715 4369 hujus

2131 4381 2276 4448 vitae,
2316 4397 2426 4438 non
2465 4392 2640 4439 tamen
2665 4393 2904 4454 peracto,
2934 4385 3029 4440 sed
3053 4387 3102 4442 ei
3141 4385 3281 4456 quod
3308 4402 3476 4459 usque
3500 4388 3568 4444 ad
3593 4390 3712 4459 ejus

2133 4473 2295 4528 ﬁnem
2320 4482 2508 4542 restat,
2534 4482 2617 4530 est
2642 4477 2960 4532 necessaria.
2978 4475 3166 4547 Opera:
3186 4478 3411 4549 pretium
3432 4489 3515 4535 est
3533 4489 3710 4537 tamen

2133 4564 2405 4635 paulisper
2453 4565 2688 4633 intueri,
2728 4566 2997 4636 quomodo
3022 4576 3076 4622 et
3100 4567 3153 4622 in
3181 4567 3282 4624 hac
3305 4569 3562 4639 petitione
3594 4570 3706 4640 jam

2134 4665 2261 4711 tunc
2288 4656 2463 4728 lingua
2484 4656 2755 4729 Cypriani,
2780 4666 3028 4728 tanquam
3056 4660 3163 4715 telo
3200 4659 3547 4717 invictissime
3571 4663 3589 4694 ⁸
3616 4678 3712 4718 ve-

2132 4746 2304 4802 ritatis
2324 4787 2340 4814 ,
2386 4747 2542 4818 longe
2571 4755 2755 4818 postea
2784 4748 2946 4803 futuri
2984 4747 3424 4806 confodiebantur
3451 4750 3710 4809 haeretici.

2132 4836 2305 4892 Etiam
2332 4835 2436 4892 hoc
2460 4837 2603 4893 enim
2630 4836 2898 4908 Pelagiani
2935 4838 3135 4895 audent
3161 4838 3342 4894 dicere
3364 4881 3380 4906 ,
3432 4838 3708 4899 hominem

2129 4928 2330 4998 justum
2360 4927 2414 4982 in
2444 4926 2545 4983 hac
2572 4926 2678 4983 vita
2706 4928 2911 4983 nullum
2939 4927 3136 4984 habere
3163 4930 3381 4986 omnino
3406 4940 3705 5001 peccatum,

2135 5030 2190 5075 et
2215 5019 2269 5074 in
2296 5018 2490 5075 talibus
2513 5017 2818 5075 hominibus
2860 5033 2981 5075 esse
3018 5018 3128 5090 jam
3170 5021 3423 5092 praesenti
3467 5029 3713 5095 tempore

2137 5113 2429 5170 Ecclesium
2450 5128 2554 5169 non
2575 5112 2856 5168 habentem
2877 5113 3159 5182 maculam,
3176 5121 3268 5169 aut
3286 5129 3492 5186 rugam,
3511 5117 3715 5172 autali-

2137 5206 2263 5277 quid
2281 5205 2540 5276 ejusmodi
2559 5204 2773 5279 (Ephes.
2795 5221 2846 5271 v,
2874 5204 2990 5277 27),
3012 5221 3131 5276 quae
3151 5221 3256 5262 una
3279 5216 3333 5263 et
3355 5209 3471 5265 sola
3515 5223 3713 5280 sponsa

2137 5299 2207 5354 sit
2224 5298 2450 5355 Christi:
2466 5307 2714 5369 tanquam
2740 5298 2935 5369 spoitsa
2954 5299 3069 5370 ejus
3088 5313 3194 5356 non
3215 5300 3305 5368 sit,
3335 5315 3455 5371 qure
3481 5316 3579 5371 per
3595 5302 3715 5357 nni-

2138 5403 2347 5445 versam
2367 5397 2561 5444 terram
2585 5389 2728 5460 quod
2756 5391 2824 5445 ab
2848 5405 2915 5446 eo
2942 5390 3147 5458 didicit,
3169 5391 3317 5459 dicit,
3343 5389 3549 5448 Dimitte
3571 5393 3712 5447 nobis

2140 5484 2305 5538 debita
2324 5492 2514 5539 nostra.
2536 5482 2644 5539 Sed
2669 5483 2926 5541 attendite
2951 5485 3216 5556 quomodo
3237 5484 3368 5540 istos
3387 5483 3711 5556 gloriosissi-

2140 5588 2260 5631 mus
2276 5573 2574 5645 Cyprianus
2595 5573 2883 5629 interimat.
2903 5572 3037 5630 Cum
3057 5575 3199 5631 enim
3219 5573 3393 5629 locum
3417 5573 3588 5643 ipsum
3613 5570 3713 5624 do-

2140 5666 2349 5721 minicae
2373 5665 2630 5720 orationis
2649 5674 2960 5736 exponeret,
2987 5667 3062 5721 ait
3084 5666 3222 5721 inter
3238 5675 3428 5720 caetera
3454 5681 3467 5716 :
3496 5680 3517 5715 ι
3539 5661 3706 5726 Quam

2142 5755 2440 5811 necessarie
2485 5763 2692 5819 autem,
2742 5769 2900 5825 quam
2952 5754 3287 5824 providenter
3328 5761 3381 5807 et
3424 5750 3710 5807 salubriter

2218 5880 2241 5947 ἶ
2260 5910 2312 5963 in
2363 5917 2477 5962 aute
2527 5909 2667 5962 editis
2691 5948 2704 5971 ,
2763 5907 3108 5961 bivertissimw-
