4118 6508
455 407 558 468 999

457 524 812 580 admonemur
831 515 976 589 quod
999 522 1310 586 peccatores
1334 521 1540 572 sumus,
1568 505 1654 575 qni
1689 518 1784 573 pro
1811 501 2041 571 peccatis

457 629 648 686 rogare
685 609 1094 681 compellimur:
1120 615 1172 660 ut
1205 603 1332 658 dum
1364 594 1684 668 indulgentia
1707 593 1774 648 dc
1803 593 1913 686 Deo
1946 607 2041 686 pq-

457 683 606 774 titur,
647 700 988 760 conscientia:
1031 712 1144 752 sua:
1183 695 1394 749 animus
1431 687 1761 746 recordetur.
1803 683 1882 740 Ne
1923 683 2042 753 quis

455 798 558 855 sibi
599 795 754 868 quasi
801 794 1058 849 innocens
1101 789 1326 859 placeat,
1374 792 1430 840 et
1471 797 1529 838 se
1573 777 1880 836 extollendo
1925 775 2042 868 plus

456 867 663 960 pereat,
691 884 968 942 instruitur
987 891 1042 938 et
1063 881 1289 936 docetur
1309 891 1369 932 se
1389 887 1612 945 peccare
1631 869 1890 940 quotidie,
1913 867 2040 922 dum

459 979 695 1052 quatidic
722 993 818 1048 pro
847 973 1078 1046 peccatis
1115 971 1333 1041 iubetur
1376 979 1553 1020 orare.
1603 961 1692 1052 Sic
1732 960 1962 1052 denique
1987 965 2042 1012 et

459 1051 696 1130 ioannes
735 1070 790 1124 in
819 1064 1059 1137 Epistula
1101 1075 1195 1116 sua
1227 1071 1434 1130 ponens
1459 1055 1632 1118 dixit,
1661 1051 1723 1107 Si
1765 1051 2040 1106 dixerimus

457 1165 576 1234 quia
603 1170 862 1233 pecudum
890 1173 992 1212 non
1032 1153 1270 1210 habemus
1294 1192 1308 1216 ,
1349 1165 1440 1204 nos
1467 1148 1606 1218 ipsos
1639 1143 1917 1210 decipimus
1937 1181 1952 1206 ,
1995 1149 2043 1194 et

455 1257 642 1313 ueritas
670 1255 722 1310 in
749 1251 892 1306 nobis
917 1265 1018 1303 non
1037 1255 1108 1302 est
1133 1264 1152 1298 ι
1184 1244 1229 1315 (l
1261 1242 1420 1296 Joan.
1449 1254 1488 1308 ι,
1513 1237 1572 1309 8)
1591 1246 1674 1292 :et
1701 1241 1896 1292 extera
1915 1245 2038 1303 qua:

456 1349 546 1404 hic
572 1347 814 1404 inserere
841 1343 1058 1411 longum
1081 1347 1186 1394 est.

526 1439 582 1498 9.
607 1438 726 1494 Jam
753 1449 886 1492 vero
921 1447 1044 1488 cum
1085 1429 1268 1484 dicunt
1309 1425 1510 1488 sancti,
1543 1421 1628 1476 Ne
1653 1437 1744 1476 nos
1773 1420 1964 1489 inferas
1985 1417 2040 1470 in

457 1531 780 1588 tentationem
799 1567 816 1592 ,
845 1525 931 1580 sed
957 1523 1114 1578 libera
1141 1536 1233 1574 nos
1261 1535 1294 1572 a
1319 1517 1456 1572 malo
1489 1513 1702 1588 (Matth.
1730 1527 1780 1566 vt
1805 1553 1822 1578 ,
1852 1509 2036 1580 9-15);

457 1623 589 1694 quid
631 1619 776 1676 aliud
803 1633 960 1688 quam
993 1623 1051 1670 ut
1078 1614 1130 1668 in
1174 1609 1456 1666 sanctitate
1487 1612 1891 1696 _perse\'erent,_
1916 1615 2040 1671 pre-

457 1685 678 1762 cantur?
713 1685 846 1758 Nam
891 1697 1126 1768 profecto
1161 1705 1418 1750 concesso
1455 1690 1556 1744 sibi
1603 1689 1706 1744 isto
1735 1687 1834 1742 Dei
1861 1685 2036 1752 dono,

458 1798 602 1871 quod
632 1811 753 1852 esse
781 1795 876 1850 Dei
901 1793 1134 1856 donum,
1182 1801 1304 1843 cum
1349 1784 1418 1840 ab
1459 1783 1551 1838 illo
1593 1781 1866 1851 poscitur,
1911 1777 2041 1871 satis

461 1868 751 1962 aperteque
779 1891 1144 1941 monstratur:
1169 1880 1274 1934 isto
1297 1890 1426 1948 ergo
1451 1886 1710 1930 concesso
1750 1871 1854 1926 sibi
1898 1868 2042 1924 dono

415 1965 424 1972 ’
461 1983 580 2048 Dei,
609 1995 675 2034 ne
707 1977 1000 2034 inferantur
1038 1973 1093 2027 in
1138 1969 1504 2032 tentationem,
1551 1977 1710 2018 nemo
1737 1969 2042 2016 sanctorum

463 2089 572 2128 non
597 2078 743 2126 tenet
759 2069 774 2099 ³
807 2080 973 2136 usque
993 2063 1046 2119 in
1070 2061 1228 2116 ﬁnem
1253 2055 1704 2130 perseverantiam
1725 2051 2039 2108 sanctitatis.

457 2164 645 2234 Neque
673 2160 815 2226 enim
842 2158 1121 2228 quisquam
1171 2153 1226 2208 in
1267 2148 1539 2220 proposito
1567 2145 1890 2201 christiano’
1918 2157 2042 2214 per-

455 2270 705 2314 severare
727 2251 958 2317 desistit,
987 2249 1090 2304 nisi
1121 2247 1174 2304 in
1205 2243 1550 2304 tentationem
1577 2240 1824 2312 primitus
1847 2237 2044 2294 infera-

462 2360 571 2406 tur.
602 2347 659 2404 Si
689 2359 818 2416 οι·εο
842 2340 1166 2398 concedatur
1193 2338 1242 2393 ei
1269 2336 1412 2407 quod
1439 2342 1589 2401 orat,
1621 2342 1810 2388 utnon
1839 2330 2040 2386 infera-

458 2451 582 2508 tur,
625 2437 810 2507 utique
851 2435 905 2490 in
951 2428 1400 2492 sanctiﬁcatione,
1449 2439 1610 2497 quam
1653 2423 1766 2480 Deo
1807 2422 2044 2480 donante

458 2531 716 2605 percepit,
748 2529 860 2582 Deo
886 2525 1121 2582 donante
1143 2519 1404 2592 persistit.
1751 2575 1760 2580 _

531 2619 757 2680 CAPUT
784 2617 871 2674 Vl.
889 2615 1060 2670 ——10.
1093 2631 1114 2665 ι
1131 2611 1238 2668 Sed
1260 2610 1468 2675 nolunt,
1495 2625 1515 2662 ι
1541 2616 1600 2662 ιιι
1620 2604 1876 2672 scribitis,
1909 2623 1930 2658 ι
1953 2603 2042 2660 isti

459 2716 690 2779 fratres,
733 2709 807 2766 ita
837 2707 976 2762 hanc
1015 2701 1470 2776 perseverantiam
1507 2698 1818 2770 praedicari,
1847 2704 2040 2752 utnon

461 2807 548 2862 vel
576 2801 888 2874 suppliciter
912 2796 1163 2859 emereri,
1193 2793 1279 2850 vel
1307 2791 1478 2848 amitti
1507 2790 1889 2848 contumaciter
1915 2801 2041 2856 pos-

461 2901 568 2956 sits
591 2897 810 2967 (Supra,
827 2894 882 2948 in
899 2889 1133 2962 Epistolis
1149 2886 1358 2954 Hilarii,
1383 2902 1436 2940 η.
1465 2882 1624 2950 3,cof.
1641 2881 1914 2952 949-950).
1939 2879 2042 2936 Ubi

459 2991 586 3063 quid
612 2989 812 3054 dicant,
840 2999 1028 3055 parum
1051 2983 1332 3052 diligenter
1354 2976 1654 3033 attendunt.
1681 2975 1758 3030 De
1783 2974 1868 3028 illa
1897 2972 2041 3075 enim

459 3079 852 3154 perseverantia
891 3075 1157 3145 loquimur
1179 3111 1198 3138 ,
1217 3085 1342 3140 .qua
1384 3076 1754 3139 perseveratur
1795 3079 1961 3136 usque
1987 3079 2042 3166 in

461 3175 622 3230 ﬁnem
647 3189 662 3226 :
687 3185 806 3239 qua:
852 3167 898 3224 si
939 3167 1062 3222 data
1085 3171 1202 3229 est,
1232 3169 1634 3232 perseveratum
1677 3165 1760 3214 est
1787 3171 1960 3226 usque
1987 3165 2043 3210 ιιι

462 3267 655 3330 linem;
677 3261 922 3316 siautem
941 3272 1051 3314 non
1073 3263 1155 3310 est
1172 3261 1566 3324 perseveratum
1589 3264 1758 3320 usque
1779 3249 1832 3304 in
1855 3249 2036 3315 ﬁnem,

464 3373 572 3414 non
615 3362 700 3412 est
747 3353 900 3418 data;
949 3347 1092 3420 quod
1133 3347 1244 3418 jam
1287 3353 1346 3402 et
1393 3344 1638 3415 superius
1679 3341 1811 3397 satis
1839 3342 2045 3412 egimus

461 3450 686 3519 (Supra,
715 3463 772 3500 n.
806 3445 882 3515 l).
909 3441 1026 3498 Non
1071 3440 1250 3511 itaque
1289 3438 1466 3496 dicant
1498 3435 1762 3501 homines,
1790 3449 2044 3505 perseve-

461 3541 690 3598 rantiam
731 3538 978 3610 cuiquam
1021 3535 1200 3592 datam
1245 3547 1414 3603 usque
1457 3531 1510 3588 in
1553 3531 1750 3598 ﬁnem,
1793 3531 1896 3588 nisi
1923 3545 2043 3586 cum

459 3635 578 3704 ipse
605 3631 813 3688 venerit
835 3629 956 3684 ﬁnis
973 3669 991 3696 ,
1017 3637 1074 3686 et
1102 3639 1474 3697 perseverasse
1495 3664 1512 3690 ,
1539 3624 1624 3680 cui
1652 3623 1776 3680 data
1817 3631 1920 3688 est,
1951 3637 2043 3677 re-

464 3733 649 3796 pertus
674 3721 834 3778 fuerit
863 3735 1030 3790 usque
1060 3719 1112 3774 in
1141 3718 1324 3774 ﬁnem.
1354 3716 1590 3772 Dicimus
1615 3717 1812 3786 quippe
1837 3723 2043 3769 castum

458 3831 622 3889 quem
647 3814 892 3871 novimus
919 3821 1144 3878 castum,
1169 3810 1281 3866 sive
1303 3809 1391 3876 sit,
1418 3808 1530 3864 sive
1559 3822 1664 3862 non
1689 3807 1760 3862 sit
1784 3806 1836 3862 in
1857 3805 2046 3861 eadem

461 3907 708 3964 castitate
733 3917 1050 3968 mansurus;
1086 3909 1142 3956 et
1172 3899 1219 3956 si
1259 3899 1386 3968 quid
1415 3896 1562 3954 aliud
1601 3897 1772 3954 divini
1806 3896 2046 3952 muneris

465 4001 682 4065 habeat,
723 3995 869 4068 quod
913 3993 1081 4050 teneri
1123 4001 1180 4048 et
1205 3991 1378 4046 amitti
1419 3997 1626 4061 potest,
1671 3989 1898 4044 dicimus
1921 4003 2045 4043 eum

465 4090 668 4147 habere
695 4086 1179 4159 quamdiucumque
1217 4081 1410 4146 habet;
1442 4088 1498 4135 et
1533 4081 1578 4136 si
1605 4079 1868 4144 amiserit,
1915 4080 2048 4134 dici-

465 4199 587 4240 mus
623 4181 872 4237 habuisse
891 4197 905 4233 :
924 4159 1374 4248 perseverantiam
1401 4188 1530 4229 vero
1557 4188 1729 4242 usque
1770 4173 1824 4227 in
1853 4174 2044 4236 linem,

461 4274 716 4346 quoniam
757 4285 862 4325 non
911 4268 1070 4324 habet
1113 4267 1429 4336 quisquam,
1473 4264 1578 4318 nisi
1617 4264 1704 4332 qui
1743 4272 2048 4334 perseverat

460 4381 635 4434 usque
663 4365 717 4420 in
747 4362 937 4427 ﬁnem,
981 4359 1131 4414 multi
1170 4373 1288 4413 eam
1333 4365 1559 4426 possunt
1599 4355 1796 4410 habere
1819 4395 1838 4419 ,
1868 4355 2048 4410 nullus

465 4458 734 4515 amittere.
763 4453 946 4523 Neque
974 4451 1116 4505 enim
1155 4447 1500 4505 metuendum
1528 4455 1645 4514 est,
1673 4461 1740 4502 ne
1767 4447 1903 4502 forte
1925 4461 2046 4501 cum

465 4545 890 4620 perseveraverit
925 4541 1085 4596 homo
1121 4553 1290 4610 usque
1333 4539 1386 4593 in
1427 4538 1624 4604 ﬁnem,
1670 4537 1848 4607 aliqua
1889 4538 1940 4591 in
1983 4551 2048 4591 eo

467 4639 606 4695 mala
630 4636 874 4692 voluntas
897 4633 1123 4699 oriatur,
1163 4646 1232 4686 ne
1260 4637 1568 4700 perseveret
1591 4645 1758 4700 usque
1781 4630 1836 4684 in
1865 4629 2046 4684 ﬁnem.

469 4729 584 4786 Hoc
609 4741 736 4798 ergo
771 4725 864 4781 Dei
891 4723 1092 4780 donum
1131 4721 1439 4792 suppliciter
1471 4721 1695 4775 emereri
1727 4719 2047 4790 potestzsed

467 4834 594 4875 cum
635 4818 816 4873 datum
859 4815 1051 4880 fuerit,
1095 4811 1266 4866 amitti
1305 4811 1688 4866 contumaciter
1717 4824 1824 4864 non
1850 4817 2044 4880 potest.

465 4911 600 4967 Cum
639 4910 782 4965 enim
815 4905 1244 4980 perseveraverit
1279 4905 1506 4975 quisque
1545 4919 1714 4974 usque
1754 4903 1808 4959 in
1855 4903 2046 4970 ﬁnem,

469 5017 644 5073 neque
667 5001 770 5056 hoc
793 5001 992 5056 denum
1023 5006 1199 5069 potest
1237 4997 1516 5062 amittere,
1547 5012 1648 5052 nec
1671 4997 1772 5052 alia
1803 5013 1922 5066 quae
1950 5013 2047 5067 po-

468 5102 609 5149 terat
633 5101 758 5146 ante
781 5091 964 5146 ﬁnem.
995 5087 1272 5156 Quomodo
1301 5089 1460 5158 igitur
1487 5096 1664 5158 potest
1701 5088 1908 5155 amitti,
1953 5104 2048 5158 per

463 5183 611 5256 quod
639 5183 697 5237 ﬁt
739 5191 799 5236 ut
837 5197 944 5238 non
983 5183 1254 5236 amittatur
1277 5181 1436 5237 etiam
1465 5181 1605 5250 quod
1637 5189 1815 5250 posset
1843 5181 2050 5238 amitti?

545 5275 636 5330 ii.
667 5273 772 5329 Sed
801 5289 870 5328 ne
893 5272 1031 5328 forte
1057 5272 1300 5338 dicatur,
1331 5285 1502 5342 usque
1529 5271 1580 5325 in
1611 5272 1770 5328 ﬁnem
1800 5287 2046 5341 perseve-

471 5364 702 5422 rantiam
735 5377 840 5418 non
877 5362 1046 5417 amitti
1087 5363 1325 5432 quidem,
1351 5375 1473 5417 cum
1501 5361 1624 5416 data
1651 5361 1828 5428 fuerit,
1865 5362 1918 5417 id
1946 5373 2047 5431 est,

467 5467 592 5510 cum
623 5463 1021 5524 perseveratum
1067 5452 1228 5510 fuerit
1269 5468 1437 5523 usque
1481 5453 1536 5508 in
1581 5453 1740 5508 ﬁnem
1765 5470 1778 5508 :
1801 5453 1894 5507 sed
1926 5462 2052 5510 tunc

469 5545 642 5602 amitti
670 5545 900 5618 quodam
938 5544 1132 5612 modo,
1165 5545 1378 5616 quando
1405 5546 1514 5616 agit
1538 5545 1698 5600 homo
1736 5561 1832 5616 per
1855 5556 2049 5602 contu-

534 5718 553 5749 ί
577 5716 713 5774 aditi,
734 5729 873 5768 nemo
893 5721 1166 5786 sanctorum
1193 5723 1264 5770 est
1295 5718 1381 5780 qui
1399 5731 1492 5768 non
1527 5725 1698 5770 teneat.
1731 5724 2049 5786 Mauitseripti,

469 5787 606 5826 nemo
628 5786 898 5828 sanctorum
919 5791 1012 5827 non
1035 5784 1176 5828 tenet.

539 5837 563 5871 ⁸
583 5839 656 5892 εἰς
677 5853 850 5893 attines
885 5842 1209 5904 umnuscripti.
1237 5847 1290 5892 Al
1308 5840 1444 5904 editi,
1467 5841 1848 5894 Christianitatis.

1691 389 1750 446 S.
1791 384 2154 444 AUGUSTINI
2197 381 2502 440 EPISCOPI

3600 386 3736 443 ιουο

2151 495 2400 560 maciam,
2434 502 2490 548 ut
2515 492 2580 548 ad
2621 507 2740 548 eam
2771 492 3050 563 pervenire
3075 507 3182 548 non
3207 490 3412 562 possit:
3437 493 3574 550 sicut
3599 496 3732 552 dici-

2099 638 2104 643 .
2151 602 2274 646 mus
2291 591 2586 653 hominem,
2606 592 2696 656 qui
2715 601 2820 640 non
2839 590 3267 654 perseveraverit
3281 599 3450 655 usque
3467 590 3526 642 in
3547 589 3730 652 ﬁnem.

2147 678 2394 734 amisisse
2419 677 2584 732 vitam
2614 687 2868 730 aeternam
2887 717 2903 744 ,
2943 676 3030 733 vel
3055 690 3282 748 regnum
3308 675 3432 744 Dei;
3461 692 3568 734 non
3593 679 3732 748 quod

2145 769 2255 840 jam
2285 777 2567 840 acceperat
2591 779 2647 825 et
2669 768 2920 836 habebat,
2949 769 3048 824 sed
3087 769 3234 840 quod
3266 770 3534 842 acciperet
3557 780 3614 828 et
3639 772 3731 828 ha-

2147 859 2331 925 beret,
2361 859 2408 916 si
2435 867 2840 931 perseverasset
2863 877 2876 916 :
2902 859 3188 916 verborum
3213 871 3605 920 controversras
3631 878 3726 920 su-

2147 949 2417 1018 feramus,
2449 960 2504 1007 et
2531 951 2788 1006 nonnulla
2817 950 2978 1006 etiam
3007 967 3128 1022 quae
3171 967 3277 1008 non
3307 951 3606 1021 habentur,
3633 954 3731 1010 sed

2149 1041 2394 1099 habenda
2419 1043 2745 1112 sperantur',
2774 1057 2934 1113 posse
2954 1043 3197 1100 dicamus
3214 1043 3406 1100 amitti.
3429 1044 3576 1100 Dicat
3599 1045 3728 1102 mihi

2147 1133 2388 1205 quisquis
2413 1133 2608 1201 audet,
2641 1141 2818 1189 utrum
2849 1134 2990 1190 Deus
3009 1134 3139 1190 dare
3167 1149 3272 1192 non
3302 1135 3504 1206 possit,
3533 1136 3674 1206 quod
3697 1152 3728 1194 ι

2147 1239 2208 1280 se
2231 1225 2382 1294 posci
2410 1225 2710 1296 imperavit.
2739 1225 2853 1281 Hoc
2873 1235 3022 1282 certe
3046 1227 3138 1296 qui
3165 1227 3328 1296 sapit,
3356 1243 3464 1282 non
3487 1225 3608 1282 dico
3631 1227 3727 1286 duo

2147 1317 2294 1386 sipit,
2321 1316 2417 1372 sed
2443 1317 2658 1371 insanit.
2689 1317 2976 1388 Imperavit
2999 1325 3176 1376 autem
3209 1319 3374 1384 Deus,
3401 1330 3457 1375 ut
3483 1320 3533 1376 ei
3561 1321 3730 1377 sancti

2148 1407 2265 1484 ejus
2303 1406 2482 1462 dicant
2515 1415 2771 1477 orantes,
2821 1407 2906 1462 Ne
2947 1409 3140 1480 inferas
3169 1426 3261 1464 nos
3297 1410 3350 1464 in
3381 1411 3722 1466 tentationem.

2151 1497 2404 1570 Quisquis
2445 1499 2606 1569 igitur
2631 1498 2914 1555 exauditur
2943 1501 3046 1557 hoc
3069 1515 3330 1572 poscens,
3371 1519 3478 1560 non
3505 1503 3731 1560 infertur

2147 1589 2202 1646 in
2227 1591 2576 1646 contumacia:
2607 1592 2986 1660 tentationem,
3013 1607 3116 1662 qua
3144 1596 3310 1664 possit
3334 1595 3418 1652 vel
3447 1595 3636 1667 dignus
3659 1597 3730 1652 sit

2147 1681 2604 1752 perseverantiam
2631 1683 2928 1738 sanctitatis
2953 1683 3222 1740 amittere.

2219 1769 2308 1824 12.
2364 1771 2435 1824 At
2483 1770 2659 1840 enim,
2713 1789 2734 1825 ι
2789 1773 3060 1830 voluntate
3107 1787 3206 1830 sua
3255 1775 3480 1848 quisque
3529 1777 3730 1834 deserit

2148 1859 2348 1930 Deum,
2378 1869 2438 1915 ut
2461 1863 2652 1918 merito
2679 1862 2957 1920 deseratur
2994 1879 3027 1920 a
3071 1865 3201 1921 Deo.
3237 1885 3258 1919 ι
3283 1867 3412 1933 Quis
3436 1868 3542 1927 hoc
3565 1886 3728 1942 nega.

2146 1950 2321 2008 verit?
2340 1951 2448 2008 Sed
2473 1951 2593 2008 ideo
2623 1953 2852 2024 petimus
2877 1969 2948 2010 ne
2969 1953 3262 2012 inferamur
3284 1958 3340 2012 in
3362 1959 3726 2023 tentationem.

2146 2050 2210 2098 ut
2253 2041 2355 2098 hoc
2401 2058 2509 2098 non
2548 2043 2660 2098 ﬁat.
2697 2043 2770 2100 Et
2809 2044 2856 2101 si
2883 2046 3228 2112 exaudimur,
3281 2051 3464 2120 utique
3499 2066 3604 2108 non
3633 2053 3724 2118 ﬁt;

2145 2133 2270 2204 quia
2295 2133 2436 2188 Deus
2475 2149 2584 2190 non
2625 2134 2887 2206 permittit
2916 2145 2974 2192 ut
3015 2137 3130 2194 fiat.
3155 2137 3300 2196 Nihil
3323 2141 3465 2198 enim
3507 2143 3598 2206 ﬁt,
3627 2144 3728 2198 nisi

2146 2223 2288 2294 quod
2326 2229 2418 2279 aut
2441 2224 2556 2294 ipse
2593 2224 2752 2292 facit,
2796 2236 2888 2282 aut
2931 2227 3046 2284 ﬁeri
3085 2230 3202 2300 ipse
3223 2231 3502 2304 permittit.
3531 2233 3728 2290 Potens

2145 2329 2274 2388 ergo
2301 2324 2413 2382 est,
2443 2323 2498 2372 et
2522 2331 2552 2370 a
2581 2319 2723 2372 malo
2749 2316 2806 2373 in
2849 2317 3048 2375 bonum
3077 2319 3294 2380 flectere
3321 2323 3648 2393 voluntates,
3673 2337 3730 2384 et

2147 2406 2425 2478 inlapsum
2451 2421 2646 2478 pronas
2673 2417 2986 2468 convertere
3003 2451 3020 2478 ,
3057 2425 3122 2466 ac
3143 2410 3372 2484 dirigere
3399 2414 3452 2470 in
3493 2416 3592 2472 sibi
3616 2416 3728 2488 pla-

2145 2499 2308 2554 citum
2353 2514 2619 2572 gressum.
2661 2500 2757 2558 Cui
2785 2517 2898 2558 non
2941 2502 3140 2560 frustra
3171 2505 3364 2562 dicitur
3387 2549 3406 2576 ,
3447 2507 3614 2577 Dm,
3671 2522 3726 2564 tu

2147 2598 2438 2646 conuertens
2465 2591 2738 2661 uiviﬁcabis
2764 2609 2856 2648 nos
2885 2591 3056 2666 (Psal.
3097 2610 3324 2666 uxxrv,
3355 2597 3409 2671 7)
3439 2616 3455 2653 :
3485 2615 3590 2656 non
3617 2601 3728 2658 fru-

2154 2689 2268 2736 stra
2292 2680 2504 2750 dicitur,
2537 2681 2622 2738 Ne
2647 2683 2735 2739 des
2759 2687 2828 2739 ad
2851 2687 3146 2744 uincendum
3165 2690 3342 2759 pedem
3363 2708 3526 2746 areum
3557 2692 3722 2764 (Psal.

2149 2788 2274 2840 uv,
2305 2772 2361 2844 9)
2395 2789 2408 2826 :
2438 2789 2545 2829 non
2571 2775 2766 2831 frustra
2797 2777 3023 2846 dicitur,
3051 2779 3136 2835 Ne
3157 2782 3331 2838 tradas
3353 2801 3460 2854 me,
3496 2785 3724 2855 Domine,

2147 2881 2180 2920 a
2207 2866 2454 2922 desiderio
2497 2885 2606 2924 meo
2653 2872 2903 2940 peccaturi
2929 2871 3100 2944 (Psat.
3127 2889 3356 2946 cxxxrx,
3398 2877 3452 2949 9)
3481 2890 3726 2950 :postre-

2149 2971 2238 3012 mo
2256 2998 2273 3024 ,
2300 2973 2368 3014 ne
2395 2957 2562 3014 multa
2598 2974 3014 3018 commemorem
3035 3003 3054 3031 ,
3099 2979 3220 3020 cum
3262 2967 3412 3024 vobis
3439 2969 3587 3038 plura
3620 2969 3728 3026 for-

2150 3051 2308 3106 tassis
2330 3061 2642 3120 occurrant,
2675 3069 2782 3110 non
2831 3055 3029 3113 frustra
3057 3056 3282 3126 dicitur,
3341 3060 3426 3116 Ne
3461 3079 3552 3118 nos
3597 3064 3730 3135 infe-

2147 3157 2233 3196 ras
2268 3141 2692 3198 intentationem.
2718 3144 2854 3200 Nam
2881 3147 3122 3220 quisquis
3159 3149 3214 3205 in
3240 3153 3580 3210 tentationem
3621 3171 3726 3212 non

2147 3230 2390 3298 infertur,
2420 3233 2658 3304 profecto
2677 3249 2778 3291 nec
2803 3236 2856 3291 in
2875 3239 3218 3296 tentationem
3235 3255 3346 3296 suae
3363 3244 3518 3298 make
3541 3245 3728 3302 volun-

2151 3322 2272 3376 tatis
2299 3321 2523 3378 infertur
2552 3339 2565 3376 :
2597 3333 2652 3380 et
2670 3325 2758 3396 qui
2781 3327 2834 3381 in
2863 3329 3208 3386 tentationem
3233 3345 3346 3386 sua:
3373 3333 3524 3390 mala:
3545 3336 3730 3392 volun-

2149 3415 2273 3470 tatis
2298 3429 2406 3470 non
2432 3413 2693 3486 infertur,
2729 3417 2781 3473 in
2809 3419 3008 3474 nullam
3028 3436 3246 3491 prorsus
3276 3421 3521 3480 infertur.
3555 3425 3728 3484 Unus-

2147 3505 2358 3576 quisque
2393 3507 2534 3561 enim
2553 3517 2790 3576 tentatur,
2817 3517 2873 3564 ut
2887 3510 3139 3581 scriptum
3159 3522 3261 3580 est,
3282 3529 3314 3568 a
3333 3517 3730 3586 concupiscentia

2148 3613 2244 3652 sua
2295 3597 2574 3654 abstractus
2619 3609 2668 3656 et
2717 3601 2916 3657 illectus
2971 3618 2992 3658 :
3039 3602 3180 3660 Deus
3249 3615 3413 3660 autem
3485 3609 3730 3662 neminem

2151 3697 2309 3745 tentat
2352 3689 2555 3762 (Jacobi
2591 3707 2645 3759 ι,
2675 3693 2778 3759 14,
2807 3693 2934 3766 15);
2983 3695 3275 3754 tentatione
3315 3699 3516 3756 scilicet
3544 3702 3728 3756 noxia.

2149 3779 2284 3836 Nam
2313 3789 2395 3836 est
2417 3789 2471 3837 et
2500 3781 2673 3850 utilis,
2715 3798 2820 3854 qua
2863 3798 2969 3840 non
2995 3784 3292 3856 decipimur
3317 3790 3338 3820 ³
3367 3789 3451 3844 vel
3475 3789 3732 3860 opprimi-

2151 3885 2306 3937 mur,
2353 3869 2447 3926 sed
2491 3869 2808 3942 probamur,
2855 3875 3150 3932 secundum
3187 3876 3328 3947 quod
3367 3878 3564 3936 dictum
3607 3889 3688 3938 est
3709 3921 3727 3946 ,

2151 3960 2328 4018 Proba
2355 3978 2469 4032 me,
2503 3961 2720 4019 Domine
2739 4006 2756 4032 ,
2784 3973 2833 4020 et
2873 3975 3009 4022 tenta
3036 3983 3115 4022 me
3161 3965 3331 4040 (Psal.
3365 3985 3470 4026 xxv
3489 4013 3505 4039 ,
3534 3971 3610 4042 2).
3637 3972 3730 4028 llla

2151 4069 2281 4126 ergo
2306 4054 2464 4110 noxia
2486 4055 2780 4112 tentatione
2798 4098 2814 4124 ,
2843 4073 3004 4129 quam
3027 4059 3293 4130 signiﬁcat
3316 4061 3624 4134 Apostolus,
3649 4065 3731 4118 di-

2152 4159 2279 4202 cens
2301 4185 2316 4210 ,
2362 4143 2448 4200 Ne
2490 4145 2620 4215 forte
2649 4149 2910 4222 tentaverit
2937 4164 3023 4206 uos
3051 4151 3138 4218 qui
3180 4159 3333 4206 tentat
3355 4191 3372 4219 ,
3406 4161 3454 4207 et
3479 4155 3639 4208 inanis
3665 4156 3731 4208 sit

2073 4265 2076 4268 «
2155 4238 2297 4294 labor
2317 4247 2484 4293 noster
2509 4237 2554 4306 (ι
2581 4237 2760 4294 Thess.
2789 4255 2876 4306 ιιι,
2904 4240 2991 4310 5),
3021 4241 3160 4298 Deus
3177 4283 3192 4312 ,
3215 4251 3274 4298 ut
3299 4243 3406 4300 dixi
3425 4287 3440 4309 ,
3465 4245 3729 4300 neminem

2155 4337 2322 4386 tentat
2340 4370 2356 4395 ,
2383 4328 2486 4385 hoc
2512 4339 2623 4398 est,
2653 4331 2918 4386 neminem
2949 4331 3108 4388 infert
3135 4333 3219 4388 vel
3256 4334 3456 4390 inducit
3481 4336 3533 4391 in
3558 4345 3730 4392 tenta-

2155 4421 2380 4476 tionem.
2410 4420 2542 4476 Nam
2575 4423 2768 4478 tentari
2797 4432 2850 4478 et
2895 4423 2948 4478 in
2992 4425 3338 4480 tentationem
3366 4442 3472 4482 non
3509 4429 3682 4484 inferri
3711 4469 3729 4494 ,

2155 4527 2260 4568 non
2283 4522 2366 4569 est
2394 4514 2591 4570 malum
2613 4554 2630 4582 ,
2659 4515 2766 4570 imo
2789 4516 2952 4572 etiam
2981 4517 3180 4573 bonum
3203 4528 3285 4574 est
3311 4535 3324 4573 :
3354 4519 3458 4576 hoc
3481 4531 3563 4578 est
3589 4523 3726 4576 enim

2155 4603 2392 4673 probari.
2423 4603 2576 4670 Quod
2605 4605 2784 4678 itaque
2811 4606 3034 4665 dicimus
3061 4609 3172 4666 Deo
3191 4650 3208 4676 ,
3241 4609 3324 4666 Ne
3359 4628 3450 4668 nos
3473 4613 3658 4682 inferas
3673 4616 3729 4667 in

2155 4695 2516 4760 tentationem;
2542 4696 2669 4768 quid
2709 4696 2968 4766 dicimus,
2999 4700 3134 4768 nisi,
3177 4699 3255 4756 Ne
3285 4717 3384 4758 nos
3425 4702 3604 4758 inferri
3650 4703 3728 4758 si-

2155 4785 2286 4841 nas?
2312 4784 2466 4844 Unde
2488 4786 2568 4842 sic
2597 4795 2754 4844 erant
2779 4789 3052 4858 nonnulli,
3081 4799 3136 4847 et
3163 4791 3355 4864 legitur
3379 4793 3430 4849 in
3461 4795 3726 4852 codicibus

2153 4874 2430 4949 pluribus,
2461 4885 2516 4932 et
2559 4875 2662 4932 hoc
2684 4878 2760 4934 sic
2802 4881 2982 4949 posuit
3017 4881 3353 4939 beatissimus
3393 4883 3679 4957 Cyprianus
3707 4904 3724 4942 :

2157 4970 2242 5026 Ne
2281 4972 2492 5041 patiaris
2531 4988 2622 5028 nos
2661 4975 2836 5030 induci
2871 4976 2926 5030 in
2969 4980 3320 5050 tentationem.
3352 4977 3408 5034 In
3448 4979 3725 5049 Evangelia

2157 5071 2336 5120 tamen
2361 5079 2536 5134 grzcco
2567 5079 2826 5138 nusquam
2857 5067 3054 5136 inveni,
3083 5069 3184 5124 nisi
3203 5111 3220 5138 ,
3249 5069 3334 5125 Ne
3357 5087 3444 5126 nos
3469 5071 3648 5140 inferas
3683 5072 3734 5126 in

2157 5157 2501 5212 tentationem.
2541 5155 2786 5214 Tutiores
2827 5159 2988 5232 igitur
3033 5161 3292 5228 vivimus,
3347 5163 3390 5218 si
3425 5172 3588 5220 totum
3630 5165 3734 5220 Deo

2155 5246 2378 5314 damus;
2425 5263 2534 5304 non
2581 5258 2760 5305 autem
2806 5265 2905 5306 nos
2931 5251 3008 5308 illi
3050 5267 3117 5308 ex
3159 5263 3342 5324 parte,
3381 5265 3436 5310 et
3483 5255 3630 5312 nobis
3671 5271 3728 5310 es

2155 5347 2306 5408 parte
2349 5341 2732 5398 committimus
2783 5354 2806 5400 :
2865 5343 3008 5414 quod
3069 5344 3201 5400 vidit
3255 5346 3354 5402 iste
3417 5347 3730 5404 venerabilis

2157 5439 2380 5501 martyr.
2420 5431 2552 5487 Nam
2595 5447 2716 5488 cum
2789 5435 3036 5490 eumdem
3097 5436 3270 5491 locum
3321 5437 3584 5494 Orationis
3645 5453 3729 5492 ex-

2156 5523 2510 5590 poneret,ait
2562 5532 2682 5593 post
2730 5533 2925 5580 caetera
2980 5543 2995 5580 :
3050 5543 3071 5578 ε
3133 5526 3354 5595 Quando
3409 5539 3581 5584 autem
3643 5543 3726 5583 ro-

2155 5623 2377 5680 gamus.
2445 5627 2514 5667 ne
2575 5613 2628 5667 in
2699 5615 3047 5672 tentationem
3119 5618 3422 5684 veniamus;
3480 5619 3732 5674 admoue-

2157 5717 2278 5755 mur
2319 5701 2637 5759 inﬁrmitatis
2693 5714 2746 5759 et
2801 5705 3176 5774 imbecillitatis
3213 5719 3440 5780 nostrai,
3481 5711 3605 5768 dum
3656 5709 3728 5766 sic

2223 5794 2241 5858 ξ
2275 5791 2392 5840 Editi
2411 5825 2425 5849 ,
2449 5794 2532 5844 sed
2557 5792 2724 5847 haberi
2741 5803 3014 5858 sperantur.

2223 5855 2244 5884 ι
2268 5863 2368 5902 aut.
2395 5861 2466 5904 ur.
2495 5863 2546 5906 et
2567 5864 2690 5918 Mss”
2714 5855 2906 5920 quando
2929 5873 3020 5909 non
3045 5859 3330 5926 decipimur.
