4118 6520
321 429 452 490 1001

321 545 598 617 rogamus,
625 558 696 601 ne
722 543 842 616 quis
865 556 923 599 se
949 541 1237 600 insolenter
1270 543 1494 598 extollat
1514 584 1528 606 ,
1555 557 1624 599 ne
1645 543 1766 612 quis
1796 540 1902 598 sibi

318 637 548 708 superbe
610 648 666 694 et
722 646 1033 708 arroganter
1081 634 1281 705 aliquid
1334 642 1606 700 assumat,
1657 649 1726 689 ne
1781 634 1902 704 quis

319 740 411 785 aut
439 729 789 786 confessionis
813 741 904 785 aut
935 729 1194 799 passionis
1216 729 1436 800 gloriam
1466 744 1616 784 suam
1647 728 1804 784 ducat
1832 729 1848 760 ¹
1887 746 1902 784 :

317 836 442 877 cum
469 821 724 876 Dominus
752 821 866 892 ipse
894 819 1246 876 humilitatem
1275 819 1476 876 docens
1500 862 1514 885 ,
1542 819 1731 875 dixerit
1755 862 1770 887 ,
1812 817 1903 874 Vi-

319 915 473 985 gilate
510 923 562 969 et
628 923 797 978 orate,
855 930 918 968 ne
954 913 1166 968 reuiatis
1203 914 1256 968 in
1299 914 1654 977 tentationem;
1696 911 1903 983 spiritus

318 1007 520 1076 quidem
539 1017 801 1076 promptus
818 999 926 1073 est,
941 1023 1060 1061 caro
1089 1015 1256 1062 autem
1281 1007 1488 1076 infirma
1513 1004 1729 1078 (tifatth.
1752 1019 1900 1072 xxvr,

319 1096 409 1167 41)
439 1112 453 1149 :
481 1105 538 1150 ut
560 1095 686 1151 dum
711 1096 961 1166 prtecedit
986 1096 1199 1152 humilis
1225 1105 1279 1152 et
1303 1095 1566 1152 submissa
1594 1092 1863 1150 confessio
1883 1135 1900 1162 ,

319 1197 373 1244 et
393 1189 552 1243 datur
571 1197 740 1243 totum
771 1189 910 1256 Deo,
937 1188 1192 1259 quidquid
1221 1187 1533 1259 suppliciter
1559 1201 1684 1242 cum
1711 1185 1902 1241 timore

320 1279 412 1335 Dei
442 1280 669 1349 petitur,
701 1279 868 1348 ipsius
897 1281 1094 1350 pietate
1123 1287 1430 1351 praestetur.
1467 1297 1488 1332 ι

389 1370 618 1428 CAPUT
658 1371 770 1426 Vit.
799 1373 988 1428 -15.
1027 1371 1083 1429 Si
1126 1387 1256 1444 ergo
1285 1372 1389 1427 alia
1428 1371 1750 1428 documenta
1796 1384 1904 1426 non

318 1471 502 1520 essent
521 1505 539 1530 ,
588 1463 703 1520 htec
729 1463 997 1521 dominica
1026 1467 1200 1523 oratio
1243 1465 1398 1521 nobis
1437 1465 1506 1520 ad
1535 1479 1756 1521 causam
1779 1478 1906 1535 gra-

321 1556 443 1622 tire,
473 1571 630 1628 quam
675 1555 1049 1624 defendimus,
1103 1558 1218 1614 sola
1258 1557 1534 1613 sul'lieerct
1564 1573 1578 1610 :
1608 1557 1732 1626 quia
1774 1555 1906 1610 nihil

321 1647 476 1702 nobis
497 1649 712 1720 reliquit
736 1651 780 1717 ³,
807 1650 861 1704 in
891 1664 998 1720 quo
1024 1657 1273 1720 tanquam
1302 1648 1355 1704 in
1385 1655 1572 1704 nostro
1590 1646 1902 1719 gloriemur.

320 1737 592 1809 Siquidem
619 1750 676 1796 et
703 1749 761 1796 ut
785 1755 894 1795 non
919 1739 1258 1798 discedamus
1282 1754 1316 1794 a
1345 1739 1459 1795 Deo
1479 1780 1493 1804 ,
1523 1754 1632 1794 non
1671 1737 1907 1794 ostendit

321 1827 558 1884 dandum
584 1845 705 1886 esse
732 1831 831 1887 nisi
859 1846 887 1885 a
919 1831 1060 1898 Deo,
1107 1846 1228 1887 cum
1260 1830 1584 1901 poscendum
1613 1829 1848 1886 ostendit
1874 1841 1905 1884 a

323 1919 452 1976 Deo.
477 1920 576 1990 Qui
601 1923 743 1978 enim
770 1937 876 1978 non
904 1921 1131 1978 infertur
1159 1923 1210 1978 in
1241 1923 1586 1978 tentationem
1607 1963 1623 1989 ,
1652 1936 1762 1976 non
1791 1921 1905 1977 dis-

319 2011 462 2068 cedit
488 2028 520 2068 a
549 2013 680 2068 Deo.
709 2012 826 2070 Non
849 2022 932 2070 est
958 2013 1062 2069 hoc
1087 2013 1306 2068 omnino
1328 2013 1382 2069 in
1413 2013 1614 2068 viribus
1640 2010 1795 2067 liberi
1819 2025 1909 2066 ar-

321 2102 465 2158 bitrii
487 2145 504 2171 ,
532 2104 718 2175 quales
741 2120 885 2161 nunc
908 2113 1070 2160 sunt:
1099 2104 1269 2161 fuerat
1296 2103 1348 2160 in
1373 2103 1594 2160 homine
1621 2113 1906 2173 antequam

318 2195 557 2253 caderet.
588 2196 718 2264 Quae
745 2207 924 2254 tamen
966 2198 1183 2254 libertas
1207 2195 1495 2252 voluntatis
1538 2195 1590 2250 iu
1625 2194 1765 2250 illius
1794 2193 1906 2264 pri-

321 2303 427 2344 mae
451 2289 772 2345 conditionis
815 2290 1122 2361 praestantia
1169 2299 1424 2361 quantum
1451 2287 1704 2353 valuerit,
1743 2299 1909 2357 appa-

322 2379 433 2434 ruit
470 2380 523 2436 in
567 2380 812 2452 Angelis,
843 2382 965 2453 qui,
1001 2381 1217 2438 diabolo
1239 2395 1361 2436 cum
1389 2380 1502 2437 suis
1543 2378 1770 2435 cadente
1793 2419 1810 2447 ,
1852 2377 1906 2433 in

322 2473 546 2529 veritate
587 2482 876 2540 steterunt,
910 2482 964 2529 et
991 2473 1055 2529 ad
1084 2475 1425 2530 securitatem
1457 2479 1768 2544 perpetuam
1797 2486 1904 2528 non

321 2564 583 2632 cadendi,
626 2565 679 2621 in
719 2581 822 2637 qua
871 2580 1014 2620 nunc
1051 2580 1145 2621 eos
1189 2579 1310 2621 esse
1351 2564 1638 2630 certissimi
1679 2577 1864 2618 sumus
1889 2605 1905 2631 ,

322 2657 604 2727 pervenire
663 2666 995 2714 meruerunt.
1063 2658 1190 2713 Post
1253 2671 1436 2712 casum
1485 2667 1664 2712 autem
1730 2655 1906 2711 homi-

323 2748 445 2814 nis,
492 2748 700 2803 nonnisi
747 2747 814 2803 ad
863 2748 1087 2820 gratiam
1139 2763 1290 2804 suam
1336 2748 1478 2803 Deus
1535 2747 1700 2803 voluit
1742 2745 1909 2817 perti-

325 2854 488 2908 nere,
515 2849 575 2896 ut
601 2841 760 2896 homo
799 2841 1019 2898 accedat
1047 2841 1113 2897 ad
1151 2857 1310 2908 eum;
1359 2855 1534 2913 neque
1559 2841 1660 2897 nisi
1686 2839 1752 2897 ad
1783 2853 1910 2912 gra-

327 2931 451 2986 tiam
495 2946 644 2988 suam
697 2933 865 2989 voluit
905 2933 1205 3004 pertinere,
1255 2942 1315 2988 ut
1341 2933 1500 2990 homo
1541 2947 1649 2989 non
1695 2931 1912 2989 recedat

324 3021 393 3077 ab
420 3037 505 3078 eo.

398 3116 484 3170 14.
533 3115 680 3174 lianc
723 3118 947 3189 gratiam
993 3118 1171 3188 posuit
1210 3117 1264 3174 in
1309 3117 1434 3185 illo,
1467 3118 1518 3173 in
1557 3132 1664 3189 quo
1706 3126 1906 3175 sortem

322 3207 595 3262 consecuti
645 3223 860 3275 sumus,
915 3209 1275 3280 praedestinati
1323 3207 1614 3265 secundum
1660 3209 1907 3280 proposi-

324 3306 436 3354 tum
482 3299 598 3370 ejus
649 3301 737 3370 qui
781 3301 1028 3356 universa
1075 3311 1347 3372 Operatur.
1397 3300 1475 3357 Ae
1503 3317 1598 3371 per
1623 3299 1728 3356 hoc
1771 3299 1913 3357 sicut

323 3401 576 3460 operatur
602 3399 662 3446 ut
686 3392 1004 3469 accedamus
1023 3435 1039 3460 ,
1067 3393 1144 3448 sic
1180 3403 1434 3464 operatur
1462 3408 1530 3447 ne
1548 3392 1906 3449 discedamus.

324 3481 548 3552 Propter
592 3482 733 3553 quod
782 3483 831 3539 ei
876 3499 971 3553 per
1009 3484 1323 3554 prophetam
1349 3483 1593 3539 'dictum
1621 3494 1738 3552 est,
1788 3483 1910 3562 Fiat

323 3592 503 3630 manus
531 3584 620 3629 tua
657 3592 808 3646 super
833 3577 992 3629 virum
1022 3575 1241 3630 dexterae
1283 3586 1416 3644 tuae,
1462 3587 1509 3630 et
1553 3593 1706 3647 super
1742 3575 1909 3642 ﬁlium

324 3665 543 3720 hominis
566 3683 712 3736 quem
732 3667 1042 3736 confirmasti
1070 3667 1196 3733 tibi;
1245 3676 1290 3721 et
1317 3684 1418 3722 non
1449 3669 1752 3723 discedimus
1792 3685 1825 3723 a
1861 3678 1910 3724 te

325 3755 495 3828 (Psal.
528 3772 719 3824 una,
754 3756 974 3823 18,19).
1008 3757 1112 3813 Iste
1159 3767 1304 3814 certe
1347 3773 1452 3813 non
1489 3768 1572 3814 est
1599 3759 1766 3814 Adam
1799 3761 1908 3829 pri-

324 3862 475 3916 mus,
523 3848 578 3903 in
622 3862 730 3918 quo
757 3847 1102 3904 discessimus
1130 3848 1197 3904 ab
1223 3864 1288 3904 eo
1320 3867 1333 3903 :
1362 3849 1456 3905 sed
1486 3850 1652 3905 Adam
1684 3848 1911 3904 novissi-

324 3955 474 4003 mus,
497 3954 662 4010 super
684 3955 842 4009 quem
871 3940 926 3993 lit
953 3953 1138 3995 manus
1163 3939 1281 4010 ejus
1299 3981 1314 4009 ,
1345 3951 1405 3995 ut
1433 3957 1538 3995 non
1569 3940 1907 3997 discedamus

323 4031 392 4086 ab
436 4046 521 4087 eo.
566 4031 810 4086 Christus
838 4033 980 4086 enim
1023 4039 1164 4088 totus
1193 4047 1314 4087 cum
1353 4033 1607 4088 membris
1646 4033 1758 4088 suis
1783 4042 1904 4100 est,

323 4128 542 4194 propter
588 4120 922 4186 Eoclesiam,
969 4136 1089 4191 qua:
1134 4130 1217 4177 est
1242 4137 1437 4192 corpus
1461 4121 1609 4192 ejus,
1637 4122 1907 4192 plenitudo

322 4213 463 4282 ejus.
491 4211 623 4269 Cum
652 4228 782 4284 ergo
809 4213 866 4268 ﬁt
888 4228 1048 4282 super
1071 4227 1193 4267 cum
1222 4228 1410 4268 manus
1439 4213 1554 4276 Dei,
1583 4221 1639 4268 ut
1664 4229 1769 4268 non
1794 4213 1903 4269 dis-

325 4305 576 4361 cedamus
612 4319 643 4360 a
689 4306 833 4372 Deo,
885 4305 953 4360 ad
997 4319 1095 4360 nos
1140 4305 1324 4376 utique
1366 4306 1606 4374 pervenit
1650 4321 1784 4376 opus
1813 4306 1906 4362 Dei

331 4396 456 4468 (hoc
500 4404 584 4452 est
626 4396 770 4452 enim
800 4395 823 4428 ⁸
847 4411 1036 4452 manus
1079 4395 1194 4466 Dei)
1233 4395 1418 4467 :quo'
1445 4412 1608 4467 opere
1654 4397 1744 4471 Dei
1772 4397 1909 4452 litut

327 4487 492 4541 simus
513 4485 565 4541 in
587 4486 799 4543 Christo
826 4495 1197 4557 permanentes
1225 4503 1346 4543 cum
1373 4488 1520 4555 Deo;
1554 4503 1658 4543 non
1688 4489 1825 4545 sicut
1852 4490 1906 4545 in

327 4575 524 4643 Adam,
570 4577 902 4635 discedentes
947 4594 978 4633 a
1025 4579 1154 4634 Deo.
1187 4578 1242 4634 lu
1286 4577 1497 4634 Christo
1523 4581 1668 4635 enim
1705 4591 1904 4636 sortem

326 4671 600 4726 consecuti
641 4686 858 4738 sumus,
911 4671 1275 4743 prtedestiuati
1316 4670 1610 4727 secundum
1656 4674 1904 4744 proposi-

327 4771 438 4819 tum
483 4763 600 4834 ejus
642 4765 730 4835 qui
772 4765 1016 4821 universa
1060 4772 1332 4832 operatur.
1373 4764 1559 4819 Manus
1606 4765 1766 4836 igitur
1809 4766 1904 4821 Dei

327 4863 409 4908 est
434 4852 566 4919 ista,
593 4867 700 4908 non
745 4863 924 4909 nostra
948 4895 962 4920 ,
995 4861 1054 4908 ut
1082 4868 1188 4908 non
1215 4853 1552 4909 discedamus
1577 4870 1607 4910 a
1637 4855 1766 4910 Deo.
1797 4856 1908 4911 Ma-

325 4956 460 5011 nus,
511 4944 758 5015 inquam,
807 4943 924 5014 ejus
972 4953 1056 5001 est
1101 4944 1235 5009 ista,
1290 4943 1380 5014 qui
1431 4945 1592 5011 dixit,
1650 4945 1906 5001 Timorem

326 5053 488 5090 meum
513 5038 644 5092 dabo
671 5040 723 5092 in
742 5054 829 5092 cor
853 5055 1044 5103 eorum,
1069 5046 1123 5091 ut
1148 5054 1181 5091 a
1208 5053 1286 5092 me
1309 5053 1410 5092 non
1437 5037 1670 5093 recedunt
1687 5036 1899 5111 (Jerem.

326 5141 475 5180 nxu
500 5166 516 5192 ,
539 5126 652 5198 40).

401 5217 488 5271 15.
521 5216 744 5285 Propter
783 5218 924 5288 quod
953 5229 1008 5275 et
1049 5219 1191 5290 posci
1221 5235 1250 5274 a
1278 5235 1337 5276 se
1365 5222 1559 5288 voluit,
1596 5237 1662 5276 ne
1707 5221 1904 5278 iniera-

325 5321 447 5361 mur
472 5305 529 5361 in
556 5307 900 5364 tentationem
931 5327 945 5364 :
973 5310 1095 5381 quia
1121 5321 1174 5367 et
1215 5311 1259 5367 si
1286 5327 1390 5368 non
1417 5312 1696 5368 inferimur
1715 5352 1731 5381 ,
1762 5313 1902 5368 nulla

389 5544 405 5575 ¹
443 5541 591 5593 tidem
609 5541 820 5601 codices,
843 5539 990 5592 dicat.

389 5607 411 5676 ξ
443 5605 632 5676 etiam!
653 5610 782 5676 ξων
810 5601 1052 5676 relinquit:
1099 5664 1130 5676 _.

391 5666 412 5699 ⁸
445 5666 644 5730 Μὶῥιιοι⁸
656 5672 798 5730 Mss.._
808 5677 894 5729 per
912 5666 1228 5730 prophetiam.

390 5731 412 5759 δ
446 5726 695 5784 Particula,
718 5726 866 5786 enim,
888 5726 1030 5777 abest
1058 5740 1087 5777 a
1108 5728 1269 5777 veteri
1291 5727 1456 5779 codice
1477 5730 1772 5782 corhetensi.

386 5790 408 5822 ³
438 5791 512 5858 sic
532 5792 683 5840 nostri
699 5802 872 5841 omnes
882 5798 934 5841 et
954 5786 1134 5854 δειειεί
1157 5796 1260 5839 tres
1283 5793 1606 5856 manuscripti.
1631 5795 1747 5846 Editi
1763 5807 1900 5858 vero,

267 5848 563 5914 tamtam.

647 5925 918 5992 Pnnoe.
954 5933 1155 5994 XLV.

1343 429 1542 488 LIBER
1580 429 1666 486 DE
1707 424 1884 485 DONO
1923 424 2547 486 PERSEVERANTLE.

3459 439 3594 496 100‘!

2008 539 2078 595 ab
2098 554 2164 595 eo
2188 540 2395 598 ratione
2419 541 2765 598 discedimus.
2794 541 2944 610 Quod
2979 555 3182 617 poterat
3213 549 3366 605 nobis
3393 562 3449 606 et
3479 569 3589 609 non

2004 633 2285 688 orantibus
2321 633 2434 690 dari
2479 652 2492 688 :
2542 635 2634 692 sed
2674 637 2916 691 oratione
2955 650 3132 694 nostra
3163 656 3262 697 nos
3293 643 3460 699 voluit
3488 646 3589 700 ad—

2010 723 2236 791 moneri,
2262 739 2293 779 a
2318 740 2424 794 quo
2445 726 2762 796 accipiamus
2791 727 2905 786 haec
2925 731 3202 786 beneficia.
3225 733 3269 787 A
3295 750 3400 804 quo
3425 737 3592 803 enim,

2011 811 2113 867 nisi
2141 814 2210 869 ab
2229 814 2322 870 illo
2345 817 2634 887 accipimus
2651 861 2664 883 ,
2697 835 2725 872 a
2747 835 2852 890 quo
2877 821 3083 890 jussum
3113 833 3194 878 est
3221 833 3278 880 ut
3311 831 3593 894 petamus?

2012 904 2239 962 Prorsus
2281 908 2333 963 iu
2379 909 2478 966 hac
2521 927 2579 966 re
2626 928 2733 967 non
2780 928 3035 982 Operosas
3080 915 3468 986 disputationes
3493 935 3592 974 ex-

2011 1007 2216 1068 spectet
2245 999 2482 1057 Ecclesia
2516 1019 2529 1056 :
2559 1004 2653 1059 sed
2683 1006 2919 1062 attendat
2962 1009 3297 1077 quotidianas
3320 1011 3593 1068 orationes

2011 1103 2156 1146 suas.
2176 1091 2339 1158 Orat,
2368 1102 2426 1149 ut
2450 1095 2707 1152 increduli
2747 1099 2969 1154 credant
2998 1118 3010 1154 :
3044 1101 3182 1156 Deus
3211 1117 3339 1174 ergo
3364 1118 3593 1159 conver-

2011 1181 2075 1237 tit
2099 1183 2166 1238 ad
2193 1183 2348 1239 fidem
2378 1187 2417 1242 ι.
2444 1187 2602 1252 Orat,
2634 1197 2692 1243 ut
2717 1190 2998 1246 credentes
3034 1202 3376 1262 perseverent
3407 1213 3418 1248 :
3453 1197 3592 1252 Deus

2012 1287 2142 1343 ergo
2168 1273 2332 1329 donat
2351 1280 2800 1345 perseverantiam
2824 1295 2989 1351 usque
3013 1282 3064 1336 in
3091 1282 3273 1338 tinem.
3304 1284 3427 1340 llaec
3456 1285 3594 1341 Deus

2013 1363 2273 1421 facturum
2304 1383 2362 1423 se
2387 1383 2512 1426 esse
2543 1372 2806 1442 praescii-it
2833 1374 2854 1404 ²
2885 1391 2899 1428 :
2940 1373 3047 1445 ipsa
3077 1385 3161 1431 est
3198 1377 3596 1447 prmdcstinatio

2013 1468 2317 1514 sanctorum
2338 1503 2353 1528 ,
2383 1476 2520 1532 quos
2541 1463 2688 1534 elegit
2728 1465 2782 1519 in
2817 1463 3020 1521 Christo
3047 1478 3166 1522 ante
3189 1471 3596 1530 constitutionem

2013 1549 2224 1618 mundi,
2255 1561 2309 1605 ut
2328 1563 2510 1608 essent
2533 1556 2697 1609 sancti
2719 1565 2766 1611 et
2794 1557 3106 1612 immaculatt'
3122 1561 3174 1614 in
3197 1572 3464 1632 conspectu
3486 1563 3597 1634 ejus

2014 1640 2068 1695 in
2113 1641 2358 1699 charitate
2376 1659 2398 1708 ;
2437 1646 2798 1714 prwdestiuans
2823 1664 2918 1705 cos
2940 1650 2993 1704 in
3027 1651 3346 1722 adoptionem
3375 1655 3597 1724 ﬁliorum

2015 1750 2105 1804 per
2126 1733 2304 1790 Jesum
2332 1735 2588 1792 Christum
2620 1740 2672 1793 in
2709 1739 2910 1811 ipsum,
2935 1743 3210 1797 secundum
3241 1745 3484 1816 placitum
3512 1763 3597 1802 vo-

2013 1825 2222 1882 luntatis
2248 1845 2354 1883 sua:
2379 1830 2433 1883 in
2463 1830 2663 1884 laudem
2690 1833 2867 1902 gloria:
2888 1835 3068 1906 gratia:
3093 1851 3228 1902 suta,
3265 1837 3320 1892 in
3343 1855 3440 1907 qua
3478 1856 3598 1908 gra-

2013 1918 2220 1988 tiﬁcavit
2246 1934 2340 1976 eos
2362 1921 2414 1975 in
2437 1921 2621 1977 dilecto
2644 1921 2784 1978 Filio
2808 1942 2899 1979 suo
2919 1966 2934 1992 ,
2965 1926 3016 1980 in
3042 1943 3141 1996 quo
3167 1926 3364 1983 habent
3400 1929 3598 1984 redem-

2013 2010 2234 2081 ptionem
2264 2028 2352 2080 per
2375 2013 2667 2083 sanguinem
2693 2014 2856 2086 ipsius
2875 2058 2890 2082 ,
2913 2017 3255 2072 remissionem
3275 2029 3596 2087 peccatorum

2012 2101 2288 2156 secundum
2325 2102 2526 2160 diuitias
2553 2105 2731 2176 gratia:
2759 2108 2904 2178 ejus,
2952 2123 3067 2176 qua:
3086 2109 3360 2165 abundavit
3403 2111 3458 2165 in
3501 2127 3598 2168 eos

2011 2192 2067 2247 in
2089 2193 2228 2247 omni
2255 2195 2501 2264 sapientia
2524 2204 2568 2248 et
2595 2197 2900 2266 prudentia;
2929 2207 2984 2252 ut
3009 2200 3285 2254 ostenderet
3309 2199 3389 2255 eis
3415 2213 3603 2272 myste-

2013 2282 2150 2336 rium
2201 2283 2473 2338 voluntatis
2532 2302 2641 2340 sua:
2701 2287 2977 2343 secundum
3048 2290 3229 2343 bonam
3292 2291 3599 2346 voluntatem

2012 2389 2190 2439 suam,
2218 2391 2368 2444 quam
2408 2376 2667 2447 pmposttit
2703 2379 2758 2431 in
2780 2378 2903 2443 illo,
2934 2380 2988 2433 in
3025 2380 3399 2448 dispensatione
3439 2383 3601 2452 pleni-

2013 2463 2201 2518 tudinis
2219 2473 2500 2534 temporum
2519 2505 2533 2529 ,
2559 2465 2845 2522 instaurare
2879 2469 3050 2522 omnia
3083 2470 3136 2522 in
3159 2469 3358 2525 Christo
3399 2487 3516 2543 qua:
3544 2473 3598 2529 in

2011 2555 2151 2609 culis
2175 2563 2293 2609 sunt
2316 2563 2362 2610 et
2386 2573 2501 2627 quae
2527 2558 2580 2611 in
2601 2558 2747 2612 terris
2771 2558 2824 2613 in
2845 2559 2992 2629 ipso;
3019 2561 3072 2616 in
3099 2577 3198 2632 quo
3231 2563 3384 2617 etiam
3410 2574 3456 2618 et
3484 2582 3600 2620 sor-

2013 2651 2113 2700 tem
2144 2651 2392 2702 consecuti
2420 2665 2594 2703 sumus
2616 2689 2632 2715 ,
2683 2650 3027 2719 pra-destinati
3063 2653 3341 2708 secundant
3369 2657 3602 2725 preposi-

2015 2747 2122 2793 tum
2165 2739 2254 2811 qui
2289 2740 2522 2795 universa
2563 2751 2802 2814 operatur
2831 2742 3050 2815 (Ephcs.
3102 2761 3154 2815 ι,
3184 2747 3363 2819 4ο11).
3405 2749 3599 2804 Contra

2014 2828 2170 2886 istam
2211 2833 2453 2888 veritatis
2499 2842 2605 2889 tam
2643 2835 2842 2890 claram
2888 2837 3103 2906 tubam,
3146 2840 3265 2910 quis
3309 2841 3468 2898 homo
3513 2858 3600 2898 so-

2014 2920 2146 2978 briae
2187 2924 2557 2996 vigilantisque
2585 2925 2706 2982 fidei
2747 2941 2906 2984 voces
2952 2929 3088 2987 ullas
3132 2930 3377 2988 admittat
3414 2935 3602 2990 huma-

2014 3013 2145 3072 nasi

2086 3107 2311 3167 CAPUT
2342 3111 2476 3166 Vill.
2506 3142 2576 3153 —
2597 3112 2684 3170 16.
2731 3111 2837 3170 Sed
2869 3132 2889 3166 ς
2920 3130 3048 3184 cur,
3084 3135 3102 3170 ι
3133 3116 3337 3189 inquit,
3372 3137 3392 3172 ‹
3426 3122 3596 3190 gratia

2016 3201 2116 3263 Dei
2171 3220 2276 3258 non
2323 3205 2615 3262 secundum
2659 3207 2846 3263 merita
2893 3208 3169 3267 hominum
3216 3211 3405 3268 datur?
3441 3233 3460 3266 ι
3496 3214 3600 3270 Rc-

2015 3294 2274 3365 spondeo,
2301 3295 2561 3365 Quoniam
2591 3297 2730 3354 Deus
2761 3300 3064 3356 misericors
3089 3313 3191 3357 est.
3217 3321 3236 3355 ι
3260 3303 3370 3360 Cur
3394 3320 3540 3375 ergo,
3574 3326 3594 3360 s

2016 3383 2215 3458 inquit,
2254 3405 2274 3439 t
2311 3403 2418 3441 non
2466 3389 2753 3446 omnibus?
2783 3408 2803 3443 ι
2836 3390 2906 3447 Ει
2949 3391 3036 3448 hic
3081 3395 3380 3464 reSpondeo
3402 3437 3418 3462 ,
3450 3395 3598 3464 Quo-

2015 3475 2156 3530 niam
2189 3475 2518 3546 Deusjudex
2562 3487 2645 3532 est
2673 3477 2714 3532 ³.
2764 3481 2843 3536 Ac
2882 3496 2978 3551 per
3021 3480 3122 3537 hoc
3150 3492 3205 3537 et
3247 3485 3413 3554 gratis
3435 3486 3505 3540 ab
3534 3503 3599 3541 eo

2014 3565 2172 3621 datur
2196 3567 2390 3638 gratia;
2421 3577 2475 3622 et
2495 3568 2641 3639 justo
2661 3569 2776 3639 ejus
2811 3570 2864 3625 in
2891 3572 3006 3626 aliis
3027 3571 3226 3642 judicio
3252 3573 3594 3630 demonstra-

2017 3664 2136 3722 tur,
2163 3657 2289 3727 quid
2313 3657 2364 3711 iu
2388 3656 2411 3690 δ
2437 3659 2516 3713 eis
2553 3659 2746 3728 quibus
2786 3659 2946 3716 datur
2970 3661 3212 3718 conferat
3253 3665 3444 3734 gratia.
3477 3666 3591 3721 Non

2015 3748 2193 3820 itaque
2221 3749 2390 3804 simus
2420 3749 2648 3821 ingrati,
2695 3751 2835 3822 quod
2877 3753 3169 3808 secundum
3211 3756 3461 3824 placitum
3505 3772 3600 3813 ro-

2014 3841 2231 3897 luntatis
2257 3856 2368 3898 sua:
2388 3884 2402 3908 ,
2432 3843 2484 3898 in
2512 3843 2722 3899 laudem
2750 3843 2932 3914 gloria:
2970 3847 3154 3917 gratia:
3190 3862 3300 3903 sua:
3326 3857 3432 3903 tam
3455 3851 3597 3905 mul-

2013 3940 2098 3989 tos
2122 3933 2313 3989 liberat
2341 3935 2647 3990 misericors
2674 3937 2814 3992 Deus
2838 3936 2906 3992 de
2929 3946 3036 3992 tam
3060 3937 3239 3994 debita
3273 3941 3594 4009 perditione,

2013 4036 2071 4081 ut
2096 4027 2140 4081 si
2166 4027 2289 4082 inde
2318 4028 2589 4084 neminem
2619 4027 2904 4096 liberaret,
2936 4045 3038 4086 non
3070 4042 3216 4088 esset
3246 4033 3491 4103 injustus.
3517 4037 3597 4092 Ex

2013 4132 2120 4171 uno
2140 4119 2334 4187 quippe
2373 4131 2561 4174 omnes
2589 4119 2641 4173 iu
2671 4119 3167 4177 condemnationem
3211 4138 3316 4178 non
3348 4124 3596 4195 injustam

2009 4207 2226 4279 judicati
2247 4216 2370 4263 sunt
2396 4209 2496 4274 ire,
2525 4209 2618 4265 sed
2642 4209 2859 4278 justam.
2883 4210 2982 4278 Qui
3006 4227 3132 4283 ergo
3153 4212 3410 4268 liberatur
3428 4256 3441 4278 ,
3469 4230 3594 4284 gra-

2013 4301 2138 4354 tiam
2161 4300 2363 4371 diligat,
2381 4303 2470 4372 qui
2489 4317 2593 4356 non
2623 4301 2898 4368 liberatur,
2917 4303 3153 4359 debitum
3169 4315 3440 4376 agnoscat.
3463 4307 3518 4363 Si
3541 4310 3594 4363 in

2012 4391 2331 4448 remittendo
2345 4391 2525 4448 debito
2537 4393 2823 4458 bouitas,in
2841 4393 3100 4465 exigendo
3118 4397 3340 4466 aequitas
3355 4396 3593 4469 intelligi.

2014 4492 2118 4548 tur,
2159 4497 2419 4552 nusquam
2448 4498 2568 4540 esse
2598 4484 2735 4554 apud
2766 4485 2929 4539 Deum
2955 4486 3204 4557 iniquitas
3231 4487 3519 4544 invenitur.

2083 4573 2169 4628 17.
2206 4591 2226 4626 ε
2258 4573 2362 4630 Sed
2393 4589 2517 4640 cur,
2549 4593 2569 4628 ι
2602 4574 2805 4645 inquit,
2839 4594 2860 4628 ς
2898 4591 3001 4631 non
3037 4577 3208 4632 solum
3255 4578 3308 4633 in
3351 4581 3600 4650 parvulo-

2011 4679 2160 4729 rum,
2193 4679 2375 4720 verum
2403 4667 2562 4721 etiam
2590 4667 2644 4721 in
2680 4667 3012 4738 geminorum
3073 4685 3174 4724 una
3209 4681 3367 4741 atque
3407 4672 3594 4728 eadem

2010 4770 2208 4822 causa,
2261 4767 2368 4812 tam
2430 4757 2700 4814 diversum
2753 4759 3050 4829 judicium?
3094 4779 3116 4813 ι
3165 4761 3352 4818 Nonne
3404 4764 3595 4822 similis

2011 4849 2238 4920 quaastio
2282 4859 2399 4914 est,
2443 4865 2542 4906 cur
2588 4852 2640 4906 in
2670 4851 2880 4908 diversa
2925 4869 3084 4908 causa
3132 4855 3270 4911 idem
3293 4856 3598 4926 judicium?

2011 4939 2331 4996 Recolamus
2355 4940 2514 5012 igitur
2543 4942 2666 4998 illos
2690 4943 2964 5013 operarios
2994 4945 3046 4999 in
3071 4946 3225 5000 vinea
3253 4948 3340 5018 qui
3369 4959 3479 5005 toto
3507 4951 3596 5008 die

2011 5032 2421 5098 laboraverunt,
2451 5043 2505 5089 et
2526 5049 2620 5090 eos
2643 5035 2733 5105 qui
2761 5035 2890 5090 hora
2917 5052 3019 5091 una
3051 5055 3065 5092 :
3093 5055 3284 5110 nempe
3308 5058 3466 5099 causa
3507 5046 3590 5100 di-

2011 5140 2163 5181 versa
2206 5134 2288 5182 est
2314 5126 2537 5196 impensi
2585 5127 2808 5192 laboris.
2855 5138 2910 5184 ot
2939 5139 3117 5185 tamen
3161 5133 3297 5187 idem
3336 5135 3590 5204 judicium

2012 5214 2064 5270 in
2108 5216 2404 5273 redditione
2429 5218 2450 5250 ³
2475 5218 2760 5274 mercedis.
2809 5218 3074 5291 Numquid
3105 5231 3160 5277 et
3185 5223 3270 5279 hic
3309 5228 3589 5288 audierunt

2073 5370 2088 5400 ¹
2123 5354 2260 5431 Editi,
2309 5375 2536 5421 converts!
2569 5383 2650 5422 eos
2685 5384 2750 5422 aa
2795 5369 2962 5436 ﬁdem.
2999 5375 3301 5438 nanusu‘ipti
3344 5373 3598 5437 omittunt,

2006 5443 2422 5570 Αξιξ-εὲξξτξ
2450 5501 2700 5570 tostae?
2716 5495 3326 5570 [πλευνυπιεδεερτωδοίιιις
3352 5505 3587 5570 messe:

2007 5559 2123 5602 Iunt
2167 5555 2484 5604 Lovauienses
2507 5569 2568 5605 ex
2596 5554 2894 5619 Beigicorum
2920 5567 3024 5608 Mss.
3051 5554 3178 5620 ﬁde,
3218 5561 3396 5623 quibus
3423 5559 3585 5612 Gallici
3619 5599 3625 5605 .

2007 5615 2161 5666 mari
2185 5621 2238 5664 et
2252 5616 2456 5665 Vaticani
2479 5616 2823 5667 sutirarzantur.

2006 5621 2161 5666 mstri
2185 5621 2238 5664 et
2252 5621 2456 5665 Vaticani
2479 5621 2823 5680 suffragantur.
3237 5621 3250 5623 ’

2071 5676 2094 5752 ξ
2285 5675 2447 5752 iudex
2460 5677 2728 5752 jttstusfst.
2757 5683 2922 5752 abest,
2944 5680 3126 5752 iustus,
3165 5694 3190 5750 τε
3237 5683 3584 5752 ηιθηιῃαήριίε.

2069 5737 2260 5849 adt-git:
2283 5737 2400 5801 quid
2445 5737 2512 5790 eis
2557 5741 2726 5804 quibus
2748 5737 2917 5806 datur;
2941 5737 3142 5801 omisso,
3167 5740 3234 5800 in,
3258 5743 3384 5804 quod
3427 5737 3588 5794 ciam

2007 5810 2134 5863 apud
2152 5810 2260 5847 mss.

2075 5861 2098 5894 ⁸
2131 5858 2297 5910 Plures
2313 5868 2438 5924 Mss,
2464 5861 2794 5916 redhibitione.

2830 5956 2858 6022 ί
2869 5935 3370 6020 Tremo—deum“.
