4122 6496
529 400 668 456 1003

529 519 924 570 murmurantes
973 525 1002 565 a
1048 506 1425 578 patrefamilias
1451 551 1464 575 ,
1508 507 1638 574 nisi,
1689 507 1800 562 lloc
1840 508 1995 562 volo?
2039 507 2114 562 Ita

528 605 726 677 quippe
745 604 860 675 ejus
887 618 1010 675 erga
1035 603 1168 658 alios
1191 602 1288 656 fuit
1315 601 1552 673 largitas,
1585 608 1644 656 ut
1664 617 1788 673 erga
1810 602 1944 656 alios
1973 602 2117 656 nulla

527 707 674 754 esset
698 696 971 768 iniquitas.
1004 694 1072 750 Et
1094 693 1180 748 isti
1205 693 1420 766 quidem
1455 693 1666 762 utrique
1697 693 1748 746 in
1773 693 1926 748 bonis
1951 703 2076 748 sunt
2101 709 2116 748 ε

527 801 896 846 verumtamen
933 795 1190 859 quantum
1237 786 1304 842 ad
1342 786 1602 857 justitiam
1654 793 1861 856 spectat
1903 795 1956 840 et
1997 801 2119 856 gra-

526 887 690 948 tiam,
720 890 898 952 potest
925 891 979 938 et
1017 881 1083 936 de
1129 897 1222 936 reo
1250 881 1340 950 qui
1370 879 1658 946 liberatur,
1689 889 1838 935 recte
1873 881 1980 935 dici
2023 895 2117 934 reo

525 975 614 1046 qui
647 973 929 1028 damnatur
960 974 1002 1040 ‘,
1030 970 1177 1026 Tolle
1215 971 1352 1044 quod
1399 981 1542 1025 tuum
1569 979 1670 1038 est,
1699 980 1748 1025 et
1789 971 1952 1037 unde;
2000 971 2117 1026 huic

523 1077 695 1120 autem
717 1065 830 1120 uolo
849 1063 1122 1135 quodnon
1147 1062 1372 1118 debetur
1396 1062 1607 1117 donare.
1638 1061 1718 1117 An
1744 1079 1846 1117 non
1865 1063 1980 1118 licet
2021 1063 2118 1118 mi-

527 1157 580 1208 lii
605 1159 772 1228 facere
793 1155 930 1226 quod
967 1155 1116 1210 uoto!
1151 1153 1232 1208 An
1257 1153 1432 1208 oculus
1461 1162 1576 1208 tuus
1604 1169 1820 1223 nequam
1854 1161 1928 1208 est
1951 1195 1965 1220 ,
1996 1155 2118 1225 quia

523 1265 618 1320 ego
647 1247 808 1303 bonus
852 1263 966 1302 sum
994 1245 1205 1316 (Matth.
1232 1263 1302 1301 xx
1321 1286 1336 1310 ,
1365 1245 1560 1317 l-l5)?
1593 1245 1688 1301 Hie
1731 1245 1820 1300 ille
1848 1245 1892 1300 si
1933 1245 2073 1300 dicat
2099 1287 2114 1314 ,

525 1339 636 1395 Cur
666 1355 774 1394 non
799 1349 854 1394 et
877 1339 1048 1394 mihi?
1077 1339 1270 1394 merito
1295 1336 1507 1402 audiet,
1542 1337 1586 1389 υ
1613 1336 1762 1390 Itonia
1785 1377 1802 1402 ,
1831 1347 1886 1390 tu
1909 1337 2022 1408 quis
2041 1351 2111 1402 es,

525 1432 612 1502 qui
659 1430 968 1503 respondeas
1009 1429 1118 1485 Deo
1161 1429 1336 1505 (Rom.
1363 1446 1448 1498 ix,
1477 1429 1606 1500 20)?
1653 1429 1828 1498 Quem
1872 1437 2020 1486 certe
2061 1430 2116 1485 in

529 1538 636 1579 uno
697 1532 934 1580 vestrum
1009 1523 1446 1594 benignissimum
1515 1522 1856 1593 largitorem,
1938 1521 1993 1576 in
2062 1529 2114 1578 te

527 1632 654 1672 vero
697 1624 1002 1672 exactorem
1052 1615 1443 1685 justissimum,
1489 1615 1542 1668 in
1581 1614 1730 1668 nullo
1775 1623 1952 1668 tamen
1996 1627 2116 1668 cer-

527 1711 610 1766 nis
673 1709 950 1780 injustam.
1010 1708 1145 1763 Cum
1211 1708 1352 1764 enim
1413 1707 1591 1776 justus
1661 1714 1840 1772 esset,
1905 1705 2116 1762 etiamsi

523 1813 812 1874 utrumque
855 1802 1068 1872 puniret
1117 1819 1132 1855 :
1182 1801 1274 1872 qui
1302 1799 1804 1867 liberatur,-habet
1829 1797 1970 1854 unde
1997 1813 2116 1870 gra‘

523 1895 624 1949 tias
644 1903 800 1965 agat;
845 1894 938 1966 qui
977 1892 1294 1959 damnatur,
1329 1906 1434 1946 non
1469 1890 1628 1946 habet
1651 1890 1793 1962 quod
1822 1889 2115 1960 reprelien-

521 1985 632 2038 dat.

594 2077 683 2132 48.
719 2095 736 2128 ι
772 2075 880 2130 Sed
923 2075 968 2130 si
1007 2076 1154 2145 jam.
1206 2093 1226 2126 ι
1261 2074 1463 2145 inquit,
1495 2092 1512 2125 ι
1552 2073 1656 2128 hoc
1703 2073 2012 2144 oportebat,
2059 2083 2118 2129 ut

521 2169 787 2225 damnatis
845 2184 952 2223 non
1009 2161 1294 2232 munibus,
1343 2167 1469 2233 quid
1532 2167 1780 2223 omnibus
1832 2167 2116 2222 deberetur

520 2259 867 2326 ostenderet,
915 2267 1078 2328 atque
1123 2259 1192 2312 ita
1235 2259 1440 2326 gratius
1479 2273 1631 2312 suam
1674 2259 1896 2328 gratiam
1925 2259 2068 2314 vasis
2094 2261 2114 2291 '

523 2349 905 2405 misericordia:
935 2348 1368 2413 commendaret;
1396 2363 1494 2404 cur
1537 2349 1590 2402 in
1621 2348 1810 2404 eadem
1837 2363 1997 2405 causa
2031 2363 2118 2405 me

522 2456 684 2510 quam
712 2440 858 2496 illum
889 2440 1063 2510 potius
1093 2439 1312 2510 puniet,
1343 2449 1433 2494 aut
1461 2439 1608 2494 illum
1641 2455 1798 2510 quam
1831 2453 1918 2496 me
1939 2441 2116 2511 potius

525 2529 809 2586 liberabit?
839 2537 864 2583 ἰ
891 2529 1004 2586 lloc
1041 2545 1148 2584 non
1195 2530 1320 2584 dico
1365 2545 1379 2584 :
1429 2531 1472 2585 si
1519 2533 1717 2601 quieris
1744 2546 1945 2602 quare;
1993 2533 2115 2603 quia

524 2625 698 2680 lateor
728 2639 814 2680 me
843 2639 948 2678 non
975 2623 1216 2680 invenire
1243 2623 1372 2695 quid
1407 2623 1602 2680 dicam.
1635 2624 1691 2680 Si
1719 2635 1770 2681 et
1797 2625 1898 2682 hoc
1917 2627 2114 2697 qureris

523 2730 724 2786 quare;
766 2715 886 2786 quia
919 2715 972 2769 in
1020 2714 1120 2770 hac
1147 2730 1208 2771 re
1235 2716 1372 2771 sicut
1401 2715 1546 2786 justa
1571 2725 1656 2772 est
1681 2717 1757 2771 ira
1782 2718 1932 2787 ejus,
1979 2719 2114 2774 sicut

524 2821 716 2878 magna
743 2815 828 2863 est
862 2806 1224 2863 misericordia
1251 2806 1400 2878 ejus,
1430 2807 1500 2864 ita
1533 2807 1889 2864 inscrutabilia
1915 2809 2114 2880 judicia

529 2898 668 2968 ejus.

593 2991 680 3048 l9.
711 2990 898 3047 Adhuc
935 3001 1118 3063 pergat
1144 3001 1198 3048 et
1229 2991 1402 3060 dicat,
1437 2991 1540 3048 Cur
1565 2994 1866 3064 quibusdam
1889 2997 1976 3067 qui
2000 3013 2114 3052 cum

519 3082 780 3136 coluerunt
812 3084 939 3137 bona
969 3083 1094 3153 fide,
1121 3099 1436 3154 perseverare
1459 3101 1616 3152 usque
1640 3085 1692 3139 in
1718 3085 1869 3155 finem
1895 3103 1994 3141 non
2021 3088 2112 3142 de-

517 3171 635 3227 dit?
661 3173 769 3228 Cur
795 3182 982 3244 putas,
1023 3173 1120 3228 nisi
1151 3175 1271 3244 quia
1300 3190 1406 3229 non
1437 3176 1687 3230 mentitur
1715 3177 1806 3247 qui
1843 3179 1999 3244 dicit,
2033 3179 2116 3234 Ea:

515 3265 658 3320 nobis
679 3267 940 3332 exierunt,
972 3268 1058 3321 sed
1079 3285 1178 3322 non
1217 3279 1358 3322 erant
1387 3285 1450 3324 ea:
1477 3267 1659 3336 nobis;
1687 3287 1805 3324 nam
1829 3273 1874 3325 si
1901 3272 2116 3342 fuissent

515 3372 580 3412 ex
603 3358 745 3412 nobis
763 3399 780 3424 ,
807 3359 1108 3414 mansissent
1136 3360 1305 3431 utique
1334 3361 1591 3415 nobiscum
1620 3359 1660 3435 (Ι
1690 3360 1847 3416 Joan.
1873 3379 1944 3428 ιι,
1978 3364 2114 3436 19)?

514 3447 780 3520 Numquid
809 3465 937 3520 ergo
973 3451 1248 3508 hominum
1289 3463 1492 3508 natura:
1517 3453 1636 3508 dum
1664 3455 1826 3509 sunt?
1851 3456 2021 3511 Absit.
2054 3457 2108 3512 Si

513 3541 634 3596 duae
659 3551 862 3596 natura:
887 3551 1070 3598 essent
1088 3583 1102 3608 ,
1124 3545 1294 3613 gratia
1326 3545 1430 3598 ulla
1459 3559 1565 3599 non
1591 3557 1734 3600 esset
1762 3563 1774 3599 :
1800 3542 1928 3601 nulli
1967 3547 2107 3603 enim

512 3631 734 3688 daretur
775 3634 1002 3704 gratuita
1042 3634 1315 3702 liberatio,
1343 3637 1390 3690 si
1421 3647 1624 3692 natura:
1647 3637 1824 3694 debita
1853 3639 2108 3696 reddere-

512 3734 620 3783 tur.
650 3725 965 3782 "ominibus
991 3735 1171 3783 autem
1191 3728 1402 3784 videtur
1420 3769 1435 3793 ,
1466 3745 1654 3785 ornnes
1673 3731 1760 3801 qui
1797 3731 1920 3788 boni
1947 3747 2110 3804 appa-

511 3825 636 3874 rent
661 3817 879 3885 tideles,
909 3819 1362 3888 perseverantiam
1389 3835 1560 3891 usque
1599 3823 1650 3876 in
1682 3821 1838 3878 ﬁnem
1865 3823 2108 3894 accipere

509 3907 780 3963 debuisse.
821 3908 962 3963 Deus
986 3917 1162 3965 autem
1199 3909 1390 3965 melius
1416 3925 1538 3967 esse
1561 3911 1816 3981 judicavit
1839 3955 1854 3978 ,
1881 3914 2107 3970 miseere

511 3997 772 4067 quosdam
799 4011 904 4052 non
929 4008 1360 4067 perseveraturos
1381 4009 1530 4056 certe
1553 4017 1778 4057 numero
1801 4012 2104 4059 sanctorum

510 4103 764 4156 suorum;
797 4098 854 4145 ut
893 4089 1088 4161 quibus
1111 4105 1216 4146 non
1241 4092 1457 4162 expedit
1488 4095 1540 4148 in
1583 4095 1742 4165 hujus
1765 4097 1889 4152 vitae
1927 4105 2103 4153 tenta-

512 4183 654 4236 tione
679 4182 968 4248 securitas,
1001 4197 1105 4238 non
1137 4184 1342 4253 possint
1368 4199 1488 4241 esse
1517 4187 1711 4242 securi.
1740 4185 1933 4243 Multos
1961 4189 2102 4244 enim

510 4289 539 4327 a
589 4273 886 4344 perniciosa
911 4274 1140 4329 elatione
1177 4275 1422 4345 reprimit
1463 4278 1604 4346 quod
1651 4277 1725 4333 ait
1757 4279 2042 4348 Apostolus
2083 4299 2100 4335 :

512 4367 866 4434 QuaprOptcr,
902 4365 988 4429 qui
1017 4365 1214 4421 videtur
1239 4377 1392 4431 stare,
1419 4368 1584 4422 videat
1633 4385 1696 4423 ne
1727 4371 1876 4424 cadat
1901 4369 1946 4442 (1
1978 4369 2097 4426 Cor.

513 4473 543 4511 χ
567 4499 582 4524 ,
615 4453 726 4526 1‘2).
761 4455 1046 4512 Voluntate
1069 4467 1247 4512 autem
1277 4472 1370 4512 sua
1396 4458 1570 4525 cadit,
1603 4459 1690 4528 qui
1716 4459 1894 4525 cadit;
1921 4469 1976 4516 et
2005 4477 2101 4516 vo-

509 4547 710 4602 luntate
743 4547 832 4601 Dei
873 4556 1011 4613 stat,
1041 4546 1130 4616 qui
1167 4555 1288 4602 stat.
1325 4547 1508 4602 Potens
1533 4559 1605 4602 est
1633 4550 1765 4603 enim
1811 4550 1948 4605 Deus
1996 4562 2100 4606 sta-

507 4649 644 4694 turre
662 4639 804 4694 illum
829 4637 1000 4711 (Rom.
1032 4655 1146 4705 xiv,
1170 4637 1224 4713 4)
1252 4657 1266 4692 :
1297 4655 1402 4693 non
1423 4654 1550 4709 ergo
1570 4655 1628 4696 se
1658 4643 1790 4710 ipse,
1815 4642 1908 4696 sed
1937 4644 2094 4700 Deus.

507 4730 882 4786 Verumtamen
911 4731 1110 4786 bonunt
1135 4739 1216 4786 est
1239 4746 1344 4785 non
1366 4732 1531 4786 altum
1551 4745 1759 4801 sapere,
1789 4733 1882 4788 sed
1911 4734 2098 4791 timere

504 4824 614 4894 (Id.
643 4841 700 4880 ιιι
721 4867 736 4891 ,
761 4823 880 4897 20).
911 4825 968 4879 ln
997 4823 1318 4896 cogitatione
1337 4833 1512 4880 autem
1541 4839 1636 4879 sua
1675 4826 1758 4881 vel
1785 4827 1924 4881 cadit
1946 4829 2094 4898 quis-

503 4931 627 4986 que,
649 4918 734 4973 vel
760 4927 885 4972 stat.
909 4915 1055 4972 Sicut
1083 4924 1261 4970 autem
1285 4917 1568 4986 Apostolus
1593 4917 1686 4980 ait,
1711 4917 1852 4987 quod
1882 4919 1933 4972 in
1957 4919 2096 4974 libro

505 5009 780 5077 superiore
802 5009 1112 5071 memoravi,
1137 5007 1260 5062 Non
1275 5025 1450 5063 sumus
1475 5009 1642 5062 idonei
1669 5011 1888 5081 cogitare
1901 5012 2096 5081 aliquid

507 5099 648 5169 quasi
679 5113 742 5153 ex
779 5099 1141 5170 nobismetipsis
1162 5141 1175 5164 ,
1204 5101 1294 5154 sed
1331 5099 1627 5170 suﬁicieutia
1667 5111 1840 5154 nostra
1877 5117 1940 5156 ea:
1983 5102 2094 5157 Deo

506 5199 575 5242 est
597 5189 664 5259 (ll
690 5187 808 5243 Cor.
841 5203 930 5253 ιιι,
955 5189 1030 5258 5).
1054 5189 1222 5258 Quem
1247 5200 1464 5244 secutus
1491 5200 1544 5244 et
1573 5189 1760 5244 beatus
1781 5191 2094 5248 Ambrosius

503 5279 662 5334 audet
708 5289 763 5335 ct
802 5279 932 5334 dicit
971 5297 984 5333 :
1028 5279 1147 5333 Non
1188 5282 1320 5334 enim
1345 5281 1396 5334 in
1426 5290 1665 5351 potestate
1691 5292 1863 5335 nostra
1892 5299 1978 5338 cor
2003 5301 2093 5338 no-

505 5385 684 5438 strum,
711 5383 758 5427 et
787 5381 972 5427 nostra
1005 5373 1348 5443 cogitationes.
1377 5371 1529 5439 Quod
1559 5375 1733 5429 omnis
1761 5377 1850 5445 qui
1881 5375 2094 5430 humili—

507 5474 588 5520 ter
605 5473 660 5519 et
685 5463 946 5518 veraciter
977 5462 1094 5532 pius
1119 5469 1202 5516 est
1221 5503 1235 5526 ,
1267 5477 1385 5518 esse
1409 5463 1742 5518 verissimum
1768 5465 1949 5520 sentit.

573 5554 808 5614 20.1Ioc
847 5561 1028 5632 autem
1079 5551 1391 5608 Ambrosius
1417 5561 1475 5608 ut
1499 5553 1734 5622 diceret,
1783 5555 1928 5612 ineo
1956 5556 2092 5612 libro
2131 5611 2136 5614 .

565 5736 588 5768 ³
619 5737 692 5785 sic
719 5739 828 5782 Mss.
848 5738 904 5799 A_t_
920 5729 1036 5780 editi
1056 5765 1071 5791 ,
1093 5733 1224 5782 recte
1246 5725 1364 5790 dici,
1398 5725 1512 5779 νοιο
1539 5743 1556 5781 :
1581 5737 1727 5795 potest
1764 5741 1806 5784 et
1835 5733 1894 5785 de
1917 5747 1972 5785 eo
2009 5747 2091 5799 qut
2131 5775 2136 5778 -

503 5799 778 5847 denotatur.
807 5793 1068 5862 7‘oilc.__etc.
1108 5861 1144 5862 η
1268 5851 1280 5862 .
1423 5850 1430 5858 _

577 5863 598 5892 ι
625 5869 721 5908 am.
743 5865 810 5906 Fr.
836 5861 884 5914 et
910 5857 1091 5920 aliquot
1106 5861 1237 5916 3155.,
1261 5857 1310 5904 in
1334 5857 1474 5902 eam.

1737 394 1792 450 S.
1835 393 2199 454 AUGUSTINI
2241 395 2540 456 EPlSCOPl

3695 423 3720 476 i
3733 419 3846 478 σοι

2236 509 2549 579 loquebatur
2575 529 2730 584 quem
2754 513 2820 570 de
2840 515 2984 589 Fuga
3011 503 3190 576 surculi
3219 523 3452 593 scripsit,
3479 525 3700 591 docens.
3733 532 3844 585 hoc

2230 602 2482 657 sarculum
2515 617 2620 658 non
2646 620 2870 676 corpore
2893 651 2908 674 ,
2959 610 3052 664 sed
3089 613 3250 668 corde
3295 613 3598 686 fugiendum
3634 637 3649 675 :
3683 623 3836 692 quod

2227 696 2330 749 nisi
2360 697 2558 760 auxilio
2587 699 2678 754 Dei
2721 700 2832 756 ﬁeri
2869 717 2974 760 non
3015 719 3172 772 posse
3199 707 3470 764 disseruit.
3503 712 3590 766 Ait
3629 715 3779 768 enim
3822 733 3834 768 :

2231 785 2491 859 Frequens
2531 791 2676 845 nobis
2713 792 2776 846 de
2813 795 3056 864 fugiendo
3093 799 3280 853 sarculo
3305 799 3401 855 ista
3435 818 3636 866 sermo;
3678 817 3840 876 atque

2228 879 2420 932 utinam
2441 895 2592 949 quam
2619 881 2785 951 facilis
2812 899 2976 939 sermo
2999 927 3014 952 ,
3047 897 3150 942 tam
3175 899 3352 945 cautus
3391 902 3438 945 et
3462 895 3710 950 sollicitus
3738 901 3836 964 af—

2226 967 2385 1036 fectus
2409 985 2428 1023 :
2451 973 2542 1024 sed
2562 1013 2578 1037 ,
2610 973 2746 1042 quod
2765 976 2912 1045 peius
2940 983 3042 1043 est,
3088 982 3374 1049 frequenter
3397 984 3572 1054 irrepit
3598 996 3830 1041 terrena.

2225 1076 2337 1114 rum
2374 1062 2608 1144 illecebra
2641 1067 3004 1137 cupiditatum,
3053 1079 3099 1124 et
3131 1073 3410 1128 sanitatum
3451 1075 3636 1144 oﬂ'usio
3684 1097 3830 1135 men-

2226 1159 2324 1204 tem
2351 1137 2588 1224 occupat;
2615 1163 2670 1208 ut
2695 1163 2832 1225 quod
2854 1160 3059 1214 studeas
3085 1163 3256 1230 vitare,
3289 1164 3384 1220 hoc
3410 1169 3598 1239 cogites
3621 1172 3828 1225 animo-

2223 1257 2318 1312 que
2337 1243 2525 1298 volvas.
2562 1244 2714 1312 Quod
2737 1264 2912 1305 cavere
2947 1251 3151 1323 iii/liciis
3173 1265 3244 1308 est
3266 1255 3462 1312 homini
3483 1301 3497 1326 ,
3523 1277 3708 1316 eruere
3734 1279 3830 1315 au-

2231 1342 2328 1386 tem
2351 1333 2680 1404 impossibile.
2710 1339 2938 1412 Denique
2957 1343 3058 1396 uoti
3085 1346 3246 1416 magis
3271 1361 3380 1400 eam
3407 1363 3512 1404 esse
3539 1369 3643 1406 rem
3667 1371 3826 1423 quam

2237 1421 2466 1494 eiectus,
2489 1435 2698 1483 testatur
2719 1431 2966 1501 propheta
2994 1432 3206 1490 dicendo
3231 1478 3245 1502 ,
3278 1455 3298 1490 ι
3313 1437 3520 1494 Declina
3540 1433 3629 1496 cor
3654 1421 3825 1498 meum

2223 1511 2276 1566 in
2304 1514 2585 1570 testimonia
2610 1529 2719 1588 tua,
2745 1529 2792 1574 et
2835 1538 2938 1577 non
2973 1524 3028 1579 in
3072 1527 3338 1583 avaritiam
3375 1547 3394 1583 ι
3421 1529 3591 1602 (Psal.
3617 1549 3778 1590 cxvut
3801 1575 3822 1600 ,

2224 1604 2336 1676 '56).
2396 1605 2528 1668 Non.
2565 1610 2698 1664 enim
2741 1612 2798 1666 in
2837 1624 3081 1686 potestate
3107 1631 3282 1675 nostra
3301 1637 3390 1676 eor
3414 1635 3641 1680 nostrum
3669 1637 3718 1682 et
3741 1645 3826 1683 co-

2221 1696 2488 1766 gitationes
2521 1711 2738 1769 nostra,
2768 1721 2884 1776 quae
2917 1706 3190 1780 improviso
3230 1711 3412 1780 oﬁ'uste
3445 1727 3658 1771 mentem
3700 1721 3820 1773 ani-

2221 1805 2455 1860 mumque
2477 1795 2818 1865 confundunt,
2845 1809 2996 1872 atque
3019 1801 3123 1856 alio
3145 1805 3351 1860 trahunt
3377 1823 3528 1878 quam
3553 1820 3606 1863 tu
3625 1827 3820 1882 propo~

2221 1881 2380 1936 sueris
2407 1897 2428 1936 :
2453 1883 2522 1938 ad
2549 1885 2814 1942 «centuria
2843 1901 3080 1946 reuocant
3100 1935 3114 1957 ,
3143 1896 3405 1951 mundana
3441 1899 3664 1955 inserunt
3689 1944 3703 1968 ,
3724 1881 3820 1957 θυο-

2221 1973 2480 2042 luptuaria
2504 1975 2739 2048 ingerunt
2771 1981 2788 2012 ¹
2807 2021 2824 2049 ,
2865 1983 3158 2040 illecebrosa
3185 1987 3420 2044 intexunt
3443 1993 3484 2056 ',
3517 1993 3727 2065 ipsoque
3763 1995 3820 2050 in

2220 2070 2442 2134 tempore
2467 2083 2568 2138 quo
2586 2067 2779 2126 elevare
2806 2083 3019 2129 mentem
3038 2093 3294 2148 paramus,
3329 2081 3506 2136 inserui
3531 2081 3818 2140 ‘inanibus

2221 2157 2603 2227 cogitationibus
2624 2161 2692 2216 ad
2712 2173 2910 2220 terrena
2929 2167 3224 2242 plerumque
3244 2171 3512 2245 dejicimur
3533 2178 3638 2248 (De
3662 2175 3818 2250 Fuga

2219 2248 2393 2302 secuti
2417 2291 2430 2314 ,
2473 2267 2588 2323 cap.
2618 2253 2696 2325 l).
2728 2254 2842 2310 Non
2881 2258 3059 2328 itaque
3088 2261 3140 2316 in
3171 2262 3444 2320 hominum
3465 2308 3479 2332 ,
3509 2267 3602 2323 sed
3635 2269 3686 2324 in
3717 2248 3816 2326 Dei

2220 2349 2302 2392 est
2350 2349 2648 2410 potestate,
2701 2355 2760 2401 ut
2803 2346 3033 2404 habeant
3085 2353 3327 2410 homines
3373 2367 3689 2426 potestatem
3720 2361 3815 2416 [iiii

2223 2428 2312 2484 Dei
2339 2432 2448 2485 tieri
2483 2433 2662 2504 (Joan.
2687 2452 2700 2490 ι
2723 2477 2736 2502 ,
2767 2437 2877 2508 12).
2909 2439 2992 2496 ΑΙ)
3017 2442 3132 2512 ipso
3153 2446 3346 2516 quippe
3375 2449 3640 2520 accipiunt
3665 2467 3810 2520 eam,

2219 2523 2308 2593 qui
2329 2523 2418 2578 dat
2441 2527 2589 2582 cordi
2613 2527 2843 2585 humano
2873 2535 3221 2604 cogitationes
3251 2539 3394 2608 pias,
3427 2555 3523 2611 per
3557 2557 3690 2613 quas
3713 2543 3812 2598 ha-

2221 2613 2342 2668 beat
2367 2615 2525 2672 ﬁdem
2546 2660 2560 2685 ,
2587 2634 2706 2689 qua:
2743 2633 2995 2692 operetur
3023 2641 3119 2695 per
3145 2626 3484 2687 dilectionem
3513 2630 3707 2706 (Colat.
3737 2651 3768 2688 v
3793 2679 3811 2700 ,

2220 2705 2274 2779 6)
2311 2724 2323 2762 :
2351 2707 2418 2764 ad
2444 2710 2586 2780 quod
2615 2711 2811 2767 bonum
2833 2717 3148 2772 sumendum
3177 2729 3226 2774 et
3257 2705 3563 2791 tenendum,
3588 2733 3643 2780 et
3669 2726 3720 2779 in
3745 2742 3816 2781 eo

2218 2811 2623 2869 perseveranter
2647 2817 2814 2874 usque
2843 2805 2894 2859 in
2927 2805 3084 2862 [intem
3129 2810 3512 2879 proﬁciendum
3533 2857 3547 2882 ,
3579 2830 3682 2870 non
3713 2833 3810 2871 su-

2219 2903 2336 2944 mus
2374 2889 2550 2956 idonei
2589 2895 2824 2964 cogitare
2851 2896 3049 2968 aliquid
3079 2901 3230 2969 quasi
3259 2915 3326 2956 ex
3371 2905 3811 2976 nobismetipsis,

2217 2979 2311 3034 sed
2337 2982 2653 3037 suliicienria
2683 2994 2865 3042 nostra
2903 3004 2969 3043 ex
3003 2989 3108 3044 Deo
3138 3001 3248 3058 est;
3281 2993 3334 3047 in
3371 2996 3521 3064 cujus
3545 3005 3630 3052 est
3655 3011 3811 3068 pete-

2217 3077 2354 3125 state
2377 3087 2472 3126 cor
2495 3083 2746 3144 nostrum
2777 3085 2832 3130 et
2855 3079 3208 3149 Cogitationes
3237 3091 3454 3141 nostrte.

2286 3162 2514 3220 CAPUT
2549 3164 2640 3220 [Χ.
2665 3197 2740 3208 --
2759 3167 2850 3224 2i.
2875 3169 2955 3225 Ex
2985 3171 3194 3228 duobus
3235 3175 3412 3247 itaque
3437 3178 3671 3248 parvulis
3697 3181 3812 3236 ori«

2215 3253 2373 3325 ginali
2397 3266 2614 3326 peccato
2639 3259 2838 3328 pariter
2863 3261 3134 3319 obstrictis
3153 3307 3168 3334 ,
3209 3279 3310 3321 cur
3339 3267 3439 3326 iste
3462 3279 3770 3328 assumatur
3793 3314 3808 3336 ,

2215 3345 2305 3400 ille
2333 3347 2697 3419 relinquatur;
2741 3362 2796 3407 et
2825 3369 2889 3408 ex
2933 3353 3141 3412 duobus
3181 3369 3340 3414 aetate
3375 3360 3488 3431 jam
3516 3363 3810 3434 grandibus

2215 3435 2393 3507 impiis
2415 3479 2430 3504 ,
2457 3455 2554 3494 cur
2595 3441 2697 3498 iste
2725 3443 2794 3499 ita
2826 3455 3046 3502 vocetur
3064 3489 3078 3514 ,
3109 3458 3167 3504 ut
3196 3461 3471 3508 vocantem
3513 3465 3768 3526 sequatur
3789 3501 3806 3525 ,

2214 3527 2304 3598 ille
2329 3537 2505 3586 autem
2536 3541 2627 3587 aut
2663 3549 2772 3589 non
2797 3545 3050 3602 vocetur,
3079 3548 3169 3594 aut
3195 3555 3302 3596 non
3330 3543 3398 3597 ita
3419 3553 3675 3614 vocetur;
3719 3547 3806 3602 in-

2212 3621 2514 3676 scrntabilia
2553 3633 2680 3678 sunt
2711 3625 2910 3695 judicia
2951 3628 3068 3684 Dei.
3097 3628 3177 3684 Ex
3206 3631 3415 3689 duobus
3451 3645 3630 3691 autem
3662 3637 3765 3708 piis
3788 3681 3804 3700 .

2210 3724 2306 3766 cur
2335 3711 2459 3768 huic
2500 3713 2732 3770 donetur
2771 3721 3164 3786 perseverantia
3197 3737 3366 3794 usque
3409 3724 3462 3780 in
3491 3724 3686 3792 ﬁnem,
3731 3729 3805 3784 illi

2211 3816 2318 3856 non
2343 3803 2606 3872 donetur;
2647 3807 3073 3866 inscrutabiliora
3119 3823 3244 3868 sunt
3283 3815 3482 3886 judicia
3513 3817 3628 3873 Del.
3669 3819 3804 3875 illud

2211 3901 2386 3950 tamen
2417 3896 2661 3954 ﬁdelibus
2690 3899 2848 3957 debet
2877 3917 2999 3959 esse
3027 3906 3404 3975 certissimum,
3431 3909 3574 3967 hunc
3589 3925 3712 3969 esse
3734 3929 3802 3969 ex

2207 3987 2602 4056 pnedestinatis
2620 4032 2634 4056 ,
2663 3992 2811 4047 illum
2853 4009 2958 4050 non
2986 4011 3126 4052 esse.
3155 3997 3294 4052 Nam
3321 4015 3364 4055 si
3391 4002 3602 4073 fuissent
3629 4019 3691 4059 ex
3717 4023 3802 4060 no-

2207 4078 2302 4145 bis,
2330 4080 2404 4134 ait
2431 4097 2566 4136 unus
2589 4084 3109 4156 prtedestinatorum,
3135 4091 3224 4162 qui
3247 4091 3316 4148 de
3347 4101 3560 4162 pectore
3587 4095 3800 4154 Domini

2207 4171 2412 4227 biberat
2453 4173 2554 4232 hoc
2599 4187 2866 4234 secretum
2889 4219 2905 4245 ,
2961 4184 3261 4238 mansissent
3309 4188 3478 4258 utique
3519 4189 3796 4247 nobiscum.

2204 4261 2340 4328 Quid
2369 4275 2446 4318 est
2471 4307 2488 4332 ,
2516 4281 2716 4337 qtueso,
2743 4267 2862 4323 Non
2890 4283 3034 4326 erant
3063 4289 3126 4328 ex
3149 4275 3310 4342 nobis,
3335 4293 3455 4332 nam
3479 4279 3526 4333 si
3545 4281 3758 4351 fuissent
3777 4325 3794 4348 ,

2205 4358 2501 4412 mansissent
2553 4361 2727 4432 utique
2773 4363 3072 4421 nobiscum?
3123 4367 3309 4424 Nonne
3355 4372 3564 4442 utrique
3607 4388 3638 4427 a
3685 4373 3798 4430 Deo

2203 4450 2398 4513 creati,
2431 4452 2639 4521 utrique
2663 4468 2729 4508 ex
2761 4455 2928 4509 Adam
2953 4458 3091 4523 nati,
3133 4460 3346 4530 utrique
3371 4459 3442 4518 de
3484 4469 3624 4519 terra
3665 4463 3796 4521 facti

2201 4551 2374 4608 erant,
2399 4552 2451 4596 et
2479 4543 2546 4597 ab
2567 4559 2634 4598 eo
2655 4545 2743 4615 qui
2766 4545 2917 4612 dixit,
2949 4547 3372 4622 Omnem/latum
3392 4570 3483 4626 ego
3507 4553 3606 4625 feci
3637 4553 3793 4628 (Isai.

2202 4646 2304 4686 Lvn
2325 4673 2340 4698 ,
2373 4634 2464 4704 £6)
2483 4675 2500 4699 ,
2541 4635 2698 4693 unius
2726 4638 3072 4711 ejusdemque
3103 4651 3307 4699 natm-re
3334 4647 3540 4704 animas
3563 4663 3794 4721 accepe-

2201 4725 2353 4778 rant?
2380 4724 2569 4782 Nonne
2599 4737 2874 4797 postremo
2907 4733 3115 4803 utrique
3150 4736 3322 4791 vocati
3347 4736 3586 4808 fuerant,
3615 4749 3670 4796 et
3692 4757 3794 4797 vo-

2198 4822 2408 4870 cantem
2439 4818 2606 4872 secuti
2625 4857 2641 4884 ,
2671 4820 2880 4890 utrique
2904 4813 3478 4896 eximpiisjustiﬂeati,
3506 4837 3561 4884 et
3586 4845 3684 4902 per
3709 4832 3796 4888 la-

2199 4921 2414 4962 vacrum
2459 4913 2878 4980 regenerationis
2913 4914 3126 4986 utrique
3153 4919 3434 4974 renovati?
3460 4919 3565 4976 Sed
3590 4921 3635 4977 si
3675 4923 3797 4981 lucc

2197 4998 2406 5054 audiret
2443 4999 2563 5066 ille,
2604 5002 2694 5072 qui
2723 5004 2924 5059 sciebat
2951 5008 3138 5074 procul
3173 5008 3338 5064 dubio
3365 5011 3506 5082 quod
3541 5012 3756 5070 dicebat
3777 5058 3794 5084 ,

2197 5091 2523 5160 respondere
2555 5103 2733 5162 posset
2759 5103 2812 5149 et
2840 5096 3019 5152 dicere
3048 5117 3064 5153 :
3097 5098 3232 5154 Vera
3269 5111 3394 5155 sunt
3419 5102 3564 5172 hzec,
3595 5117 3798 5160 secun-

2197 5181 2324 5235 dum
2353 5182 2467 5237 haec
2495 5185 2672 5239 omnia
2697 5201 2762 5240 ex
2787 5188 2941 5242 nobis
2984 5199 3172 5256 erant;
3202 5201 3567 5250 verumtamen
3595 5209 3798 5253 secun-

2197 5272 2323 5327 dum
2345 5273 2502 5328 aliam
2535 5277 2818 5345 quamdam
2847 5278 3226 5337 discretionem
3257 5297 3362 5338 non
3390 5293 3544 5340 erant
3578 5301 3646 5342 ex
3691 5303 3796 5344 no-

2197 5367 2313 5432 bis;
2343 5382 2463 5420 nam
2495 5369 2540 5421 si
2579 5368 2804 5425 fuissent
2831 5388 2896 5428 ex
2925 5374 3108 5441 nobis,
3138 5375 3458 5432 mansissent
3483 5379 3664 5449 utique
3687 5396 3794 5436 no-

2197 5457 2421 5512 biscum.
2445 5457 2576 5526 Qua:
2599 5471 2678 5514 est
2711 5463 2926 5517 tandem
2947 5463 2970 5496 ⁸
2993 5465 3094 5520 ista
3113 5465 3402 5522 discretio?
3429 5468 3617 5523 Patent
3641 5470 3792 5528 Libri

2197 5547 2326 5614 Dei;
2369 5563 2473 5602 non
2501 5560 2801 5609 avertamus
2837 5563 3110 5624 aspectum
3138 5557 3372 5612 :clamat
3399 5557 3672 5630 Scriptura
3702 5563 3794 5618 di-

2261 5676 2281 5756 :
2313 5675 2618 5756 corbeiensis
2635 5686 2694 5756 et_
2701 5683 3102 5756 uanessierianus
3115 5693 3241 5751 Mss,
3255 5686 3522 5752 relaxatio
3543 5689 3790 5756 ingemat.

2261 5739 2282 5801 ξ
2321 5739 2469 5801 Nostri
2486 5751 2658 5788 omnes
2681 5750 2805 5801 Mss,
2828 5751 3102 5798 conterunt.

2266 5799 2286 5830 ³
2319 5797 2599 5848 Noalliensis
2620 5807 2724 5860 his."
2750 5797 2956 5856 insertis.

2263 5861 2284 5894 δ
2315 5871 2491 5909 omnes
2510 5868 2640 5924 Mss,
2659 5871 2832 5916 uunen.
