4122 6492
407 419 545 476 1005

400 545 519 599 vina
545 584 561 610 ,
591 542 940 599 adhibeamus
978 542 1240 599 auditum.
1285 538 1400 597 Non
1437 551 1590 597 erant
1619 558 1682 598 es
1725 541 1805 599 eis
1826 582 1840 606 ,
1871 542 1997 611 quia

398 651 509 691 non
535 644 688 692 erant
710 634 1007 693 secundum
1033 634 1363 705 propositum
1391 633 1598 689 vocati:
1623 647 1731 688 non
1759 642 1916 689 erant
1942 632 1994 686 in

395 725 614 782 Christo
640 725 797 783 electi
823 734 951 783 ante
975 725 1412 785 constitutionem
1443 723 1663 791 mundi,
1708 737 1816 780 non
1842 731 1998 779 erant

394 816 450 871 in
487 830 557 873 eo
597 825 799 873 sortem
826 817 1136 885 consecuti,
1163 830 1275 872 non
1317 824 1472 872 erant
1508 814 1874 886 przedestinati
1903 828 1995 869 so-

392 909 631 966 cundum
654 910 985 981 propositum
1005 909 1140 980 ejus,
1161 908 1253 980 qui
1276 908 1526 964 universa
1553 915 1832 978 operatur.
1862 907 1994 962 Nam

393 1002 440 1058 si
467 1000 572 1057 hoc
595 1011 796 1068 essent,
824 1015 891 1057 ex
917 1000 1024 1058 illis
1044 1009 1248 1067 essent,
1279 1009 1476 1057 etcum
1505 999 1612 1055 illis
1637 1000 1758 1056 sine
1782 998 1997 1056 dubita-

394 1095 540 1150 tione
564 1092 911 1151 mansissent.
1184 1152 1197 1165 ,

1001 1152 1373 1258 dicamquam
1418 1184 1490 1241 sit
1538 1145 1795 1257 possibile
1838 1185 1952 1245 Deo
1976 1226 1991 1250 ,

392 1294 614 1336 aversas
637 1289 693 1336 ct
717 1278 974 1335 adversas
1002 1279 1056 1335 in
1097 1278 1256 1335 iidem
1272 1293 1436 1334 suam
1462 1278 1742 1334 hominum
1762 1290 1993 1333 conver-

392 1381 508 1427 tere
532 1371 853 1437 voluntates,
879 1378 937 1427 et
963 1370 1018 1426 in
1047 1385 1238 1427 eorum
1252 1370 1507 1426 cordibus
1524 1371 1758 1441 operari,
1792 1380 1849 1425 ut
1874 1370 1995 1426 nul-

392 1464 460 1520 lis
496 1464 915 1522 adversitatibus
949 1464 1178 1531 cedant,
1213 1478 1315 1520 nec
1341 1463 1410 1519 ab
1436 1463 1529 1520 illo
1552 1465 1727 1534 aliqua
1753 1463 1993 1536 superati

395 1557 692 1614 tentatione
711 1557 1030 1623 discedant;
1061 1571 1184 1613 cum
1210 1554 1384 1629 possit
1410 1565 1468 1612 et
1494 1553 1635 1628 quod
1661 1554 1737 1612 ait
1756 1555 1990 1626 Aposto-

393 1645 479 1704 lus
503 1646 717 1715 iacere,
743 1660 800 1705 ut
824 1663 931 1705 non
957 1663 1057 1707 eos
1076 1648 1347 1722 permittat
1368 1649 1563 1705 tentari
1590 1662 1755 1719 super
1777 1647 1827 1703 id
1849 1647 1990 1719 quod

392 1749 617 1811 possunt
646 1738 687 1814 (1
711 1736 832 1797 Cor.
861 1756 897 1797 ι
916 1778 936 1809 ,
968 1740 1059 1812 iii)
1089 1757 1104 1796 :
1138 1749 1195 1796 ut
1225 1754 1357 1811 ergo
1381 1738 1437 1795 id
1457 1736 1572 1794 'non
1596 1738 1772 1793 dicam
1796 1778 1812 1803 ,
1842 1747 1991 1795 certe

392 1842 601 1905 poterat
627 1835 746 1892 illos
772 1834 913 1892 Deus
940 1834 1232 1906 praesciens
1258 1849 1381 1890 esse
1409 1834 1675 1904 lapsuros,
1700 1841 1988 1904 antequam

390 1924 445 1981 id
481 1923 634 1982 iieret
656 1967 671 1993 ,
711 1926 925 1982 auferre
943 1924 1012 1981 de
1034 1924 1135 1981 hac
1160 1926 1287 1981 vita.
1311 1927 1392 1980 An
1423 1940 1492 1981 eo
1516 1924 1738 1980 redituri
1765 1936 1952 1980 sumus
1970 1965 1986 1991 ,

390 2029 449 2075 ut
477 2019 651 2075 adhuc
678 2020 1032 2091 disputemus,
1055 2027 1249 2091 quanta
1275 2019 1603 2074 absurditate
1625 2018 1861 2087 dicatur,
1896 2017 1987 2088 ju-

346 2109 557 2192 .dicari
586 2110 829 2166 homines
866 2121 1109 2166 mortuos
1135 2110 1297 2166 etiam
1322 2110 1392 2166 de
1431 2107 1515 2165 bis
1553 2110 1822 2180 peccatis,
1863 2124 1988 2181 quae

394 2200 659 2270 prmsclvit
687 2215 781 2257 eos
806 2201 949 2258 Deus
973 2208 1375 2273 perpetraturos
1404 2200 1571 2259 fuisse
1590 2243 1604 2268 ,
1632 2202 1677 2257 si
1707 2199 1988 2258 viverent?

391 2290 543 2359 Quod
575 2291 645 2346 ita
665 2291 918 2349 abhorret
951 2307 982 2348 a
1010 2293 1258 2349 sensibus
1285 2293 1592 2350 christianis
1609 2336 1625 2361 ,
1649 2303 1742 2349 aut
1768 2309 1986 2365 prorsus

391 2383 641 2439 humanis
662 2427 677 2450 ,
710 2393 767 2439 ut
788 2384 839 2440 id
868 2385 1029 2440 etiam
1057 2385 1305 2441 refellere
1331 2384 1546 2455 pudeat.
1568 2384 1677 2441 Cur
1695 2386 1839 2440 enim
1877 2400 1985 2441 non

306 2488 309 2491 '
389 2475 631 2542 dicatur,
663 2488 717 2533 et
748 2477 919 2548 ipsum
947 2477 1294 2548 Evangelium
1320 2492 1443 2533 eum
1469 2486 1616 2534 tanto
1640 2477 1822 2534 labore
1863 2493 1987 2550 pas-

391 2566 743 2637 sionibusque
770 2578 1078 2624 sanctorum
1119 2568 1312 2624 frustra
1335 2584 1457 2626 esse
1488 2570 1830 2640 pnedicatum
1854 2610 1871 2637 ,
1899 2571 1985 2627 vel

386 2659 563 2717 adhuc
601 2662 761 2719 etiam
801 2662 1082 2731 praedicari
1119 2681 1133 2718 :
1165 2662 1210 2717 si
1244 2662 1472 2733 iudicari
1518 2672 1764 2734 poterant
1808 2663 1985 2720 homi-

386 2765 516 2820 nes,
548 2752 708 2808 etiam
736 2768 843 2808 non
887 2753 1069 2809 audito
1097 2753 1421 2825 Evangelio,
1463 2754 1760 2810 secundum
1789 2765 1984 2811 contu-

386 2846 610 2901 maciam
637 2846 725 2903 vel
753 2846 1140 2913 obedientiam,
1171 2863 1331 2917 quam
1358 2848 1623 2917 prmscivit
1651 2849 1792 2904 Deus
1829 2848 1982 2905 habié

387 2947 534 2993 turos
554 2937 719 2994 fuisse
742 2980 757 3005 ,
785 2939 832 2994 si
856 2940 1170 2996 audissent?
1192 2938 1302 2995 Nec
1326 2939 1711 2995 damnarentur
1730 2940 1906 3011 Tyrus
1930 2950 1986 2997 et

385 3027 572 3096 Sidon,
604 3029 846 3101 quamvis
875 3030 1154 3086 remissius
1169 3044 1328 3100 quam
1348 3030 1455 3085 illa:
1477 3030 1753 3098 civitates,
1782 3029 1834 3085 in
1859 3031 1981 3101 qui-

385 3121 486 3177 bus
526 3137 633 3177 non
676 3121 1023 3178 credentibus
1062 3138 1092 3177 a
1124 3122 1353 3178 Domino
1379 3121 1595 3178 Christo
1622 3120 1882 3177 mirabilia
1909 3122 1984 3177 si-

386 3227 490 3282 gna
512 3213 530 3246 ⁸
560 3225 685 3269 sunt
708 3213 846 3270 facta
880 3231 895 3270 :
927 3215 1179 3286 quoniam
1213 3215 1258 3270 si
1282 3214 1423 3285 apud
1453 3214 1570 3269 illas
1600 3214 1734 3269 iacta
1760 3225 1941 3271 essent
1960 3257 1976 3282 ,

385 3306 439 3361 in
460 3307 644 3363 cinere
664 3316 718 3363 et
742 3306 919 3363 cilicio
945 3307 1320 3378 paenitentiam
1346 3306 1603 3378 egissent;
1635 3307 1775 3362 sicut
1794 3320 1856 3363 se
1884 3305 1982 3361 hac

384 3397 514 3453 bent
522 3398 742 3470 eloquia
768 3399 1039 3467 veritatis,
1072 3398 1126 3453 in
1148 3399 1343 3470 quibus
1367 3398 1548 3455 verbis
1585 3396 1697 3453 suis
1724 3398 1981 3453 Dominus

382 3487 540 3544 Jesus
582 3489 743 3546 altius
787 3489 941 3546 nobis
988 3490 1300 3563 mysterium
1356 3487 1838 3560 przedestiuationis
1887 3503 1978 3546 os-

384 3581 575 3639 tendit.

452 3677 545 3733 25.
568 3676 626 3733 Si
654 3677 797 3734 enim
825 3688 1097 3749 quaeratur
1118 3694 1147 3733 a
1176 3677 1365 3747 nobis,
1407 3693 1504 3734 cur
1538 3665 1677 3750 apud
1712 3693 1806 3734 eos
1834 3687 1977 3734 tanta

380 3768 636 3825 miracula
675 3768 814 3825 facta
857 3770 965 3825 sint
991 3770 1082 3842 qui
1113 3769 1356 3827 videntes
1382 3786 1444 3827 ea
1472 3785 1579 3826 nou
1610 3769 1821 3826 fuerant
1861 3785 1982 3827 cre-

379 3857 542 3914 dituri
563 3901 579 3928 ,
610 3868 665 3915 et
683 3859 823 3933 apud
847 3876 940 3916 eos
964 3859 1099 3916 facta
1128 3876 1232 3917 non
1271 3861 1380 3917 sint
1406 3861 1496 3933 qui
1519 3861 1802 3918 crederent
1822 3862 1867 3918 si
1897 3863 1977 3918 vi-

379 3948 589 4017 derent;
611 3951 740 4023 quid
764 3951 1251 4023 respondebimus?
1269 3951 1534 4024 Numquid
1552 3951 1745 4009 dicturi
1767 3969 1974 4021 sumus,

378 4042 596 4112 quodin
623 4042 761 4099 libro
781 4044 873 4099 illo
900 4043 1047 4113 dixi,
1076 4044 1166 4100 ubi
1199 4058 1292 4101 sex
1320 4044 1641 4116 quibusdam
1667 4044 1980 4116 quaestioni-

378 4133 480 4188 bus
510 4134 842 4206 Paganornm
862 4176 876 4201 ,
908 4135 1027 4191 sine
1051 4135 1361 4207 praejudicio
1389 4144 1565 4191 tamen
1591 4136 1816 4192 aliarum
1844 4151 1976 4192 cau-

378 4241 557 4283 sarum
580 4270 595 4295 ,
626 4244 760 4300 quas
787 4230 1077 4301 prudentes
1109 4239 1330 4301 possunt
1355 4230 1651 4302 vestigare,
1682 4228 1978 4301 respondi?

381 4318 496 4377 Hec
519 4323 741 4392 quippe,
775 4331 834 4377 ut
860 4322 1043 4389 scitis,
1074 4338 1197 4378 eum
1230 4323 1474 4379 Christus
1501 4337 1668 4394 quare
1704 4331 1827 4395 post
1865 4331 1974 4378 tam

377 4411 535 4483 longa
565 4421 806 4483 tempora
843 4416 1091 4482 venerit,
1122 4426 1457 4486 quaereretur
1478 4457 1493 4481 ,
1525 4416 1677 4483 dixi,
1716 4417 1853 4487 quod
1896 4416 1976 4472 his

379 4503 687 4575 temporibus
711 4515 757 4558 et
802 4505 881 4560 his
910 4507 1031 4560 locis
1054 4507 1236 4577 quibus
1278 4506 1613 4581 Evangelium
1638 4510 1748 4581 ejus
1776 4526 1876 4564 non
1902 4519 1974 4565 est

380 4593 710 4662 pra'dicatum
736 4637 751 4659 ,
786 4596 913 4650 tales
940 4613 1112 4652 omnes
1136 4599 1190 4652 in
1229 4601 1340 4669 ejus
1369 4601 1732 4671 prwdicatioue
1775 4606 1974 4673 futuros

376 4701 484 4742 esse
502 4687 818 4758 prwsciebat,
848 4689 1024 4758 quales
1047 4688 1201 4742 multi
1219 4690 1273 4742 in
1296 4690 1411 4759 ejus
1429 4691 1683 4763 corporali
1705 4693 1973 4761 praseutia

375 4777 583 4848 [uerunt
602 4820 616 4845 ,
647 4777 734 4847 qui
756 4778 806 4832 in
836 4795 949 4833 eum
970 4793 1060 4832 uec
1087 4777 1342 4833 suscitatis
1363 4778 1425 4833 ab
1445 4795 1504 4834 eo
1519 4781 1730 4835 mortuis
1767 4781 1974 4837 credere

373 4865 661 4923 voluerunt.
706 4868 835 4923 item
882 4867 1039 4939 paulo
1068 4876 1192 4938 pust
1232 4867 1285 4922 in
1315 4867 1505 4923 eodem
1534 4868 1702 4935 libro,
1731 4877 1891 4939 atque
1917 4869 1971 4926 in

372 4961 562 5018 eadem
602 4962 899 5033 quaestione
927 4981 939 5015 :
972 4961 1109 5029 Quid
1143 4961 1361 5036 mirum”
1387 4960 1632 5031 inquam,
1661 4961 1706 5017 si
1733 4971 1836 5015 tam
1861 4961 1971 5031 inﬁ-

373 5054 571 5110 delibus
612 5057 818 5127 plenum
855 5054 1025 5110 orbem
1053 5064 1302 5110 terrarum
1330 5053 1563 5110 Christus
1599 5053 1852 5124 prioribus
1875 5070 1972 5109 sa:-

371 5146 501 5200 culis
527 5156 762 5213 noverat,
803 5156 861 5202 ut
902 5147 974 5202 eis
1004 5146 1274 5218 prwdicari
1307 5146 1484 5200 merito
1511 5144 1697 5212 uallet,
1727 5162 1854 5218 quos
1879 5164 1971 5201 uec

374 5236 533 5293 verbis
580 5255 671 5293 uec
725 5240 989 5294 miraculis
1053 5240 1160 5294 suis
1211 5239 1489 5294 credituros
1527 5254 1634 5294 esse
1680 5239 1970 5309 prwscicbat

375 5325 567 5399 (Epist.
600 5328 734 5394 102,
765 5340 941 5400 ιῃιανει.
965 5329 1057 5400 2)?
1084 5330 1210 5385 lianc
1238 5339 1385 5386 certe
1409 5330 1477 5385 de
1501 5329 1645 5402 Tyro
1679 5337 1734 5385 et
1767 5330 1969 5386 Sidone

373 5434 480 5475 non
507 5434 792 5491 possumus
816 5420 995 5475 dicere
1018 5462 1034 5487 ,
1066 5431 1120 5477 et
1146 5420 1199 5475 iu
1242 5423 1321 5476 eis
1350 5421 1723 5491 cognoscimus
1761 5420 1828 5475 ad
1875 5436 1967 5477 eas

373 5527 564 5569 causas
593 5512 1074 5583 prmdcstinationis
1105 5514 1220 5568 haec
1242 5513 1420 5568 divina
1446 5513 1644 5583 judicia
1676 5514 1964 5583 pertinere,

373 5604 490 5660 sine
517 5619 742 5676 quarum
772 5618 1050 5659 causarum
1078 5604 1356 5660 latentium
1385 5605 1696 5675 praeiudicio
1716 5613 1841 5661 tunc
1867 5606 1965 5662 ista

375 5696 699 5766 respondere
724 5710 812 5750 me
835 5694 965 5750 dixi.
991 5694 1169 5751 Facile
1196 5704 1279 5751 est
1299 5697 1495 5766 quippe
1519 5705 1578 5752 ut
1600 5697 1971 5754 infidelitatem

375 5802 683 5860 accusemus
707 5786 1011 5843 intimorum
1039 5786 1106 5841 de
1135 5785 1298 5841 libera
1328 5787 1598 5844 voluntate
1628 5786 1962 5852 venientem,

455 5904 473 5934 ⁸
496 5910 595 5951 Am.
620 5906 695 5951 Er.
713 5907 766 5952 et
778 5898 959 5962 aliquot
975 5908 1079 5952 Mss.
1098 5937 1112 5962 ,
1136 5904 1180 5950 et
1203 5896 1357 5963 sigma.

1426 418 1631 476 LIBER
1668 420 1757 475 DE
1796 419 1975 478 00Νο
2016 422 2638 488 PERSEVERANTIA‘J.

3572 442 3708 511 1006

2107 542 2198 613 qui
2226 543 2381 601 factis
2408 549 2550 618 apud
2576 566 2635 608 se
2663 562 2768 608 tam
2802 559 3007 627 magnis
3035 559 3318 620 virtutibus
3342 566 3566 625 credere
3610 586 3707 625 no.

2104 633 2341 724 luerunt.
2370 638 2524 705 Quod
2550 653 2605 697 et
2636 644 2891 700 Dominus
2919 646 3209 720 increpans
3225 655 3417 724 arguit,
3447 665 3502 713 et
3528 658 3655 717 dicit
3687 683 3703 722 :

2228 725 2319 781 tibi
2341 770 2356 795 ,
2387 726 2675 790 Chorozaiu
2714 747 2761 791 et
2788 736 3066 793 Bellisaida
3095 757 3113 795 :
3145 744 3266 811 quia
3307 745 3353 799 si
3397 746 3452 801 in
3493 747 3630 821 Tyro
3656 765 3703 807 et

2105 816 2300 872 Sidone
2328 822 2479 892 factm
2498 824 2710 893 fuissent
2733 831 2965 896 virtutes,
2993 848 3109 902 qua:
3136 835 3289 906 facta:
3314 846 3434 892 sunt
3459 839 3511 893 in
3537 816 3698 901 uobis.

2102 911 2224 963 οΙίικ
2261 911 2315 965 iu
2347 912 2512 969 cilicio
2531 926 2578 971 et
2599 919 2766 975 cinere
2784 924 3124 993 paenitentiam
3148 926 3381 998 egissent.
3413 929 3518 987 Sed
3544 947 3699 989 num-

2101 1003 2226 1074 quid
2256 1020 2538 1075 possumus
2556 1009 2737 1068 dicere
2756 1053 2771 1080 ,
2799 1015 2961 1071 etiam
3000 1015 3192 1089 Tyrios
3214 1030 3269 1075 et
3291 1018 3546 1079 Sidonios
3573 1027 3696 1081 tali-

2102 1099 2200 1155 bus
2224 1101 2366 1172 apud
2412 1118 2472 1160 se
2513 1104 2799 1162 virtutibus
2840 1107 2993 1165 laetis
3032 1111 3257 1171 credere
3293 1113 3561 1186 noluisse,
3603 1132 3697 1177 aut

2098 1192 2399 1249 credituros
2426 1209 2532 1252 non
2556 1196 2747 1263 fuisse,
2772 1200 2817 1256 si
2842 1200 3070 1260 fierent?
3092 1219 3214 1262 cum
3241 1205 3323 1264 eis
3361 1208 3478 1278 ipse
3508 1210 3695 1268 Domi-

2099 1294 2200 1338 nus
2237 1291 2552 1352 attestetur,
2582 1289 2724 1359 quod
2751 1288 2917 1345 acturi
2941 1298 3120 1344 essent
3148 1304 3352 1358 magnae
3380 1290 3694 1345 humilitatis

2100 1374 2501 1448 paenitentiam,
2530 1379 2578 1436 si
2617 1379 2673 1435 in
2697 1379 2779 1436 eis
2804 1378 2940 1437 facta
2966 1390 3151 1439 essent
3171 1381 3473 1439 divinarum
3500 1384 3592 1441 llla
3616 1384 3702 1441 sl-o

2094 1480 2199 1539 gna
2249 1469 2534 1526 virtutum.
2579 1470 2649 1527 Et
2694 1481 2873 1527 tamen
2915 1471 2976 1528 in
3017 1471 3110 1528 die
3143 1471 3327 1539 iudicii
3367 1485 3685 1542 potirentur,

2096 1574 2342 1629 quamvis
2365 1562 2563 1617 minori
2595 1567 2859 1634 supplicio
2895 1577 3054 1633 quam
3083 1564 3207 1620 illae
3244 1568 3490 1622 civitates
3512 1606 3530 1633 ,
3572 1576 3697 1638 quia:

2095 1649 2236 1718 apud
2262 1664 2321 1706 se
2350 1650 2631 1707 virtutibus
2671 1653 2823 1708 iactis
2862 1652 3086 1710 credere
3131 1655 3440 1712 noluerunt.
3465 1657 3695 1715 Secutus

2093 1741 2238 1797 enim
2280 1742 2535 1800 Dominus
2574 1746 2650 1801 ait
2679 1763 2693 1799 :
2733 1743 3085 1800 Verumtamen
3115 1747 3230 1801 dico
3273 1745 3446 1815 vobis,
3479 1746 3618 1821 Tyro
3645 1760 3694 1805 et

2096 1833 2284 1891 Sidoni
2304 1836 2563 1893 remissius
2590 1838 2684 1892 erit
2709 1838 2764 1893 in
2787 1837 2870 1893 die
2905 1839 3093 1909 judicii
3122 1856 3274 1909 quam
3310 1839 3448 1895 vobis
3472 1838 3689 1914 (Matth.

2094 1936 2148 1981 ιι
2167 1968 2183 1994 ,
2212 1926 2314 1994 21,
2339 1926 2459 1998 22).
2486 1928 2736 1985 Severius
2764 1944 2891 1999 ergo
2917 1930 3206 2001 punientur
3240 1931 3360 1998 isti,
3394 1929 3467 1987 illi
3498 1932 3690 1988 temis-

2092 2015 2245 2084 sius;
2276 2019 2371 2074 sed
2398 2028 2575 2076 tamen
2602 2019 2909 2090 punientur.
2936 2021 3104 2077 Porro
3128 2022 3175 2077 si
3199 2022 3361 2077 etiam
3384 2016 3690 2078 secundum

2090 2107 2226 2163 facta
2244 2125 2363 2179 qua:
2385 2111 2574 2167 facturi
2599 2122 2780 2167 essent
2800 2111 2848 2168 si
2864 2112 3122 2177 viverent,
3145 2114 3339 2168 mortui
3360 2112 3688 2184 juditsmtur;

2092 2198 2353 2269 proiecto,
2377 2202 2499 2273 quia
2528 2202 2715 2259 iideies
2744 2203 2906 2259 futuri
2931 2213 3086 2260 erant
3111 2204 3219 2272 isti,
3243 2205 3288 2260 si
3318 2205 3398 2260 eis
3424 2220 3547 2261 cum
3575 2215 3694 2261 tan-

2092 2291 2161 2347 tis
2208 2292 2484 2349 miraculis
2513 2293 2704 2350 i'uisset
2748 2296 3093 2367 Evangelium
3137 2296 3483 2369 praedicatum
3509 2339 3526 2365 ,
3581 2315 3688 2354 non

2090 2386 2702 2457 suntutiquepunieudi;
2722 2389 3006 2458 punientur
3028 2401 3243 2455 autem;
3275 2392 3353 2463 (a)
3376 2391 3565 2447 falsum
3606 2403 3692 2449 est

2091 2474 2252 2546 igitur
2278 2486 2333 2532 et
2351 2478 2646 2534 secundum
2683 2494 2747 2535 ea
2777 2488 3020 2536 mortuos
3060 2479 3288 2551 iudicari
3310 2523 3325 2547 ,
3353 2497 3475 2553 quas
3498 2482 3686 2538 facturi

2091 2576 2273 2624 essent
2308 2567 2355 2624 si
2389 2569 2458 2625 ad
2484 2569 2730 2627 viventes
2776 2570 3123 2642 Evangelium
3163 2573 3486 2643 perveniret.
3531 2573 3601 2629 Et
3642 2574 3688 2628 si

2091 2657 2196 2716 hoc
2224 2660 2415 2717 falsum
2450 2671 2566 2728 est,
2590 2678 2697 2718 non
2727 2672 2809 2719 est
2831 2678 2930 2719 cur
2948 2663 3156 2720 dicatur
3189 2663 3258 2720 de
3284 2664 3573 2722 infantibus
3596 2667 3687 2737 qui

2089 2762 2314 2823 pereunt
2345 2754 2465 2810 sine
2504 2752 2834 2827 Baptismate
2879 2755 3201 2824 morientes,
3246 2754 3349 2811 hoc
3391 2756 3444 2811 in
3496 2756 3578 2813 eis
3621 2772 3690 2812 co

2088 2845 2281 2900 merito
2302 2843 2440 2914 fieri,
2467 2846 2591 2916 quia
2611 2846 2883 2919 prmscivit
2902 2861 2997 2903 eos
3020 2846 3182 2915 Deus,
3203 2847 3251 2904 si
3272 2848 3533 2914 viverent,
3560 2862 3692 2919 pra:-

2088 2934 2431 3008 dicatumque
2457 2938 2563 2994 illis
2588 2938 2775 2996 fuisset
2801 2932 3145 3011 Evangelium
3168 2981 3183 3006 ,
3214 2940 3504 2997 inildeliter
3531 2940 3687 2996 audi-

2088 3034 2263 3081 turos.
2279 3027 2460 3084 Restat
2480 3027 2642 3101 igitur
2668 3037 2728 3085 ut
2753 3030 2867 3085 solo
2887 3038 3107 3102 peccato
3132 3031 3377 3102 originali
3408 3041 3688 3088 teneantur

2087 3117 2359 3186 obstricti,
2389 3130 2444 3176 et
2464 3131 2685 3193 propter
2707 3122 2811 3179 hoc
2830 3122 3003 3178 solum
3030 3132 3160 3183 eant
3188 3124 3243 3180 in
3263 3124 3682 3195 damnationem;

2086 3209 2231 3282 quod
2280 3210 2523 3269 videmus
2563 3213 2581 3246 ⁸
2610 3214 2730 3270 aliis
2771 3213 3016 3270 eamdem
3063 3215 3382 3273 habentibus
3421 3232 3638 3275 causam
3663 3262 3681 3286 ,

2086 3315 2197 3358 non
2225 3300 2328 3358 nisi
2354 3318 2448 3374 per
2477 3302 2568 3361 Dei
2598 3306 2882 3376 gratuitam
2903 3308 3127 3378 gratiam
3157 3309 3561 3380 regeneratione
3583 3310 3685 3367 do-

2085 3393 2232 3460 nari;
2258 3402 2314 3449 et
2340 3394 2457 3465 ejus
2491 3397 2732 3463 occulto,
2771 3396 2919 3468 justo
2949 3409 3127 3454 tamen
3161 3399 3398 3469 judicio,
3429 3400 3682 3474 quoniam
3746 3408 3751 3413 ’

2084 3497 2191 3539 non
2221 3493 2307 3539 est
2331 3482 2582 3557 iniquitas
2608 3486 2748 3557 apud
2777 3488 2947 3543 Deum
2979 3488 3155 3562 (Rom.
3206 3505 3260 3547 ix
3285 3533 3301 3559 ,
3351 3491 3472 3565 14),
3514 3507 3683 3563 quos-

2083 3575 2205 3631 dam
2234 3577 2394 3632 ctiam
2436 3586 2556 3649 post
2583 3579 2914 3652 Baptismum
2946 3582 3179 3653 pessime
3206 3583 3437 3642 vivendo
3478 3586 3682 3658 peritu-

2084 3684 2207 3736 ros,
2236 3670 2290 3727 in
2318 3670 2420 3728 hac
2459 3683 2636 3729 tamen
2676 3674 2784 3730 vita
2811 3689 2919 3745 quo
2948 3690 3118 3746 usque
3146 3687 3369 3746 pereant
3407 3677 3635 3735 detineri
3659 3697 3677 3748 ;

2083 3759 2175 3831 qui
2195 3776 2302 3816 non
2330 3763 2589 3832 perirent,
2617 3763 2664 3818 si
2689 3764 2769 3820 eis
2792 3765 3035 3835 corporis
3057 3780 3220 3833 mors,
3257 3766 3459 3837 lapsum
3489 3766 3677 3825 eorum

2084 3852 2452 3922 praeveniens,
2514 3853 2842 3910 subveniret.
2897 3855 3161 3924 Quoniam
3211 3856 3679 3916 nullus~mortuus

2078 3942 2348 4012 judicatur
2371 3952 2439 4000 ex
2467 3944 2622 4001 bonis
2650 3960 2745 4003 seu
2772 3946 2927 4003 malis
2948 3988 2964 4015 ,
2997 3962 3118 4018 qua:
3159 3948 3331 4005 fuerat
3358 3951 3402 4006 si
3431 3968 3537 4008 non
3563 3968 3680 4009 mo-

2084 4044 2293 4090 reretur
2316 4043 2535 4091 acturus
2565 4037 2839 4108 :alioquin
2867 4037 3014 4111 Tyrii
3043 4048 3098 4095 et
3123 4039 3455 4097 Sidonii‘non
3480 4057 3678 4099 secun-

2082 4123 2208 4180 dum
2235 4140 2298 4182 ea
2327 4141 2446 4198 quae
2464 4136 2749 4197 gesserunt
2784 4144 2972 4201 pmuas
2998 4130 3236 4198 luerent;
3264 4131 3358 4189 sed
3383 4134 3560 4204 potius
3586 4149 3677 4192 se-

2081 4217 2315 4273 cundum
2340 4234 2403 4274 ea
2425 4235 2546 4290 quae
2570 4221 2770 4292 gesturi
2794 4220 3026 4289 fuerant,
3055 4222 3101 4278 si
3128 4223 3183 4279 in
3209 4223 3289 4280 eis
3318 4225 3427 4280 illa:
3451 4226 3677 4284 virtutes

2080 4310 2403 4381 evangelicae
2429 4311 2584 4368 facta:
2610 4311 2865 4382 fuissent,
2893 4329 2992 4385 per
3018 4315 3276 4386 grandem
3303 4316 3674 4387 paenitentiam

2080 4410 2137 4459 et
2163 4417 2259 4474 per
2283 4403 2479 4459 Christi
2506 4403 2667 4461 ﬁdem
2696 4417 3159 4478 consequerentur
3182 4408 3431 4464 salutem.

2149 4517 2378 4576 CAPUT
2415 4519 2485 4575 Χ.
2520 4550 2594 4561 -
2624 4520 2716 4576 24.
2756 4521 2983 4590 Quidam
3029 4520 3329 4593 disputator
3374 4524 3671 4581 catholicus

2079 4624 2187 4664 non
2215 4609 2464 4680 ignobilis
2492 4609 2634 4666 hunc
2659 4609 2941 4683 Evangelii
2976 4612 3153 4667 locum
3194 4613 3274 4668 sic
3316 4615 3585 4685 exposuit,
3616 4625 3673 4670 ut

2078 4700 2281 4757 diceret
2307 4701 2587 4772 prazscisse
2614 4702 2898 4757 Dominum
2929 4702 3120 4774 Tyrios
3146 4711 3204 4759 et
3231 4703 3482 4759 Sidonios
3506 4720 3537 4760 a
3566 4704 3672 4761 iide

2079 4790 2240 4846 fuisse
2259 4801 2446 4865 postea
2473 4806 2802 4858 recessuros,
2834 4807 2954 4847 cum
2978 4791 3131 4847 iactis
3156 4793 3296 4863 apud
3317 4810 3377 4850 se
3400 4795 3671 4866 miraculis

2076 4880 2449 4947 credidissent,
2476 4891 2530 4937 et
2551 4881 2917 4938 misericordia
2945 4869 3120 4953 potius
3148 4900 3252 4937 nou
3280 4900 3405 4940 eum
3436 4886 3545 4942 illic
3566 4887 3668 4946 ista

2077 4975 2300 5033 fecisse:
2330 4977 2580 5049 quoniam
2609 4978 2840 5050 graviori
2885 4995 3059 5050 pinna:
3104 4978 3322 5038 obnoxii
3372 4984 3664 5052 iicrent,-si

2076 5067 2233 5125 ﬁdem
2256 5084 2413 5141 quam
2438 5079 2721 5126 tenuerant
2741 5071 3101 5142 reliquissent,
3128 5088 3289 5144 quam
3310 5074 3356 5130 si
3380 5092 3496 5131 eam
3520 5078 3668 5134 nullo

2074 5166 2316 5233 tempore
2346 5160 2661 5217 tenuissent.
2691 5161 2746 5216 In
2773 5177 2875 5233 qua
2899 5163 3160 5218 sententia
3183 5164 3325 5221 docti
3357 5166 3589 5223 hominis
3609 5180 3664 5225 et

2072 5252 2357 5309 admodum
2384 5254 2547 5319 acuti,
2577 5269 2698 5325 quae
2722 5254 2829 5309 sint
2856 5253 3031 5310 adhuc
3058 5256 3249 5312 merito
3274 5259 3591 5330 requirenda
3618 5262 3662 5329 ',

2072 5344 2199 5417 quid
2227 5361 2314 5401 me
2340 5361 2481 5403 nunc
2509 5346 2699 5402 attinet
2726 5346 2929 5416 dicere,
2965 5362 3086 5403 cum
3110 5358 3165 5405 et
3190 5349 3300 5420 ipsa
3333 5351 3488 5408 nobis
3512 5351 3580 5409 ad
3610 5352 3663 5408 id

2071 5434 2212 5507 quod
2234 5436 2439 5507 agimus
2463 5435 2822 5508 sull‘ragetur?
2846 5438 2901 5494 Si
2929 5439 3070 5495 enim
3107 5440 3452 5499 miseratione
3477 5442 3662 5499 Domi-

2071 5544 2175 5585 nus
2202 5545 2308 5585 non
2338 5528 2464 5587 fecit
2493 5530 2544 5584 in
2586 5530 2701 5587 iStis
2736 5530 2981 5598 virtutes,
3013 5547 3110 5603 per
3133 5549 3265 5605 quas
3290 5534 3409 5591 ﬁeri
3439 5546 3661 5605 possent

2136 5717 2153 5749 ι
2171 5716 2261 5786 sic
2277 5723 2382 5767 Mss.
2407 5716 2525 5786 Editi
2550 5730 2689 5778 vero,
2706 5717 2932 5786 quoniam
2954 5715 3187 5786 tidemus,
3213 5726 3267 5770 Et
3289 5721 3430 5782 infra,
3458 5734 3546 5786 per
3573 5722 3665 5777 Dei

2068 5777 2329 5843 gratuitam
2348 5777 2557 5843 gratiam
2578 5777 2980 5843 t'WUliUﬂQﬂt
3002 5780 3191 5833 domui.
3339 5841 3347 5843 _
3417 5777 3469 5843 ’ί
3586 5822 3592 5829 .

2134 5842 2155 5909 ξ
2189 5838 2371 5909 in
2390 5838 2588 5909 legitur,
2607 5838 2827 5909 quaesiui
2846 5841 3007 5909 adhuc
3026 5842 3196 5893 merita
3211 5841 3524 5909 reqm'reuda.

2136 5900 2210 5964 (a)
2245 5902 2327 5951 llic
2358 5900 2523 5961 incipit
2541 5900 2684 5967 caput
2712 5903 2769 5955 10
2791 5903 2917 5968 apud
2940 5914 3038 5954 Αω-
3060 5912 3112 5955 et
3135 5911 3211 5956 Er.
