4140 6522
485 453 622 514 1007

483 567 688 631 ﬁdeles,
715 578 782 619 ne
803 559 1012 631 gravius
1037 556 1351 628 punirentur
1374 568 1494 610 cum
1522 560 1704 622 postea
1731 549 1917 605 ﬁerent
1945 547 2065 601 inti-

439 731 442 734 t
483 660 656 724 deles,
677 655 818 728 quod
848 669 942 710 eos
969 650 1176 706 futuros
1197 649 1358 703 fuisse
1387 644 1675 716 prznscivit;
1704 642 1834 696 satis
1857 647 2068 711 aperte-

486 765 592 822 que
621 753 968 810 monstratur,
1013 741 1080 796 de
1119 739 1204 794 his
1245 737 1480 810 peccatis
1529 733 1796 788 neminem
1838 728 2064 800 judicari

484 820 840 904 mortuorum,
870 851 989 907 qum
1015 831 1280 903 prmscivit
1309 829 1472 884 fuisse
1511 827 1790 885 facturum,
1817 821 1862 875 si
1889 820 2066 888 aliquo

485 931 645 988 modo
671 931 718 988 ci
749 943 814 983 nc
844 927 928 982 illa
960 924 1114 980 faciat
1143 920 1492 978 subvenitur:
1521 917 1656 970 sicut
1685 913 1858 983 Tyriis
1885 919 1939 965 et
1976 909 2066 965 Sis

483 1021 677 1086 doniis,
707 1019 751 1074 si
792 1016 1055 1073 sententia
1085 1014 1170 1068 illa
1217 1025 1338 1066 vera
1371 1019 1472 1074 est,
1517 1005 1830 1062 subvenisse
1871 1001 2065 1056 dicitur

481 1115 749 1178 Christus,
781 1125 916 1182 quos
959 1107 1146 1163 maluit
1177 1120 1280 1159 non
1307 1101 1567 1158 accedere
1593 1098 1658 1154 ad
1689 1096 1869 1162 ﬁdem,
1903 1109 2062 1165 quam

483 1207 688 1262 scelere
715 1203 880 1258 multo
905 1199 1146 1271 graviore
1171 1194 1446 1250 discedere
1470 1207 1500 1246 a
1532 1190 1653 1252 ﬁde,
1696 1187 1837 1259 quod
1871 1200 1986 1250 eos,
2017 1184 2063 1239 si

481 1297 854 1361 accessissent,
887 1290 1200 1364 praeviderat
1229 1286 1390 1360 fuisse
1431 1284 1682 1338 facturos.
1729 1277 1983 1345 Quamvis
2018 1277 2062 1330 si

482 1389 710 1453 dicatur,
737 1385 844 1440 Cur
884 1397 990 1437 non
1019 1380 1212 1435 factum
1243 1386 1324 1431 est
1365 1382 1422 1428 nt
1458 1371 1739 1428 crederent
1779 1367 1980 1436 potius,
2011 1373 2067 1419 et

488 1481 590 1536 hoc
609 1481 686 1538 eis
707 1484 1068 1550 praestaretur,
1096 1479 1153 1528 ut
1178 1477 1459 1538 antequam
1491 1464 1649 1519 ﬁdem
1677 1461 2059 1530 relinquerent,

481 1589 548 1628 ex
569 1573 670 1626 hac
685 1571 790 1626 vita
810 1562 1133 1638 migrarent?
1149 1559 1276 1632 quid
1297 1554 1608 1628 reSpondcri
1636 1553 1823 1624 possit,
1853 1550 2062 1620 ignoro.

481 1663 583 1732 Qui
611 1662 753 1718 enim
779 1659 929 1724 dicit,
959 1653 1223 1714 relicturis
1255 1651 1412 1705 ﬁdem
1437 1645 1700 1703 beneﬁcio
1743 1642 1904 1698 fuisse
1930 1655 2062 1694 con-

481 1767 714 1820 cessum,
739 1766 807 1806 ne
833 1748 1030 1804 habere
1051 1744 1345 1816 inciperent
1364 1738 1504 1811 quod
1525 1736 1770 1809 graviore
1795 1733 2064 1803 impietate

481 1846 813 1906 desererent,
845 1840 974 1896 satis
1004 1837 1201 1894 indicat
1225 1849 1335 1890 non
1358 1829 1586 1904 jndicari
1610 1827 1881 1884 hominem
1912 1838 1976 1879 ex
1999 1835 2065 1878 eo

478 1936 618 2006 quod
646 1932 997 2007 praenoscitur
1027 1927 1166 1984 male
1187 1925 1348 1981 fuisse
1375 1922 1634 1986 facturus,
1663 1918 1708 1973 si
1736 1918 1784 1973 ei
1811 1927 2066 1987 quocum-

475 2044 580 2098 que
607 2026 868 2084 beneﬁcio
895 2034 955 2080 ut
985 2022 1036 2076 id
1065 2035 1170 2076 non
1203 2017 1364 2073 faciat
1389 2013 1719 2071 consulatur.
1751 2007 2060 2065 Consultum

475 2097 558 2176 est
588 2118 745 2190 igitur
773 2125 828 2172 et
855 2115 954 2180 illi,
982 2113 1073 2186 qui
1096 2119 1275 2182 raptus
1293 2115 1387 2170 est,
1421 2121 1484 2160 ne
1517 2102 1714 2158 malitia
1741 2106 1956 2154 mutaret
1983 2097 2062 2150 in-

477 2188 727 2264 tellectum
749 2210 858 2278 ejus
879 2204 1034 2280 (Sep.
1065 2218 1135 2270 tv,
1169 2198 1278 2273 H).
1296 2196 1401 2254 Sed
1423 2211 1519 2252 cur
1543 2209 1650 2248 non
1671 2192 1742 2246 ita
1761 2188 2062 2246 consultum

477 2302 639 2360 fuerit
660 2299 835 2372 Tyriis
867 2314 930 2354 ac
953 2295 1211 2360 Sidoniis,
1237 2301 1296 2348 ut
1323 2289 1606 2346 crederent
1640 2295 1696 2341 et
1727 2290 2058 2353 raperentur,

477 2409 548 2450 ne
572 2391 772 2448 malitia
803 2397 1034 2444 mutaret
1077 2384 1406 2441 intellectum
1437 2394 1656 2444 eorum;
1703 2375 1944 2431 forsitan‘
1971 2387 2062 2428 re-

477 2483 768 2556 sponderet
805 2481 916 2542 ille,
947 2479 1033 2534 cui
1077 2476 1277 2549 placuit
1325 2475 1428 2529 isto
1471 2470 1631 2527 modo
1677 2469 1815 2523 hanc
1853 2465 2065 2521 solvere

477 2573 832 2647 quastionem
857 2589 870 2626 :
899 2584 998 2641 ego
1027 2583 1154 2624 vero
1179 2574 1438 2638 quantum
1463 2562 1528 2618 ad
1558 2563 1660 2618 hoc
1679 2557 1820 2630 quod
1849 2573 1949 2629 ago
1978 2564 2060 2611 at-

479 2665 633 2729 tinet,
664 2663 756 2718 sui
756 2662 914 2716 ﬁcere
939 2659 1117 2726 video,
1144 2666 1204 2713 ut
1222 2653 1514 2712 secundum
1540 2651 1693 2706 istam
1710 2662 1921 2719 quoque
1935 2661 2062 2702 sen-

467 2755 722 2821 tentiam,
749 2753 1187 2810 demonstrentur
1215 2747 1460 2804 homines
1489 2759 1596 2800 non
1626 2741 1860 2814 jndicari
1888 2739 2064 2796 dehis

477 2863 598 2918 quae
622 2862 728 2901 non
753 2844 1010 2908 fecer-tun,
1034 2840 1241 2898 etiamsi
1271 2837 1462 2918 [acturi
1487 2835 1653 2892 fuisse
1677 2831 1886 2903 prmvisi
1913 2837 2059 2886 sunt.

477 2917 815 3009 Quanquam,
843 2944 902 2990 ut
925 2934 1058 3002 dixi,
1088 2933 1226 2988 hanc
1249 2917 1576 3002 opinionem,
1608 2941 1708 2997 qua
1739 2923 2061 2995 putanturin

477 3027 830 3084 morientibus
851 3025 934 3082 vel
959 3024 1184 3080 mortuis
1202 3021 1699 3091 vindicaripeccata
1721 3019 1761 3081 ¹,
1793 3030 2066 3088 qnzrprm-

475 3118 600 3174 sciti
630 3126 752 3174 sunt
777 3116 964 3172 facturi
993 3129 1114 3171 esse
1142 3113 1185 3170 si
1213 3112 1474 3176 viverent,
1501 3111 1662 3166 ctiam
1695 3106 1942 3164 refellere
1955 3121 2066 3177 .pu-

476 3211 624 3278 deat,
672 3225 743 3268 ne
783 3208 1062 3266 videamur
1107 3215 1162 3263 et
1207 3221 1308 3262 nos
1335 3204 1672 3262 existimasse
1699 3201 1924 3271 alicujus
1944 3215 2066 3256 esse

483 3305 776 3374 momenti,
820 3319 978 3375 quam
1021 3301 1315 3358 maluimus
1365 3299 1724 3372 disputatione
1771 3295 2061 3360 cohibere,

479 3412 638 3468 quam
669 3395 884 3451 silentio
913 3395 1203 3466 pratterire.

552 3485 780 3545 CAPUT
821 3485 914 3542 XI.
940 3515 1016 3528 -
1051 3484 1149 3542 .25.
1190 3481 1444 3550 Proinde,
1489 3481 1628 3539 sicut
1655 3479 1944 3551 Apostolus
1965 3477 2065 3544 ait,

483 3577 606 3635 Non
650 3577 862 3634 colentis
905 3592 1067 3648 neque
1099 3575 1368 3641 currentis,
1407 3572 1498 3629 sed
1527 3571 1805 3628 miserantis
1849 3579 1922 3624 est
1967 3566 2069 3622 Dri

482 3669 660 3745 (Rom.
690 3669 914 3741 3,16):
937 3668 1027 3740 qui
1055 3675 1111 3723 et
1138 3665 1372 3738 parvulis
1396 3663 1586 3734 quibus
1609 3662 1744 3728 vult,
1772 3661 1932 3716 etiam
1959 3673 2066 3716 non

479 3752 787 3819 volentibus
808 3775 979 3831 neque
993 3758 1331 3816 currentibus
1347 3755 1616 3822 subvenit,
1641 3769 1779 3826 quos
1801 3763 1927 3808 ante
1945 3767 2075 3808 con-

483 3855 816 3912 stitutionem
845 3851 1027 3908 mundi
1052 3851 1216 3922 elegit
1241 3851 1296 3906 in
1323 3848 1558 3912 Christo,
1589 3847 1810 3902 daturus
1834 3845 2068 3915 eisgra-

474 3947 615 4012 tiam
641 3945 826 4016 gratis,
867 3945 968 3996 hoc
995 3950 1099 4006 est,
1129 3940 1291 3996 nullis
1318 3953 1505 3996 eorum
1543 3937 1634 3992 vel
1669 3933 1802 3991 ﬁdei
1827 3935 1911 3990 vel
1937 3949 2069 4005 ope-

487 4052 608 4092 rum
653 4034 858 4091 meritis
887 4031 1348 4104 prtecedentibus:
1371 4037 1426 4084 et
1451 4023 2071 4098 majoribusetiamhis

487 4142 621 4200 quos
649 4125 911 4198 prmvidit,
935 4123 980 4178 si
1009 4121 1148 4194 apud
1176 4137 1268 4178 eos
1294 4119 1426 4175 facta
1449 4125 1649 4186 essent,
1671 4117 1782 4174 suis
1801 4114 2072 4170 miraculis

491 4218 812 4282 credituros,
841 4215 1034 4287 quibus
1062 4228 1166 4269 non
1198 4211 1310 4266 vult
1332 4210 1636 4277 subvenire,
1657 4223 1764 4263 non
1787 4205 2067 4272 subvenit;

489 4310 560 4368 de
585 4310 776 4382 quibus
801 4309 852 4364 in
881 4322 977 4362 sua
1001 4303 1468 4377 prmdcstinatione
1491 4301 1697 4357 occulte
1720 4297 1958 4370 quidem,
1977 4296 2072 4352 sed

487 4403 632 4474 juste
673 4399 816 4457 aliud
857 4398 1132 4470 judicavit.
1179 4395 1295 4452 Non
1339 4395 1480 4450 enim
1523 4400 1606 4450 est
1655 4392 1906 4462 iniquitas
1933 4387 2071 4460 apud

497 4494 811 4564 Deum;sed
835 4489 1196 4548 inserutabilia
1233 4496 1358 4544 sunt
1373 4485 1569 4557 judicia
1595 4484 1732 4556 ejus,
1763 4492 1818 4539 et
1856 4482 2076 4538 investi.

490 4587 694 4661 gabiles
716 4587 816 4642 vim
843 4585 958 4656 ejus
984 4582 1094 4656 (Id.
1119 4599 1197 4651 ιι,
1221 4578 1312 4654 '53)
1335 4597 1348 4634 :
1373 4579 1833 4650 universaeautem
1851 4575 1950 4628 vite
1967 4573 2074 4628 Do-

493 4681 622 4738 mini
655 4675 1018 4735 misericordia
1049 4683 1102 4730 et
1129 4673 1324 4728 veritas
1353 4669 1524 4743 (Paul.
1557 4682 1705 4734 χειν,
1754 4663 1869 4738 10).
1919 4664 2073 4722 Inve—

493 4772 752 4846 stigabilis
781 4784 910 4841 ergo
933 4775 1018 4824 est
1045 4763 1426 4827 misericordia,
1457 4775 1558 4832 qua
1586 4758 1737 4830 cujus
1771 4757 1883 4812 vult
1907 4756 2075 4812 mise-

492 4875 662 4932 retur,
691 4863 845 4918 nullis
870 4861 986 4932 ejus
1015 4853 1437 4930 praecedentibus
1458 4850 1660 4907 meritis
1681 4867 1694 4903 :
1717 4857 1772 4905 et
1791 4847 2074 4916 investiga-

495 4955 620 5010 bilis
646 4954 864 5020 veritas,
896 4965 996 5020 qua
1027 4963 1185 5020 quem
1226 4945 1338 5000 vult
1379 4942 1608 4998 obdurat
1637 4939 1812 5012 (Rom.
1851 4954 1929 5004 rx,
1959 4935 2073 5006 18),

500 5033 618 5117 ejus
645 5045 856 5116 quidem
869 5039 1304 5115 1pra:cedentibus
1329 5035 1555 5099 meritis,
1576 5033 1672 5088 sed
1695 5047 1813 5087 cum
1839 5045 1906 5087 eo
1927 5028 2077 5099 cujus

503 5137 785 5192 miseretur
806 5134 1124 5204 plerumque
1146 5127 1539 5186 communibus.
1567 5124 1720 5180 Sicut
1743 5121 1970 5184 duorum
1987 5134 2080 5190 ge—

503 5229 790 5293 minorum,
817 5240 1043 5294 quorum
1071 5237 1207 5279 unus
1229 5220 1543 5285 assumitur,
1574 5230 1713 5272 unus
1738 5214 2078 5284 relinquitur,

497 5321 681 5390 dispar
701 5329 784 5374 est
811 5317 1002 5376 exitus,
1019 5315 1222 5370 merita
1246 5309 1582 5382 communia:
1607 5308 1659 5363 in
1685 5306 2079 5376 qnibustamen

501 5411 578 5465 sic
605 5408 738 5462 alter
777 5419 966 5476 magna
995 5403 1088 5458 Dei
1117 5402 1352 5457 bonitate
1377 5401 1657 5464 liberatur,
1685 5404 1744 5451 ut
1771 5395 1908 5449 alter
1934 5391 2076 5446 nulla

499 5499 617 5570 ejus
642 5495 918 5566 iniquitate
933 5492 1235 5548 damnetur.
1261 5487 1694 5559 Numquidenim
1724 5485 1971 5554 iniquitas
1999 5491 2083 5536 est

501 5589 642 5661 apud
673 5586 875 5643 Deum?
894 5583 1045 5640 Absit
1065 5601 1078 5636 :
1102 5579 1620 5649 sed-‘investigabiles
1639 5584 1765 5634 sunt
1779 5575 1879 5628 viae
1895 5572 2078 5642 ipsius.

507 5683 686 5752 Itaque
717 5673 1135 5734 misericordiam
1164 5671 1280 5742 ejus
1325 5670 1378 5724 in
1409 5669 1495 5724 his
1540 5667 1630 5740 qui
1657 5666 1985 5730 liberantur,
2027 5671 2082 5716 et

565 5839 582 5869 ι
618 5833 844 5944 νὲεῆῳιθ
885 5837 989 5880 am.
1015 5861 1030 5890 ,
1056 5821 1296 5878 tindirari
1339 5820 1681 5888 quaaprarsciti
1704 5827 1810 5870 sum
1825 5831 1845 5880 ,'
1879 5816 2081 5876 omisso,

565 5911 642 5944 τω
667 5907 711 5943 ξι.

503 5907 711 5961 pacem.

1719 436 1775 493 S.
1815 432 2176 491 AUGUSTI?“
2215 427 2512 488 EPISCGPI

3597 427 3766 485 τοοκ

2174 547 2448 603 veritatem
2477 550 2528 599 in
2560 544 2642 600 bis
2666 541 2756 614 qui
2785 541 3094 614 puniuntur,
3125 543 3250 599 sine
3268 541 3601 600 dubitatione
3626 557 3760 598 cre-

2169 638 2360 694 damus
2383 649 2596 706 :-neque
2624 634 2984 690 inserutabilia
3011 633 3254 700 scrutari,
3289 643 3381 689 aut
3407 633 3757 706 investigahi—

2169 730 2238 785 lia
2267 729 2528 799 vestigare
2555 741 2830 782 conemur.
2855 725 2933 780 Ex
2962 740 3055 780 ore
3081 725 3276 795 quippe
3296 724 3577 779 infantium
3601 734 3658 780 et
3678 728 3760 780 la.

2169 823 2422 880 ctentium
2467 835 2618 876 suam
2670 819 2910 890 perﬁcitt
2941 818 3153 872 Iaudem
3206 816 3375 888 (Ρεαι.
3426 832 3543 883 vm,
3574 818 3670 888 3):
3697 828 3760 872 ut

2167 915 2308 988 quod
2325 915 2380 990 in
2397 915 2480 969 his
2498 913 2738 969 videmus
2759 927 2986 982 quorum
3013 911 3380 966 liberationem
3407 910 3544 965 bona
3561 926 3757 966 eorum

2169 1007 2357 1063 merita
2381 1006 2524 1060 nulla
2553 1003 2881 1075 prtecedunt,
2920 1013 2974 1058 et
3001 1002 3052 1057 in
3081 1001 3163 1056 his
3191 1017 3420 1072 quorum
3447 1001 3757 1056 damnatio-

2169 1114 2291 1154 nem
2339 1097 2578 1184 utrnsque
2605 1095 2908 1150 communia
2937 1092 3214 1164 originalia
3247 1092 3360 1148 sola
3403 1091 3756 1162 prtecedunt‘,

2168 1188 2272 1245 hoc
2295 1196 2352 1244 et
2375 1183 2746 1257 in’majoribus
2772 1184 2884 1239 ﬁeri
2917 1198 3252 1254 nequaquam
3283 1183 3500 1238 omnino
3531 1191 3760 1238 cuncte~

2168 1299 2309 1348 mur,
2351 1281 2406 1336 id
2443 1289 2546 1346 est,
2575 1294 2679 1335 non
2708 1285 2976 1348 putantes,
3008 1276 3095 1332 vel
3120 1275 3414 1331 secundum
3442 1289 3537 1330 sua
3563 1275 3756 1330 merita

2168 1375 2389 1446 gratiam
2415 1373 2660 1442 cuiquam
2691 1370 2826 1436 dari,
2875 1369 2960 1424 vel
3009 1367 3109 1423 nisi
3156 1367 3268 1424 suis
3309 1366 3518 1422 meritis
3564 1381 3754 1437 quem-

2167 1480 2326 1535 quam
2366 1463 2562 1535 puniri,
2607 1461 2720 1516 sive
2769 1475 2925 1530 pares
2973 1459 3064 1529 qui
3107 1457 3403 1512 liberantur
3443 1465 3604 1526 atque
3649 1472 3754 1526 pu-

2167 1556 2406 1622 niuntur,
2441 1554 2565 1610 sive
2601 1553 2845 1622 dispares
2874 1550 3105 1606 habeant
3131 1563 3321 1604 causas
3349 1548 3544 1612 malas;
3576 1555 3634 1601 ut
3661 1547 3752 1616 qui

2167 1645 2378 1700 videtur
2405 1653 2569 1710 stare,
2595 1642 2776 1698 videat
2803 1657 2870 1696 ne
2893 1640 3048 1695 cadat
3077 1638 3118 1709 (ι
3146 1637 3268 1694 Cor.
3303 1655 3360 1705 x,
3403 1637 3493 1708 12)
3517 1653 3532 1703 ;
3579 1647 3633 1692 et
3661 1639 3754 1708 qui

2168 1738 2442 1818 gloriatur,
2499 1752 2606 1792 non
2655 1737 2708 1792 in
2743 1749 2816 1791 -se
2859 1735 2999 1805 ipse,
3041 1731 3138 1789 sed
3161 1731 3222 1788 in
3247 1731 3474 1788 Domino
3499 1731 3755 1802 glorietur

2171 1827 2281 1903 (Id.
2301 1845 2338 1896 ι,
2361 1827 2475 1900 δι).

2236 1920 2326 1976 26.
2367 1919 2474 1974 Cur
2493 1926 2674 1974 autem
2701 1936 2722 1972 ι
2751 1931 2968 1973 causam
2995 1915 3336 1988 parvulorum
3357 1912 3422 1968 ad
3448 1912 3752 1982 exemplum

2169 2011 2454 2081 majorum,
2491 2029 2510 2062 ›
2541 2010 2678 2064 sicut
2723 2007 2992 2072 scribitis,
3039 2026 3058 2060 ι
3093 2021 3198 2062 non
3229 2005 3500 2076 patiuntur
3521 2003 3700 2060 atl‘erri
3721 2022 3742 2057 ο

2171 2103 2388 2178 (Supra,
2413 2103 2466 2157 in
2487 2102 2655 2173 Epist.
2679 2101 2896 2168 Hilarii,
2925 2117 2980 2156 η.
3018 2098 3074 2172 8)
3116 2099 3382 2166 homines,
3421 2099 3510 2168 qui
3556 2105 3746 2152 contra

2165 2195 2480 2266 Pelagianos
2523 2209 2630 2250 non
2676 2192 2930 2250 dubitant.
2969 2206 3090 2247 esse
3137 2197 3410 2261 peccatum
3467 2187 3748 2259 originale,

2165 2291 2309 2364 quod
2337 2306 2435 2362 per
2473 2305 2636 2345 unum
2663 2287 2934 2343 hominem
2961 2284 3177 2340 intravit
3205 2284 3258 2338 in
3281 2280 3578 2345 mundum,
3603 2287 3656 2335 et
3680 2294 3746 2334 ex

2166 2398 2275 2439 uno
2297 2397 2482 2437 omnes
2509 2381 2615 2436 isse
2637 2380 2690 2434 in
2719 2375 3215 2434 condemnationem
3233 2371 3414 2444 (Rom.
3437 2387 3488 2436 v,
3516 2370 3604 2436 l2,
3619 2367 3750 2440 .16)?

2171 2474 2322 2544 Quod
2349 2483 2404 2528 et
2431 2469 2708 2527 Manichazi
2741 2483 2846 2523 non
2867 2465 3155 2535 accipiunt,
3187 2462 3276 2534 qui
3305 2477 3410 2516 non
3435 2459 3610 2516 solum
3629 2473 3751 2514 om-

2169 2579 2265 2619 nes
2295 2563 2504 2620 Vcteris
2531 2557 2876 2616 lnstrumenti
2901 2555 3194 2626 scripturas
3218 2553 3272 2608 in
3298 2551 3406 2606 ulla
3432 2549 3752 2605 auctoritate

2165 2671 2275 2712 non
2319 2653 2548 2720 habent;
2587 2665 2775 2708 verum
2801 2649 2962 2706 etiam
3002 2662 3095 2703 eas
3123 2660 3243 2718 qua:
3269 2643 3336 2699 ad
3363 2642 3567 2698 Novum
3589 2641 3754 2711 perti-

2169 2756 2298 2802 nent
2323 2745 2724 2801 Testamentum
2749 2742 2827 2798 sic
2850 2740 3139 2811 accipiunt,
3171 2746 3230 2792 ut
3265 2751 3364 2792 suo
3388 2733 3618 2806 quodam
3643 2734 3756 2803 pri-

2167 2837 2381 2909 vilegio,
2412 2835 2520 2890 imo
2559 2831 2862 2904 sacrilegio,
2907 2829 3050 2902 quod
3090 2827 3278 2884 volunt
3323 2832 3560 2890 sumant,
3609 2823 3754 2894 quod

2167 2929 2358 2986 nolunt
2385 2925 2629 2996 rejiciant
2652 2942 2664 2979 :
2687 2932 2874 2979 contra
2903 2935 3039 2993 quos
3066 2919 3286 2990 agebam
3315 2917 3368 2973 in
3395 2915 3543 2971 libris
3571 2913 3636 2968 de
3657 2912 3752 2968 Li-

2171 3020 2302 3076 bero
2325 3017 2578 3084 Arbitrio,
2606 3014 2746 3072 unde
2768 3013 2854 3068 istt
2885 3011 3038 3068 nobis
3063 3006 3517 3082 praescribendum
3543 3012 3751 3076 putant.

2169 3112 2294 3168 ldeo
2311 3109 2645 3182 quaestiones
2689 3104 3098 3178 operosissimas
3137 3100 3433 3158 incidentes
3474 3096 3754 3152 enucleate

2168 3207 2377 3262 solvere
2404 3202 2571 3269 nolui,
2602 3216 2671 3258 ne
2699 3201 2922 3255 nimium
2948 3197 3166 3268 longum
3196 3207 3332 3265 Opus
3358 3201 3522 3257 esset,
3547 3188 3638 3244 ubi
3661 3203 3752 3244 me

2169 3296 2426 3352 adversus
2447 3303 2554 3348 tam
2569 3287 3300 3363 perversos«testimoniorum
3326 3283 3628 3338 divinorum
3646 3293 3757 3334 non

2171 3385 2458 3460 adjuvabat
2483 3383 2792 3440 auctoritas.
2827 3381 2894 3436 Et
2919 3387 3182 3450 poteram,
3224 3375 3364 3430 sicut
3391 3373 3514 3442 feci,
3540 3369 3756 3443 quodli-

2171 3479 2263 3536 bet
2291 3477 2486 3533 horum
2509 3489 2696 3550 verum
2721 3480 2886 3539 esset,
2915 3486 3038 3543 qua:
3057 3484 3166 3525 non
3193 3467 3413 3524 deﬁnite
3443 3465 3756 3533 interpone-

2171 3569 2316 3635 bam,
2363 3575 2508 3626 certa
2547 3573 2726 3621 tamen
2770 3563 2976 3618 ratione
3021 3558 3359 3622 concludere,
3404 3555 3457 3610 in
3511 3551 3760 3608 omnibus

2173 3663 2340 3718 Deum
2369 3673 2490 3716 esse
2513 3655 2858 3720 laudandum,
2888 3653 3004 3708 sine
3031 3651 3138 3706 ulla
3161 3650 3480 3706 necessitate
3503 3644 3756 3702 credendi

2169 3755 2325 3820 duas,
2343 3753 2481 3810 sicut
2507 3751 2582 3806 illi
2603 3751 2805 3816 volunt,
2823 3755 3118 3804 ceteternas
3143 3743 3268 3800 boni
3295 3751 3349 3799 et
3371 3741 3497 3798 mali
3514 3737 3753 3812 pennis-

2172 3855 2256 3902 tas
2279 3859 2398 3901 esse
2421 3841 2767 3898 substantias.

2235 3939 2336 3995 27.
2379 3937 2618 4008 Denique
2651 3936 2704 3990 in
2729 3931 3392 4005 primorlletractationum
3421 3928 3580 3994 libro,
3612 3923 3756 3997 quod

2173 4047 2312 4103 opus
2337 4045 2512 4086 meum
2537 4027 2776 4084 nondum
2798 4027 3029 4097 legistis,
3060 4041 3182 4081 cum
3213 4023 3288 4078 ad
3327 4022 3543 4078 eosdem
3591 4019 3758 4075 libros

2173 4121 2544 4180 retractandos
2570 4121 2856 4183 venissem,
2881 4118 2992 4173 hoc
3029 4125 3134 4183 est,
3181 4115 3248 4172 de
3275 4115 3468 4170 Libero
3497 4110 3756 4176 Arbitrio,

2177 4216 2250 4272 ita
2279 4216 2488 4271 locutus
2511 4227 2629 4270 sum
2653 4230 2666 4267 :
2697 4231 2716 4265 ι
2745 4211 2802 4266 In
2829 4211 2934 4277 his,
2973 4229 2992 4263 ι
3020 4209 3258 4280 inquam,
3283 4225 3302 4260 ι
3331 4207 3484 4261 libris
3505 4206 3574 4260 ita
3590 4203 3760 4259 multa

2177 4311 2404 4366 disserta
2429 4316 2575 4374 sunt,
2597 4313 2656 4362 ut
2676 4301 3256 4376 incidentesnonnullte
3284 4297 3604 4370 quaestiones
3628 4309 3762 4366 quas

2177 4403 2262 4460 vel
2287 4401 2520 4458 enodare
2545 4413 2652 4454 non
2683 4405 2943 4467 poteram,
2981 4393 3070 4450 vel
3105 4395 3326 4463 longam
3357 4387 3763 4446 sermocinatio-

2179 4509 2306 4552 nem
2345 4495 2399 4550 in
2443 4491 2692 4563 prtesenti
2733 4488 3096 4560 requirebant,
3126 4487 3196 4542 ita
3222 4483 3584 4548 ditl‘errentur,
3609 4488 3668 4536 ut
3693 4495 3762 4535 ex

2181 4594 2406 4656 utraque
2435 4592 2608 4654 parte,
2639 4581 2725 4635 vel
2771 4595 2836 4634 ex
2879 4578 3126 4644 omnibus
3168 4573 3475 4632 earumdem
3506 4570 3764 4643 quaestio-

2181 4694 2309 4736 num
2349 4677 2608 4748 partibus,
2639 4675 2689 4729 in
2709 4674 2910 4744 quibus
2939 4687 3044 4727 non
3087 4670 3378 4742 apparebat
3412 4666 3538 4738 quid
3571 4665 3766 4736 potius

2183 4779 2502 4846 congrueret
2529 4767 2760 4833 veritati,
2787 4765 2855 4821 ad
2881 4765 2984 4820 hoc
3011 4772 3188 4818 tamen
3215 4760 3552 4817 ratiocinatio
3579 4763 3766 4812 nostra

2184 4863 2610 4926 concluderetur,
2635 4866 2694 4912 ut
2719 4857 2995 4929 quodlibet
3022 4869 3208 4910 eorum
3230 4867 3416 4908 verum
3429 4857 3610 4914 .esset,
3647 4847 3768 4902 lau-

2185 4955 2392 5014 dandus
2415 4952 2745 5018 crederetur,
2765 4949 2851 5006 vel
2869 4949 3028 5004 etiam
3045 4946 3421 5004 ostenderetur
3445 4944 3606 4999 Deus.
3624 4941 3766 4996 Pro-

2185 5057 2304 5121 pter
2332 5061 2426 5102 eos
2454 5043 2650 5116 quippe
2693 5033 2979 5112 disputatio
3007 5040 3093 5094 illa
3131 5047 3374 5106 suscepta
3397 5043 3509 5099 est,
3541 5031 3632 5103 qui
3661 5045 3767 5086 ne-

2185 5148 2314 5212 gant
2335 5153 2400 5194 ex
2429 5136 2598 5191 libero
2617 5131 2902 5188 voluntatis
2929 5131 3151 5187 arbitrio
3180 5127 3304 5183 mali
3332 5127 3592 5197 originem
3617 5122 3766 5185 duci,

2185 5240 2242 5288 et
2268 5231 2458 5294 Deum,
2481 5229 2528 5284 si
2545 5229 2616 5282 ita
2631 5233 2733 5292 est,
2755 5233 3052 5280 creatorem
3069 5222 3306 5278 omnium
3329 5227 3640 5274 naturarum
3654 5215 3771 5270 cul-

2185 5321 2416 5394 pandum
2433 5333 2552 5375 csse
2571 5316 2898 5374 contendunt
2917 5333 2931 5370 :
2949 5329 3016 5370 eo
3036 5313 3196 5368 modo
3215 5311 3454 5368 volentes
3473 5307 3769 5365 secundum

2186 5429 2296 5470 sua:
2323 5411 2610 5482 impietatis
2624 5423 2860 5464 errorem
2887 5405 3185 5480 (Manichaei
3211 5405 3352 5460 enim
3369 5401 3542 5474 sunt),
3571 5401 3773 5456 immu-

2190 5505 2406 5562 tabilem
2430 5501 2736 5574 quamdam,
2766 5509 2819 5556 et
2847 5500 2958 5555 Deo
2973 5507 3292 5554 coaeternam
3319 5494 3658 5551 introducere
3676 5507 3772 5546 na.

2191 5607 2364 5654 turam
2385 5595 2518 5652 .mali
2555 5613 2574 5648 ι
2601 5595 2851 5665 (Retract.
2884 5591 2971 5646 lib.
2997 5592 3050 5658 1,
3071 5605 3190 5662 cap.
3215 5589 3268 5656 9,
3299 5605 3354 5642 η.
3379 5587 3460 5658 2).
3492 5587 3625 5642 Item
3649 5594 3774 5655 post

2193 5690 2520 5762 aliquantum
2537 5684 2644 5740 alio
2657 5683 2812 5740 loco:
2844 5701 2863 5736 ι
2895 5682 3096 5738 Deinde
3121 5681 3322 5738 dictum
3341 5687 3446 5748 est,
3472 5695 3492 5732 ι
3523 5678 3768 5750 inquam,

2255 5889 2270 5920 ι
2305 5886 2377 5938 sic
2404 5883 2569 5949 plures
2589 5891 2696 5937 Mss.
2721 5885 2861 5944 aditi.
2881 5883 3098 5948 perfecit.
