4140 6494
398 356 534 414 1009

376 494 393 524 1
428 491 491 530 ex
553 487 652 543 qua
667 473 881 530 miseria
920 477 1260 544 peccantibus
1276 477 1578 547 justissime
1606 480 1822 546 inflicta,
1847 482 1980 537 libe-

374 577 456 625 rat
487 571 508 606 ι
527 567 623 625 Dei
651 564 854 634 gratia:
879 566 1000 636 quia
1033 568 1192 622 homo
1223 579 1432 639 sponte,
1471 570 1523 626 id
1553 582 1654 636 est,
1692 573 1860 628 libero
1889 589 1980 628 ar-

382 654 546 716 bitrio
573 654 766 710 cadere
785 657 976 726 potuit,
1007 674 1112 713 non
1143 659 1300 714 etiam
1323 675 1579 732 surgere:
1602 662 1668 717 ad
1694 679 1859 733 quam.
1876 664 1966 718 mi-

384 747 581 800 seriam
601 745 759 816 jnstae
778 748 1134 805 damnationis
1162 751 1392 822 pertinet
1421 754 1716 825 ignorantia
1748 765 1796 810 et
1827 756 1973 811 difli-

383 837 573 904 cultas,
591 853 750 908 quam
767 841 962 909 patitur
987 843 1163 898 omnis
1183 844 1343 898 homo
1357 845 1426 898 ab
1442 846 1660 900 exordio
1683 847 1976 902 nativitatis

381 943 521 992 suae;
556 945 656 986 nec
681 931 749 987 ab
776 933 877 987 isto
907 934 1049 988 malo
1081 936 1333 990 liberatur
1373 937 1679 1008 quisquam,
1724 939 1828 994 nisi
1874 940 1968 994 Dei

380 1020 597 1085 gratia:
643 1035 802 1091 quam
853 1024 1124 1077 miseriam
1172 1027 1365 1080 nolunt
1399 1026 1668 1098 Pelagiani
1714 1045 1780 1083 ex
1820 1029 1965 1098 jnsta

379 1108 722 1166 damnatione
743 1111 1091 1182 descendere,
1117 1126 1369 1184 rigantes
1390 1119 1646 1188 originale
1669 1131 1963 1189 peccatum:

378 1203 622 1268 quamvis
650 1203 945 1274 ignorantia
985 1215 1041 1262 et
1084 1207 1386 1276 difficultas,
1418 1211 1626 1265 etiamsi
1654 1223 1836 1266 eSsent
1863 1214 1986 1267 lio-.

378 1291 536 1346 minis
583 1294 868 1362 primordia
913 1299 1203 1363 naturalia;
1251 1316 1350 1356 nec
1397 1304 1474 1355 sic
1517 1303 1830 1374 culpandus,
1870 1307 1988 1361 sed.

381 1382 676 1438 laudandus
705 1395 848 1440 esset
865 1387 1021 1451 Deus,
1037 1389 1186 1443 sicuti
1216 1391 1267 1444 in
1299 1392 1487 1446 eodem
1519 1394 1653 1448 libro
1677 1396 1832 1450 tertio
1853 1396 1966 1452 d's-

379 1473 698 1541 putavimus.
741 1475 873 1544 Quae
910 1477 1198 1548 disputatio
1251 1493 1433 1536 centra
1481 1483 1801 1540 Manichacus
1860 1487 1951 1542 ha.

379 1565 549 1620 hcnda
573 1577 675 1633 est,
703 1570 791 1639 qui
823 1585 928 1624 non
956 1573 1223 1642 accipiunt
1249 1576 1539 1645 scripturas
1568 1590 1779 1635 sanctas
1804 1580 1965 1636 Vete-

376 1659 450 1713 ris
484 1659 848 1727 instrumenti,
881 1665 932 1718 in
963 1665 1156 1735 quibus
1194 1677 1468 1737 peccatum
1495 1671 1749 1740 originale
1777 1688 1963 1728 narra-

375 1756 490 1816 tur;
517 1759 572 1806 et
599 1753 854 1824 quidquid
895 1755 1019 1812 inde
1057 1757 1108 1812 in
1154 1757 1369 1814 Litteris
1412 1761 1717 1830 apostolicis
1747 1764 1956 1834 legitur,

372 1845 672 1902 detestabili
703 1849 1026 1919 impudentia
1057 1853 1352 1908 immissum
1384 1853 1548 1910 fuisse
1576 1858 1955 1915 contendunta

369 1941 774 2008 corruptoribus
813 1941 1230 2013 Scriptnrarum,
1264 1956 1512 2017 tanquam
1557 1965 1662 2003 non
1707 1950 1863 2005 fuerit
1889 1954 1957 2008 ab

371 2030 640 2098 Apostolis
662 2032 881 2086 dictum.
904 2035 1100 2089 Contra
1124 2035 1433 2106 Pelagianos
1450 2047 1624 2093 autem
1645 2041 1746 2096 hoc
1770 2041 1958 2098 defen-

367 2118 602 2175 dendum
619 2123 878 2193 est,.quod
899 2135 1118 2195 utraque
1134 2126 1404 2196 Scriptura
1421 2131 1776 2197 commendat,
1794 2150 1953 2204 quam

368 2226 426 2265 se
443 2213 686 2283 accipere
709 2216 1314 2284 proﬁtenturimelract.
1340 2219 1496 2286 tib.l,
1514 2238 1559 2276 ε.
1579 2223 1704 2288 9,21.
1729 2223 1806 2296 6).
1831 2225 1955 2280 Ιιωο

367 2302 477 2358 dixi
509 2303 559 2357 in
591 2305 762 2374 primo
791 2308 926 2362 libro
954 2309 1432 2379 Retractationum,
1465 2328 1584 2368 cum
1608 2323 1951 2372 retractarem

368 2397 532 2452 libros
554 2397 620 2453 de
647 2399 842 2455 Libero
871 2403 1127 2458 Arbitrio.
1160 2403 1268 2459 Nec
1295 2405 1407 2460 sola
1431 2421 1558 2461 sane
1587 2408 1684 2462 ista
1715 2408 1785 2463 ibi
1814 2425 1840 2463 a
1865 2425 1950 2467 me

364 2491 739 2550 dictasuntde
766 2494 851 2551 bis
870 2496 1051 2563 libris;
1072 2513 1257 2554 verum
1283 2508 1338 2554 et
1359 2500 1459 2555 alia
1487 2501 1672 2568 multa,
1692 2520 1809 2574 qua:
1825 2504 1951 2562 huic

363 2583 546 2640 atl..vos
573 2583 722 2656 operi
753 2588 990 2644 inserere
1019 2592 1230 2661 longum
1265 2594 1462 2662 putavi,
1490 2603 1544 2649 et
1564 2610 1668 2649 non
1700 2611 1947 2654 necessa-

365 2674 700 2746 rium:qnod
737 2687 794 2733 et
831 2694 926 2734 vos
967 2682 1216 2737 existimo
1259 2699 1378 2740 esse
1417 2684 1769 2756 judicaturos,
1821 2705 1944 2746 cum
1979 2737 1981 2740 .

361 2765 538 2822 omnia
569 2768 822 2839 Iegeritis.
854 2773 1108 2840 Quamvis
1151 2790 1280 2847 ergo
1322 2777 1375 2832 in
1417 2778 1552 2834 libro
1579 2781 1735 2836 tertio
1760 2781 1828 2838 de
1858 2783 1947 2838 Li-

363 2855 494 2913 bero
521 2861 756 2918 Arbitrio
779 2863 849 2919 ita
871 2865 938 2921 de
957 2867 1193 2937 parvulis
1222 2869 1620 2938 disputaverim,
1657 2883 1712 2929 ut
1734 2875 1953 2933 etiamsi.

361 2962 544 3003 verum
576 2961 718 3008 esset
758 2954 899 3024 quod
939 2956 1122 3012 dicunt
1165 2957 1454 3030 Pelagiani,
1497 2961 1849 3032 ignorantiam
1889 2975 1944 3022 et

357 3037 748 3108 difﬁcultatem,
788 3045 906 3100 sine
939 3047 1132 3116 quibus
1163 3050 1334 3103 nullus
1363 3049 1635 3107 hominum
1683 3056 1938 3124 nascitur,

357 3128 667 3201 primordia,
701 3148 806 3189 non
849 3137 1104 3207 supplicia
1150 3155 1270 3196 esse
1319 3151 1551 3210 naturas;
1599 3145 1940 3204 vincerentur

354 3228 531 3277 tamen
575 3223 893 3294 Manichmi,
920 3229 1009 3298 qui
1057 3230 1245 3286 volunt
1283 3231 1436 3298 duas,
1478 3233 1601 3289 boni
1647 3236 1850 3293 scilicet
1885 3248 1962 3295 et.

354 3312 504 3378 mali,
534 3326 828 3373 eoa-ternas
857 3334 981 3375 esse
1007 3330 1253 3378 naturas:
1284 3325 1539 3395 numquid
1579 3327 1699 3383 ideo
1726 3328 1858 3386 lldcs
1884 3330 1952 3386 in.

352 3401 573 3458 dubium
591 3409 826 3462 vocanda
850 3410 933 3464 vel
957 3411 1251 3468 deserenda
1271 3423 1371 3478 cst,
1391 3432 1550 3486 quam
1577 3427 1759 3474 contra
1791 3420 1938 3492 ipsos

355 3492 668 3565 Pelagianos
697 3499 982 3556 catholica.
1008 3502 1246 3559 defendit
1288 3506 1546 3576 Ecclesia,
1585 3525 1704 3580 qua:
1745 3514 1938 3569 asserit

351 3585 609 3655 originale
655 3603 775 3644 esse
823 3601 1143 3659 peccatum,
1171 3594 1324 3662 cujus
1369 3607 1548 3654 reatus
1592 3603 1936 3669 generatione

350 3685 675 3745 contractus,
707 3683 1109 3750 rcgeneratione
1157 3686 1458 3742 solvendus-
1483 3691 1597 3744 est?
1626 3691 1776 3759 Quod
1807 3693 1850 3746 si
1879 3705 1964 3748 et.

352 3765 437 3820 iin
465 3767 697 3823 fatentur
727 3771 1025 3839 nobiscum,
1049 3782 1110 3828 ut
1130 3774 1287 3830 simul
1315 3777 1367 3831 in
1385 3778 1490 3833 hac
1509 3794 1668 3835 causa
1696 3781 1934 3853 Pelagia-

352 3874 539 3914 norum
570 3860 911 3917 destruamus
937 3880 1211 3932 errorem;
1258 3883 1355 3924 cur
1397 3880 1583 3939 putant
1608 3888 1729 3929 esse
1771 3873 1933 3930 dubi-

351 3949 590 4018 tandum,
621 3953 762 4022 quod
788 3955 944 4010 etiam
979 3959 1227 4026 parvulos
1252 3959 1419 4028 Deus,
1450 3965 1643 4033 quibus
1663 3965 1755 4020 dat
1781 3983 1930 4023 suam

347 4042 571 4110 gratiam
613 4060 706 4112 per
750 4045 1090 4115 Baptismatis
1118 4061 1536 4120 sacramentum,
1563 4065 1718 4110 eruat
1740 4056 1807 4111 de
1833 4073 1932 4127 po-

347 4139 542 4188 testate
571 4134 933 4203 tcnebrarnm,
965 4147 1018 4193 et
1043 4139 1326 4196 transferat
1345 4144 1394 4195 in
1416 4159 1639 4214 regnum
1660 4147 1776 4202 Filii
1795 4148 1926 4203 cha-

349 4223 521 4278 ritatis
546 4241 656 4278 suae
687 4225 903 4298 (Coloss.
929 4245 967 4296 t,
1002 4229 1126 4303 13)?
1153 4231 1207 4286 ln
1238 4247 1303 4287 eo
1342 4250 1470 4305 ergo
1498 4237 1638 4306 quod
1666 4239 1782 4294 aliis
1804 4256 1922 4296 eam

346 4311 456 4380 dat,
481 4315 598 4370 aliis
623 4332 728 4372 non
759 4319 996 4386 dat,.cur
1036 4324 1221 4378 nolunt
1239 4337 1454 4383 cantare
1475 4329 1697 4385 Domino
1718 4332 1932 4388 miscri-

347 4404 583 4459 c0rdiant
614 4416 667 4460 et
682 4407 938 4476 judicium
969 4411 1142 4479 (Paul.
1173 4429 1203 4469 c
1223 4456 1236 4478 ,
1262 4415 1352 4486 l)?
1373 4416 1478 4472 Cur
1497 4429 1672 4475 autem
1697 4422 1797 4476 illis
1827 4439 1927 4494 po-

349 4493 454 4546 tius
483 4511 639 4563 quam
686 4498 789 4551 illis
830 4499 1012 4559 detur?
1038 4502 1166 4570 Quis
1203 4509 1448 4576 cognovit
1477 4525 1691 4566 sensum
1721 4513 1929 4570 Domini

350 4585 538 4656 (Rem.
575 4604 652 4655 It,
684 4590 822 4662 55,)?
874 4592 1004 4660 Quis
1053 4596 1414 4654 inscrntabilia
1449 4605 1676 4659 scrutari
1724 4606 1930 4662 valeat?

346 4677 471 4748 quis
493 4677 876 4750 inVestigabilia
898 4685 1200 4754 vestigare?

418 4791 643 4848 CAPUT
681 4792 873 4848 Xll.—
897 4794 988 4851 28.
1037 4796 1333 4882 Conficitur
1361 4801 1537 4873 itaque
1583 4808 1805 4876 gratiam
1832 4809 1944 4865 ι)ρί-

347 4897 456 4938 non
478 4885 768 4940 secundum
798 4890 985 4943 merita
1025 4891 1395 4959 accipientium
1414 4894 1550 4959 dari,
1599 4897 1694 4952 sed
1732 4913 1929 4954 secun-

349 4975 474 5032 dum
493 4978 741 5048 placitum
766 4980 1051 5036 voluntatis
1080 4983 1234 5050 ejus,
1266 4984 1316 5038 in
1346 4985 1552 5042 laudem
1605 4997 1660 5042 et
1707 4989 1926 5060 gloriam

349 5065 512 5136 ipsius
560 5071 745 5139 gratiae
789 5072 948 5142 ejus(
978 5073 1166 5142 Epitch
1215 5090 1253 5141 ι,
1285 5072 1377 5148 5),
1411 5085 1466 5130 ut
1515 5078 1602 5146 qui
1649 5080 1926 5149 gloriatur,

347 5159 492 5212 nullo
522 5160 680 5215 modo
712 5162 1004 5232 inseipso,
1034 5164 1127 5220 sed
1150 5165 1201 5219 in
1226 5166 1448 5221 Domino
1461 5167 1720 5238 glorietur
1741 5170 1782 5243 (Ι
1802 5169 1923 5228 Cor.

348 5247 498 5320 I,3l)
533 5266 546 5302 :
577 5252 664 5319 qui
692 5251 996 5309 hominibus
1019 5255 1110 5310 dat
1134 5257 1324 5327 quibus
1368 5259 1500 5323 vult,
1545 5262 1793 5331 quoniam
1823 5265 1927 5318 mi-

347 5339 578 5394 sericors
597 5350 678 5394 est
707 5359 741 5408 ;.
763 5344 904 5413 quod
931 5356 986 5400 et
1004 5347 1049 5401 si
1080 5362 1185 5401 non
1232 5348 1342 5412 det,
1383 5349 1558 5420 justus
1581 5361 1707 5416 est:
1737 5363 1792 5408 et
1819 5371 1923 5409 non

347 5429 440 5484 dat
465 5430 657 5500 quibus
702 5447 807 5487 non
835 5435 967 5502 vult,
1019 5446 1077 5492 ut
1123 5449 1274 5493 notas
1319 5439 1484 5496 faciat
1507 5442 1717 5499 divitias
1745 5447 1927 5514 gloriae

346 5533 460 5576 sua:
513 5522 567 5577 in
619 5538 743 5578 vasa
785 5527 1162 5582 misericordiae
1194 5530 1212 5602 (
1245 5529 1392 5585 Rom.
1437 5549 1526 5600 Ix,
1570 5534 1644 5591 25
1673 5536 1713 5606 ).
1745 5538 1927 5595 Dando

348 5613 490 5668 enim
521 5615 834 5685 quibusdam
879 5619 1022 5688 quod
1049 5635 1154 5675 non
1197 5631 1486 5690 merentur,
1539 5626 1779 5696 profecto
1805 5644 1928 5700 gra-

347 5743 798 5860 “bzrzlitihlihrret.
815 5755 871 5800 At
882 5754 1011 5815 Mss,
1021 5748 1647 5812 liberat.—Retractationes
1658 5759 1736 5814 hic
1745 5760 1924 5828 fermtt,

1387 364 1587 421 LlDER
1663 365 1752 421 DE
1791 361 1970 424 D030
2009 364 2638 433 ΡΕιιδΕνεηΑατιΑξ.

3539 402 3675 459 1010

2089 481 2295 548 tuitam,
2319 495 2373 540 et
2399 501 2492 556 per
2531 487 2631 545 hoe
2651 507 2833 548 veram
2863 512 3009 552 suam
3045 508 3270 572 gratiam
3302 520 3419 564 esse
3460 513 3628 569 voluit
3659 534 3671 568 :

2085 587 2190 626 non
2223 575 2694 645 ominibus-dando,
2722 585 2855 654 quid
2903 605 3091 646 omnes
3140 608 3410 654 merentur
3440 603 3456 634 ³
3491 615 3668 660 osten-

2084 663 2180 718 dit.
2205 665 2382 721 Bonus
2414 669 2463 724 in
2494 670 2751 728 beneficio
2789 690 3077 746 certorum,
3129 684 3306 754 justus
3333 691 3382 744 in
3406 695 3670 764 supplicio

2083 766 2398 812 caeterorum
2432 778 2445 814 :
2475 771 2529 816 et
2555 763 2727 819 bonus
2751 767 2800 820 in
2847 771 3116 838 omnibus,
3161 780 3411 847 quoniam
3467 763 3663 842 bonum

2081 854 2183 910 cst,
2235 862 2364 903 cum-
2400 850 2638 908 debitum
2693 857 2976 926 redditur;
3005 874 3058 916 ct
3090 864 3268 935 justus
3315 871 3366 924 iit
3395 877 3666 945 erunibus,

2079 939 2328 1006 quoniam
2354 941 2554 1010 justum
2583 956 2685 1013 εει,
2714 964 2835 1004 cum
2862 951 3154 1012 indcbitum
3173 961 3194 991 ²
3221 964 3336 1019 sine
3351 939 3664 1039 cujusquam

2077 1026 2266 1086 fraude
2291 1031 2539 1090 donatur.

2145 1120 2238 1175 29.
2270 1123 2577 1182 Defenditur
2601 1138 2779 1186 autem
2806 1134 2922 1191 sine
2959 1139 3163 1196 meritis
3213 1143 3304 1199 Dei
3359 1150 3546 1218 gratia,
3595 1153 3644 1208 id

2075 1220 2158 1266 est
2184 1228 2305 1267 vera
2326 1218 2748 1284 gratia,.ctiatnsi
2782 1229 2981 1292 parvuli
3015 1229 3284 1300 baptizati,
3315 1239 3454 1294 sicut
3509 1242 3664 1298 Pela-

2071 1302 2210 1370 giani
2234 1306 2485 1372 sentiunt,
2509 1324 2612 1363 non
2635 1326 2895 1372 eruuntur
2910 1319 2976 1373 de
2995 1331 3256 1389 potestate
3283 1331 3646 1401 tenebrarum,

2071 1393 2190 1462 quia
2229 1396 2358 1450 nulli
2402 1409 2639 1468 peccato,
2679 1405 2815 1460 sicut
2873 1421 3056 1477 putant
3087 1413 3374 1487 Pelagiani,
3411 1433 3660 1482 tenemur

2068 1483 2303 1552 obnoxii,
2338 1490 2430 1544 sed
2445 1500 2646 1548 tantum
2671 1495 2722 1550 in
2755 1514 2974 1569 regnum
2995 1503 3613 1573 Dominitransferuntur
3642 1538 3658 1576 :

2067 1574 2228 1634 etiam
2259 1578 2336 1633 sic
2361 1582 2504 1635 enim
2535 1585 2652 1641 sine
2699 1589 2822 1643 ullis
2861 1591 3014 1649 bonis
3044 1599 3248 1654 meritis
3277 1603 3432 1659 datur
3461 1610 3538 1664 cis
3565 1626 3652 1666 re-

2065 1680 2228 1743 gnum
2259 1669 2450 1738 quibus
2491 1673 2665 1743 datur,
2707 1687 2763 1732 et
2814 1680 2931 1737 sine
2956 1683 3078 1740 ullis
3117 1690 3271 1744 malis
3314 1696 3518 1752 meritis
3547 1717 3652 1756 non

2066 1755 2224 1812 datur
2250 1761 2328 1814 eis
2355 1763 2545 1832 quibus
2567 1782 2674 1822 non
2723 1770 2901 1828 datur.
2932 1774 3083 1843 Quod
3129 1780 3385 1839 adversus
3431 1790 3650 1848 eosdem

2067 1849 2379 1922 Pelagianos
2401 1855 2582 1914 dicere
2609 1862 2867 1933 solemus,
2909 1871 3123 1938 quando
3173 1875 3328 1930 nobis
3368 1875 3645 1949 objiciunt.

2063 1943 2204 2011 quod
2253 1945 2360 2001 lato
2392 1949 2684 2008 tribuamus
2742 1955 2834 2012 Dei
2864 1959 3110 2028 gratiam,
3136 1964 3362 2023 dicendo
3394 1943 3510 2027 eam
3543 1943 3647 2030 non

2062 2037 2353 2092 secundum
2388 2042 2574 2097 merita
2627 2055 2806 2100 nostra
2856 2049 2991 2106 dari.
3027 2052 3128 2122 Ipsi
3177 2061 3318 2114 enim
3349 2065 3524 2131 potius
3555 2066 3645 2123 Dei

2059 2127 2283 2195 gratiam
2316 2129 2422 2186 fato
2448 2132 2500 2188 in
2550 2139 2780 2205 parvulis
2837 2142 3094 2210 tribuunt,
3126 2150 3214 2219 qui
3258 2127 3441 2210 dicunt
3479 2156 3645 2214 fatum

2058 2231 2198 2283 esse,
2229 2220 2317 2274 tibi
2345 2225 2590 2280 meritum
2619 2244 2721 2283 non
2765 2242 2848 2286 est
2878 2233 2980 2304 (α).
3023 2237 3177 2293 Nulla
3209 2243 3404 2313 quippe
3433 2250 3643 2318 merita,

2057 2307 2216 2363 etiam
2244 2314 2534 2370 secundum
2559 2319 2702 2387 ipsos
2732 2321 3065 2394 Pelagianos,
3098 2344 3320 2398 possunt
3350 2336 3401 2389 in
3443 2354 3634 2406 parvu-

2059 2397 2126 2452 lis
2145 2398 2390 2470 inveniri,
2422 2420 2519 2461 cur
2556 2410 2643 2464 alii
2671 2426 2856 2468 eorum
2885 2417 3162 2475 mittantur
3187 2423 3239 2477 in
3286 2441 3528 2496 regnum,
3551 2432 3641 2488 alii

2055 2505 2184 2575 vero
2213 2492 2513 2552 alit-nentur
2539 2513 2569 2554 a
2597 2517 2778 2572 regno.
2806 2504 2954 2561 Sicut
2983 2519 3158 2566 autem
3184 2530 3342 2580 nunc,
3369 2529 3425 2572 ut
3451 2531 3636 2576 osten-

2052 2570 2236 2639 dorem
2266 2589 2484 2656 gratiam
2515 2591 2604 2647 Dei
2632 2609 2736 2648 non
2767 2599 3059 2655 secundum
3110 2607 3296 2661 merita
3330 2619 3507 2664 nostra
3547 2613 3641 2668 da-

2052 2673 2118 2740 ri,
2149 2677 2442 2733 secundum
2459 2689 2740 2754 utrumque
2757 2702 2974 2744 scnsuzn
3000 2693 3101 2748 hoc
3117 2694 3406 2755 defendere
3432 2703 3592 2758 malui
3620 2722 3634 2770 ;

2051 2773 2106 2834 et
2134 2769 2424 2825 secundum
2473 2785 2711 2830 nostrum
2759 2780 3001 2850 scilicet,
3041 2787 3142 2855 qui.
3168 2789 3453 2849 obstrictos
3479 2796 3639 2864 Origi-

2049 2857 2154 2912 nali
2176 2869 2396 2929 peccato
2437 2867 2687 2934 parvulos
2707 2870 3035 2941 dicimus,..et
3083 2883 3374 2939 secundum
3401 2886 3634 2960 Pelagia-

2049 2961 2263 3013 norum,
2291 2953 2380 3022 qni
2424 2955 2680 3026 originale
2706 2974 2902 3033 negant
2925 2981 3045 3022 esse
3072 2983 3382 3041 peceatum;
3416 2980 3516 3033 nec
3549 2991 3626 3035 ta-

2049 3054 2174 3097 men
2221 3043 2342 3098 ideo
2387 3046 2516 3103 mihi
2573 3055 3094 3126 estambigendnm,
3139 3043 3337 3122 habere
3383 3072 3631 3138 parvulos

2045 3131 2187 3199 quod
2216 3133 2294 3188 eis
2318 3133 2564 3204 dimittat,
2591 3141 2694 3208 qui.
2731 3145 2946 3201 salvum
2980 3146 3103 3204 facit
3132 3131 3569 3223 poptiluinSttunt
3592 3180 3622 3217 a

2044 3223 2276 3288 peccatis
2300 3239 2485 3281 eorum
2515 3228 2535 3299 (
2563 3228 2752 3287 Manli.
2773 3249 2810 3301 ι,
2837 3234 2900 3291 2|
2940 3237 2959 3308 )
2989 3255 3002 3290 :
3038 3241 3105 3294 ita
3138 3241 3191 3296 in
3231 3246 3386 3301 tertio
3410 3248 3542 3303 libro
3563 3252 3630 3308 de

2045 3311 2239 3369 Libero
2271 3317 2506 3375 Arbitrio
2549 3325 2839 3380 secundum
2879 3337 3166 3403 utrumque
3216 3351 3430 3393 sensum
3460 3345 3627 3399 restiti

2043 3400 2369 3471 Manichaais,
2423 3409 2536 3465 sive
2585 3415 2865 3486 supplicia,
2914 3420 3028 3477 sive
3083 3425 3367 3492 primordia
3416 3443 3622 3490 natura:

2039 3493 2144 3548 sint
2171 3494 2462 3565 ignorantia
2493 3501 2869 3577 etdillicnltas,
2919 3512 3035 3568 sine
3085 3517 3277 3585 quibus
3307 3522 3482 3577 nullus
3532 3523 3629 3580 ho-

2039 3582 2243 3639 minum
2269 3589 2540 3657 nascitur;
2568 3605 2622 3648 et
2654 3605 2837 3652 tamen.
2882 3617 3042 3656 unum
3094 3606 3285 3682 horum
3341 3621 3516 3679 teneo,
3547 3617 3616 3671 ibi

2038 3689 2251 3745 quoque
2277 3693 2306 3731 a
2349 3695 2436 3734 mc
2465 3683 2601 3738 satis
2620 3686 2900 3744 evidenter
2934 3707 3243 3763 espressutn
3279 3717 3294 3754 :
3325 3704 3464 3772 quod
3515 3723 3620 3761 non

2038 3765 2230 3821 sitista
2261 3779 2448 3824 natura
2497 3772 2721 3832 instituti
2764 3778 3016 3851 hominis,
3063 3787 3158 3843 sed
3197 3765 3356 3860 pinna
3388 3793 3624 3854 damnati

2037 3857 2057 3927 (
2085 3855 2248 3930 Capp.
2272 3859 2344 3916 ‘20
2360 3871 2404 3916 et
2428 3862 2500 3920 25
2513 3864 2558 3936 ).

2090 3941 2198 4039 '30.
2223 3951 2440 4008 Frustra
2466 3954 2644 4028 itaque
2668 3962 2797 4018 mihi
2823 3964 2891 4021 de
2937 3967 3079 4027 illius
3102 3970 3220 4029 libri
3251 3979 3354 4033 mei
3385 3991 3620 4040 vetusta-

2041 4036 2100 4095 te
2124 4044 2505 4112 prmscribitur,
2538 4065 2605 4104 ne
2633 4067 2784 4122 agam
2809 4072 3024 4115 causam
3079 4065 3218 4120 sicut
3260 4069 3433 4126 debeo
3457 4089 3616 4146 agere

2036 4133 2399 4202 parvulorum,
2424 4145 2480 4193 et
2507 4139 2630 4198 inde
2666 4147 2890 4214 gratiam
2919 4150 3012 4208 Dei
3050 4171 3156 4208 non
3187 4133 3597 4223 secundumvme

2041 4223 2140 4277 rita
2159 4222 2431 4281 hominum
2462 4229 2597 4297 dari,
2627 4238 2922 4306 perspicuae
2964 4244 3201 4302 veritatis
3249 4249 3366 4307 luce
3391 4258 3614 4311 convin-

2035 4327 2173 4368 cam.
2197 4315 2253 4372 Si
2280 4318 2420 4372 enim
2447 4323 2663 4390 quando
2691 4325 2856 4384 libros
2885 4330 2952 4387 de
2973 4331 3168 4390 Libero
3196 4339 3432 4397 Arbitrio
3455 4344 3622 4404 laicus

2035 4407 2194 4476 cmpi,
2218 4411 2498 4483 presbyter
2523 4416 2783 4486 explicavi
2806 4421 2850 4487 ³,
2877 4423 3053 4482 adhuc
3077 4428 3145 4483 de
3173 4430 3515 4493 damnatione
3534 4438 3616 4493 in-

2034 4494 2257 4553 fantinm
2286 4517 2391 4555 non
2423 4511 2812 4565 renascentium
2843 4514 2985 4570 etde
3005 4524 3398 4579 renascentium
3429 4528 3616 4585 libera-

2037 4588 2180 4643 tione
2200 4590 2496 4649 dubitarem
2520 4613 2535 4662 ;
2561 4613 2740 4666 nemo,
2766 4611 2823 4656 ut
2850 4605 3064 4674 opinor,
3093 4622 3236 4666 esset
3261 4624 3367 4669 tam
3391 4617 3618 4687 injustus

2033 4687 2195 4748 atque
2219 4681 2444 4749 invidus,
2475 4687 2565 4756 qui
2597 4704 2683 4744 me
2729 4692 2990 4759 prolicere
3018 4697 3344 4769 prohiberet,
3381 4681 3541 4775 atque
3564 4710 3615 4763 in

2034 4767 2135 4823 hac
2191 4769 2520 4830 dubitatione
2562 4781 2945 4836 remanendum
2996 4786 3124 4840 mihi
3175 4803 3296 4846 esse
3329 4767 3612 4862 indicaret.

2032 4858 2166 4915 Cum
2191 4875 2319 4916 vero
2347 4865 2545 4921 rectius
2574 4871 2742 4936 possit
2782 4871 3024 4943 intelligi,
3071 4891 3175 4932 non
3221 4895 3309 4936 me
3330 4858 3615 4955 propterea

2032 4949 2100 5005 de
2129 4950 2227 5006 hac
2247 4968 2305 5006 re
2333 4952 2604 5012 dubitasse
2621 4960 2766 5014 credi
2796 4972 3066 5031 oportere,
3085 4969 3210 5037 quia
3240 4949 3604 5046 contra-quos

2035 5059 2152 5098 mea
2178 5044 2505 5116 dirigebatur
2533 5051 2778 5118 intentio,
2807 5056 2883 5112 sic
2902 5059 3031 5115 mihi
3055 5062 3151 5118 visi
3166 5075 3289 5120 sunt
3307 5065 3611 5137 refellendi,

2034 5146 2087 5192 ut
2105 5137 2222 5194 sive
2271 5155 2425 5210 pinna
2481 5153 2624 5200 esset
2674 5150 2872 5217 peccati
2922 5153 3195 5224 originalis
3254 5159 3307 5213 in
3357 5164 3609 5230 parvulis,

2043 5227 2198 5296 quod"
2223 5230 2418 5286 veritas
2455 5231 2648 5299 habet;
2681 5237 2794 5293 sive
2821 5256 2923 5295 non
2971 5254 3146 5309 esset,
3175 5249 3319 5317 quod
3357 5227 3614 5309 inounnlli

2033 5326 2274 5373 errantes
2303 5319 2625 5390 opinantur;
2667 5327 2814 5383 nullo
2850 5331 3010 5387 modo
3042 5342 3217 5392 tamen
3245 5341 3611 5409 q_uam.iilani-

2098 5467 2114 5534 ξ
2149 5467 2223 5519 sic
2244 5477 2349 5520 Mss.
2374 5472 2512 5534 mliti,-
2539 5484 2858 5529 mere-rentur.-

2094 5529 2198 5608 εδει
2221 5539 2338 5608 ante
2355 5529 2582 5608 esensis,
2607 5538 2838 5592 debitum.
2874 5546 3040 5606 Aptius
3054 5547 3102 5596 in
3117 5553 3372 5602 ﬂemettsis
3392 5554 3616 5608 Ecclesia:

2030 5588 2196 5638 codice
2213 5626 2227 5649 ,
2250 5590 2532 5644 indebitum.

2029 5651 2330 5764 ηἰιῗειὲιὰθι
2363 5661 2458 5718 En,
2501 5655 2654 5712 laicus
2692 5670 2851 5716 Rarum
2872 5665 3012 5732 carpi,
3037 5677 3082 5720 et
3102 5668 3155 5721 in
3184 5670 3348 5736 Africa
3369 5675 3617 5740 presbyter

2113 5775 2165 5837 (ι)
2188 5775 2306 5837 vide
2338 5775 2513 5831 librum
2543 5779 2574 5832 2
2607 5791 2773 5837 contra

2815 5787 2936 5841 duas
2967 5791 3198 5856 Epistolas
3233 5795 3612 5864 Pelagianorum,

2029 5845 2111 5884 nn.
2149 5835 2328 5899 “.13.
