  <div class='ocr_page' id='page_1' title='image "/cluster/home/n/w/nwhite01/storage/ocr_20150623/44-45/uc1.31175026792435/515.png"; bbox 0 0 4118 6508; ppageno 0'>
   <div class='ocr_carea' id='block_1_1' title="bbox 465 363 600 422">
    <p class='ocr_par' dir='ltr' id='par_1_1' title="bbox 465 363 600 422">
     <span class='ocr_line' id='line_1_1' title="bbox 465 363 600 422; baseline 0 -2"><span class='ocrx_word' id='word_1_1' title='bbox 465 363 600 422; x_wconf 74' lang='grc'><strong>1011</strong></span> 
     </span>
    </p>
   </div>
   <div class='ocr_carea' id='block_1_2' title="bbox 463 463 2052 538">
    <p class='ocr_par' dir='ltr' id='par_1_2' title="bbox 463 463 2052 538">
     <span class='ocr_line' id='line_1_2' title="bbox 463 463 2052 538; baseline -0.01 -6"><span class='ocrx_word' id='word_1_2' title='bbox 463 479 734 532; x_wconf 60' lang='lat' dir='ltr'><strong>citatorum</strong></span> <span class='ocrx_word' id='word_1_3' title='bbox 769 487 922 530; x_wconf 88' lang='lat' dir='ltr'><strong>error</strong></span> <span class='ocrx_word' id='word_1_4' title='bbox 975 469 1198 538; x_wconf 75' lang='lat' dir='ltr'><strong>inducit,</strong></span> <span class='ocrx_word' id='word_1_5' title='bbox 1247 466 1472 523; x_wconf 72' lang='lat' dir='ltr'><strong>duarum</strong></span> <span class='ocrx_word' id='word_1_6' title='bbox 1527 473 1830 522; x_wconf 80' lang='lat' dir='ltr'><strong>naturarum</strong></span> <span class='ocrx_word' id='word_1_7' title='bbox 1857 505 1874 531; x_wconf 94' lang='lat'><strong>,</strong></span> <span class='ocrx_word' id='word_1_8' title='bbox 1925 463 2052 518; x_wconf 88' lang='lat' dir='ltr'><strong>boui</strong></span> 
     </span>
    </p>
   </div>
   <div class='ocr_carea' id='block_1_3' title="bbox 465 555 2050 634">
    <p class='ocr_par' dir='ltr' id='par_1_3' title="bbox 465 555 2050 634">
     <span class='ocr_line' id='line_1_3' title="bbox 465 555 2050 634; baseline -0.01 -10"><span class='ocrx_word' id='word_1_9' title='bbox 465 568 670 624; x_wconf 80' lang='lat' dir='ltr'><strong>scilicet</strong></span> <span class='ocrx_word' id='word_1_10' title='bbox 697 575 752 622; x_wconf 90' lang='lat' dir='ltr'><strong>et</strong></span> <span class='ocrx_word' id='word_1_11' title='bbox 772 565 920 630; x_wconf 83' lang='lat' dir='ltr'><strong>mali,</strong></span> <span class='ocrx_word' id='word_1_12' title='bbox 964 561 1247 634; x_wconf 72' lang='lat' dir='ltr'><strong>permixtio</strong></span> <span class='ocrx_word' id='word_1_13' title='bbox 1291 558 1638 614; x_wconf 70' lang='lat' dir='ltr'><strong>crtxleretur:</strong></span> <span class='ocrx_word' id='word_1_14' title='bbox 1666 555 1807 614; x_wconf 89' lang='lat' dir='ltr'><strong>absit</strong></span> <span class='ocrx_word' id='word_1_15' title='bbox 1827 565 1884 610; x_wconf 90' lang='lat' dir='ltr'><strong>ut</strong></span> <span class='ocrx_word' id='word_1_16' title='bbox 1918 569 2050 610; x_wconf 87' lang='lat' dir='ltr'><strong>can-.-</strong></span> 
     </span>
    </p>
   </div>
   <div class='ocr_carea' id='block_1_4' title="bbox 461 647 2050 729">
    <p class='ocr_par' dir='ltr' id='par_1_4' title="bbox 461 647 2050 729">
     <span class='ocr_line' id='line_1_4' title="bbox 461 647 2050 729; baseline -0.008 -15"><span class='ocrx_word' id='word_1_17' title='bbox 461 675 576 714; x_wconf 82' lang='lat' dir='ltr'><strong>sam</strong></span> <span class='ocrx_word' id='word_1_18' title='bbox 607 659 946 729; x_wconf 86' lang='lat' dir='ltr'><strong>parvulorum</strong></span> <span class='ocrx_word' id='word_1_19' title='bbox 975 655 1052 710; x_wconf 87' lang='lat' dir='ltr'><strong>sic</strong></span> <span class='ocrx_word' id='word_1_20' title='bbox 1079 653 1462 724; x_wconf 81' lang='lat' dir='ltr'><strong>relinquamus,</strong></span> <span class='ocrx_word' id='word_1_21' title='bbox 1493 659 1553 704; x_wconf 90' lang='lat' dir='ltr'><strong>ut</strong></span> <span class='ocrx_word' id='word_1_22' title='bbox 1581 663 1704 706; x_wconf 86' lang='lat' dir='ltr'><strong>esse</strong></span> <span class='ocrx_word' id='word_1_23' title='bbox 1725 647 1881 704; x_wconf 86' lang='lat' dir='ltr'><strong>nobis</strong></span> <span class='ocrx_word' id='word_1_24' title='bbox 1909 647 2050 703; x_wconf 85' lang='lat' dir='ltr'><strong>diea-</strong></span> 
     </span>
    </p>
   </div>
   <div class='ocr_carea' id='block_1_5' title="bbox 463 740 2052 815">
    <p class='ocr_par' dir='ltr' id='par_1_5' title="bbox 463 740 2052 815">
     <span class='ocr_line' id='line_1_5' title="bbox 463 740 2052 815; baseline -0.008 -10"><span class='ocrx_word' id='word_1_25' title='bbox 463 753 881 808; x_wconf 80' lang='lat' dir='ltr'><strong>ntusinccrtum.</strong></span> <span class='ocrx_word' id='word_1_26' title='bbox 908 759 1082 803; x_wconf 84' lang='lat' dir='ltr'><strong>utrum</strong></span> <span class='ocrx_word' id='word_1_27' title='bbox 1108 748 1157 801; x_wconf 89' lang='lat' dir='ltr'><strong>in</strong></span> <span class='ocrx_word' id='word_1_28' title='bbox 1175 745 1388 800; x_wconf 76' lang='lat' dir='ltr'><strong>Christo</strong></span> <span class='ocrx_word' id='word_1_29' title='bbox 1405 742 1723 815; x_wconf 71' lang='lat' dir='ltr'><strong>regenerati,</strong></span> <span class='ocrx_word' id='word_1_30' title='bbox 1743 741 1789 796; x_wconf 90' lang='lat' dir='ltr'><strong>si</strong></span> <span class='ocrx_word' id='word_1_31' title='bbox 1819 740 2052 795; x_wconf 88' lang='lat' dir='ltr'><strong>morian-</strong></span> 
     </span>
    </p>
   </div>
   <div class='ocr_carea' id='block_1_6' title="bbox 464 837 2050 916">
    <p class='ocr_par' dir='ltr' id='par_1_6' title="bbox 464 837 2050 916">
     <span class='ocr_line' id='line_1_6' title="bbox 464 837 2050 916; baseline -0.007 -15"><span class='ocrx_word' id='word_1_32' title='bbox 464 859 548 901; x_wconf 86' lang='lat' dir='ltr'><strong>tur</strong></span> <span class='ocrx_word' id='word_1_33' title='bbox 580 843 812 916; x_wconf 81' lang='lat' dir='ltr'><strong>parvuli,</strong></span> <span class='ocrx_word' id='word_1_34' title='bbox 847 851 1120 898; x_wconf 87' lang='lat' dir='ltr'><strong>transeant</strong></span> <span class='ocrx_word' id='word_1_35' title='bbox 1149 841 1200 894; x_wconf 89' lang='lat' dir='ltr'><strong>in</strong></span> <span class='ocrx_word' id='word_1_36' title='bbox 1230 847 1484 894; x_wconf 33' lang='lat' dir='ltr'><strong>alternam</strong></span> <span class='ocrx_word' id='word_1_37' title='bbox 1529 837 1752 893; x_wconf 90' lang='lat' dir='ltr'><strong>salutem</strong></span> <span class='ocrx_word' id='word_1_38' title='bbox 1779 852 1794 900; x_wconf 90' lang='lat'><strong>;</strong></span> <span class='ocrx_word' id='word_1_39' title='bbox 1817 851 1922 890; x_wconf 87' lang='lat' dir='ltr'><strong>non</strong></span> <span class='ocrx_word' id='word_1_40' title='bbox 1961 851 2050 890; x_wconf 86' lang='lat' dir='ltr'><strong>re-</strong></span> 
     </span>
    </p>
   </div>
   <div class='ocr_carea' id='block_1_7' title="bbox 460 929 2028 1008">
    <p class='ocr_par' dir='ltr' id='par_1_7' title="bbox 460 929 2028 1008">
     <span class='ocr_line' id='line_1_7' title="bbox 460 929 2028 1008; baseline -0.008 -14"><span class='ocrx_word' id='word_1_41' title='bbox 460 937 695 1008; x_wconf 77' lang='lat' dir='ltr'><strong>generati</strong></span> <span class='ocrx_word' id='word_1_42' title='bbox 749 946 928 991; x_wconf 88' lang='lat' dir='ltr'><strong>autem</strong></span> <span class='ocrx_word' id='word_1_43' title='bbox 977 942 1250 988; x_wconf 78' lang='lat' dir='ltr'><strong>transeant</strong></span> <span class='ocrx_word' id='word_1_44' title='bbox 1311 932 1362 986; x_wconf 90' lang='lat' dir='ltr'><strong>in</strong></span> <span class='ocrx_word' id='word_1_45' title='bbox 1409 939 1634 985; x_wconf 86' lang='lat' dir='ltr'><strong>mortem</strong></span> <span class='ocrx_word' id='word_1_46' title='bbox 1703 929 2028 984; x_wconf 89' lang='lat' dir='ltr'><strong>secundam:</strong></span> 
     </span>
    </p>
   </div>
   <div class='ocr_carea' id='block_1_8' title="bbox 461 1023 2050 1102">
    <p class='ocr_par' dir='ltr' id='par_1_8' title="bbox 461 1023 2050 1102">
     <span class='ocr_line' id='line_1_8' title="bbox 461 1023 2050 1102; baseline -0.005 -18"><span class='ocrx_word' id='word_1_47' title='bbox 461 1031 712 1102; x_wconf 87' lang='lat' dir='ltr'><strong>quoniam</strong></span> <span class='ocrx_word' id='word_1_48' title='bbox 737 1027 875 1099; x_wconf 89' lang='lat' dir='ltr'><strong>quod</strong></span> <span class='ocrx_word' id='word_1_49' title='bbox 906 1028 1160 1098; x_wconf 87' lang='lat' dir='ltr'><strong>scriptum</strong></span> <span class='ocrx_word' id='word_1_50' title='bbox 1199 1035 1300 1092; x_wconf 89' lang='lat' dir='ltr'><strong>est,</strong></span> <span class='ocrx_word' id='word_1_51' title='bbox 1341 1025 1439 1080; x_wconf 81' lang='lat' dir='ltr'><strong>Per</strong></span> <span class='ocrx_word' id='word_1_52' title='bbox 1465 1041 1620 1078; x_wconf 84' lang='lat' dir='ltr'><strong>unum</strong></span> <span class='ocrx_word' id='word_1_53' title='bbox 1645 1023 1900 1077; x_wconf 79' lang='lat' dir='ltr'><strong>hominem</strong></span> <span class='ocrx_word' id='word_1_54' title='bbox 1932 1037 2050 1094; x_wconf 86' lang='lat' dir='ltr'><strong>pec-</strong></span> 
     </span>
    </p>
   </div>
   <div class='ocr_carea' id='block_1_9' title="bbox 459 1121 2108 1188">
    <p class='ocr_par' dir='ltr' id='par_1_9' title="bbox 459 1121 2108 1188">
     <span class='ocr_line' id='line_1_9' title="bbox 459 1121 2108 1188; baseline -0.007 -9"><span class='ocrx_word' id='word_1_55' title='bbox 459 1134 632 1179; x_wconf 83' lang='lat' dir='ltr'><strong>catum</strong></span> <span class='ocrx_word' id='word_1_56' title='bbox 662 1123 866 1178; x_wconf 81' lang='lat' dir='ltr'><strong>intravit</strong></span> <span class='ocrx_word' id='word_1_57' title='bbox 891 1121 946 1176; x_wconf 76' lang='lat' dir='ltr'><strong>in</strong></span> <span class='ocrx_word' id='word_1_58' title='bbox 991 1121 1256 1186; x_wconf 80' lang='lat' dir='ltr'><strong>mundum,</strong></span> <span class='ocrx_word' id='word_1_59' title='bbox 1288 1127 1334 1173; x_wconf 85' lang='lat' dir='ltr'><strong>et</strong></span> <span class='ocrx_word' id='word_1_60' title='bbox 1357 1133 1448 1188; x_wconf 80' lang='lat' dir='ltr'><strong>per</strong></span> <span class='ocrx_word' id='word_1_61' title='bbox 1499 1125 1762 1187; x_wconf 83' lang='lat' dir='ltr'><strong>peccatum</strong></span> <span class='ocrx_word' id='word_1_62' title='bbox 1791 1131 1927 1169; x_wconf 84' lang='lat' dir='ltr'><strong>mors</strong></span> <span class='ocrx_word' id='word_1_63' title='bbox 1953 1132 1970 1181; x_wconf 88' lang='lat'><em>;</em></span> <span class='ocrx_word' id='word_1_64' title='bbox 2000 1124 2049 1169; x_wconf 82' lang='lat' dir='ltr'><strong>et</strong></span> <span class='ocrx_word' id='word_1_65' title='bbox 2099 1143 2108 1152; x_wconf 90' lang='lat'><strong><em>-</em></strong></span> 
     </span>
    </p>
   </div>
   <div class='ocr_carea' id='block_1_10' title="bbox 458 1209 2048 1284">
    <p class='ocr_par' dir='ltr' id='par_1_10' title="bbox 458 1209 2048 1284">
     <span class='ocr_line' id='line_1_10' title="bbox 458 1209 2048 1284; baseline -0.005 -14"><span class='ocrx_word' id='word_1_66' title='bbox 458 1217 533 1270; x_wconf 84' lang='lat' dir='ltr'><strong>ita</strong></span> <span class='ocrx_word' id='word_1_67' title='bbox 555 1216 607 1270; x_wconf 73' lang='lat' dir='ltr'><strong>in</strong></span> <span class='ocrx_word' id='word_1_68' title='bbox 631 1231 806 1271; x_wconf 81' lang='lat' dir='ltr'><strong>omnes</strong></span> <span class='ocrx_word' id='word_1_69' title='bbox 830 1213 1056 1267; x_wconf 80' lang='lat' dir='ltr'><strong>homines</strong></span> <span class='ocrx_word' id='word_1_70' title='bbox 1081 1211 1370 1284; x_wconf 80' lang='lat' dir='ltr'><strong>pertransiit</strong></span> <span class='ocrx_word' id='word_1_71' title='bbox 1393 1211 1410 1282; x_wconf 97' lang='lat'>(</span> <span class='ocrx_word' id='word_1_72' title='bbox 1435 1209 1584 1264; x_wconf 80' lang='lat' dir='ltr'><strong>Rom.</strong></span> <span class='ocrx_word' id='word_1_73' title='bbox 1601 1225 1658 1276; x_wconf 86' lang='lat' dir='ltr'><strong>v,</strong></span> <span class='ocrx_word' id='word_1_74' title='bbox 1685 1209 1771 1272; x_wconf 72' lang='lat' dir='ltr'><strong>l2,</strong></span> <span class='ocrx_word' id='word_1_75' title='bbox 1807 1209 1861 1280; x_wconf 90' lang='lat'><strong>);</strong></span> <span class='ocrx_word' id='word_1_76' title='bbox 1891 1209 2048 1264; x_wconf 79' lang='lat' dir='ltr'><strong>aliter</strong></span> 
     </span>
    </p>
   </div>
   <div class='ocr_carea' id='block_1_11' title="bbox 459 1307 2051 1377">
    <p class='ocr_par' dir='ltr' id='par_1_11' title="bbox 459 1307 2051 1377">
     <span class='ocr_line' id='line_1_11' title="bbox 459 1307 2051 1377; baseline -0.005 -15"><span class='ocrx_word' id='word_1_77' title='bbox 459 1317 605 1364; x_wconf 86' lang='lat' dir='ltr'><strong>recte</strong></span> <span class='ocrx_word' id='word_1_78' title='bbox 625 1307 840 1377; x_wconf 85' lang='lat' dir='ltr'><strong>intelligi</strong></span> <span class='ocrx_word' id='word_1_79' title='bbox 869 1321 976 1362; x_wconf 88' lang='lat' dir='ltr'><strong>non</strong></span> <span class='ocrx_word' id='word_1_80' title='bbox 1007 1312 1184 1375; x_wconf 76' lang='lat' dir='ltr'><strong>potest</strong></span> <span class='ocrx_word' id='word_1_81' title='bbox 1211 1321 1225 1358; x_wconf 90' lang='lat'><strong>:</strong></span> <span class='ocrx_word' id='word_1_82' title='bbox 1258 1317 1354 1358; x_wconf 83' lang='lat' dir='ltr'><strong>nec</strong></span> <span class='ocrx_word' id='word_1_83' title='bbox 1378 1317 1408 1357; x_wconf 89' lang='lat' dir='ltr'><strong>a</strong></span> <span class='ocrx_word' id='word_1_84' title='bbox 1429 1309 1600 1356; x_wconf 90' lang='lat' dir='ltr'><strong>morte</strong></span> <span class='ocrx_word' id='word_1_85' title='bbox 1631 1309 1908 1371; x_wconf 85' lang='lat' dir='ltr'><strong>perpetua,</strong></span> <span class='ocrx_word' id='word_1_86' title='bbox 1930 1315 2051 1371; x_wconf 69' lang='lat' dir='ltr'><strong>quae</strong></span> 
     </span>
    </p>
   </div>
   <div class='ocr_carea' id='block_1_12' title="bbox 454 1395 2043 1472">
    <p class='ocr_par' dir='ltr' id='par_1_12' title="bbox 454 1395 2043 1472">
     <span class='ocr_line' id='line_1_12' title="bbox 454 1395 2043 1472; baseline -0.005 -16"><span class='ocrx_word' id='word_1_87' title='bbox 454 1401 750 1472; x_wconf 77' lang='lat' dir='ltr'><strong>iustissime</strong></span> <span class='ocrx_word' id='word_1_88' title='bbox 776 1408 860 1456; x_wconf 86' lang='lat' dir='ltr'><strong>est</strong></span> <span class='ocrx_word' id='word_1_89' title='bbox 885 1399 1142 1454; x_wconf 85' lang='lat' dir='ltr'><strong>retributa</strong></span> <span class='ocrx_word' id='word_1_90' title='bbox 1195 1405 1436 1469; x_wconf 86' lang='lat' dir='ltr'><strong>peccato,</strong></span> <span class='ocrx_word' id='word_1_91' title='bbox 1483 1395 1674 1450; x_wconf 89' lang='lat' dir='ltr'><strong>liberat</strong></span> <span class='ocrx_word' id='word_1_92' title='bbox 1719 1409 2043 1465; x_wconf 88' lang='lat' dir='ltr'><strong>quemquam</strong></span> 
     </span>
    </p>
   </div>
   <div class='ocr_carea' id='block_1_13' title="bbox 461 1485 2048 1562">
    <p class='ocr_par' dir='ltr' id='par_1_13' title="bbox 461 1485 2048 1562">
     <span class='ocr_line' id='line_1_13' title="bbox 461 1485 2048 1562; baseline -0.003 -18"><span class='ocrx_word' id='word_1_93' title='bbox 461 1493 772 1562; x_wconf 82' lang='lat' dir='ltr'><strong>pusillorum</strong></span> <span class='ocrx_word' id='word_1_94' title='bbox 806 1501 964 1561; x_wconf 89' lang='lat' dir='ltr'><strong>atque</strong></span> <span class='ocrx_word' id='word_1_95' title='bbox 989 1503 1323 1558; x_wconf 86' lang='lat' dir='ltr'><strong>magnorum,</strong></span> <span class='ocrx_word' id='word_1_96' title='bbox 1351 1485 1450 1540; x_wconf 88' lang='lat' dir='ltr'><strong>nisi</strong></span> <span class='ocrx_word' id='word_1_97' title='bbox 1483 1485 1572 1540; x_wconf 90' lang='lat' dir='ltr'><strong>ille</strong></span> <span class='ocrx_word' id='word_1_98' title='bbox 1598 1485 1688 1556; x_wconf 86' lang='lat' dir='ltr'><strong>qui</strong></span> <span class='ocrx_word' id='word_1_99' title='bbox 1721 1493 1936 1554; x_wconf 86' lang='lat' dir='ltr'><strong>prepter</strong></span> <span class='ocrx_word' id='word_1_100' title='bbox 1963 1497 2048 1539; x_wconf 89' lang='lat' dir='ltr'><strong>rc-</strong></span> 
     </span>
    </p>
   </div>
   <div class='ocr_carea' id='block_1_14' title="bbox 465 1578 2050 1652">
    <p class='ocr_par' dir='ltr' id='par_1_14' title="bbox 465 1578 2050 1652">
     <span class='ocr_line' id='line_1_14' title="bbox 465 1578 2050 1652; baseline -0.006 -13"><span class='ocrx_word' id='word_1_101' title='bbox 465 1583 723 1641; x_wconf 86' lang='lat' dir='ltr'><strong>mittenda</strong></span> <span class='ocrx_word' id='word_1_102' title='bbox 751 1589 808 1639; x_wconf 90' lang='lat' dir='ltr'><strong>et</strong></span> <span class='ocrx_word' id='word_1_103' title='bbox 835 1581 1107 1652; x_wconf 88' lang='lat' dir='ltr'><strong>originalia</strong></span> <span class='ocrx_word' id='word_1_104' title='bbox 1135 1589 1188 1635; x_wconf 88' lang='lat' dir='ltr'><strong>et</strong></span> <span class='ocrx_word' id='word_1_105' title='bbox 1213 1578 1427 1651; x_wconf 85' lang='lat' dir='ltr'><strong>propria</strong></span> <span class='ocrx_word' id='word_1_106' title='bbox 1453 1586 1629 1633; x_wconf 91' lang='lat' dir='ltr'><strong>nostra</strong></span> <span class='ocrx_word' id='word_1_107' title='bbox 1663 1584 1878 1646; x_wconf 87' lang='lat' dir='ltr'><strong>peccata</strong></span> <span class='ocrx_word' id='word_1_108' title='bbox 1906 1589 2050 1630; x_wconf 91' lang='lat' dir='ltr'><strong>mor-</strong></span> 
     </span>
    </p>
   </div>
   <div class='ocr_carea' id='block_1_15' title="bbox 461 1669 2046 1742">
    <p class='ocr_par' dir='ltr' id='par_1_15' title="bbox 461 1669 2046 1742">
     <span class='ocr_line' id='line_1_15' title="bbox 461 1669 2046 1742; baseline -0.005 -10"><span class='ocrx_word' id='word_1_109' title='bbox 461 1685 584 1732; x_wconf 72' lang='lat' dir='ltr'><strong>tuus</strong></span> <span class='ocrx_word' id='word_1_110' title='bbox 609 1685 693 1732; x_wconf 87' lang='lat' dir='ltr'><strong>est</strong></span> <span class='ocrx_word' id='word_1_111' title='bbox 737 1677 854 1730; x_wconf 87' lang='lat' dir='ltr'><strong>sine</strong></span> <span class='ocrx_word' id='word_1_112' title='bbox 887 1673 998 1728; x_wconf 88' lang='lat' dir='ltr'><strong>ullo</strong></span> <span class='ocrx_word' id='word_1_113' title='bbox 1044 1687 1144 1728; x_wconf 89' lang='lat' dir='ltr'><strong>suo</strong></span> <span class='ocrx_word' id='word_1_114' title='bbox 1188 1669 1430 1742; x_wconf 81' lang='lat' dir='ltr'><strong>originali</strong></span> <span class='ocrx_word' id='word_1_115' title='bbox 1477 1669 1760 1740; x_wconf 88' lang='lat' dir='ltr'><strong>propriove</strong></span> <span class='ocrx_word' id='word_1_116' title='bbox 1805 1677 2046 1740; x_wconf 87' lang='lat' dir='ltr'><strong>peccato.</strong></span> 
     </span>
    </p>
   </div>
   <div class='ocr_carea' id='block_1_16' title="bbox 457 1761 2049 1840">
    <p class='ocr_par' dir='ltr' id='par_1_16' title="bbox 457 1761 2049 1840">
     <span class='ocr_line' id='line_1_16' title="bbox 457 1761 2049 1840; baseline -0.006 -14"><span class='ocrx_word' id='word_1_117' title='bbox 457 1770 560 1826; x_wconf 88' lang='lat' dir='ltr'><strong>Sed</strong></span> <span class='ocrx_word' id='word_1_118' title='bbox 591 1785 758 1840; x_wconf 87' lang='lat' dir='ltr'><strong>quare</strong></span> <span class='ocrx_word' id='word_1_119' title='bbox 795 1769 914 1823; x_wconf 82' lang='lat' dir='ltr'><strong>illos</strong></span> <span class='ocrx_word' id='word_1_120' title='bbox 963 1765 1137 1837; x_wconf 86' lang='lat' dir='ltr'><strong>potius</strong></span> <span class='ocrx_word' id='word_1_121' title='bbox 1158 1779 1315 1836; x_wconf 90' lang='lat' dir='ltr'><strong>quam</strong></span> <span class='ocrx_word' id='word_1_122' title='bbox 1341 1761 1498 1818; x_wconf 81' lang='lat' dir='ltr'><strong>illos?</strong></span> <span class='ocrx_word' id='word_1_123' title='bbox 1523 1763 1718 1818; x_wconf 87' lang='lat' dir='ltr'><strong>lterum</strong></span> <span class='ocrx_word' id='word_1_124' title='bbox 1762 1770 1922 1832; x_wconf 88' lang='lat' dir='ltr'><strong>atque</strong></span> <span class='ocrx_word' id='word_1_125' title='bbox 1951 1761 2049 1816; x_wconf 87' lang='lat' dir='ltr'><strong>ite-</strong></span> 
     </span>
    </p>
   </div>
   <div class='ocr_carea' id='block_1_17' title="bbox 455 1854 2034 1930">
    <p class='ocr_par' dir='ltr' id='par_1_17' title="bbox 455 1854 2034 1930">
     <span class='ocr_line' id='line_1_17' title="bbox 455 1854 2034 1930; baseline -0.006 -14"><span class='ocrx_word' id='word_1_126' title='bbox 455 1877 572 1916; x_wconf 87' lang='lat' dir='ltr'><strong>rum</strong></span> <span class='ocrx_word' id='word_1_127' title='bbox 599 1861 848 1926; x_wconf 77' lang='lat' dir='ltr'><strong>dicimus,</strong></span> <span class='ocrx_word' id='word_1_128' title='bbox 891 1875 993 1915; x_wconf 91' lang='lat' dir='ltr'><strong>nec</strong></span> <span class='ocrx_word' id='word_1_129' title='bbox 1021 1873 1120 1914; x_wconf 90' lang='lat' dir='ltr'><strong>nos</strong></span> <span class='ocrx_word' id='word_1_130' title='bbox 1147 1859 1309 1930; x_wconf 87' lang='lat' dir='ltr'><strong>piget.</strong></span> <span class='ocrx_word' id='word_1_131' title='bbox 1351 1855 1396 1910; x_wconf 88' lang='grc'><strong><em>0</em></strong></span> <span class='ocrx_word' id='word_1_132' title='bbox 1439 1856 1605 1917; x_wconf 85' lang='lat' dir='ltr'><strong>homo,</strong></span> <span class='ocrx_word' id='word_1_133' title='bbox 1636 1865 1688 1908; x_wconf 81' lang='lat' dir='ltr'><strong>tu</strong></span> <span class='ocrx_word' id='word_1_134' title='bbox 1735 1855 1848 1926; x_wconf 83' lang='lat' dir='ltr'><strong>quis</strong></span> <span class='ocrx_word' id='word_1_135' title='bbox 1871 1871 1922 1909; x_wconf 85' lang='lat' dir='ltr'><strong>es</strong></span> <span class='ocrx_word' id='word_1_136' title='bbox 1947 1854 2034 1924; x_wconf 86' lang='lat' dir='ltr'><strong>qui</strong></span> 
     </span>
    </p>
   </div>
   <div class='ocr_carea' id='block_1_18' title="bbox 453 1945 2049 2025">
    <p class='ocr_par' dir='ltr' id='par_1_18' title="bbox 453 1945 2049 2025">
     <span class='ocr_line' id='line_1_18' title="bbox 453 1945 2049 2025; baseline -0.006 -16"><span class='ocrx_word' id='word_1_137' title='bbox 453 1953 760 2025; x_wconf 74' lang='lat' dir='ltr'><strong>respondeas</strong></span> <span class='ocrx_word' id='word_1_138' title='bbox 799 1951 908 2007; x_wconf 85' lang='lat' dir='ltr'><strong>Deo</strong></span> <span class='ocrx_word' id='word_1_139' title='bbox 937 1951 958 2023; x_wconf 93' lang='lat'><strong>(</strong></span> <span class='ocrx_word' id='word_1_140' title='bbox 989 1951 1136 2007; x_wconf 82' lang='lat' dir='ltr'><strong>Rom.</strong></span> <span class='ocrx_word' id='word_1_141' title='bbox 1185 1967 1260 2016; x_wconf 74' lang='lat' dir='ltr'><strong>Iv,</strong></span> <span class='ocrx_word' id='word_1_142' title='bbox 1303 1949 1375 2004; x_wconf 71' lang='lat'><strong>20</strong></span> <span class='ocrx_word' id='word_1_143' title='bbox 1403 1947 1470 2022; x_wconf 87' lang='lat'><strong>)?</strong></span> <span class='ocrx_word' id='word_1_144' title='bbox 1515 1945 1877 2002; x_wconf 83' lang='lat' dir='ltr'><strong>Inscrutabilia</strong></span> <span class='ocrx_word' id='word_1_145' title='bbox 1930 1955 2049 2001; x_wconf 83' lang='lat' dir='ltr'><strong>sunt</strong></span> 
     </span>
    </p>
   </div>
   <div class='ocr_carea' id='block_1_19' title="bbox 452 2039 2050 2122">
    <p class='ocr_par' dir='ltr' id='par_1_19' title="bbox 452 2039 2050 2122">
     <span class='ocr_line' id='line_1_19' title="bbox 452 2039 2050 2122; baseline -0.004 -20"><span class='ocrx_word' id='word_1_146' title='bbox 452 2049 646 2122; x_wconf 76' lang='lat' dir='ltr'><strong>indicia</strong></span> <span class='ocrx_word' id='word_1_147' title='bbox 671 2047 780 2120; x_wconf 74' lang='lat' dir='ltr'><strong>ejus</strong></span> <span class='ocrx_word' id='word_1_148' title='bbox 799 2091 815 2116; x_wconf 88' lang='lat'><strong>,</strong></span> <span class='ocrx_word' id='word_1_149' title='bbox 843 2057 890 2101; x_wconf 86' lang='lat' dir='ltr'><strong>et</strong></span> <span class='ocrx_word' id='word_1_150' title='bbox 916 2045 1283 2116; x_wconf 68' lang='lat' dir='ltr'><strong>investigabiles</strong></span> <span class='ocrx_word' id='word_1_151' title='bbox 1321 2043 1416 2098; x_wconf 74' lang='lat' dir='ltr'><strong>via:</strong></span> <span class='ocrx_word' id='word_1_152' title='bbox 1437 2044 1545 2114; x_wconf 85' lang='lat' dir='ltr'><strong>ejus</strong></span> <span class='ocrx_word' id='word_1_153' title='bbox 1575 2041 1592 2114; x_wconf 95' lang='lat'>(</span> <span class='ocrx_word' id='word_1_154' title='bbox 1614 2039 1696 2096; x_wconf 86' lang='lat' dir='ltr'><strong>Id.</strong></span> <span class='ocrx_word' id='word_1_155' title='bbox 1721 2057 1794 2104; x_wconf 67' lang='grc' dir='ltr'><strong>χι,</strong></span> <span class='ocrx_word' id='word_1_156' title='bbox 1824 2041 1948 2113; x_wconf 78' lang='grc'><strong>55).</strong></span> <span class='ocrx_word' id='word_1_157' title='bbox 1981 2039 2050 2096; x_wconf 83' lang='grc' dir='ltr'><strong>Ει</strong></span> 
     </span>
    </p>
   </div>
   <div class='ocr_carea' id='block_1_20' title="bbox 457 2133 2052 2208">
    <p class='ocr_par' dir='ltr' id='par_1_20' title="bbox 457 2133 2052 2208">
     <span class='ocr_line' id='line_1_20' title="bbox 457 2133 2052 2208; baseline -0.003 -14"><span class='ocrx_word' id='word_1_158' title='bbox 457 2141 560 2195; x_wconf 90' lang='lat' dir='ltr'><strong>hoc</strong></span> <span class='ocrx_word' id='word_1_159' title='bbox 586 2139 897 2208; x_wconf 72' lang='lat' dir='ltr'><strong>adjiciamus</strong></span> <span class='ocrx_word' id='word_1_160' title='bbox 929 2155 942 2192; x_wconf 89' lang='lat'><strong>:</strong></span> <span class='ocrx_word' id='word_1_161' title='bbox 971 2139 1169 2194; x_wconf 76' lang='lat' dir='ltr'><strong>Altiora</strong></span> <span class='ocrx_word' id='word_1_162' title='bbox 1207 2147 1253 2192; x_wconf 87' lang='lat' dir='ltr'><strong>te</strong></span> <span class='ocrx_word' id='word_1_163' title='bbox 1291 2153 1353 2192; x_wconf 84' lang='lat' dir='ltr'><strong>ne</strong></span> <span class='ocrx_word' id='word_1_164' title='bbox 1378 2136 1656 2206; x_wconf 73' lang='lat' dir='ltr'><strong>quwsieris,</strong></span> <span class='ocrx_word' id='word_1_165' title='bbox 1691 2144 1739 2190; x_wconf 82' lang='lat' dir='ltr'><strong>et</strong></span> <span class='ocrx_word' id='word_1_166' title='bbox 1766 2133 1983 2208; x_wconf 77' lang='lat' dir='ltr'><strong>fortiora</strong></span> <span class='ocrx_word' id='word_1_167' title='bbox 2004 2144 2052 2190; x_wconf 81' lang='lat' dir='ltr'><strong>te</strong></span> 
     </span>
    </p>
   </div>
   <div class='ocr_carea' id='block_1_21' title="bbox 459 2227 1470 2302">
    <p class='ocr_par' dir='ltr' id='par_1_21' title="bbox 459 2227 1470 2302">
     <span class='ocr_line' id='line_1_21' title="bbox 459 2227 1470 2302; baseline -0.004 -16"><span class='ocrx_word' id='word_1_168' title='bbox 459 2248 524 2286; x_wconf 80' lang='lat' dir='ltr'><strong>rte</strong></span> <span class='ocrx_word' id='word_1_169' title='bbox 543 2239 800 2286; x_wconf 68' lang='lat' dir='ltr'><strong>scrutatus</strong></span> <span class='ocrx_word' id='word_1_170' title='bbox 826 2229 983 2302; x_wconf 77' lang='lat' dir='ltr'><strong>fueris</strong></span> <span class='ocrx_word' id='word_1_171' title='bbox 1007 2229 1026 2300; x_wconf 95' lang='lat'><strong>(</strong></span> <span class='ocrx_word' id='word_1_172' title='bbox 1048 2229 1208 2284; x_wconf 81' lang='lat' dir='ltr'><strong>Eccli.</strong></span> <span class='ocrx_word' id='word_1_173' title='bbox 1235 2243 1311 2294; x_wconf 92' lang='grc' dir='ltr'><strong>ιιι,</strong></span> <span class='ocrx_word' id='word_1_174' title='bbox 1339 2227 1470 2300; x_wconf 70' lang='grc'>22).</span> 
     </span>
    </p>
   </div>
   <div class='ocr_carea' id='block_1_22' title="bbox 529 2317 2040 2390">
    <p class='ocr_par' dir='ltr' id='par_1_22' title="bbox 529 2317 2040 2390">
     <span class='ocr_line' id='line_1_22' title="bbox 529 2317 2040 2390; baseline -0.005 -10"><span class='ocrx_word' id='word_1_175' title='bbox 529 2323 620 2380; x_wconf 70' lang='grc'><strong>31.</strong></span> <span class='ocrx_word' id='word_1_176' title='bbox 643 2321 848 2378; x_wconf 74' lang='lat' dir='ltr'><strong>\‘idetis</strong></span> <span class='ocrx_word' id='word_1_177' title='bbox 872 2322 1014 2377; x_wconf 90' lang='lat' dir='ltr'><strong>enim</strong></span> <span class='ocrx_word' id='word_1_178' title='bbox 1041 2322 1083 2386; x_wconf 78' lang='grc' dir='ltr'><strong>ί,</strong></span> <span class='ocrx_word' id='word_1_179' title='bbox 1106 2319 1430 2386; x_wconf 84' lang='lat' dir='ltr'><strong>cbarissimi,</strong></span> <span class='ocrx_word' id='word_1_180' title='bbox 1461 2333 1617 2390; x_wconf 90' lang='lat' dir='ltr'><strong>quam</strong></span> <span class='ocrx_word' id='word_1_181' title='bbox 1642 2319 1710 2374; x_wconf 86' lang='lat' dir='ltr'><strong>sit</strong></span> <span class='ocrx_word' id='word_1_182' title='bbox 1729 2317 2040 2385; x_wconf 86' lang='lat' dir='ltr'><strong>absurdum,</strong></span> 
     </span>
    </p>
   </div>
   <div class='ocr_carea' id='block_1_23' title="bbox 456 2411 2048 2484">
    <p class='ocr_par' dir='ltr' id='par_1_23' title="bbox 456 2411 2048 2484">
     <span class='ocr_line' id='line_1_23' title="bbox 456 2411 2048 2484; baseline -0.005 -12"><span class='ocrx_word' id='word_1_183' title='bbox 456 2425 513 2472; x_wconf 83' lang='lat' dir='ltr'><strong>ct</strong></span> <span class='ocrx_word' id='word_1_184' title='bbox 535 2431 564 2470; x_wconf 89' lang='lat' dir='ltr'><strong>a</strong></span> <span class='ocrx_word' id='word_1_185' title='bbox 585 2415 708 2470; x_wconf 83' lang='lat' dir='ltr'><strong>tidei</strong></span> <span class='ocrx_word' id='word_1_186' title='bbox 737 2415 966 2470; x_wconf 77' lang='lat' dir='ltr'><strong>sanitate</strong></span> <span class='ocrx_word' id='word_1_187' title='bbox 994 2423 1154 2484; x_wconf 89' lang='lat' dir='ltr'><strong>atque</strong></span> <span class='ocrx_word' id='word_1_188' title='bbox 1201 2411 1506 2468; x_wconf 78' lang='lat' dir='ltr'><strong>sinceritate</strong></span> <span class='ocrx_word' id='word_1_189' title='bbox 1529 2411 1768 2468; x_wconf 80' lang='lat' dir='ltr'><strong>veritatis</strong></span> <span class='ocrx_word' id='word_1_190' title='bbox 1793 2411 2048 2478; x_wconf 88' lang='lat' dir='ltr'><strong>alienum,</strong></span> 
     </span>
    </p>
   </div>
   <div class='ocr_carea' id='block_1_24' title="bbox 457 2501 2047 2576">
    <p class='ocr_par' dir='ltr' id='par_1_24' title="bbox 457 2501 2047 2576">
     <span class='ocr_line' id='line_1_24' title="bbox 457 2501 2047 2576; baseline -0.005 -14"><span class='ocrx_word' id='word_1_191' title='bbox 457 2517 516 2563; x_wconf 92' lang='lat' dir='ltr'><strong>ut</strong></span> <span class='ocrx_word' id='word_1_192' title='bbox 547 2507 790 2563; x_wconf 88' lang='lat' dir='ltr'><strong>dicamus</strong></span> <span class='ocrx_word' id='word_1_193' title='bbox 829 2505 1076 2576; x_wconf 87' lang='lat' dir='ltr'><strong>parvulos</strong></span> <span class='ocrx_word' id='word_1_194' title='bbox 1103 2513 1345 2559; x_wconf 89' lang='lat' dir='ltr'><strong>mortuos</strong></span> <span class='ocrx_word' id='word_1_195' title='bbox 1391 2501 1684 2558; x_wconf 84' lang='lat' dir='ltr'><strong>secundum</strong></span> <span class='ocrx_word' id='word_1_196' title='bbox 1715 2517 1775 2558; x_wconf 89' lang='lat' dir='ltr'><strong>ea</strong></span> <span class='ocrx_word' id='word_1_197' title='bbox 1799 2501 2047 2573; x_wconf 82' lang='lat' dir='ltr'><strong>judicari,</strong></span> 
     </span>
    </p>
   </div>
   <div class='ocr_carea' id='block_1_25' title="bbox 455 2593 2050 2670">
    <p class='ocr_par' dir='ltr' id='par_1_25' title="bbox 455 2593 2050 2670">
     <span class='ocr_line' id='line_1_25' title="bbox 455 2593 2050 2670; baseline -0.003 -16"><span class='ocrx_word' id='word_1_198' title='bbox 455 2615 577 2656; x_wconf 78' lang='lat' dir='ltr'><strong>una:</strong></span> <span class='ocrx_word' id='word_1_199' title='bbox 625 2598 856 2670; x_wconf 66' lang='lat' dir='ltr'><strong>praesciti</strong></span> <span class='ocrx_word' id='word_1_200' title='bbox 896 2605 1022 2653; x_wconf 90' lang='lat' dir='ltr'><strong>sunt</strong></span> <span class='ocrx_word' id='word_1_201' title='bbox 1062 2595 1250 2652; x_wconf 87' lang='lat' dir='ltr'><strong>facturi</strong></span> <span class='ocrx_word' id='word_1_202' title='bbox 1275 2609 1394 2652; x_wconf 89' lang='lat' dir='ltr'><strong>esse</strong></span> <span class='ocrx_word' id='word_1_203' title='bbox 1420 2595 1464 2651; x_wconf 89' lang='lat' dir='ltr'><strong>si</strong></span> <span class='ocrx_word' id='word_1_204' title='bbox 1495 2595 1752 2650; x_wconf 76' lang='lat' dir='ltr'><strong>viverent.</strong></span> <span class='ocrx_word' id='word_1_205' title='bbox 1803 2595 1862 2650; x_wconf 86' lang='lat' dir='ltr'><strong>In</strong></span> <span class='ocrx_word' id='word_1_206' title='bbox 1909 2593 2050 2649; x_wconf 88' lang='lat' dir='ltr'><strong>hanc</strong></span> 
     </span>
    </p>
   </div>
   <div class='ocr_carea' id='block_1_26' title="bbox 453 2685 2044 2760">
    <p class='ocr_par' dir='ltr' id='par_1_26' title="bbox 453 2685 2044 2760">
     <span class='ocr_line' id='line_1_26' title="bbox 453 2685 2044 2760; baseline -0.004 -14"><span class='ocrx_word' id='word_1_207' title='bbox 453 2700 632 2748; x_wconf 84' lang='lat' dir='ltr'><strong>autem</strong></span> <span class='ocrx_word' id='word_1_208' title='bbox 655 2690 996 2755; x_wconf 85' lang='lat' dir='ltr'><strong>sententiam,</strong></span> <span class='ocrx_word' id='word_1_209' title='bbox 1019 2703 1178 2760; x_wconf 91' lang='lat' dir='ltr'><strong>quam</strong></span> <span class='ocrx_word' id='word_1_210' title='bbox 1201 2695 1348 2743; x_wconf 85' lang='lat' dir='ltr'><strong>certe</strong></span> <span class='ocrx_word' id='word_1_211' title='bbox 1373 2686 1547 2743; x_wconf 90' lang='lat' dir='ltr'><strong>omnis</strong></span> <span class='ocrx_word' id='word_1_212' title='bbox 1565 2699 1754 2742; x_wconf 89' lang='lat' dir='ltr'><strong>sensus</strong></span> <span class='ocrx_word' id='word_1_213' title='bbox 1775 2685 2044 2740; x_wconf 89' lang='lat' dir='ltr'><strong>humanus</strong></span> 
     </span>
    </p>
   </div>
   <div class='ocr_carea' id='block_1_27' title="bbox 453 2775 2043 2854">
    <p class='ocr_par' dir='ltr' id='par_1_27' title="bbox 453 2775 2043 2854">
     <span class='ocr_line' id='line_1_27' title="bbox 453 2775 2043 2854; baseline -0.001 -22"><span class='ocrx_word' id='word_1_214' title='bbox 453 2780 942 2854; x_wconf 80' lang='lat' dir='ltr'><strong>quantulacumque</strong></span> <span class='ocrx_word' id='word_1_215' title='bbox 995 2779 1200 2834; x_wconf 85' lang='lat' dir='ltr'><strong>ratione</strong></span> <span class='ocrx_word' id='word_1_216' title='bbox 1225 2777 1502 2840; x_wconf 80' lang='lat' dir='ltr'><strong>subnixus.</strong></span> <span class='ocrx_word' id='word_1_217' title='bbox 1530 2777 1868 2848; x_wconf 79' lang='lat' dir='ltr'><strong>maximeque</strong></span> <span class='ocrx_word' id='word_1_218' title='bbox 1895 2775 2043 2832; x_wconf 87' lang='lat' dir='ltr'><strong>chri-</strong></span> 
     </span>
    </p>
   </div>
   <div class='ocr_carea' id='block_1_28' title="bbox 457 2867 2048 2942">
    <p class='ocr_par' dir='ltr' id='par_1_28' title="bbox 457 2867 2048 2942">
     <span class='ocr_line' id='line_1_28' title="bbox 457 2867 2048 2942; baseline -0.003 -14"><span class='ocrx_word' id='word_1_219' title='bbox 457 2875 687 2938; x_wconf 73' lang='lat' dir='ltr'><strong>stianus,</strong></span> <span class='ocrx_word' id='word_1_220' title='bbox 710 2873 983 2938; x_wconf 82' lang='lat' dir='ltr'><strong>exhorret,</strong></span> <span class='ocrx_word' id='word_1_221' title='bbox 1015 2871 1094 2927; x_wconf 88' lang='lat' dir='ltr'><strong>ire</strong></span> <span class='ocrx_word' id='word_1_222' title='bbox 1136 2869 1397 2940; x_wconf 86' lang='lat' dir='ltr'><strong>compulsi</strong></span> <span class='ocrx_word' id='word_1_223' title='bbox 1427 2875 1572 2938; x_wconf 85' lang='lat' dir='ltr'><strong>sunt,</strong></span> <span class='ocrx_word' id='word_1_224' title='bbox 1615 2869 1704 2942; x_wconf 88' lang='lat' dir='ltr'><strong>qui</strong></span> <span class='ocrx_word' id='word_1_225' title='bbox 1731 2871 1854 2924; x_wconf 87' lang='lat' dir='ltr'><strong>sica</strong></span> <span class='ocrx_word' id='word_1_226' title='bbox 1893 2867 2048 2924; x_wconf 88' lang='lat' dir='ltr'><strong>Pela-</strong></span> 
     </span>
    </p>
   </div>
   <div class='ocr_carea' id='block_1_29' title="bbox 453 2960 2045 3036">
    <p class='ocr_par' dir='ltr' id='par_1_29' title="bbox 453 2960 2045 3036">
     <span class='ocr_line' id='line_1_29' title="bbox 453 2960 2045 3036; baseline -0.001 -20"><span class='ocrx_word' id='word_1_227' title='bbox 453 2965 736 3036; x_wconf 84' lang='lat' dir='ltr'><strong>gianorum</strong></span> <span class='ocrx_word' id='word_1_228' title='bbox 757 2977 942 3019; x_wconf 89' lang='lat' dir='ltr'><strong>errore</strong></span> <span class='ocrx_word' id='word_1_229' title='bbox 969 2962 1126 3020; x_wconf 87' lang='lat' dir='ltr'><strong>alicui</strong></span> <span class='ocrx_word' id='word_1_230' title='bbox 1155 2977 1275 3017; x_wconf 89' lang='lat' dir='ltr'><strong>esse</strong></span> <span class='ocrx_word' id='word_1_231' title='bbox 1303 2960 1605 3029; x_wconf 88' lang='lat' dir='ltr'><strong>voluerunt,</strong></span> <span class='ocrx_word' id='word_1_232' title='bbox 1637 2969 1692 3014; x_wconf 90' lang='lat' dir='ltr'><strong>ut</strong></span> <span class='ocrx_word' id='word_1_233' title='bbox 1725 2969 1899 3016; x_wconf 91' lang='lat' dir='ltr'><strong>tamen</strong></span> <span class='ocrx_word' id='word_1_234' title='bbox 1921 2975 2045 3031; x_wconf 83' lang='lat' dir='ltr'><strong>gra-</strong></span> 
     </span>
    </p>
   </div>
   <div class='ocr_carea' id='block_1_30' title="bbox 459 3053 2041 3128">
    <p class='ocr_par' dir='ltr' id='par_1_30' title="bbox 459 3053 2041 3128">
     <span class='ocr_line' id='line_1_30' title="bbox 459 3053 2041 3128; baseline -0.003 -16"><span class='ocrx_word' id='word_1_235' title='bbox 459 3057 586 3112; x_wconf 85' lang='lat' dir='ltr'><strong>tiam</strong></span> <span class='ocrx_word' id='word_1_236' title='bbox 619 3057 710 3112; x_wconf 85' lang='lat' dir='ltr'><strong>Dei</strong></span> <span class='ocrx_word' id='word_1_237' title='bbox 741 3071 838 3128; x_wconf 90' lang='lat' dir='ltr'><strong>per</strong></span> <span class='ocrx_word' id='word_1_238' title='bbox 891 3055 1074 3111; x_wconf 87' lang='lat' dir='ltr'><strong>Jesum</strong></span> <span class='ocrx_word' id='word_1_239' title='bbox 1123 3053 1394 3110; x_wconf 88' lang='lat' dir='ltr'><strong>Christum</strong></span> <span class='ocrx_word' id='word_1_240' title='bbox 1447 3053 1727 3107; x_wconf 89' lang='lat' dir='ltr'><strong>Dominum</strong></span> <span class='ocrx_word' id='word_1_241' title='bbox 1771 3061 2041 3117; x_wconf 89' lang='lat' dir='ltr'><strong>nostrum,</strong></span> 
     </span>
    </p>
   </div>
   <div class='ocr_carea' id='block_1_31' title="bbox 455 3145 2044 3219">
    <p class='ocr_par' dir='ltr' id='par_1_31' title="bbox 455 3145 2044 3219">
     <span class='ocr_line' id='line_1_31' title="bbox 455 3145 2044 3219; baseline -0.002 -16"><span class='ocrx_word' id='word_1_242' title='bbox 455 3163 558 3219; x_wconf 83' lang='lat' dir='ltr'><strong>qua</strong></span> <span class='ocrx_word' id='word_1_243' title='bbox 581 3149 738 3205; x_wconf 87' lang='lat' dir='ltr'><strong>nobis</strong></span> <span class='ocrx_word' id='word_1_244' title='bbox 781 3163 886 3202; x_wconf 89' lang='lat' dir='ltr'><strong>una</strong></span> <span class='ocrx_word' id='word_1_245' title='bbox 917 3159 1036 3218; x_wconf 83' lang='lat' dir='ltr'><strong>post</strong></span> <span class='ocrx_word' id='word_1_246' title='bbox 1057 3147 1262 3217; x_wconf 88' lang='lat' dir='ltr'><strong>lapsum</strong></span> <span class='ocrx_word' id='word_1_247' title='bbox 1317 3145 1471 3216; x_wconf 87' lang='lat' dir='ltr'><strong>primi</strong></span> <span class='ocrx_word' id='word_1_248' title='bbox 1527 3145 1759 3201; x_wconf 86' lang='lat' dir='ltr'><strong>hominis</strong></span> <span class='ocrx_word' id='word_1_249' title='bbox 1788 3188 1804 3214; x_wconf 92' lang='lat'><strong>,</strong></span> <span class='ocrx_word' id='word_1_250' title='bbox 1853 3145 1904 3200; x_wconf 93' lang='lat' dir='ltr'><strong>in</strong></span> <span class='ocrx_word' id='word_1_251' title='bbox 1938 3159 2044 3216; x_wconf 86' lang='lat' dir='ltr'><strong>quo</strong></span> 
     </span>
    </p>
   </div>
   <div class='ocr_carea' id='block_1_32' title="bbox 455 3239 2044 3307">
    <p class='ocr_par' dir='ltr' id='par_1_32' title="bbox 455 3239 2044 3307">
     <span class='ocr_line' id='line_1_32' title="bbox 455 3239 2044 3307; baseline -0.002 -9"><span class='ocrx_word' id='word_1_252' title='bbox 455 3258 644 3298; x_wconf 90' lang='lat' dir='ltr'><strong>omnes</strong></span> <span class='ocrx_word' id='word_1_253' title='bbox 661 3241 973 3306; x_wconf 82' lang='lat' dir='ltr'><strong>cecidimus,</strong></span> <span class='ocrx_word' id='word_1_254' title='bbox 1011 3241 1345 3307; x_wconf 75' lang='lat' dir='ltr'><strong>subvenitur,</strong></span> <span class='ocrx_word' id='word_1_255' title='bbox 1395 3239 1687 3296; x_wconf 89' lang='lat' dir='ltr'><strong>secundum</strong></span> <span class='ocrx_word' id='word_1_256' title='bbox 1719 3239 1910 3296; x_wconf 87' lang='lat' dir='ltr'><strong>merita</strong></span> <span class='ocrx_word' id='word_1_257' title='bbox 1941 3253 2044 3295; x_wconf 86' lang='lat' dir='ltr'><strong>no—</strong></span> 
     </span>
    </p>
   </div>
   <div class='ocr_carea' id='block_1_33' title="bbox 455 3331 2048 3408">
    <p class='ocr_par' dir='ltr' id='par_1_33' title="bbox 455 3331 2048 3408">
     <span class='ocr_line' id='line_1_33' title="bbox 455 3331 2048 3408; baseline -0.001 -18"><span class='ocrx_word' id='word_1_258' title='bbox 455 3346 565 3390; x_wconf 89' lang='lat' dir='ltr'><strong>stra</strong></span> <span class='ocrx_word' id='word_1_259' title='bbox 593 3335 706 3391; x_wconf 83' lang='lat' dir='ltr'><strong>dari</strong></span> <span class='ocrx_word' id='word_1_260' title='bbox 747 3335 846 3391; x_wconf 86' lang='lat' dir='ltr'><strong>sibi</strong></span> <span class='ocrx_word' id='word_1_261' title='bbox 878 3333 1054 3390; x_wconf 88' lang='lat' dir='ltr'><strong>adhuc</strong></span> <span class='ocrx_word' id='word_1_262' title='bbox 1095 3333 1398 3408; x_wconf 73' lang='lat' dir='ltr'><strong>exiStimcnt</strong></span> <span class='ocrx_word' id='word_1_263' title='bbox 1448 3347 1568 3388; x_wconf 88' lang='lat' dir='ltr'><strong>esse</strong></span> <span class='ocrx_word' id='word_1_264' title='bbox 1613 3331 1960 3399; x_wconf 88' lang='lat' dir='ltr'><strong>credendum,</strong></span> <span class='ocrx_word' id='word_1_265' title='bbox 1992 3339 2048 3388; x_wconf 88' lang='lat' dir='ltr'><strong>et</strong></span> 
     </span>
    </p>
   </div>
   <div class='ocr_carea' id='block_1_34' title="bbox 455 3426 2049 3500">
    <p class='ocr_par' dir='ltr' id='par_1_34' title="bbox 455 3426 2049 3500">
     <span class='ocr_line' id='line_1_34' title="bbox 455 3426 2049 3500; baseline -0.003 -16"><span class='ocrx_word' id='word_1_266' title='bbox 455 3429 814 3500; x_wconf 84' lang='lat' dir='ltr'><strong>disputatione</strong></span> <span class='ocrx_word' id='word_1_267' title='bbox 860 3427 1078 3498; x_wconf 85' lang='lat' dir='ltr'><strong>insuper</strong></span> <span class='ocrx_word' id='word_1_268' title='bbox 1119 3426 1519 3498; x_wconf 81' lang='lat' dir='ltr'><strong>proferendum.</strong></span> <span class='ocrx_word' id='word_1_269' title='bbox 1547 3427 1698 3496; x_wconf 87' lang='lat' dir='ltr'><strong>Quod</strong></span> <span class='ocrx_word' id='word_1_270' title='bbox 1745 3427 1859 3498; x_wconf 89' lang='lat' dir='ltr'><strong>ipse</strong></span> <span class='ocrx_word' id='word_1_271' title='bbox 1893 3426 2049 3482; x_wconf 87' lang='lat' dir='ltr'><strong>Pela-</strong></span> 
     </span>
    </p>
   </div>
   <div class='ocr_carea' id='block_1_35' title="bbox 453 3517 2046 3594">
    <p class='ocr_par' dir='ltr' id='par_1_35' title="bbox 453 3517 2046 3594">
     <span class='ocr_line' id='line_1_35' title="bbox 453 3517 2046 3594; baseline -0.001 -18"><span class='ocrx_word' id='word_1_272' title='bbox 453 3522 572 3594; x_wconf 81' lang='lat' dir='ltr'><strong>gius</strong></span> <span class='ocrx_word' id='word_1_273' title='bbox 602 3529 727 3576; x_wconf 90' lang='lat' dir='ltr'><strong>ante</strong></span> <span class='ocrx_word' id='word_1_274' title='bbox 770 3519 1059 3575; x_wconf 86' lang='lat' dir='ltr'><strong>orientales</strong></span> <span class='ocrx_word' id='word_1_275' title='bbox 1087 3519 1368 3591; x_wconf 86' lang='lat' dir='ltr'><strong>episcopos</strong></span> <span class='ocrx_word' id='word_1_276' title='bbox 1419 3517 1648 3588; x_wconf 89' lang='lat' dir='ltr'><strong>jndiccs,</strong></span> <span class='ocrx_word' id='word_1_277' title='bbox 1690 3517 2046 3574; x_wconf 85' lang='lat' dir='ltr'><strong>damnationis</strong></span> 
     </span>
    </p>
   </div>
   <div class='ocr_carea' id='block_1_36' title="bbox 455 3609 2045 3674">
    <p class='ocr_par' dir='ltr' id='par_1_36' title="bbox 455 3609 2045 3674">
     <span class='ocr_line' id='line_1_36' title="bbox 455 3609 2045 3674; baseline -0.001 -7"><span class='ocrx_word' id='word_1_278' title='bbox 455 3627 568 3668; x_wconf 72' lang='lat' dir='ltr'><strong>sua:</strong></span> <span class='ocrx_word' id='word_1_279' title='bbox 595 3613 784 3669; x_wconf 89' lang='lat' dir='ltr'><strong>timore</strong></span> <span class='ocrx_word' id='word_1_280' title='bbox 809 3611 1100 3667; x_wconf 75' lang='lat' dir='ltr'><strong>damnavit.</strong></span> <span class='ocrx_word' id='word_1_281' title='bbox 1129 3610 1242 3666; x_wconf 89' lang='lat' dir='ltr'><strong>lloc</strong></span> <span class='ocrx_word' id='word_1_282' title='bbox 1265 3617 1445 3665; x_wconf 90' lang='lat' dir='ltr'><strong>autem</strong></span> <span class='ocrx_word' id='word_1_283' title='bbox 1471 3609 1516 3664; x_wconf 91' lang='lat' dir='ltr'><strong>si</strong></span> <span class='ocrx_word' id='word_1_284' title='bbox 1562 3625 1668 3664; x_wconf 89' lang='lat' dir='ltr'><strong>non</strong></span> <span class='ocrx_word' id='word_1_285' title='bbox 1713 3609 1941 3674; x_wconf 89' lang='lat' dir='ltr'><strong>dicatur,</strong></span> <span class='ocrx_word' id='word_1_286' title='bbox 1977 3609 2045 3666; x_wconf 89' lang='lat' dir='ltr'><strong>de</strong></span> 
     </span>
    </p>
   </div>
   <div class='ocr_carea' id='block_1_37' title="bbox 455 3701 2044 3775">
    <p class='ocr_par' dir='ltr' id='par_1_37' title="bbox 455 3701 2044 3775">
     <span class='ocr_line' id='line_1_37' title="bbox 455 3701 2044 3775; baseline -0.002 -13"><span class='ocrx_word' id='word_1_287' title='bbox 455 3713 788 3762; x_wconf 88' lang='lat' dir='ltr'><strong>mortuorum</strong></span> <span class='ocrx_word' id='word_1_288' title='bbox 817 3705 1022 3760; x_wconf 83' lang='lat' dir='ltr'><strong>scilicet</strong></span> <span class='ocrx_word' id='word_1_289' title='bbox 1063 3705 1336 3773; x_wconf 81' lang='lat' dir='ltr'><strong>operibus,</strong></span> <span class='ocrx_word' id='word_1_290' title='bbox 1364 3719 1484 3775; x_wconf 78' lang='lat' dir='ltr'><strong>quae</strong></span> <span class='ocrx_word' id='word_1_291' title='bbox 1529 3701 1716 3758; x_wconf 82' lang='lat' dir='ltr'><strong>facturi</strong></span> <span class='ocrx_word' id='word_1_292' title='bbox 1762 3701 1970 3758; x_wconf 90' lang='lat' dir='ltr'><strong>fuerant</strong></span> <span class='ocrx_word' id='word_1_293' title='bbox 1998 3703 2044 3759; x_wconf 91' lang='lat' dir='ltr'><strong>si</strong></span> 
     </span>
    </p>
   </div>
   <div class='ocr_carea' id='block_1_38' title="bbox 455 3791 2044 3866">
    <p class='ocr_par' dir='ltr' id='par_1_38' title="bbox 455 3791 2044 3866">
     <span class='ocr_line' id='line_1_38' title="bbox 455 3791 2044 3866; baseline 0.004 -20"><span class='ocrx_word' id='word_1_294' title='bbox 455 3797 716 3865; x_wconf 87' lang='lat' dir='ltr'><strong>viverent,</strong></span> <span class='ocrx_word' id='word_1_295' title='bbox 739 3795 894 3851; x_wconf 90' lang='lat' dir='ltr'><strong>bonis</strong></span> <span class='ocrx_word' id='word_1_296' title='bbox 908 3803 1000 3852; x_wconf 89' lang='lat' dir='ltr'><strong>aut</strong></span> <span class='ocrx_word' id='word_1_297' title='bbox 1023 3795 1200 3860; x_wconf 90' lang='lat' dir='ltr'><strong>malis,</strong></span> <span class='ocrx_word' id='word_1_298' title='bbox 1231 3811 1295 3851; x_wconf 90' lang='lat' dir='ltr'><strong>ac</strong></span> <span class='ocrx_word' id='word_1_299' title='bbox 1321 3811 1416 3866; x_wconf 90' lang='lat' dir='ltr'><strong>per</strong></span> <span class='ocrx_word' id='word_1_300' title='bbox 1463 3793 1570 3849; x_wconf 87' lang='lat' dir='ltr'><strong>hoc</strong></span> <span class='ocrx_word' id='word_1_301' title='bbox 1601 3795 1758 3850; x_wconf 91' lang='lat' dir='ltr'><strong>nullis</strong></span> <span class='ocrx_word' id='word_1_302' title='bbox 1779 3805 1833 3852; x_wconf 90' lang='lat' dir='ltr'><strong>et</strong></span> <span class='ocrx_word' id='word_1_303' title='bbox 1853 3795 1905 3850; x_wconf 92' lang='lat' dir='ltr'><strong>in</strong></span> <span class='ocrx_word' id='word_1_304' title='bbox 1931 3791 2044 3866; x_wconf 64' lang='grc' dir='ltr'><strong>ἱρέα</strong></span> 
     </span>
    </p>
   </div>
   <div class='ocr_carea' id='block_1_39' title="bbox 455 3887 2045 3960">
    <p class='ocr_par' dir='ltr' id='par_1_39' title="bbox 455 3887 2045 3960">
     <span class='ocr_line' id='line_1_39' title="bbox 455 3887 2045 3960; baseline 0.001 -16"><span class='ocrx_word' id='word_1_305' title='bbox 455 3889 554 3945; x_wconf 86' lang='lat' dir='ltr'><strong>Dei</strong></span> <span class='ocrx_word' id='word_1_306' title='bbox 583 3889 954 3960; x_wconf 77' lang='lat' dir='ltr'><strong>praescientia’</strong></span> <span class='ocrx_word' id='word_1_307' title='bbox 983 3904 1087 3944; x_wconf 93' lang='lat' dir='ltr'><strong>non</strong></span> <span class='ocrx_word' id='word_1_308' title='bbox 1121 3887 1310 3942; x_wconf 90' lang='lat' dir='ltr'><strong>futuris</strong></span> <span class='ocrx_word' id='word_1_309' title='bbox 1338 3905 1352 3941; x_wconf 90' lang='lat'><strong>:</strong></span> <span class='ocrx_word' id='word_1_310' title='bbox 1387 3887 1490 3943; x_wconf 89' lang='lat' dir='ltr'><strong>hoc</strong></span> <span class='ocrx_word' id='word_1_311' title='bbox 1515 3902 1643 3958; x_wconf 85' lang='lat' dir='ltr'><strong>ergo</strong></span> <span class='ocrx_word' id='word_1_312' title='bbox 1688 3889 1732 3943; x_wconf 88' lang='lat' dir='ltr'><strong>si</strong></span> <span class='ocrx_word' id='word_1_313' title='bbox 1759 3904 1864 3944; x_wconf 88' lang='lat' dir='ltr'><strong>non</strong></span> <span class='ocrx_word' id='word_1_314' title='bbox 1895 3889 2045 3945; x_wconf 88' lang='lat' dir='ltr'><strong>dica-</strong></span> 
     </span>
    </p>
   </div>
   <div class='ocr_carea' id='block_1_40' title="bbox 455 3979 2047 4052">
    <p class='ocr_par' dir='ltr' id='par_1_40' title="bbox 455 3979 2047 4052">
     <span class='ocr_line' id='line_1_40' title="bbox 455 3979 2047 4052; baseline -0.001 -16"><span class='ocrx_word' id='word_1_315' title='bbox 455 3992 564 4048; x_wconf 87' lang='lat' dir='ltr'><strong>tur,</strong></span> <span class='ocrx_word' id='word_1_316' title='bbox 593 3979 734 4051; x_wconf 90' lang='lat' dir='ltr'><strong>quod</strong></span> <span class='ocrx_word' id='word_1_317' title='bbox 760 3979 981 4036; x_wconf 84' lang='lat' dir='ltr'><strong>cernitis</strong></span> <span class='ocrx_word' id='word_1_318' title='bbox 996 3988 1196 4052; x_wconf 89' lang='lat' dir='ltr'><strong>quanto</strong></span> <span class='ocrx_word' id='word_1_319' title='bbox 1223 3995 1404 4035; x_wconf 89' lang='lat' dir='ltr'><strong>errore</strong></span> <span class='ocrx_word' id='word_1_320' title='bbox 1448 3979 1655 4034; x_wconf 83' lang='lat' dir='ltr'><strong>dicatur</strong></span> <span class='ocrx_word' id='word_1_321' title='bbox 1679 3995 1694 4046; x_wconf 90' lang='lat'><strong>;</strong></span> <span class='ocrx_word' id='word_1_322' title='bbox 1719 3980 1848 4050; x_wconf 90' lang='lat' dir='ltr'><strong>quid</strong></span> <span class='ocrx_word' id='word_1_323' title='bbox 1879 3989 2047 4036; x_wconf 85' lang='lat' dir='ltr'><strong>resta—</strong></span> 
     </span>
    </p>
   </div>
   <div class='ocr_carea' id='block_1_41' title="bbox 459 4069 2040 4142">
    <p class='ocr_par' dir='ltr' id='par_1_41' title="bbox 459 4069 2040 4142">
     <span class='ocr_line' id='line_1_41' title="bbox 459 4069 2040 4142; baseline 0.002 -17"><span class='ocrx_word' id='word_1_324' title='bbox 459 4073 558 4136; x_wconf 90' lang='lat' dir='ltr'><strong>bit,</strong></span> <span class='ocrx_word' id='word_1_325' title='bbox 589 4071 689 4128; x_wconf 89' lang='lat' dir='ltr'><strong>nisi</strong></span> <span class='ocrx_word' id='word_1_326' title='bbox 719 4079 778 4126; x_wconf 92' lang='lat' dir='ltr'><strong>ut</strong></span> <span class='ocrx_word' id='word_1_327' title='bbox 802 4069 1026 4142; x_wconf 82' lang='lat' dir='ltr'><strong>gratiam</strong></span> <span class='ocrx_word' id='word_1_328' title='bbox 1047 4071 1142 4126; x_wconf 86' lang='lat' dir='ltr'><strong>Dei</strong></span> <span class='ocrx_word' id='word_1_329' title='bbox 1173 4087 1278 4126; x_wconf 92' lang='lat' dir='ltr'><strong>non</strong></span> <span class='ocrx_word' id='word_1_330' title='bbox 1318 4070 1612 4128; x_wconf 87' lang='lat' dir='ltr'><strong>secundum</strong></span> <span class='ocrx_word' id='word_1_331' title='bbox 1637 4071 1825 4127; x_wconf 88' lang='lat' dir='ltr'><strong>merita</strong></span> <span class='ocrx_word' id='word_1_332' title='bbox 1859 4081 2040 4128; x_wconf 88' lang='lat' dir='ltr'><strong>nostra</strong></span> 
     </span>
    </p>
   </div>
   <div class='ocr_carea' id='block_1_42' title="bbox 457 4163 2046 4235">
    <p class='ocr_par' dir='ltr' id='par_1_42' title="bbox 457 4163 2046 4235">
     <span class='ocr_line' id='line_1_42' title="bbox 457 4163 2046 4235; baseline 0.003 -18"><span class='ocrx_word' id='word_1_333' title='bbox 457 4164 595 4232; x_wconf 89' lang='lat' dir='ltr'><strong>dari,</strong></span> <span class='ocrx_word' id='word_1_334' title='bbox 617 4163 759 4235; x_wconf 87' lang='lat' dir='ltr'><strong>quod</strong></span> <span class='ocrx_word' id='word_1_335' title='bbox 790 4171 978 4218; x_wconf 89' lang='lat' dir='ltr'><strong>contra</strong></span> <span class='ocrx_word' id='word_1_336' title='bbox 1025 4163 1272 4220; x_wconf 73' lang='lat' dir='ltr'><strong>hmresim</strong></span> <span class='ocrx_word' id='word_1_337' title='bbox 1299 4163 1634 4234; x_wconf 77' lang='lat' dir='ltr'><strong>Pelagianam</strong></span> <span class='ocrx_word' id='word_1_338' title='bbox 1662 4165 1922 4220; x_wconf 89' lang='lat' dir='ltr'><strong>catholica</strong></span> <span class='ocrx_word' id='word_1_339' title='bbox 1948 4165 2046 4222; x_wconf 80' lang='lat' dir='ltr'><strong>de-</strong></span> 
     </span>
    </p>
   </div>
   <div class='ocr_carea' id='block_1_43' title="bbox 457 4257 2041 4330">
    <p class='ocr_par' dir='ltr' id='par_1_43' title="bbox 457 4257 2041 4330">
     <span class='ocr_line' id='line_1_43' title="bbox 457 4257 2041 4330; baseline -0.001 -15"><span class='ocrx_word' id='word_1_340' title='bbox 457 4259 626 4315; x_wconf 88' lang='lat' dir='ltr'><strong>fendit</strong></span> <span class='ocrx_word' id='word_1_341' title='bbox 641 4257 900 4323; x_wconf 83' lang='lat' dir='ltr'><strong>Ecclesia,</strong></span> <span class='ocrx_word' id='word_1_342' title='bbox 919 4266 1122 4314; x_wconf 89' lang='lat' dir='ltr'><strong>remota</strong></span> <span class='ocrx_word' id='word_1_343' title='bbox 1138 4257 1493 4314; x_wconf 86' lang='lat' dir='ltr'><strong>contentionis</strong></span> <span class='ocrx_word' id='word_1_344' title='bbox 1509 4257 1732 4330; x_wconf 79' lang='lat' dir='ltr'><strong>caligine</strong></span> <span class='ocrx_word' id='word_1_345' title='bbox 1748 4257 2041 4324; x_wconf 79' lang='lat' dir='ltr'><strong>fateamur;</strong></span> 
     </span>
    </p>
   </div>
   <div class='ocr_carea' id='block_1_44' title="bbox 457 4349 2031 4424">
    <p class='ocr_par' dir='ltr' id='par_1_44' title="bbox 457 4349 2031 4424">
     <span class='ocr_line' id='line_1_44' title="bbox 457 4349 2031 4424; baseline 0 -18"><span class='ocrx_word' id='word_1_346' title='bbox 457 4362 616 4424; x_wconf 86' lang='lat' dir='ltr'><strong>atque</strong></span> <span class='ocrx_word' id='word_1_347' title='bbox 643 4351 694 4406; x_wconf 89' lang='lat' dir='ltr'><strong>id</strong></span> <span class='ocrx_word' id='word_1_348' title='bbox 725 4351 956 4406; x_wconf 77' lang='lat' dir='ltr'><strong>maxime</strong></span> <span class='ocrx_word' id='word_1_349' title='bbox 977 4351 1028 4406; x_wconf 91' lang='lat' dir='ltr'><strong>in</strong></span> <span class='ocrx_word' id='word_1_350' title='bbox 1057 4351 1288 4422; x_wconf 88' lang='lat' dir='ltr'><strong>parvulis</strong></span> <span class='ocrx_word' id='word_1_351' title='bbox 1313 4349 1639 4407; x_wconf 89' lang='lat' dir='ltr'><strong>evidentiore</strong></span> <span class='ocrx_word' id='word_1_352' title='bbox 1663 4350 1885 4409; x_wconf 82' lang='lat' dir='ltr'><strong>veritate</strong></span> <span class='ocrx_word' id='word_1_353' title='bbox 1911 4367 2031 4408; x_wconf 84' lang='lat' dir='ltr'><strong>cer-</strong></span> 
     </span>
    </p>
   </div>
   <div class='ocr_carea' id='block_1_45' title="bbox 458 4440 2046 4514">
    <p class='ocr_par' dir='ltr' id='par_1_45' title="bbox 458 4440 2046 4514">
     <span class='ocr_line' id='line_1_45' title="bbox 458 4440 2046 4514; baseline 0 -15"><span class='ocrx_word' id='word_1_354' title='bbox 458 4457 649 4500; x_wconf 85' lang='lat' dir='ltr'><strong>namus</strong></span> <span class='ocrx_word' id='word_1_355' title='bbox 675 4445 699 4497; x_wconf 77' lang='lat'><strong>?</strong></span> <span class='ocrx_word' id='word_1_356' title='bbox 727 4443 909 4512; x_wconf 89' lang='lat' dir='ltr'><strong>Neque</strong></span> <span class='ocrx_word' id='word_1_357' title='bbox 952 4443 1093 4497; x_wconf 90' lang='lat' dir='ltr'><strong>enim</strong></span> <span class='ocrx_word' id='word_1_358' title='bbox 1140 4440 1247 4498; x_wconf 87' lang='lat' dir='ltr'><strong>fato</strong></span> <span class='ocrx_word' id='word_1_359' title='bbox 1275 4443 1482 4514; x_wconf 88' lang='lat' dir='ltr'><strong>cogitur</strong></span> <span class='ocrx_word' id='word_1_360' title='bbox 1509 4441 1649 4500; x_wconf 84' lang='lat' dir='ltr'><strong>Deus</strong></span> <span class='ocrx_word' id='word_1_361' title='bbox 1679 4443 1783 4497; x_wconf 90' lang='lat' dir='ltr'><strong>illis</strong></span> <span class='ocrx_word' id='word_1_362' title='bbox 1828 4441 2046 4500; x_wconf 84' lang='lat' dir='ltr'><strong>infanti-</strong></span> 
     </span>
    </p>
   </div>
   <div class='ocr_carea' id='block_1_46' title="bbox 460 4533 2046 4602">
    <p class='ocr_par' dir='ltr' id='par_1_46' title="bbox 460 4533 2046 4602">
     <span class='ocr_line' id='line_1_46' title="bbox 460 4533 2046 4602; baseline 0.001 -11"><span class='ocrx_word' id='word_1_363' title='bbox 460 4535 558 4591; x_wconf 91' lang='lat' dir='ltr'><strong>bus</strong></span> <span class='ocrx_word' id='word_1_364' title='bbox 599 4533 909 4600; x_wconf 87' lang='lat' dir='ltr'><strong>subveuirc,</strong></span> <span class='ocrx_word' id='word_1_365' title='bbox 943 4533 1049 4589; x_wconf 91' lang='lat' dir='ltr'><strong>illis</strong></span> <span class='ocrx_word' id='word_1_366' title='bbox 1075 4545 1252 4590; x_wconf 89' lang='lat' dir='ltr'><strong>autem</strong></span> <span class='ocrx_word' id='word_1_367' title='bbox 1308 4550 1414 4590; x_wconf 92' lang='lat' dir='ltr'><strong>non</strong></span> <span class='ocrx_word' id='word_1_368' title='bbox 1475 4535 1796 4602; x_wconf 86' lang='lat' dir='ltr'><strong>subvenire;</strong></span> <span class='ocrx_word' id='word_1_369' title='bbox 1824 4551 1946 4592; x_wconf 91' lang='lat' dir='ltr'><strong>cum</strong></span> <span class='ocrx_word' id='word_1_370' title='bbox 1977 4537 2046 4592; x_wconf 91' lang='lat' dir='ltr'><strong>sit</strong></span> 
     </span>
    </p>
   </div>
   <div class='ocr_carea' id='block_1_47' title="bbox 458 4625 2044 4698">
    <p class='ocr_par' dir='ltr' id='par_1_47' title="bbox 458 4625 2044 4698">
     <span class='ocr_line' id='line_1_47' title="bbox 458 4625 2044 4698; baseline 0.001 -16"><span class='ocrx_word' id='word_1_371' title='bbox 458 4627 698 4698; x_wconf 87' lang='lat' dir='ltr'><strong>utrisque</strong></span> <span class='ocrx_word' id='word_1_372' title='bbox 725 4642 886 4682; x_wconf 89' lang='lat' dir='ltr'><strong>causa</strong></span> <span class='ocrx_word' id='word_1_373' title='bbox 930 4627 1228 4682; x_wconf 88' lang='lat' dir='ltr'><strong>communis</strong></span> <span class='ocrx_word' id='word_1_374' title='bbox 1255 4645 1268 4683; x_wconf 92' lang='lat'><strong>:</strong></span> <span class='ocrx_word' id='word_1_375' title='bbox 1291 4637 1382 4682; x_wconf 88' lang='lat' dir='ltr'><strong>aut</strong></span> <span class='ocrx_word' id='word_1_376' title='bbox 1421 4643 1507 4684; x_wconf 88' lang='lat' dir='ltr'><strong>res</strong></span> <span class='ocrx_word' id='word_1_377' title='bbox 1538 4625 1796 4682; x_wconf 89' lang='lat' dir='ltr'><strong>humanas</strong></span> <span class='ocrx_word' id='word_1_378' title='bbox 1844 4627 1895 4683; x_wconf 92' lang='lat' dir='ltr'><strong>in</strong></span> <span class='ocrx_word' id='word_1_379' title='bbox 1925 4643 2044 4698; x_wconf 86' lang='lat' dir='ltr'><strong>par-</strong></span> 
     </span>
    </p>
   </div>
   <div class='ocr_carea' id='block_1_48' title="bbox 459 4717 2044 4791">
    <p class='ocr_par' dir='ltr' id='par_1_48' title="bbox 459 4717 2044 4791">
     <span class='ocr_line' id='line_1_48' title="bbox 459 4717 2044 4791; baseline -0.002 -14"><span class='ocrx_word' id='word_1_380' title='bbox 459 4721 594 4778; x_wconf 84' lang='lat' dir='ltr'><strong>vulis</strong></span> <span class='ocrx_word' id='word_1_381' title='bbox 643 4735 749 4776; x_wconf 92' lang='lat' dir='ltr'><strong>non</strong></span> <span class='ocrx_word' id='word_1_382' title='bbox 780 4719 956 4775; x_wconf 86' lang='lat' dir='ltr'><strong>divina</strong></span> <span class='ocrx_word' id='word_1_383' title='bbox 1003 4717 1334 4791; x_wconf 86' lang='lat' dir='ltr'><strong>providentia</strong></span> <span class='ocrx_word' id='word_1_384' title='bbox 1359 4761 1374 4786; x_wconf 97' lang='lat'><strong>,</strong></span> <span class='ocrx_word' id='word_1_385' title='bbox 1406 4719 1498 4774; x_wconf 90' lang='lat' dir='ltr'><strong>sed</strong></span> <span class='ocrx_word' id='word_1_386' title='bbox 1530 4718 1762 4775; x_wconf 83' lang='lat' dir='ltr'><strong>fortuitis</strong></span> <span class='ocrx_word' id='word_1_387' title='bbox 1791 4721 1871 4791; x_wconf 89' lang='lat' dir='ltr'><strong>agi</strong></span> <span class='ocrx_word' id='word_1_388' title='bbox 1905 4720 2044 4776; x_wconf 85' lang='lat' dir='ltr'><strong>casi-</strong></span> 
     </span>
    </p>
   </div>
   <div class='ocr_carea' id='block_1_49' title="bbox 456 4809 2044 4882">
    <p class='ocr_par' dir='ltr' id='par_1_49' title="bbox 456 4809 2044 4882">
     <span class='ocr_line' id='line_1_49' title="bbox 456 4809 2044 4882; baseline -0.001 -15"><span class='ocrx_word' id='word_1_389' title='bbox 456 4812 555 4867; x_wconf 88' lang='lat' dir='ltr'><strong>bus</strong></span> <span class='ocrx_word' id='word_1_390' title='bbox 585 4811 944 4882; x_wconf 88' lang='lat' dir='ltr'><strong>opinabimur,</strong></span> <span class='ocrx_word' id='word_1_391' title='bbox 975 4826 1098 4866; x_wconf 93' lang='lat' dir='ltr'><strong>cum</strong></span> <span class='ocrx_word' id='word_1_392' title='bbox 1146 4811 1436 4867; x_wconf 89' lang='lat' dir='ltr'><strong>rationales</strong></span> <span class='ocrx_word' id='word_1_393' title='bbox 1475 4811 1560 4867; x_wconf 86' lang='lat' dir='ltr'><strong>vel</strong></span> <span class='ocrx_word' id='word_1_394' title='bbox 1591 4809 1910 4867; x_wconf 73' lang='lat' dir='ltr'><strong>damnanda:</strong></span> <span class='ocrx_word' id='word_1_395' title='bbox 1957 4811 2044 4867; x_wconf 90' lang='lat' dir='ltr'><strong>vel</strong></span> 
     </span>
    </p>
   </div>
   <div class='ocr_carea' id='block_1_50' title="bbox 458 4903 2040 4976">
    <p class='ocr_par' dir='ltr' id='par_1_50' title="bbox 458 4903 2040 4976">
     <span class='ocr_line' id='line_1_50' title="bbox 458 4903 2040 4976; baseline 0.001 -18"><span class='ocrx_word' id='word_1_396' title='bbox 458 4903 742 4966; x_wconf 81' lang='lat' dir='ltr'><strong>liberanda:</strong></span> <span class='ocrx_word' id='word_1_397' title='bbox 777 4906 884 4961; x_wconf 91' lang='lat' dir='ltr'><strong>sint</strong></span> <span class='ocrx_word' id='word_1_398' title='bbox 908 4905 1100 4960; x_wconf 77' lang='lat' dir='ltr'><strong>anima:</strong></span> <span class='ocrx_word' id='word_1_399' title='bbox 1121 4920 1135 4971; x_wconf 92' lang='lat'><strong>;</strong></span> <span class='ocrx_word' id='word_1_400' title='bbox 1159 4903 1586 4976; x_wconf 85' lang='lat' dir='ltr'><strong>quandoquidem</strong></span> <span class='ocrx_word' id='word_1_401' title='bbox 1617 4920 1716 4960; x_wconf 90' lang='lat' dir='ltr'><strong>nec</strong></span> <span class='ocrx_word' id='word_1_402' title='bbox 1745 4919 1930 4974; x_wconf 88' lang='lat' dir='ltr'><strong>passer</strong></span> <span class='ocrx_word' id='word_1_403' title='bbox 1949 4919 2040 4960; x_wconf 88' lang='lat' dir='ltr'><strong>ca-</strong></span> 
     </span>
    </p>
   </div>
   <div class='ocr_carea' id='block_1_51' title="bbox 449 4997 2044 5068">
    <p class='ocr_par' dir='ltr' id='par_1_51' title="bbox 449 4997 2044 5068">
     <span class='ocr_line' id='line_1_51' title="bbox 449 4997 2044 5068; baseline 0.001 -16"><span class='ocrx_word' id='word_1_404' title='bbox 449 5000 532 5054; x_wconf 86' lang='lat' dir='ltr'><strong>dit</strong></span> <span class='ocrx_word' id='word_1_405' title='bbox 551 4997 602 5053; x_wconf 91' lang='lat' dir='ltr'><strong>in</strong></span> <span class='ocrx_word' id='word_1_406' title='bbox 633 5006 828 5053; x_wconf 89' lang='lat' dir='ltr'><strong>terram</strong></span> <span class='ocrx_word' id='word_1_407' title='bbox 870 4999 986 5053; x_wconf 90' lang='lat' dir='ltr'><strong>sine</strong></span> <span class='ocrx_word' id='word_1_408' title='bbox 1015 4999 1286 5052; x_wconf 84' lang='lat' dir='ltr'><strong>voluntate</strong></span> <span class='ocrx_word' id='word_1_409' title='bbox 1309 4997 1482 5052; x_wconf 85' lang='lat' dir='ltr'><strong>Patris</strong></span> <span class='ocrx_word' id='word_1_410' title='bbox 1503 4998 1668 5052; x_wconf 87' lang='lat' dir='ltr'><strong>nostri</strong></span> <span class='ocrx_word' id='word_1_411' title='bbox 1695 4998 1783 5068; x_wconf 88' lang='lat' dir='ltr'><strong>qui</strong></span> <span class='ocrx_word' id='word_1_412' title='bbox 1815 4999 1867 5052; x_wconf 91' lang='lat' dir='ltr'><strong>in</strong></span> <span class='ocrx_word' id='word_1_413' title='bbox 1890 4999 2044 5054; x_wconf 69' lang='lat' dir='ltr'><strong>caelis</strong></span> 
     </span>
    </p>
   </div>
   <div class='ocr_carea' id='block_1_52' title="bbox 456 5085 2042 5159">
    <p class='ocr_par' dir='ltr' id='par_1_52' title="bbox 456 5085 2042 5159">
     <span class='ocr_line' id='line_1_52' title="bbox 456 5085 2042 5159; baseline 0 -14"><span class='ocrx_word' id='word_1_414' title='bbox 456 5095 541 5145; x_wconf 82' lang='lat' dir='ltr'><strong>cst</strong></span> <span class='ocrx_word' id='word_1_415' title='bbox 567 5087 588 5159; x_wconf 92' lang='lat'><strong>(</strong></span> <span class='ocrx_word' id='word_1_416' title='bbox 619 5085 804 5143; x_wconf 80' lang='lat' dir='ltr'><strong>Matth.</strong></span> <span class='ocrx_word' id='word_1_417' title='bbox 854 5104 910 5153; x_wconf 70' lang='grc' dir='ltr'><strong>ι,</strong></span> <span class='ocrx_word' id='word_1_418' title='bbox 947 5085 1062 5156; x_wconf 71' lang='lat'><strong>29)</strong></span> <span class='ocrx_word' id='word_1_419' title='bbox 1096 5105 1109 5144; x_wconf 90' lang='lat'>:</span> <span class='ocrx_word' id='word_1_420' title='bbox 1140 5096 1234 5144; x_wconf 90' lang='lat' dir='ltr'><strong>aut</strong></span> <span class='ocrx_word' id='word_1_421' title='bbox 1273 5097 1552 5158; x_wconf 89' lang='lat' dir='ltr'><strong>parentum</strong></span> <span class='ocrx_word' id='word_1_422' title='bbox 1596 5089 1930 5158; x_wconf 74' lang='lat' dir='ltr'><strong>negligentia:</strong></span> <span class='ocrx_word' id='word_1_423' title='bbox 1963 5089 2042 5145; x_wconf 87' lang='lat' dir='ltr'><strong>sic</strong></span> 
     </span>
    </p>
   </div>
   <div class='ocr_carea' id='block_1_53' title="bbox 453 5177 2040 5250">
    <p class='ocr_par' dir='ltr' id='par_1_53' title="bbox 453 5177 2040 5250">
     <span class='ocr_line' id='line_1_53' title="bbox 453 5177 2040 5250; baseline 0.001 -14"><span class='ocrx_word' id='word_1_424' title='bbox 453 5177 791 5236; x_wconf 88' lang='lat' dir='ltr'><strong>tribuendum</strong></span> <span class='ocrx_word' id='word_1_425' title='bbox 821 5177 940 5234; x_wconf 74' lang='lat' dir='ltr'><strong>cst’</strong></span> <span class='ocrx_word' id='word_1_426' title='bbox 963 5219 979 5245; x_wconf 96' lang='lat'><strong>,</strong></span> <span class='ocrx_word' id='word_1_427' title='bbox 1007 5179 1149 5250; x_wconf 88' lang='lat' dir='ltr'><strong>quod</strong></span> <span class='ocrx_word' id='word_1_428' title='bbox 1191 5179 1395 5250; x_wconf 86' lang='lat' dir='ltr'><strong>parvuli</strong></span> <span class='ocrx_word' id='word_1_429' title='bbox 1424 5179 1540 5234; x_wconf 91' lang='lat' dir='ltr'><strong>sine</strong></span> <span class='ocrx_word' id='word_1_430' title='bbox 1567 5179 1894 5250; x_wconf 87' lang='lat' dir='ltr'><strong>Baptismate</strong></span> <span class='ocrx_word' id='word_1_431' title='bbox 1921 5197 2040 5238; x_wconf 89' lang='lat' dir='ltr'><strong>mo-</strong></span> 
     </span>
    </p>
   </div>
   <div class='ocr_carea' id='block_1_54' title="bbox 450 5267 2036 5343">
    <p class='ocr_par' dir='ltr' id='par_1_54' title="bbox 450 5267 2036 5343">
     <span class='ocr_line' id='line_1_54' title="bbox 450 5267 2036 5343; baseline 0.001 -16"><span class='ocrx_word' id='word_1_432' title='bbox 450 5271 685 5335; x_wconf 87' lang='lat' dir='ltr'><strong>riuntur,</strong></span> <span class='ocrx_word' id='word_1_433' title='bbox 718 5278 775 5324; x_wconf 91' lang='lat' dir='ltr'><strong>ut</strong></span> <span class='ocrx_word' id='word_1_434' title='bbox 803 5268 931 5323; x_wconf 88' lang='lat' dir='ltr'><strong>nihil</strong></span> <span class='ocrx_word' id='word_1_435' title='bbox 963 5267 1033 5323; x_wconf 93' lang='lat' dir='ltr'><strong>ibi</strong></span> <span class='ocrx_word' id='word_1_436' title='bbox 1079 5277 1238 5339; x_wconf 82' lang='lat' dir='ltr'><strong>agant</strong></span> <span class='ocrx_word' id='word_1_437' title='bbox 1265 5269 1750 5340; x_wconf 87' lang='lat' dir='ltr'><strong>supernajudicia;</strong></span> <span class='ocrx_word' id='word_1_438' title='bbox 1787 5279 2036 5343; x_wconf 88' lang='lat' dir='ltr'><strong>tanquam</strong></span> 
     </span>
    </p>
   </div>
   <div class='ocr_carea' id='block_1_55' title="bbox 453 5357 2080 5438">
    <p class='ocr_par' dir='ltr' id='par_1_55' title="bbox 453 5357 2080 5438">
     <span class='ocr_line' id='line_1_55' title="bbox 453 5357 2080 5438; baseline 0.005 -24"><span class='ocrx_word' id='word_1_439' title='bbox 453 5361 552 5430; x_wconf 86' lang='lat' dir='ltr'><strong>ipsi</strong></span> <span class='ocrx_word' id='word_1_440' title='bbox 588 5359 796 5430; x_wconf 83' lang='lat' dir='ltr'><strong>quihOc</strong></span> <span class='ocrx_word' id='word_1_441' title='bbox 833 5357 994 5414; x_wconf 92' lang='lat' dir='ltr'><strong>modo</strong></span> <span class='ocrx_word' id='word_1_442' title='bbox 1021 5359 1162 5416; x_wconf 88' lang='lat' dir='ltr'><strong>male</strong></span> <span class='ocrx_word' id='word_1_443' title='bbox 1194 5359 1512 5426; x_wconf 90' lang='lat' dir='ltr'><strong>moriuntur,</strong></span> <span class='ocrx_word' id='word_1_444' title='bbox 1541 5371 1790 5430; x_wconf 86' lang='lat' dir='ltr'><strong>parentes</strong></span> <span class='ocrx_word' id='word_1_445' title='bbox 1815 5365 1914 5420; x_wconf 90' lang='lat' dir='ltr'><strong>sibi</strong></span> <span class='ocrx_word' id='word_1_446' title='bbox 1945 5382 2040 5422; x_wconf 89' lang='lat' dir='ltr'><strong>ne-</strong></span> <span class='ocrx_word' id='word_1_447' title='bbox 2071 5429 2080 5438; x_wconf 50' lang='grc'><strong>,</strong></span> 
     </span>
    </p>
   </div>
   <div class='ocr_carea' id='block_1_56' title="bbox 452 5450 2032 5528">
    <p class='ocr_par' dir='ltr' id='par_1_56' title="bbox 452 5450 2032 5528">
     <span class='ocr_line' id='line_1_56' title="bbox 452 5450 2032 5528; baseline 0.006 -25"><span class='ocrx_word' id='word_1_448' title='bbox 452 5451 712 5521; x_wconf 81' lang='lat' dir='ltr'><strong>gligcntes</strong></span> <span class='ocrx_word' id='word_1_449' title='bbox 741 5450 1014 5505; x_wconf 88' lang='lat' dir='ltr'><strong>voluntate</strong></span> <span class='ocrx_word' id='word_1_450' title='bbox 1063 5450 1276 5520; x_wconf 83' lang='lat' dir='ltr'><strong>prapria</strong></span> <span class='ocrx_word' id='word_1_451' title='bbox 1316 5450 1384 5507; x_wconf 85' lang='lat' dir='ltr'><strong>de</strong></span> <span class='ocrx_word' id='word_1_452' title='bbox 1429 5451 1622 5521; x_wconf 87' lang='lat' dir='ltr'><strong>quibus</strong></span> <span class='ocrx_word' id='word_1_453' title='bbox 1665 5465 2032 5528; x_wconf 89' lang='lat' dir='ltr'><strong>nascerentur,</strong></span> 
     </span>
    </p>
   </div>
   <div class='ocr_carea' id='block_1_57' title="bbox 456 5541 2034 5618">
    <p class='ocr_par' dir='ltr' id='par_1_57' title="bbox 456 5541 2034 5618">
     <span class='ocr_line' id='line_1_57' title="bbox 456 5541 2034 5618; baseline 0.006 -20"><span class='ocrx_word' id='word_1_454' title='bbox 456 5543 710 5614; x_wconf 77' lang='lat' dir='ltr'><strong>elegerint</strong></span> <span class='ocrx_word' id='word_1_455' title='bbox 734 5561 746 5597; x_wconf 90' lang='lat'><strong>:</strong></span> <span class='ocrx_word' id='word_1_456' title='bbox 769 5542 898 5613; x_wconf 87' lang='lat' dir='ltr'><strong>quid</strong></span> <span class='ocrx_word' id='word_1_457' title='bbox 927 5543 1121 5607; x_wconf 88' lang='lat' dir='ltr'><strong>dicam,</strong></span> <span class='ocrx_word' id='word_1_458' title='bbox 1152 5541 1292 5612; x_wconf 87' lang='lat' dir='ltr'><strong>quod</strong></span> <span class='ocrx_word' id='word_1_459' title='bbox 1317 5543 1566 5614; x_wconf 89' lang='lat' dir='ltr'><strong>parvulus</strong></span> <span class='ocrx_word' id='word_1_460' title='bbox 1614 5546 1901 5618; x_wconf 87' lang='lat' dir='ltr'><strong>aliquando</strong></span> <span class='ocrx_word' id='word_1_461' title='bbox 1937 5565 2034 5608; x_wconf 85' lang='lat' dir='ltr'><strong>an-</strong></span> 
     </span>
    </p>
   </div>
   <div class='ocr_carea' id='block_1_58' title="bbox 515 5713 1865 5786">
    <p class='ocr_par' dir='ltr' id='par_1_58' title="bbox 515 5713 1865 5786">
     <span class='ocr_line' id='line_1_58' title="bbox 515 5713 1865 5786; baseline 0.011 -25"><span class='ocrx_word' id='word_1_462' title='bbox 515 5719 530 5786; x_wconf 62' lang='grc' dir='ltr'><strong>ξ</strong></span> <span class='ocrx_word' id='word_1_463' title='bbox 565 5717 636 5786; x_wconf 70' lang='lat' dir='ltr'><strong>sic</strong></span> <span class='ocrx_word' id='word_1_464' title='bbox 651 5723 758 5769; x_wconf 59' lang='grc' dir='ltr'><strong>λιες.</strong></span> <span class='ocrx_word' id='word_1_465' title='bbox 786 5713 1144 5786; x_wconf 73' lang='lat' dir='ltr'><strong>editl,_rid_etis,</strong></span> <span class='ocrx_word' id='word_1_466' title='bbox 1166 5714 1438 5786; x_wconf 66' lang='lat' dir='ltr'><strong>charissimi</strong></span> <span class='ocrx_word' id='word_1_467' title='bbox 1451 5733 1466 5776; x_wconf 91' lang='lat'><em>;</em></span> <span class='ocrx_word' id='word_1_468' title='bbox 1499 5724 1696 5786; x_wconf 76' lang='lat' dir='ltr'><strong>omisso,</strong></span> <span class='ocrx_word' id='word_1_469' title='bbox 1723 5722 1865 5776; x_wconf 68' lang='lat' dir='ltr'><strong>enitit.‘</strong></span> 
     </span>
    </p>
   </div>
   <div class='ocr_carea' id='block_1_59' title="bbox 512 5777 1517 5843">
    <p class='ocr_par' dir='ltr' id='par_1_59' title="bbox 512 5777 1517 5843">
     <span class='ocr_line' id='line_1_59' title="bbox 512 5777 1517 5843; baseline 0.007 -18"><span class='ocrx_word' id='word_1_470' title='bbox 512 5779 538 5843; x_wconf 66' lang='grc' dir='ltr'>ξ.</span> <span class='ocrx_word' id='word_1_471' title='bbox 567 5785 696 5839; x_wconf 66' lang='grc' dir='ltr'><strong>ιλιι,</strong></span> <span class='ocrx_word' id='word_1_472' title='bbox 717 5777 990 5843; x_wconf 67' lang='lat' dir='ltr'><strong>praesidia.</strong></span> <span class='ocrx_word' id='word_1_473' title='bbox 1013 5777 1300 5843; x_wconf 47' lang='lat' dir='ltr'><strong>emendatur</strong></span> <span class='ocrx_word' id='word_1_474' title='bbox 1325 5796 1386 5830; x_wconf 72' lang='lat' dir='ltr'><strong>ex</strong></span> <span class='ocrx_word' id='word_1_475' title='bbox 1415 5790 1517 5832; x_wconf 74' lang='lat' dir='ltr'><strong>Mss.</strong></span> 
     </span>
    </p>
   </div>
   <div class='ocr_carea' id='block_1_60' title="bbox 513 5837 1387 5902">
    <p class='ocr_par' dir='ltr' id='par_1_60' title="bbox 513 5837 1387 5902">
     <span class='ocr_line' id='line_1_60' title="bbox 513 5837 1387 5902; baseline 0.029 -32"><span class='ocrx_word' id='word_1_476' title='bbox 513 5839 532 5870; x_wconf 75' lang='grc' dir='ltr'><strong>ο</strong></span> <span class='ocrx_word' id='word_1_477' title='bbox 565 5837 740 5894; x_wconf 55' lang='lat' dir='ltr'><strong>“mnes</strong></span> <span class='ocrx_word' id='word_1_478' title='bbox 761 5847 892 5902; x_wconf 61' lang='grc' dir='ltr'><strong>διεδ..</strong></span> <span class='ocrx_word' id='word_1_479' title='bbox 921 5837 1278 5892; x_wconf 82' lang='lat' dir='ltr'><strong>retribttcudmn</strong></span> <span class='ocrx_word' id='word_1_480' title='bbox 1301 5851 1387 5894; x_wconf 80' lang='lat' dir='ltr'><strong>est.</strong></span> 
     </span>
    </p>
   </div>
   <div class='ocr_carea' id='block_1_61' title="bbox 1685 344 2486 406">
    <p class='ocr_par' dir='ltr' id='par_1_61' title="bbox 1685 344 2486 406">
     <span class='ocr_line' id='line_1_61' title="bbox 1685 344 2486 406; baseline -0.004 0"><span class='ocrx_word' id='word_1_481' title='bbox 1685 349 1742 406; x_wconf 86' lang='lat' dir='ltr'><strong>S.</strong></span> <span class='ocrx_word' id='word_1_482' title='bbox 1785 344 2150 406; x_wconf 76' lang='lat' dir='ltr'><strong>AUGUSTINI</strong></span> <span class='ocrx_word' id='word_1_483' title='bbox 2193 345 2486 403; x_wconf 77' lang='lat' dir='ltr'><strong>EPISCOPI</strong></span> 
     </span>
    </p>
   </div>
   <div class='ocr_carea' id='block_1_62' title="bbox 3605 355 3744 414">
    <p class='ocr_par' dir='ltr' id='par_1_62' title="bbox 3605 355 3744 414">
     <span class='ocr_line' id='line_1_62' title="bbox 3605 355 3744 414; baseline 0.022 -3"><span class='ocrx_word' id='word_1_484' title='bbox 3605 355 3744 414; x_wconf 75' lang='grc' dir='ltr'><strong>ιοιει</strong></span> 
     </span>
    </p>
   </div>
   <div class='ocr_carea' id='block_1_63' title="bbox 2161 463 3743 544">
    <p class='ocr_par' dir='ltr' id='par_1_63' title="bbox 2161 463 3743 544">
     <span class='ocr_line' id='line_1_63' title="bbox 2161 463 3743 544; baseline 0.009 -29"><span class='ocrx_word' id='word_1_485' title='bbox 2161 463 2464 533; x_wconf 84' lang='lat' dir='ltr'><strong>tequamilli</strong></span> <span class='ocrx_word' id='word_1_486' title='bbox 2496 479 2592 535; x_wconf 85' lang='lat' dir='ltr'><strong>per</strong></span> <span class='ocrx_word' id='word_1_487' title='bbox 2618 465 2970 523; x_wconf 86' lang='lat' dir='ltr'><strong>ministerium</strong></span> <span class='ocrx_word' id='word_1_488' title='bbox 2995 467 3314 538; x_wconf 83' lang='lat' dir='ltr'><strong>baptizantis</strong></span> <span class='ocrx_word' id='word_1_489' title='bbox 3349 473 3590 528; x_wconf 85' lang='lat' dir='ltr'><strong>succurri</strong></span> <span class='ocrx_word' id='word_1_490' title='bbox 3621 489 3743 544; x_wconf 85' lang='lat' dir='ltr'><strong>pos-</strong></span> 
     </span>
    </p>
   </div>
   <div class='ocr_carea' id='block_1_64' title="bbox 2157 555 3736 636">
    <p class='ocr_par' dir='ltr' id='par_1_64' title="bbox 2157 555 3736 636">
     <span class='ocr_line' id='line_1_64' title="bbox 2157 555 3736 636; baseline 0.008 -28"><span class='ocrx_word' id='word_1_491' title='bbox 2157 555 2226 609; x_wconf 89' lang='lat' dir='ltr'><strong>sit</strong></span> <span class='ocrx_word' id='word_1_492' title='bbox 2249 597 2263 620; x_wconf 92' lang='grc'><strong>,</strong></span> <span class='ocrx_word' id='word_1_493' title='bbox 2293 556 2572 626; x_wconf 79' lang='lat' dir='ltr'><strong>exspirat?</strong></span> <span class='ocrx_word' id='word_1_494' title='bbox 2601 557 2924 630; x_wconf 83' lang='lat' dir='ltr'><strong>Plerumque</strong></span> <span class='ocrx_word' id='word_1_495' title='bbox 2958 561 3100 616; x_wconf 91' lang='lat' dir='ltr'><strong>enim</strong></span> <span class='ocrx_word' id='word_1_496' title='bbox 3129 561 3502 619; x_wconf 86' lang='lat' dir='ltr'><strong>festinantibus</strong></span> <span class='ocrx_word' id='word_1_497' title='bbox 3541 581 3736 636; x_wconf 88' lang='lat' dir='ltr'><strong>parcn-</strong></span> 
     </span>
    </p>
   </div>
   <div class='ocr_carea' id='block_1_65' title="bbox 2157 647 3742 726">
    <p class='ocr_par' dir='ltr' id='par_1_65' title="bbox 2157 647 3742 726">
     <span class='ocr_line' id='line_1_65' title="bbox 2157 647 3742 726; baseline 0.007 -24"><span class='ocrx_word' id='word_1_498' title='bbox 2157 647 2298 704; x_wconf 86' lang='lat' dir='ltr'><strong>tibus</strong></span> <span class='ocrx_word' id='word_1_499' title='bbox 2315 659 2368 705; x_wconf 88' lang='lat' dir='ltr'><strong>ct</strong></span> <span class='ocrx_word' id='word_1_500' title='bbox 2397 650 2594 720; x_wconf 87' lang='lat' dir='ltr'><strong>paratis</strong></span> <span class='ocrx_word' id='word_1_501' title='bbox 2620 651 2877 707; x_wconf 86' lang='lat' dir='ltr'><strong>ministris</strong></span> <span class='ocrx_word' id='word_1_502' title='bbox 2897 661 2955 708; x_wconf 90' lang='lat' dir='ltr'><strong>ut</strong></span> <span class='ocrx_word' id='word_1_503' title='bbox 2980 653 3281 724; x_wconf 79' lang='lat' dir='ltr'><strong>Baptismus</strong></span> <span class='ocrx_word' id='word_1_504' title='bbox 3309 657 3536 726; x_wconf 88' lang='lat' dir='ltr'><strong>parvulo</strong></span> <span class='ocrx_word' id='word_1_505' title='bbox 3563 657 3742 726; x_wconf 77' lang='lat' dir='ltr'><strong>detur,</strong></span> 
     </span>
    </p>
   </div>
   <div class='ocr_carea' id='block_1_66' title="bbox 2158 742 3742 819">
    <p class='ocr_par' dir='ltr' id='par_1_66' title="bbox 2158 742 3742 819">
     <span class='ocr_line' id='line_1_66' title="bbox 2158 742 3742 819; baseline 0.004 -21"><span class='ocrx_word' id='word_1_506' title='bbox 2158 742 2270 799; x_wconf 87' lang='lat' dir='ltr'><strong>Deo</strong></span> <span class='ocrx_word' id='word_1_507' title='bbox 2293 753 2468 800; x_wconf 89' lang='lat' dir='ltr'><strong>tamen</strong></span> <span class='ocrx_word' id='word_1_508' title='bbox 2495 745 2708 802; x_wconf 87' lang='lat' dir='ltr'><strong>nolente</strong></span> <span class='ocrx_word' id='word_1_509' title='bbox 2753 761 2859 802; x_wconf 87' lang='lat' dir='ltr'><strong>non</strong></span> <span class='ocrx_word' id='word_1_510' title='bbox 2895 747 3070 811; x_wconf 86' lang='lat' dir='ltr'><strong>datur,</strong></span> <span class='ocrx_word' id='word_1_511' title='bbox 3105 749 3193 819; x_wconf 89' lang='lat' dir='ltr'><strong>qui</strong></span> <span class='ocrx_word' id='word_1_512' title='bbox 3239 763 3360 802; x_wconf 87' lang='lat' dir='ltr'><strong>eum</strong></span> <span class='ocrx_word' id='word_1_513' title='bbox 3389 749 3660 818; x_wconf 78' lang='lat' dir='ltr'><strong>paululum</strong></span> <span class='ocrx_word' id='word_1_514' title='bbox 3689 753 3742 804; x_wconf 92' lang='lat' dir='ltr'><strong>in</strong></span> 
     </span>
    </p>
   </div>
   <div class='ocr_carea' id='block_1_67' title="bbox 2157 836 3743 913">
    <p class='ocr_par' dir='ltr' id='par_1_67' title="bbox 2157 836 3743 913">
     <span class='ocr_line' id='line_1_67' title="bbox 2157 836 3743 913; baseline 0.004 -22"><span class='ocrx_word' id='word_1_515' title='bbox 2157 836 2256 893; x_wconf 89' lang='lat' dir='ltr'><strong>hac</strong></span> <span class='ocrx_word' id='word_1_516' title='bbox 2283 838 2386 892; x_wconf 83' lang='lat' dir='ltr'><strong>vita</strong></span> <span class='ocrx_word' id='word_1_517' title='bbox 2435 855 2536 894; x_wconf 90' lang='lat' dir='ltr'><strong>non</strong></span> <span class='ocrx_word' id='word_1_518' title='bbox 2583 841 2753 895; x_wconf 88' lang='lat' dir='ltr'><strong>tenuit</strong></span> <span class='ocrx_word' id='word_1_519' title='bbox 2781 851 2839 895; x_wconf 90' lang='lat' dir='ltr'><strong>ut</strong></span> <span class='ocrx_word' id='word_1_520' title='bbox 2889 841 3124 896; x_wconf 87' lang='lat' dir='ltr'><strong>daretur.</strong></span> <span class='ocrx_word' id='word_1_521' title='bbox 3183 841 3320 910; x_wconf 86' lang='lat' dir='ltr'><strong>Quid</strong></span> <span class='ocrx_word' id='word_1_522' title='bbox 3369 843 3552 908; x_wconf 89' lang='lat' dir='ltr'><strong>etiam,</strong></span> <span class='ocrx_word' id='word_1_523' title='bbox 3599 843 3743 913; x_wconf 87' lang='lat' dir='ltr'><strong>quod</strong></span> 
     </span>
    </p>
   </div>
   <div class='ocr_carea' id='block_1_68' title="bbox 2153 931 3745 1005">
    <p class='ocr_par' dir='ltr' id='par_1_68' title="bbox 2153 931 3745 1005">
     <span class='ocr_line' id='line_1_68' title="bbox 2153 931 3745 1005; baseline 0.004 -21"><span class='ocrx_word' id='word_1_524' title='bbox 2153 931 2438 1002; x_wconf 88' lang='lat' dir='ltr'><strong>aliquando</strong></span> <span class='ocrx_word' id='word_1_525' title='bbox 2475 933 2708 1002; x_wconf 86' lang='lat' dir='ltr'><strong>parvulis</strong></span> <span class='ocrx_word' id='word_1_526' title='bbox 2749 933 3039 988; x_wconf 77' lang='lat' dir='ltr'><strong>infidelium</strong></span> <span class='ocrx_word' id='word_1_527' title='bbox 3089 933 3213 989; x_wconf 80' lang='lat' dir='ltr'><strong>ﬁliis</strong></span> <span class='ocrx_word' id='word_1_528' title='bbox 3259 937 3447 1005; x_wconf 88' lang='lat' dir='ltr'><strong>potuit,</strong></span> <span class='ocrx_word' id='word_1_529' title='bbox 3487 951 3554 992; x_wconf 91' lang='lat' dir='ltr'><strong>ne</strong></span> <span class='ocrx_word' id='word_1_530' title='bbox 3602 937 3745 992; x_wconf 84' lang='lat' dir='ltr'><strong>irent</strong></span> 
     </span>
    </p>
   </div>
   <div class='ocr_carea' id='block_1_69' title="bbox 2155 1025 3750 1100">
    <p class='ocr_par' dir='ltr' id='par_1_69' title="bbox 2155 1025 3750 1100">
     <span class='ocr_line' id='line_1_69' title="bbox 2155 1025 3750 1100; baseline 0.003 -22"><span class='ocrx_word' id='word_1_531' title='bbox 2155 1026 2208 1078; x_wconf 91' lang='lat' dir='ltr'><strong>in</strong></span> <span class='ocrx_word' id='word_1_532' title='bbox 2239 1025 2610 1095; x_wconf 86' lang='lat' dir='ltr'><strong>perditionem,</strong></span> <span class='ocrx_word' id='word_1_533' title='bbox 2655 1035 2708 1082; x_wconf 92' lang='lat' dir='ltr'><strong>ct</strong></span> <span class='ocrx_word' id='word_1_534' title='bbox 2737 1027 2861 1082; x_wconf 82' lang='lat' dir='ltr'><strong>ﬁliis</strong></span> <span class='ocrx_word' id='word_1_535' title='bbox 2910 1025 3142 1082; x_wconf 89' lang='lat' dir='ltr'><strong>fidelium</strong></span> <span class='ocrx_word' id='word_1_536' title='bbox 3191 1043 3300 1083; x_wconf 91' lang='lat' dir='ltr'><strong>non</strong></span> <span class='ocrx_word' id='word_1_537' title='bbox 3341 1027 3512 1100; x_wconf 87' lang='lat' dir='ltr'><strong>potuit</strong></span> <span class='ocrx_word' id='word_1_538' title='bbox 3559 1029 3750 1100; x_wconf 84' lang='lat' dir='ltr'><strong>Bapti-</strong></span> 
     </span>
    </p>
   </div>
   <div class='ocr_carea' id='block_1_70' title="bbox 2157 1117 3744 1193">
    <p class='ocr_par' dir='ltr' id='par_1_70' title="bbox 2157 1117 3744 1193">
     <span class='ocr_line' id='line_1_70' title="bbox 2157 1117 3744 1193; baseline 0.004 -24"><span class='ocrx_word' id='word_1_539' title='bbox 2157 1125 2330 1173; x_wconf 89' lang='lat' dir='ltr'><strong>smate</strong></span> <span class='ocrx_word' id='word_1_540' title='bbox 2355 1118 2672 1174; x_wconf 77' lang='lat' dir='ltr'><strong>subveniri?</strong></span> <span class='ocrx_word' id='word_1_541' title='bbox 2701 1117 2802 1175; x_wconf 89' lang='lat' dir='ltr'><strong>Ubi</strong></span> <span class='ocrx_word' id='word_1_542' title='bbox 2829 1129 2975 1176; x_wconf 92' lang='lat' dir='ltr'><strong>certe</strong></span> <span class='ocrx_word' id='word_1_543' title='bbox 3000 1121 3300 1176; x_wconf 87' lang='lat' dir='ltr'><strong>ostenditur</strong></span> <span class='ocrx_word' id='word_1_544' title='bbox 3318 1119 3456 1192; x_wconf 90' lang='lat' dir='ltr'><strong>quod</strong></span> <span class='ocrx_word' id='word_1_545' title='bbox 3485 1137 3744 1193; x_wconf 86' lang='lat' dir='ltr'><strong>persona-</strong></span> 
     </span>
    </p>
   </div>
   <div class='ocr_carea' id='block_1_71' title="bbox 2153 1209 3740 1285">
    <p class='ocr_par' dir='ltr' id='par_1_71' title="bbox 2153 1209 3740 1285">
     <span class='ocr_line' id='line_1_71' title="bbox 2153 1209 3740 1285; baseline 0.003 -21"><span class='ocrx_word' id='word_1_546' title='bbox 2153 1223 2274 1264; x_wconf 90' lang='lat' dir='ltr'><strong>rum</strong></span> <span class='ocrx_word' id='word_1_547' title='bbox 2323 1209 2464 1280; x_wconf 86' lang='lat' dir='ltr'><strong>apud</strong></span> <span class='ocrx_word' id='word_1_548' title='bbox 2511 1209 2682 1266; x_wconf 89' lang='lat' dir='ltr'><strong>Deum</strong></span> <span class='ocrx_word' id='word_1_549' title='bbox 2719 1227 2826 1266; x_wconf 89' lang='lat' dir='ltr'><strong>non</strong></span> <span class='ocrx_word' id='word_1_550' title='bbox 2880 1213 2950 1267; x_wconf 91' lang='lat' dir='ltr'><strong>sit</strong></span> <span class='ocrx_word' id='word_1_551' title='bbox 2995 1213 3234 1284; x_wconf 91' lang='lat' dir='ltr'><strong>acceptio</strong></span> <span class='ocrx_word' id='word_1_552' title='bbox 3263 1214 3280 1284; x_wconf 94' lang='lat'>(</span> <span class='ocrx_word' id='word_1_553' title='bbox 3309 1213 3460 1268; x_wconf 84' lang='lat' dir='ltr'><strong>Rom.</strong></span> <span class='ocrx_word' id='word_1_554' title='bbox 3489 1231 3547 1280; x_wconf 89' lang='lat' dir='ltr'><strong>ll,</strong></span> <span class='ocrx_word' id='word_1_555' title='bbox 3581 1215 3638 1270; x_wconf 84' lang='lat' dir='ltr'><strong>ll</strong></span> <span class='ocrx_word' id='word_1_556' title='bbox 3677 1215 3694 1285; x_wconf 93' lang='lat'>)</span> <span class='ocrx_word' id='word_1_557' title='bbox 3726 1235 3740 1270; x_wconf 90' lang='lat'><strong>:</strong></span> 
     </span>
    </p>
   </div>
   <div class='ocr_carea' id='block_1_72' title="bbox 2153 1301 3732 1379">
    <p class='ocr_par' dir='ltr' id='par_1_72' title="bbox 2153 1301 3732 1379">
     <span class='ocr_line' id='line_1_72' title="bbox 2153 1301 3732 1379; baseline 0.004 -23"><span class='ocrx_word' id='word_1_558' title='bbox 2153 1301 2388 1374; x_wconf 90' lang='lat' dir='ltr'><strong>alioquin</strong></span> <span class='ocrx_word' id='word_1_559' title='bbox 2431 1303 2698 1359; x_wconf 90' lang='lat' dir='ltr'><strong>cultorum</strong></span> <span class='ocrx_word' id='word_1_560' title='bbox 2726 1319 2944 1360; x_wconf 90' lang='lat' dir='ltr'><strong>suorum</strong></span> <span class='ocrx_word' id='word_1_561' title='bbox 2975 1305 3172 1376; x_wconf 90' lang='lat' dir='ltr'><strong>potius,</strong></span> <span class='ocrx_word' id='word_1_562' title='bbox 3191 1322 3348 1379; x_wconf 87' lang='lat' dir='ltr'><strong>quam</strong></span> <span class='ocrx_word' id='word_1_563' title='bbox 3395 1307 3732 1364; x_wconf 86' lang='lat' dir='ltr'><strong>inimicorum</strong></span> 
     </span>
    </p>
   </div>
   <div class='ocr_carea' id='block_1_73' title="bbox 2153 1393 2590 1450">
    <p class='ocr_par' dir='ltr' id='par_1_73' title="bbox 2153 1393 2590 1450">
     <span class='ocr_line' id='line_1_73' title="bbox 2153 1393 2590 1450; baseline 0.007 -3"><span class='ocrx_word' id='word_1_564' title='bbox 2153 1393 2292 1448; x_wconf 81' lang='lat' dir='ltr'><strong>ﬁlios</strong></span> <span class='ocrx_word' id='word_1_565' title='bbox 2319 1393 2590 1450; x_wconf 89' lang='lat' dir='ltr'><strong>liberaret.</strong></span> 
     </span>
    </p>
   </div>
   <div class='ocr_carea' id='block_1_74' title="bbox 2223 1485 3738 1562">
    <p class='ocr_par' dir='ltr' id='par_1_74' title="bbox 2223 1485 3738 1562">
     <span class='ocr_line' id='line_1_74' title="bbox 2223 1485 3738 1562; baseline 0.007 -22"><span class='ocrx_word' id='word_1_566' title='bbox 2223 1485 2450 1543; x_wconf 77' lang='lat' dir='ltr'><strong>CAPUT</strong></span> <span class='ocrx_word' id='word_1_567' title='bbox 2489 1487 2624 1543; x_wconf 81' lang='lat' dir='ltr'><strong>Xlll.</strong></span> <span class='ocrx_word' id='word_1_568' title='bbox 2659 1519 2729 1530; x_wconf 90' lang='lat'><strong><em>—</em></strong></span> <span class='ocrx_word' id='word_1_569' title='bbox 2751 1489 2839 1544; x_wconf 74' lang='lat'><strong>&#39;52.</strong></span> <span class='ocrx_word' id='word_1_570' title='bbox 2868 1489 2984 1546; x_wconf 80' lang='lat' dir='ltr'><strong>Jam</strong></span> <span class='ocrx_word' id='word_1_571' title='bbox 3013 1507 3161 1558; x_wconf 87' lang='lat' dir='ltr'><strong>vero,</strong></span> <span class='ocrx_word' id='word_1_572' title='bbox 3190 1494 3440 1562; x_wconf 87' lang='lat' dir='ltr'><strong>quoniam</strong></span> <span class='ocrx_word' id='word_1_573' title='bbox 3462 1491 3527 1549; x_wconf 90' lang='lat' dir='ltr'><strong>de</strong></span> <span class='ocrx_word' id='word_1_574' title='bbox 3549 1493 3688 1549; x_wconf 89' lang='lat' dir='ltr'><strong>dono</strong></span> <span class='ocrx_word' id='word_1_575' title='bbox 3717 1496 3738 1526; x_wconf 73' lang='grc' dir='ltr'>ί</span> 
     </span>
    </p>
   </div>
   <div class='ocr_carea' id='block_1_75' title="bbox 2153 1579 3738 1654">
    <p class='ocr_par' dir='ltr' id='par_1_75' title="bbox 2153 1579 3738 1654">
     <span class='ocr_line' id='line_1_75' title="bbox 2153 1579 3738 1654; baseline 0.004 -23"><span class='ocrx_word' id='word_1_576' title='bbox 2153 1579 2566 1648; x_wconf 69' lang='lat' dir='ltr'><strong>perseverantia:</strong></span> <span class='ocrx_word' id='word_1_577' title='bbox 2611 1597 2753 1636; x_wconf 91' lang='lat' dir='ltr'><strong>nunc</strong></span> <span class='ocrx_word' id='word_1_578' title='bbox 2779 1583 3006 1652; x_wconf 80' lang='lat' dir='ltr'><strong>agimus,</strong></span> <span class='ocrx_word' id='word_1_579' title='bbox 3036 1583 3162 1654; x_wconf 89' lang='lat' dir='ltr'><strong>quid</strong></span> <span class='ocrx_word' id='word_1_580' title='bbox 3190 1593 3272 1638; x_wconf 90' lang='lat' dir='ltr'><strong>est</strong></span> <span class='ocrx_word' id='word_1_581' title='bbox 3309 1584 3448 1654; x_wconf 80' lang='lat' dir='ltr'><strong>quod</strong></span> <span class='ocrx_word' id='word_1_582' title='bbox 3479 1585 3738 1639; x_wconf 89' lang='lat' dir='ltr'><strong>morituro</strong></span> 
     </span>
    </p>
   </div>
   <div class='ocr_carea' id='block_1_76' title="bbox 2153 1671 3738 1746">
    <p class='ocr_par' dir='ltr' id='par_1_76' title="bbox 2153 1671 3738 1746">
     <span class='ocr_line' id='line_1_76' title="bbox 2153 1671 3738 1746; baseline 0.003 -20"><span class='ocrx_word' id='word_1_583' title='bbox 2153 1685 2258 1726; x_wconf 90' lang='lat' dir='ltr'><strong>non</strong></span> <span class='ocrx_word' id='word_1_584' title='bbox 2289 1671 2554 1742; x_wconf 79' lang='lat' dir='ltr'><strong>baptizato</strong></span> <span class='ocrx_word' id='word_1_585' title='bbox 2581 1673 2892 1728; x_wconf 83' lang='lat' dir='ltr'><strong>subvenitur</strong></span> <span class='ocrx_word' id='word_1_586' title='bbox 2911 1717 2926 1742; x_wconf 88' lang='lat'><strong>,</strong></span> <span class='ocrx_word' id='word_1_587' title='bbox 2950 1691 3017 1730; x_wconf 92' lang='lat' dir='ltr'><strong>ne</strong></span> <span class='ocrx_word' id='word_1_588' title='bbox 3046 1676 3160 1732; x_wconf 91' lang='lat' dir='ltr'><strong>sine</strong></span> <span class='ocrx_word' id='word_1_589' title='bbox 3187 1677 3512 1746; x_wconf 80' lang='lat' dir='ltr'><strong>Baptismate</strong></span> <span class='ocrx_word' id='word_1_590' title='bbox 3537 1675 3738 1732; x_wconf 87' lang='lat' dir='ltr'><strong>moria-</strong></span> 
     </span>
    </p>
   </div>
   <div class='ocr_carea' id='block_1_77' title="bbox 2153 1763 3736 1834">
    <p class='ocr_par' dir='ltr' id='par_1_77' title="bbox 2153 1763 3736 1834">
     <span class='ocr_line' id='line_1_77' title="bbox 2153 1763 3736 1834; baseline 0.003 -17"><span class='ocrx_word' id='word_1_591' title='bbox 2153 1773 2270 1827; x_wconf 85' lang='lat' dir='ltr'><strong>tur;</strong></span> <span class='ocrx_word' id='word_1_592' title='bbox 2305 1771 2358 1818; x_wconf 90' lang='lat' dir='ltr'><strong>et</strong></span> <span class='ocrx_word' id='word_1_593' title='bbox 2379 1763 2644 1834; x_wconf 87' lang='lat' dir='ltr'><strong>baptizato</strong></span> <span class='ocrx_word' id='word_1_594' title='bbox 2665 1779 2854 1820; x_wconf 88' lang='lat' dir='ltr'><strong>casuro</strong></span> <span class='ocrx_word' id='word_1_595' title='bbox 2878 1782 2981 1821; x_wconf 90' lang='lat' dir='ltr'><strong>non</strong></span> <span class='ocrx_word' id='word_1_596' title='bbox 3017 1767 3346 1834; x_wconf 87' lang='lat' dir='ltr'><strong>subvenitur,</strong></span> <span class='ocrx_word' id='word_1_597' title='bbox 3376 1775 3433 1822; x_wconf 93' lang='lat' dir='ltr'><strong>ut</strong></span> <span class='ocrx_word' id='word_1_598' title='bbox 3471 1778 3592 1822; x_wconf 86' lang='lat' dir='ltr'><strong>ante</strong></span> <span class='ocrx_word' id='word_1_599' title='bbox 3617 1783 3736 1826; x_wconf 85' lang='lat' dir='ltr'><strong>mo-</strong></span> 
     </span>
    </p>
   </div>
   <div class='ocr_carea' id='block_1_78' title="bbox 2151 1854 3734 1926">
    <p class='ocr_par' dir='ltr' id='par_1_78' title="bbox 2151 1854 3734 1926">
     <span class='ocr_line' id='line_1_78' title="bbox 2151 1854 3734 1926; baseline 0.003 -16"><span class='ocrx_word' id='word_1_600' title='bbox 2151 1855 2362 1910; x_wconf 84' lang='lat' dir='ltr'><strong>riatur?</strong></span> <span class='ocrx_word' id='word_1_601' title='bbox 2389 1854 2498 1910; x_wconf 80' lang='lat' dir='ltr'><strong>Nisi</strong></span> <span class='ocrx_word' id='word_1_602' title='bbox 2519 1855 2653 1910; x_wconf 89' lang='lat' dir='ltr'><strong>forte</strong></span> <span class='ocrx_word' id='word_1_603' title='bbox 2679 1857 2750 1910; x_wconf 91' lang='lat' dir='ltr'><strong>illi</strong></span> <span class='ocrx_word' id='word_1_604' title='bbox 2771 1856 2944 1914; x_wconf 87' lang='lat' dir='ltr'><strong>adhuc</strong></span> <span class='ocrx_word' id='word_1_605' title='bbox 2963 1858 3275 1914; x_wconf 86' lang='lat' dir='ltr'><strong>absurditati</strong></span> <span class='ocrx_word' id='word_1_606' title='bbox 3297 1859 3734 1926; x_wconf 87' lang='lat' dir='ltr'><strong>auscultabimus,</strong></span> 
     </span>
    </p>
   </div>
   <div class='ocr_carea' id='block_1_79' title="bbox 2155 1947 3734 2022">
    <p class='ocr_par' dir='ltr' id='par_1_79' title="bbox 2155 1947 3734 2022">
     <span class='ocr_line' id='line_1_79' title="bbox 2155 1947 3734 2022; baseline 0.002 -22"><span class='ocrx_word' id='word_1_607' title='bbox 2155 1963 2256 2018; x_wconf 90' lang='lat' dir='ltr'><strong>qua</strong></span> <span class='ocrx_word' id='word_1_608' title='bbox 2284 1947 2478 2003; x_wconf 89' lang='lat' dir='ltr'><strong>dicitur</strong></span> <span class='ocrx_word' id='word_1_609' title='bbox 2519 1948 2652 2008; x_wconf 91' lang='lat' dir='ltr'><strong>nihil</strong></span> <span class='ocrx_word' id='word_1_610' title='bbox 2695 1949 2948 2019; x_wconf 89' lang='lat' dir='ltr'><strong>prodesse</strong></span> <span class='ocrx_word' id='word_1_611' title='bbox 2995 1951 3240 2022; x_wconf 87' lang='lat' dir='ltr'><strong>cuiquam</strong></span> <span class='ocrx_word' id='word_1_612' title='bbox 3281 1952 3414 2006; x_wconf 92' lang='lat' dir='ltr'><strong>mori</strong></span> <span class='ocrx_word' id='word_1_613' title='bbox 3455 1959 3734 2022; x_wconf 87' lang='lat' dir='ltr'><strong>antequam</strong></span> 
     </span>
    </p>
   </div>
   <div class='ocr_carea' id='block_1_80' title="bbox 2151 2041 3736 2117">
    <p class='ocr_par' dir='ltr' id='par_1_80' title="bbox 2151 2041 3736 2117">
     <span class='ocr_line' id='line_1_80' title="bbox 2151 2041 3736 2117; baseline 0.003 -21"><span class='ocrx_word' id='word_1_614' title='bbox 2151 2041 2343 2109; x_wconf 89' lang='lat' dir='ltr'><strong>cadat,</strong></span> <span class='ocrx_word' id='word_1_615' title='bbox 2386 2042 2508 2112; x_wconf 89' lang='lat' dir='ltr'><strong>quia</strong></span> <span class='ocrx_word' id='word_1_616' title='bbox 2555 2043 2848 2100; x_wconf 87' lang='lat' dir='ltr'><strong>secundum</strong></span> <span class='ocrx_word' id='word_1_617' title='bbox 2893 2059 2988 2100; x_wconf 90' lang='lat' dir='ltr'><strong>eos</strong></span> <span class='ocrx_word' id='word_1_618' title='bbox 3038 2056 3189 2101; x_wconf 90' lang='lat' dir='ltr'><strong>actus</strong></span> <span class='ocrx_word' id='word_1_619' title='bbox 3231 2043 3572 2117; x_wconf 85' lang='lat' dir='ltr'><strong>judicabitur,</strong></span> <span class='ocrx_word' id='word_1_620' title='bbox 3602 2059 3736 2116; x_wconf 90' lang='lat' dir='ltr'><strong>quos</strong></span> 
     </span>
    </p>
   </div>
   <div class='ocr_carea' id='block_1_81' title="bbox 2152 2135 3736 2205">
    <p class='ocr_par' dir='ltr' id='par_1_81' title="bbox 2152 2135 3736 2205">
     <span class='ocr_line' id='line_1_81' title="bbox 2152 2135 3736 2205; baseline 0 -15"><span class='ocrx_word' id='word_1_621' title='bbox 2152 2149 2272 2190; x_wconf 86' lang='lat' dir='ltr'><strong>eum</strong></span> <span class='ocrx_word' id='word_1_622' title='bbox 2303 2135 2564 2205; x_wconf 78' lang='lat' dir='ltr'><strong>przescivit</strong></span> <span class='ocrx_word' id='word_1_623' title='bbox 2595 2135 2738 2190; x_wconf 90' lang='lat' dir='ltr'><strong>Deus</strong></span> <span class='ocrx_word' id='word_1_624' title='bbox 2782 2147 3024 2192; x_wconf 88' lang='lat' dir='ltr'><strong>acturum</strong></span> <span class='ocrx_word' id='word_1_625' title='bbox 3061 2135 3226 2193; x_wconf 81' lang='lat' dir='ltr'><strong>fuisse</strong></span> <span class='ocrx_word' id='word_1_626' title='bbox 3269 2137 3313 2192; x_wconf 91' lang='lat' dir='ltr'><strong>si</strong></span> <span class='ocrx_word' id='word_1_627' title='bbox 3341 2139 3563 2194; x_wconf 85' lang='lat' dir='ltr'><strong>viveret.</strong></span> <span class='ocrx_word' id='word_1_628' title='bbox 3588 2135 3736 2191; x_wconf 90' lang='lat' dir='ltr'><strong>llanc</strong></span> 
     </span>
    </p>
   </div>
   <div class='ocr_carea' id='block_1_82' title="bbox 2151 2227 3728 2296">
    <p class='ocr_par' dir='ltr' id='par_1_82' title="bbox 2151 2227 3728 2296">
     <span class='ocr_line' id='line_1_82' title="bbox 2151 2227 3728 2296; baseline 0.003 -15"><span class='ocrx_word' id='word_1_629' title='bbox 2151 2227 2552 2296; x_wconf 87' lang='lat' dir='ltr'><strong>perversitatem</strong></span> <span class='ocrx_word' id='word_1_630' title='bbox 2607 2227 2818 2283; x_wconf 84' lang='lat' dir='ltr'><strong>sanitati</strong></span> <span class='ocrx_word' id='word_1_631' title='bbox 2875 2227 2996 2285; x_wconf 80' lang='lat' dir='ltr'><strong>ﬁdei</strong></span> <span class='ocrx_word' id='word_1_632' title='bbox 3025 2237 3130 2285; x_wconf 90' lang='lat' dir='ltr'><strong>tam</strong></span> <span class='ocrx_word' id='word_1_633' title='bbox 3165 2229 3511 2287; x_wconf 87' lang='lat' dir='ltr'><strong>vehementer</strong></span> <span class='ocrx_word' id='word_1_634' title='bbox 3537 2229 3728 2286; x_wconf 86' lang='lat' dir='ltr'><strong>adver-</strong></span> 
     </span>
    </p>
   </div>
   <div class='ocr_carea' id='block_1_83' title="bbox 2151 2321 3722 2393">
    <p class='ocr_par' dir='ltr' id='par_1_83' title="bbox 2151 2321 3722 2393">
     <span class='ocr_line' id='line_1_83' title="bbox 2151 2321 3722 2393; baseline 0.003 -19"><span class='ocrx_word' id='word_1_635' title='bbox 2151 2333 2285 2386; x_wconf 86' lang='lat' dir='ltr'><strong>sam,</strong></span> <span class='ocrx_word' id='word_1_636' title='bbox 2317 2321 2433 2390; x_wconf 89' lang='lat' dir='ltr'><strong>quis</strong></span> <span class='ocrx_word' id='word_1_637' title='bbox 2457 2321 2723 2393; x_wconf 87' lang='lat' dir='ltr'><strong>patienter</strong></span> <span class='ocrx_word' id='word_1_638' title='bbox 2743 2321 2958 2377; x_wconf 77' lang='lat' dir='ltr'><strong>audiati</strong></span> <span class='ocrx_word' id='word_1_639' title='bbox 2982 2325 3099 2393; x_wconf 88' lang='lat' dir='ltr'><strong>quis</strong></span> <span class='ocrx_word' id='word_1_640' title='bbox 3129 2322 3305 2379; x_wconf 77' lang='lat' dir='ltr'><strong>ferat?</strong></span> <span class='ocrx_word' id='word_1_641' title='bbox 3331 2326 3394 2378; x_wconf 78' lang='lat' dir='ltr'><strong>Et</strong></span> <span class='ocrx_word' id='word_1_642' title='bbox 3419 2333 3596 2379; x_wconf 88' lang='lat' dir='ltr'><strong>tamen</strong></span> <span class='ocrx_word' id='word_1_643' title='bbox 3619 2323 3722 2379; x_wconf 81' lang='lat' dir='ltr'><strong>hac</strong></span> 
     </span>
    </p>
   </div>
   <div class='ocr_carea' id='block_1_84' title="bbox 2151 2411 3729 2488">
    <p class='ocr_par' dir='ltr' id='par_1_84' title="bbox 2151 2411 3729 2488">
     <span class='ocr_line' id='line_1_84' title="bbox 2151 2411 3729 2488; baseline 0.001 -22"><span class='ocrx_word' id='word_1_644' title='bbox 2151 2411 2330 2468; x_wconf 87' lang='lat' dir='ltr'><strong>dicere</strong></span> <span class='ocrx_word' id='word_1_645' title='bbox 2361 2423 2632 2483; x_wconf 83' lang='lat' dir='ltr'><strong>urgentur,</strong></span> <span class='ocrx_word' id='word_1_646' title='bbox 2683 2413 2776 2484; x_wconf 90' lang='lat' dir='ltr'><strong>qui</strong></span> <span class='ocrx_word' id='word_1_647' title='bbox 2831 2429 2935 2468; x_wconf 91' lang='lat' dir='ltr'><strong>non</strong></span> <span class='ocrx_word' id='word_1_648' title='bbox 2987 2415 3216 2470; x_wconf 90' lang='lat' dir='ltr'><strong>fatentur</strong></span> <span class='ocrx_word' id='word_1_649' title='bbox 3234 2416 3458 2488; x_wconf 87' lang='lat' dir='ltr'><strong>gratiam</strong></span> <span class='ocrx_word' id='word_1_650' title='bbox 3485 2415 3576 2469; x_wconf 91' lang='lat' dir='ltr'><strong>Dei</strong></span> <span class='ocrx_word' id='word_1_651' title='bbox 3623 2429 3729 2468; x_wconf 91' lang='lat' dir='ltr'><strong>non</strong></span> 
     </span>
    </p>
   </div>
   <div class='ocr_carea' id='block_1_85' title="bbox 2151 2505 3732 2578">
    <p class='ocr_par' dir='ltr' id='par_1_85' title="bbox 2151 2505 3732 2578">
     <span class='ocr_line' id='line_1_85' title="bbox 2151 2505 3732 2578; baseline 0 -17"><span class='ocrx_word' id='word_1_652' title='bbox 2151 2505 2445 2561; x_wconf 81' lang='lat' dir='ltr'><strong>secundum</strong></span> <span class='ocrx_word' id='word_1_653' title='bbox 2468 2513 2658 2562; x_wconf 87' lang='lat' dir='ltr'><strong>merita</strong></span> <span class='ocrx_word' id='word_1_654' title='bbox 2689 2516 2868 2562; x_wconf 89' lang='lat' dir='ltr'><strong>nostra</strong></span> <span class='ocrx_word' id='word_1_655' title='bbox 2901 2505 3036 2562; x_wconf 88' lang='lat' dir='ltr'><strong>dari.</strong></span> <span class='ocrx_word' id='word_1_656' title='bbox 3065 2507 3165 2578; x_wconf 81' lang='lat' dir='ltr'><strong>Qui</strong></span> <span class='ocrx_word' id='word_1_657' title='bbox 3213 2518 3390 2564; x_wconf 87' lang='lat' dir='ltr'><strong>autem</strong></span> <span class='ocrx_word' id='word_1_658' title='bbox 3433 2509 3620 2565; x_wconf 86' lang='lat' dir='ltr'><strong>nolunt</strong></span> <span class='ocrx_word' id='word_1_659' title='bbox 3661 2505 3732 2562; x_wconf 90' lang='lat' dir='ltr'><strong>di-</strong></span> 
     </span>
    </p>
   </div>
   <div class='ocr_carea' id='block_1_86' title="bbox 2150 2599 3728 2672">
    <p class='ocr_par' dir='ltr' id='par_1_86' title="bbox 2150 2599 3728 2672">
     <span class='ocr_line' id='line_1_86' title="bbox 2150 2599 3728 2672; baseline 0.003 -20"><span class='ocrx_word' id='word_1_660' title='bbox 2150 2611 2274 2652; x_wconf 86' lang='lat' dir='ltr'><strong>cere</strong></span> <span class='ocrx_word' id='word_1_661' title='bbox 2303 2613 2736 2668; x_wconf 86' lang='lat' dir='ltr'><strong>unumquemque</strong></span> <span class='ocrx_word' id='word_1_662' title='bbox 2785 2607 3119 2654; x_wconf 85' lang='lat' dir='ltr'><strong>mortuorum</strong></span> <span class='ocrx_word' id='word_1_663' title='bbox 3171 2599 3462 2656; x_wconf 91' lang='lat' dir='ltr'><strong>secundum</strong></span> <span class='ocrx_word' id='word_1_664' title='bbox 3490 2617 3550 2657; x_wconf 93' lang='lat' dir='ltr'><strong>ea</strong></span> <span class='ocrx_word' id='word_1_665' title='bbox 3584 2601 3728 2672; x_wconf 86' lang='lat' dir='ltr'><strong>judi-</strong></span> 
     </span>
    </p>
   </div>
   <div class='ocr_carea' id='block_1_87' title="bbox 2150 2687 3726 2758">
    <p class='ocr_par' dir='ltr' id='par_1_87' title="bbox 2150 2687 3726 2758">
     <span class='ocr_line' id='line_1_87' title="bbox 2150 2687 3726 2758; baseline 0.004 -17"><span class='ocrx_word' id='word_1_666' title='bbox 2150 2687 2282 2752; x_wconf 84' lang='lat' dir='ltr'><strong>cari,</strong></span> <span class='ocrx_word' id='word_1_667' title='bbox 2311 2703 2432 2757; x_wconf 76' lang='lat' dir='ltr'><strong>qua:</strong></span> <span class='ocrx_word' id='word_1_668' title='bbox 2469 2687 2611 2743; x_wconf 87' lang='lat' dir='ltr'><strong>Deus</strong></span> <span class='ocrx_word' id='word_1_669' title='bbox 2635 2688 2782 2742; x_wconf 91' lang='lat' dir='ltr'><strong>illum</strong></span> <span class='ocrx_word' id='word_1_670' title='bbox 2807 2689 3072 2758; x_wconf 71' lang='lat' dir='ltr'><strong>prmscivit</strong></span> <span class='ocrx_word' id='word_1_671' title='bbox 3118 2699 3356 2746; x_wconf 89' lang='lat' dir='ltr'><strong>acturum</strong></span> <span class='ocrx_word' id='word_1_672' title='bbox 3387 2691 3547 2747; x_wconf 89' lang='lat' dir='ltr'><strong>fuisse</strong></span> <span class='ocrx_word' id='word_1_673' title='bbox 3573 2693 3616 2748; x_wconf 89' lang='lat' dir='ltr'><strong>si</strong></span> <span class='ocrx_word' id='word_1_674' title='bbox 3644 2693 3726 2747; x_wconf 84' lang='lat' dir='ltr'><strong>vi-</strong></span> 
     </span>
    </p>
   </div>
   <div class='ocr_carea' id='block_1_88' title="bbox 2151 2777 3716 2854">
    <p class='ocr_par' dir='ltr' id='par_1_88' title="bbox 2151 2777 3716 2854">
     <span class='ocr_line' id='line_1_88' title="bbox 2151 2777 3716 2854; baseline 0.005 -24"><span class='ocrx_word' id='word_1_675' title='bbox 2151 2787 2319 2842; x_wconf 81' lang='lat' dir='ltr'><strong>voret,</strong></span> <span class='ocrx_word' id='word_1_676' title='bbox 2341 2777 2606 2834; x_wconf 89' lang='lat' dir='ltr'><strong>intuentes</strong></span> <span class='ocrx_word' id='word_1_677' title='bbox 2634 2795 2793 2850; x_wconf 86' lang='lat' dir='ltr'><strong>quam</strong></span> <span class='ocrx_word' id='word_1_678' title='bbox 2839 2779 3116 2836; x_wconf 89' lang='lat' dir='ltr'><strong>manifesta</strong></span> <span class='ocrx_word' id='word_1_679' title='bbox 3168 2781 3412 2838; x_wconf 79' lang='lat' dir='ltr'><strong>falsitate</strong></span> <span class='ocrx_word' id='word_1_680' title='bbox 3443 2792 3497 2838; x_wconf 89' lang='lat' dir='ltr'><strong>et</strong></span> <span class='ocrx_word' id='word_1_681' title='bbox 3525 2793 3716 2854; x_wconf 86' lang='lat' dir='ltr'><strong>quanta</strong></span> 
     </span>
    </p>
   </div>
   <div class='ocr_carea' id='block_1_89' title="bbox 2149 2867 3724 2942">
    <p class='ocr_par' dir='ltr' id='par_1_89' title="bbox 2149 2867 3724 2942">
     <span class='ocr_line' id='line_1_89' title="bbox 2149 2867 3724 2942; baseline 0.006 -21"><span class='ocrx_word' id='word_1_682' title='bbox 2149 2867 2480 2926; x_wconf 86' lang='lat' dir='ltr'><strong>absurditate</strong></span> <span class='ocrx_word' id='word_1_683' title='bbox 2535 2871 2777 2937; x_wconf 90' lang='lat' dir='ltr'><strong>dicatur;</strong></span> <span class='ocrx_word' id='word_1_684' title='bbox 2813 2887 2917 2927; x_wconf 90' lang='lat' dir='ltr'><strong>non</strong></span> <span class='ocrx_word' id='word_1_685' title='bbox 2961 2873 3042 2927; x_wconf 90' lang='lat' dir='ltr'><strong>eis</strong></span> <span class='ocrx_word' id='word_1_686' title='bbox 3089 2883 3330 2929; x_wconf 88' lang='lat' dir='ltr'><strong>remanet</strong></span> <span class='ocrx_word' id='word_1_687' title='bbox 3382 2889 3479 2930; x_wconf 87' lang='lat' dir='ltr'><strong>cur</strong></span> <span class='ocrx_word' id='word_1_688' title='bbox 3525 2875 3724 2942; x_wconf 89' lang='lat' dir='ltr'><strong>dicant,</strong></span> 
     </span>
    </p>
   </div>
   <div class='ocr_carea' id='block_1_90' title="bbox 2152 2961 3733 3040">
    <p class='ocr_par' dir='ltr' id='par_1_90' title="bbox 2152 2961 3733 3040">
     <span class='ocr_line' id='line_1_90' title="bbox 2152 2961 3733 3040; baseline 0.004 -25"><span class='ocrx_word' id='word_1_689' title='bbox 2152 2961 2294 3031; x_wconf 87' lang='lat' dir='ltr'><strong>quod</strong></span> <span class='ocrx_word' id='word_1_690' title='bbox 2327 2963 2377 3016; x_wconf 91' lang='lat' dir='ltr'><strong>in</strong></span> <span class='ocrx_word' id='word_1_691' title='bbox 2407 2963 2707 3034; x_wconf 87' lang='lat' dir='ltr'><strong>Pelagianis</strong></span> <span class='ocrx_word' id='word_1_692' title='bbox 2733 2963 3024 3031; x_wconf 86' lang='lat' dir='ltr'><strong>damnavit,</strong></span> <span class='ocrx_word' id='word_1_693' title='bbox 3058 2973 3112 3021; x_wconf 91' lang='lat' dir='ltr'><strong>et</strong></span> <span class='ocrx_word' id='word_1_694' title='bbox 3158 2967 3225 3021; x_wconf 89' lang='lat' dir='ltr'><strong>ab</strong></span> <span class='ocrx_word' id='word_1_695' title='bbox 3253 2967 3367 3036; x_wconf 90' lang='lat' dir='ltr'><strong>ipso</strong></span> <span class='ocrx_word' id='word_1_696' title='bbox 3399 2966 3607 3040; x_wconf 82' lang='lat' dir='ltr'><strong>Pelagio</strong></span> <span class='ocrx_word' id='word_1_697' title='bbox 3643 2967 3733 3028; x_wconf 86' lang='lat' dir='ltr'><strong>da-</strong></span> 
     </span>
    </p>
   </div>
   <div class='ocr_carea' id='block_1_91' title="bbox 2151 3053 3730 3128">
    <p class='ocr_par' dir='ltr' id='par_1_91' title="bbox 2151 3053 3730 3128">
     <span class='ocr_line' id='line_1_91' title="bbox 2151 3053 3730 3128; baseline 0.006 -21"><span class='ocrx_word' id='word_1_698' title='bbox 2151 3055 2323 3109; x_wconf 81' lang='lat' dir='ltr'><strong>mnari</strong></span> <span class='ocrx_word' id='word_1_699' title='bbox 2346 3053 2474 3110; x_wconf 88' lang='lat' dir='ltr'><strong>fecit</strong></span> <span class='ocrx_word' id='word_1_700' title='bbox 2519 3055 2777 3122; x_wconf 88' lang='lat' dir='ltr'><strong>Ecclesia,</strong></span> <span class='ocrx_word' id='word_1_701' title='bbox 2809 3057 3043 3128; x_wconf 77' lang='lat' dir='ltr'><strong>gratiam</strong></span> <span class='ocrx_word' id='word_1_702' title='bbox 3074 3057 3166 3114; x_wconf 91' lang='lat' dir='ltr'><strong>Dei</strong></span> <span class='ocrx_word' id='word_1_703' title='bbox 3222 3059 3508 3116; x_wconf 88' lang='lat' dir='ltr'><strong>secundum</strong></span> <span class='ocrx_word' id='word_1_704' title='bbox 3545 3062 3730 3118; x_wconf 87' lang='lat' dir='ltr'><strong>merita</strong></span> 
     </span>
    </p>
   </div>
   <div class='ocr_carea' id='block_1_92' title="bbox 2153 3149 3732 3225">
    <p class='ocr_par' dir='ltr' id='par_1_92' title="bbox 2153 3149 3732 3225">
     <span class='ocr_line' id='line_1_92' title="bbox 2153 3149 3732 3225; baseline 0.004 -21"><span class='ocrx_word' id='word_1_705' title='bbox 2153 3157 2334 3204; x_wconf 87' lang='lat' dir='ltr'><strong>nostra</strong></span> <span class='ocrx_word' id='word_1_706' title='bbox 2360 3149 2664 3206; x_wconf 88' lang='lat' dir='ltr'><strong>dari:cum</strong></span> <span class='ocrx_word' id='word_1_707' title='bbox 2713 3151 2927 3206; x_wconf 88' lang='lat' dir='ltr'><strong>videant</strong></span> <span class='ocrx_word' id='word_1_708' title='bbox 2974 3152 3108 3207; x_wconf 88' lang='lat' dir='ltr'><strong>alios</strong></span> <span class='ocrx_word' id='word_1_709' title='bbox 3129 3155 3377 3224; x_wconf 86' lang='lat' dir='ltr'><strong>parvulos</strong></span> <span class='ocrx_word' id='word_1_710' title='bbox 3426 3169 3532 3210; x_wconf 89' lang='lat' dir='ltr'><strong>non</strong></span> <span class='ocrx_word' id='word_1_711' title='bbox 3575 3169 3732 3225; x_wconf 84' lang='lat' dir='ltr'><strong>rcge-</strong></span> 
     </span>
    </p>
   </div>
   <div class='ocr_carea' id='block_1_93' title="bbox 2150 3241 3728 3317">
    <p class='ocr_par' dir='ltr' id='par_1_93' title="bbox 2150 3241 3728 3317">
     <span class='ocr_line' id='line_1_93' title="bbox 2150 3241 3728 3317; baseline 0 -17"><span class='ocrx_word' id='word_1_712' title='bbox 2150 3251 2364 3300; x_wconf 88' lang='lat' dir='ltr'><strong>neratos</strong></span> <span class='ocrx_word' id='word_1_713' title='bbox 2389 3241 2454 3297; x_wconf 90' lang='lat' dir='ltr'><strong>ad</strong></span> <span class='ocrx_word' id='word_1_714' title='bbox 2484 3251 2741 3298; x_wconf 68' lang='lat' dir='ltr'><strong>teternam</strong></span> <span class='ocrx_word' id='word_1_715' title='bbox 2771 3253 3022 3310; x_wconf 86' lang='lat' dir='ltr'><strong>mortem,</strong></span> <span class='ocrx_word' id='word_1_716' title='bbox 3049 3245 3184 3300; x_wconf 86' lang='lat' dir='ltr'><strong>alios</strong></span> <span class='ocrx_word' id='word_1_717' title='bbox 3212 3255 3390 3301; x_wconf 86' lang='lat' dir='ltr'><strong>autem</strong></span> <span class='ocrx_word' id='word_1_718' title='bbox 3433 3261 3688 3317; x_wconf 82' lang='lat' dir='ltr'><strong>regcncra</strong></span> <span class='ocrx_word' id='word_1_719' title='bbox 3706 3274 3728 3287; x_wconf 92' lang='lat'><strong>-</strong></span> 
     </span>
    </p>
   </div>
   <div class='ocr_carea' id='block_1_94' title="bbox 2151 3334 3734 3411">
    <p class='ocr_par' dir='ltr' id='par_1_94' title="bbox 2151 3334 3734 3411">
     <span class='ocr_line' id='line_1_94' title="bbox 2151 3334 3734 3411; baseline 0.003 -21"><span class='ocrx_word' id='word_1_720' title='bbox 2151 3345 2233 3391; x_wconf 84' lang='lat' dir='ltr'><strong>tos</strong></span> <span class='ocrx_word' id='word_1_721' title='bbox 2261 3334 2328 3390; x_wconf 88' lang='lat' dir='ltr'><strong>ad</strong></span> <span class='ocrx_word' id='word_1_722' title='bbox 2377 3344 2634 3391; x_wconf 73' lang='lat' dir='ltr'><strong>mternam</strong></span> <span class='ocrx_word' id='word_1_723' title='bbox 2684 3337 2844 3392; x_wconf 89' lang='lat' dir='ltr'><strong>vitam</strong></span> <span class='ocrx_word' id='word_1_724' title='bbox 2877 3335 2990 3391; x_wconf 85' lang='lat' dir='ltr'><strong>tolli</strong></span> <span class='ocrx_word' id='word_1_725' title='bbox 3025 3336 3093 3392; x_wconf 92' lang='lat' dir='ltr'><strong>de</strong></span> <span class='ocrx_word' id='word_1_726' title='bbox 3144 3337 3242 3393; x_wconf 88' lang='lat' dir='ltr'><strong>hac</strong></span> <span class='ocrx_word' id='word_1_727' title='bbox 3292 3339 3396 3394; x_wconf 90' lang='lat' dir='ltr'><strong>vita</strong></span> <span class='ocrx_word' id='word_1_728' title='bbox 3431 3355 3444 3402; x_wconf 88' lang='lat'><strong>;</strong></span> <span class='ocrx_word' id='word_1_729' title='bbox 3487 3341 3734 3411; x_wconf 88' lang='lat' dir='ltr'><strong>ipsosque</strong></span> 
     </span>
    </p>
   </div>
   <div class='ocr_carea' id='block_1_95' title="bbox 2149 3427 3730 3500">
    <p class='ocr_par' dir='ltr' id='par_1_95' title="bbox 2149 3427 3730 3500">
     <span class='ocr_line' id='line_1_95' title="bbox 2149 3427 3730 3500; baseline 0.003 -17"><span class='ocrx_word' id='word_1_730' title='bbox 2149 3435 2513 3500; x_wconf 86' lang='lat' dir='ltr'><strong>regeneratos,</strong></span> <span class='ocrx_word' id='word_1_731' title='bbox 2537 3427 2669 3484; x_wconf 90' lang='lat' dir='ltr'><strong>alios</strong></span> <span class='ocrx_word' id='word_1_732' title='bbox 2710 3435 3112 3499; x_wconf 83' lang='lat' dir='ltr'><strong>perseverantes</strong></span> <span class='ocrx_word' id='word_1_733' title='bbox 3139 3445 3304 3500; x_wconf 88' lang='lat' dir='ltr'><strong>usque</strong></span> <span class='ocrx_word' id='word_1_734' title='bbox 3329 3431 3381 3485; x_wconf 91' lang='lat' dir='ltr'><strong>in</strong></span> <span class='ocrx_word' id='word_1_735' title='bbox 3408 3432 3563 3486; x_wconf 87' lang='lat' dir='ltr'><strong>linem</strong></span> <span class='ocrx_word' id='word_1_736' title='bbox 3605 3433 3730 3489; x_wconf 90' lang='lat' dir='ltr'><strong>hinc</strong></span> 
     </span>
    </p>
   </div>
   <div class='ocr_carea' id='block_1_96' title="bbox 2147 3518 3734 3594">
    <p class='ocr_par' dir='ltr' id='par_1_96' title="bbox 2147 3518 3734 3594">
     <span class='ocr_line' id='line_1_96' title="bbox 2147 3518 3734 3594; baseline 0.003 -20"><span class='ocrx_word' id='word_1_737' title='bbox 2147 3518 2247 3586; x_wconf 90' lang='lat' dir='ltr'><strong>ire,</strong></span> <span class='ocrx_word' id='word_1_738' title='bbox 2278 3519 2410 3574; x_wconf 88' lang='lat' dir='ltr'><strong>alios</strong></span> <span class='ocrx_word' id='word_1_739' title='bbox 2464 3535 2741 3590; x_wconf 89' lang='lat' dir='ltr'><strong>quousque</strong></span> <span class='ocrx_word' id='word_1_740' title='bbox 2792 3519 3037 3575; x_wconf 89' lang='lat' dir='ltr'><strong>decidant</strong></span> <span class='ocrx_word' id='word_1_741' title='bbox 3083 3521 3168 3576; x_wconf 89' lang='lat' dir='ltr'><strong>hic</strong></span> <span class='ocrx_word' id='word_1_742' title='bbox 3213 3521 3510 3593; x_wconf 88' lang='lat' dir='ltr'><strong>tcueri,qui</strong></span> <span class='ocrx_word' id='word_1_743' title='bbox 3553 3523 3734 3594; x_wconf 86' lang='lat' dir='ltr'><strong>utique</strong></span> 
     </span>
    </p>
   </div>
   <div class='ocr_carea' id='block_1_97' title="bbox 2149 3610 3734 3684">
    <p class='ocr_par' dir='ltr' id='par_1_97' title="bbox 2149 3610 3734 3684">
     <span class='ocr_line' id='line_1_97' title="bbox 2149 3610 3734 3684; baseline 0.004 -18"><span class='ocrx_word' id='word_1_744' title='bbox 2149 3626 2255 3666; x_wconf 90' lang='lat' dir='ltr'><strong>non</strong></span> <span class='ocrx_word' id='word_1_745' title='bbox 2303 3610 2646 3678; x_wconf 86' lang='lat' dir='ltr'><strong>decidissent,</strong></span> <span class='ocrx_word' id='word_1_746' title='bbox 2681 3611 2725 3667; x_wconf 91' lang='lat' dir='ltr'><strong>si</strong></span> <span class='ocrx_word' id='word_1_747' title='bbox 2770 3623 3053 3684; x_wconf 89' lang='lat' dir='ltr'><strong>antequam</strong></span> <span class='ocrx_word' id='word_1_748' title='bbox 3099 3613 3404 3670; x_wconf 87' lang='lat' dir='ltr'><strong>laberentur</strong></span> <span class='ocrx_word' id='word_1_749' title='bbox 3441 3615 3560 3671; x_wconf 91' lang='lat' dir='ltr'><strong>hinc</strong></span> <span class='ocrx_word' id='word_1_750' title='bbox 3583 3617 3734 3672; x_wconf 78' lang='lat' dir='ltr'><strong>esis-</strong></span> 
     </span>
    </p>
   </div>
   <div class='ocr_carea' id='block_1_98' title="bbox 2147 3705 3730 3779">
    <p class='ocr_par' dir='ltr' id='par_1_98' title="bbox 2147 3705 3730 3779">
     <span class='ocr_line' id='line_1_98' title="bbox 2147 3705 3730 3779; baseline 0.003 -19"><span class='ocrx_word' id='word_1_751' title='bbox 2147 3713 2298 3771; x_wconf 87' lang='lat' dir='ltr'><strong>sent;</strong></span> <span class='ocrx_word' id='word_1_752' title='bbox 2329 3713 2384 3760; x_wconf 91' lang='lat' dir='ltr'><strong>et</strong></span> <span class='ocrx_word' id='word_1_753' title='bbox 2411 3719 2595 3760; x_wconf 87' lang='lat' dir='ltr'><strong>rursus</strong></span> <span class='ocrx_word' id='word_1_754' title='bbox 2615 3705 2872 3776; x_wconf 87' lang='lat' dir='ltr'><strong>quosdam</strong></span> <span class='ocrx_word' id='word_1_755' title='bbox 2897 3707 3074 3776; x_wconf 91' lang='lat' dir='ltr'><strong>lapsos</strong></span> <span class='ocrx_word' id='word_1_756' title='bbox 3091 3721 3364 3779; x_wconf 89' lang='lat' dir='ltr'><strong>quousque</strong></span> <span class='ocrx_word' id='word_1_757' title='bbox 3381 3709 3596 3765; x_wconf 88' lang='lat' dir='ltr'><strong>redeant</strong></span> <span class='ocrx_word' id='word_1_758' title='bbox 3623 3727 3730 3766; x_wconf 89' lang='lat' dir='ltr'><strong>non</strong></span> 
     </span>
    </p>
   </div>
   <div class='ocr_carea' id='block_1_99' title="bbox 2149 3795 3730 3874">
    <p class='ocr_par' dir='ltr' id='par_1_99' title="bbox 2149 3795 3730 3874">
     <span class='ocr_line' id='line_1_99' title="bbox 2149 3795 3730 3874; baseline 0.004 -24"><span class='ocrx_word' id='word_1_759' title='bbox 2149 3796 2299 3852; x_wconf 80' lang='lat' dir='ltr'><strong>exire</strong></span> <span class='ocrx_word' id='word_1_760' title='bbox 2322 3795 2390 3851; x_wconf 91' lang='lat' dir='ltr'><strong>de</strong></span> <span class='ocrx_word' id='word_1_761' title='bbox 2415 3795 2516 3851; x_wconf 91' lang='lat' dir='ltr'><strong>hac</strong></span> <span class='ocrx_word' id='word_1_762' title='bbox 2547 3797 2678 3864; x_wconf 88' lang='lat' dir='ltr'><strong>vita,</strong></span> <span class='ocrx_word' id='word_1_763' title='bbox 2708 3797 2796 3868; x_wconf 90' lang='lat' dir='ltr'><strong>qui</strong></span> <span class='ocrx_word' id='word_1_764' title='bbox 2846 3799 3026 3869; x_wconf 89' lang='lat' dir='ltr'><strong>utique</strong></span> <span class='ocrx_word' id='word_1_765' title='bbox 3069 3799 3322 3869; x_wconf 88' lang='lat' dir='ltr'><strong>perirent,</strong></span> <span class='ocrx_word' id='word_1_766' title='bbox 3367 3800 3413 3856; x_wconf 88' lang='lat' dir='ltr'><strong>si</strong></span> <span class='ocrx_word' id='word_1_767' title='bbox 3446 3811 3730 3874; x_wconf 87' lang='lat' dir='ltr'><strong>antequam</strong></span> 
     </span>
    </p>
   </div>
   <div class='ocr_carea' id='block_1_100' title="bbox 2147 3887 2664 3952">
    <p class='ocr_par' dir='ltr' id='par_1_100' title="bbox 2147 3887 2664 3952">
     <span class='ocr_line' id='line_1_100' title="bbox 2147 3887 2664 3952; baseline 0 -10"><span class='ocrx_word' id='word_1_768' title='bbox 2147 3887 2405 3952; x_wconf 87' lang='lat' dir='ltr'><strong>redirent,</strong></span> <span class='ocrx_word' id='word_1_769' title='bbox 2435 3887 2664 3943; x_wconf 77' lang='lat' dir='ltr'><strong>exirent.</strong></span> 
     </span>
    </p>
   </div>
   <div class='ocr_carea' id='block_1_101' title="bbox 2221 3977 3726 4050">
    <p class='ocr_par' dir='ltr' id='par_1_101' title="bbox 2221 3977 3726 4050">
     <span class='ocr_line' id='line_1_101' title="bbox 2221 3977 3726 4050; baseline 0.005 -18"><span class='ocrx_word' id='word_1_770' title='bbox 2221 3977 2310 4032; x_wconf 83' lang='grc'><strong>55.</strong></span> <span class='ocrx_word' id='word_1_771' title='bbox 2341 3977 2493 4033; x_wconf 89' lang='lat' dir='ltr'><strong>Unde</strong></span> <span class='ocrx_word' id='word_1_772' title='bbox 2517 3979 2650 4033; x_wconf 88' lang='lat' dir='ltr'><strong>satis</strong></span> <span class='ocrx_word' id='word_1_773' title='bbox 2687 3977 2918 4035; x_wconf 88' lang='lat' dir='ltr'><strong>dilucide</strong></span> <span class='ocrx_word' id='word_1_774' title='bbox 2965 3979 3282 4050; x_wconf 86' lang='lat' dir='ltr'><strong>ostenditur,</strong></span> <span class='ocrx_word' id='word_1_775' title='bbox 3328 3991 3384 4039; x_wconf 89' lang='lat' dir='ltr'><strong>et</strong></span> <span class='ocrx_word' id='word_1_776' title='bbox 3427 3983 3726 4050; x_wconf 88' lang='lat' dir='ltr'><strong>inchoandi,</strong></span> 
     </span>
    </p>
   </div>
   <div class='ocr_carea' id='block_1_102' title="bbox 2149 4070 3728 4145">
    <p class='ocr_par' dir='ltr' id='par_1_102' title="bbox 2149 4070 3728 4145">
     <span class='ocr_line' id='line_1_102' title="bbox 2149 4070 3728 4145; baseline 0.004 -20"><span class='ocrx_word' id='word_1_777' title='bbox 2149 4077 2204 4126; x_wconf 91' lang='lat' dir='ltr'><strong>et</strong></span> <span class='ocrx_word' id='word_1_778' title='bbox 2232 4085 2398 4140; x_wconf 88' lang='lat' dir='ltr'><strong>usque</strong></span> <span class='ocrx_word' id='word_1_779' title='bbox 2429 4070 2480 4124; x_wconf 90' lang='lat' dir='ltr'><strong>in</strong></span> <span class='ocrx_word' id='word_1_780' title='bbox 2505 4070 2666 4126; x_wconf 88' lang='lat' dir='ltr'><strong>linem</strong></span> <span class='ocrx_word' id='word_1_781' title='bbox 2715 4073 3090 4142; x_wconf 88' lang='lat' dir='ltr'><strong>perseverandi</strong></span> <span class='ocrx_word' id='word_1_782' title='bbox 3137 4075 3359 4145; x_wconf 81' lang='lat' dir='ltr'><strong>gratiam</strong></span> <span class='ocrx_word' id='word_1_783' title='bbox 3387 4075 3481 4131; x_wconf 90' lang='lat' dir='ltr'><strong>Dei</strong></span> <span class='ocrx_word' id='word_1_784' title='bbox 3509 4091 3612 4130; x_wconf 93' lang='lat' dir='ltr'><strong>non</strong></span> <span class='ocrx_word' id='word_1_785' title='bbox 3637 4091 3728 4131; x_wconf 88' lang='lat' dir='ltr'><strong>se-</strong></span> 
     </span>
    </p>
   </div>
   <div class='ocr_carea' id='block_1_103' title="bbox 2147 4161 3728 4233">
    <p class='ocr_par' dir='ltr' id='par_1_103' title="bbox 2147 4161 3728 4233">
     <span class='ocr_line' id='line_1_103' title="bbox 2147 4161 3728 4233; baseline 0.004 -15"><span class='ocrx_word' id='word_1_786' title='bbox 2147 4161 2379 4220; x_wconf 87' lang='lat' dir='ltr'><strong>cundum</strong></span> <span class='ocrx_word' id='word_1_787' title='bbox 2434 4163 2622 4218; x_wconf 90' lang='lat' dir='ltr'><strong>merita</strong></span> <span class='ocrx_word' id='word_1_788' title='bbox 2671 4173 2855 4220; x_wconf 85' lang='lat' dir='ltr'><strong>nostra</strong></span> <span class='ocrx_word' id='word_1_789' title='bbox 2917 4165 3076 4233; x_wconf 89' lang='lat' dir='ltr'><strong>dari;</strong></span> <span class='ocrx_word' id='word_1_790' title='bbox 3123 4167 3218 4222; x_wconf 90' lang='lat' dir='ltr'><strong>sed</strong></span> <span class='ocrx_word' id='word_1_791' title='bbox 3279 4167 3392 4222; x_wconf 91' lang='lat' dir='ltr'><strong>dari</strong></span> <span class='ocrx_word' id='word_1_792' title='bbox 3439 4167 3728 4224; x_wconf 89' lang='lat' dir='ltr'><strong>secundum</strong></span> 
     </span>
    </p>
   </div>
   <div class='ocr_carea' id='block_1_104' title="bbox 2149 4253 3730 4330">
    <p class='ocr_par' dir='ltr' id='par_1_104' title="bbox 2149 4253 3730 4330">
     <span class='ocr_line' id='line_1_104' title="bbox 2149 4253 3730 4330; baseline 0.005 -22"><span class='ocrx_word' id='word_1_793' title='bbox 2149 4253 2319 4322; x_wconf 88' lang='lat' dir='ltr'><strong>ipsius</strong></span> <span class='ocrx_word' id='word_1_794' title='bbox 2364 4255 2775 4310; x_wconf 76' lang='lat' dir='ltr'><strong>secretissimum</strong></span> <span class='ocrx_word' id='word_1_795' title='bbox 2802 4298 2817 4322; x_wconf 97' lang='lat'><strong>,</strong></span> <span class='ocrx_word' id='word_1_796' title='bbox 2864 4257 3216 4330; x_wconf 88' lang='lat' dir='ltr'><strong>eamdemque</strong></span> <span class='ocrx_word' id='word_1_797' title='bbox 3255 4258 3621 4328; x_wconf 74' lang='lat' dir='ltr'><strong>iustissimam,</strong></span> <span class='ocrx_word' id='word_1_798' title='bbox 3651 4277 3730 4316; x_wconf 54' lang='lat' dir='ltr'><strong>sa.</strong></span> 
     </span>
    </p>
   </div>
   <div class='ocr_carea' id='block_1_105' title="bbox 2148 4344 3796 4424">
    <p class='ocr_par' dir='ltr' id='par_1_105' title="bbox 2148 4344 3796 4424">
     <span class='ocr_line' id='line_1_105' title="bbox 2148 4344 3796 4424; baseline 0.007 -27"><span class='ocrx_word' id='word_1_799' title='bbox 2148 4344 2553 4416; x_wconf 80' lang='lat' dir='ltr'><strong>pi‘cntissimam,</strong></span> <span class='ocrx_word' id='word_1_800' title='bbox 2598 4345 3134 4405; x_wconf 86' lang='lat' dir='ltr'><strong>benelieentissimam</strong></span> <span class='ocrx_word' id='word_1_801' title='bbox 3181 4351 3502 4407; x_wconf 89' lang='lat' dir='ltr'><strong>voluntatem</strong></span> <span class='ocrx_word' id='word_1_802' title='bbox 3545 4367 3725 4424; x_wconf 79' lang='lat' dir='ltr'><strong>:quo-</strong></span> <span class='ocrx_word' id='word_1_803' title='bbox 3787 4391 3796 4398; x_wconf 64' lang='grc' dir='ltr'><strong><em>ο</em></strong></span> 
     </span>
    </p>
   </div>
   <div class='ocr_carea' id='block_1_106' title="bbox 2150 4436 3724 4514">
    <p class='ocr_par' dir='ltr' id='par_1_106' title="bbox 2150 4436 3724 4514">
     <span class='ocr_line' id='line_1_106' title="bbox 2150 4436 3724 4514; baseline 0.005 -24"><span class='ocrx_word' id='word_1_804' title='bbox 2150 4436 2290 4490; x_wconf 89' lang='lat' dir='ltr'><strong>niam</strong></span> <span class='ocrx_word' id='word_1_805' title='bbox 2318 4451 2450 4506; x_wconf 90' lang='lat' dir='ltr'><strong>quos</strong></span> <span class='ocrx_word' id='word_1_806' title='bbox 2496 4438 2911 4508; x_wconf 65' lang='lat' dir='ltr'><strong>prtedestinavit,</strong></span> <span class='ocrx_word' id='word_1_807' title='bbox 2954 4441 3098 4510; x_wconf 91' lang='lat' dir='ltr'><strong>ipsos</strong></span> <span class='ocrx_word' id='word_1_808' title='bbox 3127 4453 3180 4498; x_wconf 90' lang='lat' dir='ltr'><strong>et</strong></span> <span class='ocrx_word' id='word_1_809' title='bbox 3223 4445 3430 4498; x_wconf 90' lang='lat' dir='ltr'><strong>vocavit</strong></span> <span class='ocrx_word' id='word_1_810' title='bbox 3455 4445 3472 4514; x_wconf 93' lang='lat'>(</span> <span class='ocrx_word' id='word_1_811' title='bbox 3495 4443 3581 4498; x_wconf 84' lang='lat' dir='ltr'><strong>Id.</strong></span> <span class='ocrx_word' id='word_1_812' title='bbox 3609 4459 3724 4510; x_wconf 87' lang='lat' dir='ltr'><strong>vtn,</strong></span> 
     </span>
    </p>
   </div>
   <div class='ocr_carea' id='block_1_107' title="bbox 2149 4525 3726 4608">
    <p class='ocr_par' dir='ltr' id='par_1_107' title="bbox 2149 4525 3726 4608">
     <span class='ocr_line' id='line_1_107' title="bbox 2149 4525 3726 4608; baseline 0.006 -26"><span class='ocrx_word' id='word_1_813' title='bbox 2149 4525 2218 4583; x_wconf 85' lang='lat'><strong>50</strong></span> <span class='ocrx_word' id='word_1_814' title='bbox 2245 4527 2264 4600; x_wconf 95' lang='lat'>)</span> <span class='ocrx_word' id='word_1_815' title='bbox 2289 4529 2564 4584; x_wconf 86' lang='lat' dir='ltr'><strong>vocatione</strong></span> <span class='ocrx_word' id='word_1_816' title='bbox 2595 4531 2680 4585; x_wconf 89' lang='lat' dir='ltr'><strong>illa</strong></span> <span class='ocrx_word' id='word_1_817' title='bbox 2712 4529 2778 4588; x_wconf 90' lang='lat' dir='ltr'><strong>de</strong></span> <span class='ocrx_word' id='word_1_818' title='bbox 2801 4548 2902 4602; x_wconf 89' lang='lat' dir='ltr'><strong>qua</strong></span> <span class='ocrx_word' id='word_1_819' title='bbox 2925 4533 3121 4589; x_wconf 91' lang='lat' dir='ltr'><strong>dictum</strong></span> <span class='ocrx_word' id='word_1_820' title='bbox 3145 4543 3246 4601; x_wconf 91' lang='lat' dir='ltr'><strong>est,</strong></span> <span class='ocrx_word' id='word_1_821' title='bbox 3276 4535 3400 4592; x_wconf 85' lang='lat' dir='ltr'><strong>Sine</strong></span> <span class='ocrx_word' id='word_1_822' title='bbox 3436 4537 3726 4608; x_wconf 80' lang='lat' dir='ltr'><strong>pmnitem&#39;ia</strong></span> 
     </span>
    </p>
   </div>
   <div class='ocr_carea' id='block_1_108' title="bbox 2147 4619 3728 4700">
    <p class='ocr_par' dir='ltr' id='par_1_108' title="bbox 2147 4619 3728 4700">
     <span class='ocr_line' id='line_1_108' title="bbox 2147 4619 3728 4700; baseline 0.006 -26"><span class='ocrx_word' id='word_1_823' title='bbox 2147 4629 2264 4674; x_wconf 80' lang='lat' dir='ltr'><strong>sunt</strong></span> <span class='ocrx_word' id='word_1_824' title='bbox 2293 4619 2428 4673; x_wconf 87' lang='lat' dir='ltr'><strong>dona</strong></span> <span class='ocrx_word' id='word_1_825' title='bbox 2457 4630 2503 4674; x_wconf 80' lang='lat' dir='ltr'><strong>et</strong></span> <span class='ocrx_word' id='word_1_826' title='bbox 2537 4623 2732 4676; x_wconf 82' lang='lat' dir='ltr'><strong>vacatio</strong></span> <span class='ocrx_word' id='word_1_827' title='bbox 2761 4621 2860 4678; x_wconf 87' lang='lat' dir='ltr'><strong>Dei</strong></span> <span class='ocrx_word' id='word_1_828' title='bbox 2883 4623 2902 4696; x_wconf 93' lang='lat'>(</span> <span class='ocrx_word' id='word_1_829' title='bbox 2931 4623 3015 4680; x_wconf 86' lang='lat' dir='ltr'><strong>Id.</strong></span> <span class='ocrx_word' id='word_1_830' title='bbox 3060 4642 3139 4692; x_wconf 71' lang='grc' dir='ltr'><strong>ιι,</strong></span> <span class='ocrx_word' id='word_1_831' title='bbox 3167 4626 3237 4682; x_wconf 78' lang='grc'><strong>29</strong></span> <span class='ocrx_word' id='word_1_832' title='bbox 3257 4627 3299 4700; x_wconf 94' lang='grc'><strong>).</strong></span> <span class='ocrx_word' id='word_1_833' title='bbox 3347 4627 3428 4684; x_wconf 84' lang='lat' dir='ltr'><strong>Ad</strong></span> <span class='ocrx_word' id='word_1_834' title='bbox 3465 4645 3619 4700; x_wconf 88' lang='lat' dir='ltr'><strong>quam</strong></span> <span class='ocrx_word' id='word_1_835' title='bbox 3635 4646 3728 4684; x_wconf 90' lang='lat' dir='ltr'><strong>vo-</strong></span> 
     </span>
    </p>
   </div>
   <div class='ocr_carea' id='block_1_109' title="bbox 2147 4714 3730 4784">
    <p class='ocr_par' dir='ltr' id='par_1_109' title="bbox 2147 4714 3730 4784">
     <span class='ocr_line' id='line_1_109' title="bbox 2147 4714 3730 4784; baseline 0.006 -17"><span class='ocrx_word' id='word_1_836' title='bbox 2147 4714 2408 4768; x_wconf 88' lang='lat' dir='ltr'><strong>cationem</strong></span> <span class='ocrx_word' id='word_1_837' title='bbox 2430 4715 2694 4784; x_wconf 86' lang='lat' dir='ltr'><strong>pertinere</strong></span> <span class='ocrx_word' id='word_1_838' title='bbox 2721 4717 2897 4772; x_wconf 90' lang='lat' dir='ltr'><strong>nullus</strong></span> <span class='ocrx_word' id='word_1_839' title='bbox 2917 4727 2998 4774; x_wconf 86' lang='lat' dir='ltr'><strong>cst</strong></span> <span class='ocrx_word' id='word_1_840' title='bbox 3021 4719 3182 4775; x_wconf 90' lang='lat' dir='ltr'><strong>homo</strong></span> <span class='ocrx_word' id='word_1_841' title='bbox 3205 4721 3270 4776; x_wconf 90' lang='lat' dir='ltr'><strong>ab</strong></span> <span class='ocrx_word' id='word_1_842' title='bbox 3291 4720 3591 4778; x_wconf 90' lang='lat' dir='ltr'><strong>hominibus</strong></span> <span class='ocrx_word' id='word_1_843' title='bbox 3610 4737 3730 4778; x_wconf 89' lang='lat' dir='ltr'><strong>cer-</strong></span> 
     </span>
    </p>
   </div>
   <div class='ocr_carea' id='block_1_110' title="bbox 2149 4807 3727 4872">
    <p class='ocr_par' dir='ltr' id='par_1_110' title="bbox 2149 4807 3727 4872">
     <span class='ocr_line' id='line_1_110' title="bbox 2149 4807 3727 4872; baseline 0.006 -14"><span class='ocrx_word' id='word_1_844' title='bbox 2149 4813 2198 4858; x_wconf 90' lang='lat' dir='ltr'><strong>ta</strong></span> <span class='ocrx_word' id='word_1_845' title='bbox 2245 4807 2642 4864; x_wconf 85' lang='lat' dir='ltr'><strong>asseveratione</strong></span> <span class='ocrx_word' id='word_1_846' title='bbox 2685 4807 2965 4872; x_wconf 90' lang='lat' dir='ltr'><strong>dicendus,</strong></span> <span class='ocrx_word' id='word_1_847' title='bbox 3007 4811 3108 4866; x_wconf 85' lang='lat' dir='ltr'><strong>nisi</strong></span> <span class='ocrx_word' id='word_1_848' title='bbox 3157 4827 3276 4867; x_wconf 88' lang='lat' dir='ltr'><strong>cum</strong></span> <span class='ocrx_word' id='word_1_849' title='bbox 3303 4812 3371 4868; x_wconf 90' lang='lat' dir='ltr'><strong>de</strong></span> <span class='ocrx_word' id='word_1_850' title='bbox 3409 4812 3508 4868; x_wconf 81' lang='lat' dir='ltr'><strong>hoc</strong></span> <span class='ocrx_word' id='word_1_851' title='bbox 3534 4813 3727 4868; x_wconf 67' lang='lat' dir='ltr'><strong>saeculo</strong></span> 
     </span>
    </p>
   </div>
   <div class='ocr_carea' id='block_1_111' title="bbox 2147 4897 3726 4976">
    <p class='ocr_par' dir='ltr' id='par_1_111' title="bbox 2147 4897 3726 4976">
     <span class='ocr_line' id='line_1_111' title="bbox 2147 4897 3726 4976; baseline 0.005 -24"><span class='ocrx_word' id='word_1_852' title='bbox 2147 4897 2336 4952; x_wconf 70' lang='lat' dir='ltr'><strong>exierit</strong></span> <span class='ocrx_word' id='word_1_853' title='bbox 2363 4915 2376 4950; x_wconf 89' lang='lat'><strong>:</strong></span> <span class='ocrx_word' id='word_1_854' title='bbox 2408 4897 2458 4953; x_wconf 91' lang='lat' dir='ltr'><strong>in</strong></span> <span class='ocrx_word' id='word_1_855' title='bbox 2515 4900 2614 4954; x_wconf 87' lang='lat' dir='ltr'><strong>hac</strong></span> <span class='ocrx_word' id='word_1_856' title='bbox 2638 4909 2816 4955; x_wconf 84' lang='lat' dir='ltr'><strong>autem</strong></span> <span class='ocrx_word' id='word_1_857' title='bbox 2855 4903 2960 4956; x_wconf 87' lang='lat' dir='ltr'><strong>vita</strong></span> <span class='ocrx_word' id='word_1_858' title='bbox 3005 4901 3234 4958; x_wconf 88' lang='lat' dir='ltr'><strong>humana</strong></span> <span class='ocrx_word' id='word_1_859' title='bbox 3259 4919 3378 4976; x_wconf 69' lang='lat' dir='ltr'><strong>quae</strong></span> <span class='ocrx_word' id='word_1_860' title='bbox 3405 4905 3619 4960; x_wconf 89' lang='lat' dir='ltr'><strong>tentatio</strong></span> <span class='ocrx_word' id='word_1_861' title='bbox 3644 4915 3726 4960; x_wconf 89' lang='lat' dir='ltr'><strong>est</strong></span> 
     </span>
    </p>
   </div>
   <div class='ocr_carea' id='block_1_112' title="bbox 2145 4990 3729 5064">
    <p class='ocr_par' dir='ltr' id='par_1_112' title="bbox 2145 4990 3729 5064">
     <span class='ocr_line' id='line_1_112' title="bbox 2145 4990 3729 5064; baseline 0.004 -20"><span class='ocrx_word' id='word_1_862' title='bbox 2145 5003 2306 5058; x_wconf 85' lang='lat' dir='ltr'><strong>super</strong></span> <span class='ocrx_word' id='word_1_863' title='bbox 2337 4997 2529 5044; x_wconf 86' lang='lat' dir='ltr'><strong>terram</strong></span> <span class='ocrx_word' id='word_1_864' title='bbox 2561 4990 2700 5062; x_wconf 77' lang='lat' dir='ltr'><strong>(Job</strong></span> <span class='ocrx_word' id='word_1_865' title='bbox 2737 5007 2838 5056; x_wconf 85' lang='lat' dir='ltr'><strong>vn,</strong></span> <span class='ocrx_word' id='word_1_866' title='bbox 2871 4993 2894 5048; x_wconf 86' lang='lat' dir='ltr'><strong>l</strong></span> <span class='ocrx_word' id='word_1_867' title='bbox 2925 4990 2968 5064; x_wconf 88' lang='lat'><strong>),</strong></span> <span class='ocrx_word' id='word_1_868' title='bbox 3007 4995 3096 5064; x_wconf 89' lang='lat' dir='ltr'><strong>qui</strong></span> <span class='ocrx_word' id='word_1_869' title='bbox 3119 4995 3325 5050; x_wconf 87' lang='lat' dir='ltr'><strong>videtur</strong></span> <span class='ocrx_word' id='word_1_870' title='bbox 3351 5003 3512 5060; x_wconf 89' lang='lat' dir='ltr'><strong>stare,</strong></span> <span class='ocrx_word' id='word_1_871' title='bbox 3556 4995 3729 5050; x_wconf 88' lang='lat' dir='ltr'><strong>videat</strong></span> 
     </span>
    </p>
   </div>
   <div class='ocr_carea' id='block_1_113' title="bbox 2145 5081 3728 5160">
    <p class='ocr_par' dir='ltr' id='par_1_113' title="bbox 2145 5081 3728 5160">
     <span class='ocr_line' id='line_1_113' title="bbox 2145 5081 3728 5160; baseline 0.006 -25"><span class='ocrx_word' id='word_1_872' title='bbox 2145 5096 2213 5135; x_wconf 91' lang='lat' dir='ltr'><strong>ne</strong></span> <span class='ocrx_word' id='word_1_873' title='bbox 2235 5081 2432 5154; x_wconf 85' lang='lat' dir='ltr'><strong>cadat(</strong></span> <span class='ocrx_word' id='word_1_874' title='bbox 2461 5081 2478 5134; x_wconf 94' lang='grc'><strong>1</strong></span> <span class='ocrx_word' id='word_1_875' title='bbox 2510 5081 2626 5137; x_wconf 82' lang='lat' dir='ltr'><strong>Cor.</strong></span> <span class='ocrx_word' id='word_1_876' title='bbox 2658 5099 2712 5149; x_wconf 70' lang='grc' dir='ltr'><strong>Χ,</strong></span> <span class='ocrx_word' id='word_1_877' title='bbox 2751 5085 2814 5138; x_wconf 70' lang='lat' dir='ltr'><strong>l2</strong></span> <span class='ocrx_word' id='word_1_878' title='bbox 2843 5084 2877 5154; x_wconf 93' lang='lat'><strong>).</strong></span> <span class='ocrx_word' id='word_1_879' title='bbox 2921 5085 3043 5140; x_wconf 84' lang='lat' dir='ltr'><strong>Ideo</strong></span> <span class='ocrx_word' id='word_1_880' title='bbox 3069 5088 3264 5158; x_wconf 89' lang='lat' dir='ltr'><strong>quippe</strong></span> <span class='ocrx_word' id='word_1_881' title='bbox 3289 5087 3310 5160; x_wconf 94' lang='lat'>(</span> <span class='ocrx_word' id='word_1_882' title='bbox 3339 5088 3476 5142; x_wconf 83' lang='lat' dir='ltr'><strong>sicut</strong></span> <span class='ocrx_word' id='word_1_883' title='bbox 3497 5087 3604 5158; x_wconf 83' lang='lat' dir='ltr'><strong>jam</strong></span> <span class='ocrx_word' id='word_1_884' title='bbox 3633 5103 3728 5144; x_wconf 79' lang='lat' dir='ltr'><strong>su-</strong></span> 
     </span>
    </p>
   </div>
   <div class='ocr_carea' id='block_1_114' title="bbox 2144 5171 3728 5248">
    <p class='ocr_par' dir='ltr' id='par_1_114' title="bbox 2144 5171 3728 5248">
     <span class='ocr_line' id='line_1_114' title="bbox 2144 5171 3728 5248; baseline 0.007 -24"><span class='ocrx_word' id='word_1_885' title='bbox 2144 5187 2236 5242; x_wconf 84' lang='lat' dir='ltr'><strong>pra</strong></span> <span class='ocrx_word' id='word_1_886' title='bbox 2261 5171 2493 5228; x_wconf 78' lang='lat' dir='ltr'><strong>diximus</strong></span> <span class='ocrx_word' id='word_1_887' title='bbox 2514 5173 2662 5245; x_wconf 74' lang='grc' dir='ltr'><strong>[ϐαρ.</strong></span> <span class='ocrx_word' id='word_1_888' title='bbox 2689 5174 2722 5229; x_wconf 87' lang='grc'>8</span> <span class='ocrx_word' id='word_1_889' title='bbox 2739 5217 2754 5239; x_wconf 89' lang='grc'><strong>,</strong></span> <span class='ocrx_word' id='word_1_890' title='bbox 2785 5193 2839 5230; x_wconf 87' lang='lat' dir='ltr'><strong>n.</strong></span> <span class='ocrx_word' id='word_1_891' title='bbox 2873 5175 2985 5248; x_wconf 79' lang='grc'><strong>19])</strong></span> <span class='ocrx_word' id='word_1_892' title='bbox 3010 5193 3113 5232; x_wconf 91' lang='lat' dir='ltr'><strong>non</strong></span> <span class='ocrx_word' id='word_1_893' title='bbox 3136 5180 3518 5247; x_wconf 87' lang='lat' dir='ltr'><strong>perseveraturi</strong></span> <span class='ocrx_word' id='word_1_894' title='bbox 3545 5193 3728 5247; x_wconf 86' lang='lat' dir='ltr'><strong>perse-</strong></span> 
     </span>
    </p>
   </div>
   <div class='ocr_carea' id='block_1_115' title="bbox 2142 5265 3724 5338">
    <p class='ocr_par' dir='ltr' id='par_1_115' title="bbox 2142 5265 3724 5338">
     <span class='ocr_line' id='line_1_115' title="bbox 2142 5265 3724 5338; baseline 0.006 -21"><span class='ocrx_word' id='word_1_895' title='bbox 2142 5265 2402 5319; x_wconf 87' lang='lat' dir='ltr'><strong>veratnris</strong></span> <span class='ocrx_word' id='word_1_896' title='bbox 2445 5267 2900 5336; x_wconf 74' lang='lat' dir='ltr'><strong>providentissime</strong></span> <span class='ocrx_word' id='word_1_897' title='bbox 2961 5269 3052 5326; x_wconf 90' lang='lat' dir='ltr'><strong>Dei</strong></span> <span class='ocrx_word' id='word_1_898' title='bbox 3115 5273 3380 5329; x_wconf 88' lang='lat' dir='ltr'><strong>voluntate</strong></span> <span class='ocrx_word' id='word_1_899' title='bbox 3417 5272 3724 5338; x_wconf 88' lang='lat' dir='ltr'><strong>miscentur,</strong></span> 
     </span>
    </p>
   </div>
   <div class='ocr_carea' id='block_1_116' title="bbox 2143 5355 3726 5429">
    <p class='ocr_par' dir='ltr' id='par_1_116' title="bbox 2143 5355 3726 5429">
     <span class='ocr_line' id='line_1_116' title="bbox 2143 5355 3726 5429; baseline 0.005 -22"><span class='ocrx_word' id='word_1_900' title='bbox 2143 5363 2200 5408; x_wconf 90' lang='lat' dir='ltr'><strong>ut</strong></span> <span class='ocrx_word' id='word_1_901' title='bbox 2225 5369 2346 5409; x_wconf 87' lang='lat' dir='ltr'><strong>csse</strong></span> <span class='ocrx_word' id='word_1_902' title='bbox 2371 5355 2641 5412; x_wconf 88' lang='lat' dir='ltr'><strong>discamus</strong></span> <span class='ocrx_word' id='word_1_903' title='bbox 2679 5373 2784 5412; x_wconf 90' lang='lat' dir='ltr'><strong>non</strong></span> <span class='ocrx_word' id='word_1_904' title='bbox 2825 5359 2928 5413; x_wconf 87' lang='lat' dir='ltr'><strong>alta</strong></span> <span class='ocrx_word' id='word_1_905' title='bbox 2959 5361 3245 5429; x_wconf 88' lang='lat' dir='ltr'><strong>sapientes,</strong></span> <span class='ocrx_word' id='word_1_906' title='bbox 3295 5361 3390 5416; x_wconf 90' lang='lat' dir='ltr'><strong>sed</strong></span> <span class='ocrx_word' id='word_1_907' title='bbox 3442 5361 3726 5417; x_wconf 86' lang='lat' dir='ltr'><strong>humilibus</strong></span> 
     </span>
    </p>
   </div>
   <div class='ocr_carea' id='block_1_117' title="bbox 2142 5447 3726 5523">
    <p class='ocr_par' dir='ltr' id='par_1_117' title="bbox 2142 5447 3726 5523">
     <span class='ocr_line' id='line_1_117' title="bbox 2142 5447 3726 5523; baseline 0.005 -23"><span class='ocrx_word' id='word_1_908' title='bbox 2142 5447 2540 5503; x_wconf 87' lang='lat' dir='ltr'><strong>consentientes</strong></span> <span class='ocrx_word' id='word_1_909' title='bbox 2569 5447 2590 5521; x_wconf 92' lang='lat'>(</span> <span class='ocrx_word' id='word_1_910' title='bbox 2619 5449 2770 5504; x_wconf 87' lang='lat' dir='ltr'><strong>Rom.</strong></span> <span class='ocrx_word' id='word_1_911' title='bbox 2805 5467 2901 5518; x_wconf 77' lang='lat' dir='ltr'><strong>xu,</strong></span> <span class='ocrx_word' id='word_1_912' title='bbox 2929 5451 2993 5507; x_wconf 74' lang='grc'><strong>16</strong></span> <span class='ocrx_word' id='word_1_913' title='bbox 3027 5449 3069 5523; x_wconf 92' lang='grc'><strong>),</strong></span> <span class='ocrx_word' id='word_1_914' title='bbox 3098 5461 3290 5508; x_wconf 89' lang='lat' dir='ltr'><strong>etcum</strong></span> <span class='ocrx_word' id='word_1_915' title='bbox 3333 5453 3520 5508; x_wconf 88' lang='lat' dir='ltr'><strong>timore</strong></span> <span class='ocrx_word' id='word_1_916' title='bbox 3539 5461 3594 5507; x_wconf 90' lang='lat' dir='ltr'><strong>ct</strong></span> <span class='ocrx_word' id='word_1_917' title='bbox 3621 5463 3726 5508; x_wconf 81' lang='lat' dir='ltr'><strong>tre-</strong></span> 
     </span>
    </p>
   </div>
   <div class='ocr_carea' id='block_1_118' title="bbox 2141 5542 3726 5614">
    <p class='ocr_par' dir='ltr' id='par_1_118' title="bbox 2141 5542 3726 5614">
     <span class='ocr_line' id='line_1_118' title="bbox 2141 5542 3726 5614; baseline 0.003 -19"><span class='ocrx_word' id='word_1_918' title='bbox 2141 5555 2290 5595; x_wconf 86' lang='lat' dir='ltr'><strong>more</strong></span> <span class='ocrx_word' id='word_1_919' title='bbox 2322 5551 2558 5596; x_wconf 88' lang='lat' dir='ltr'><strong>uostram</strong></span> <span class='ocrx_word' id='word_1_920' title='bbox 2591 5542 2825 5610; x_wconf 87' lang='lat' dir='ltr'><strong>ipsorum</strong></span> <span class='ocrx_word' id='word_1_921' title='bbox 2869 5543 3098 5599; x_wconf 87' lang='lat' dir='ltr'><strong>salutem</strong></span> <span class='ocrx_word' id='word_1_922' title='bbox 3129 5559 3412 5614; x_wconf 85' lang='lat' dir='ltr'><strong>Operemur</strong></span> <span class='ocrx_word' id='word_1_923' title='bbox 3439 5561 3452 5598; x_wconf 92' lang='lat'>:</span> <span class='ocrx_word' id='word_1_924' title='bbox 3479 5543 3616 5600; x_wconf 83' lang='lat' dir='ltr'><strong>Deus</strong></span> <span class='ocrx_word' id='word_1_925' title='bbox 3643 5553 3726 5600; x_wconf 89' lang='lat' dir='ltr'><strong>est</strong></span> 
     </span>
    </p>
   </div>
   <div class='ocr_carea' id='block_1_119' title="bbox 2143 5629 3724 5708">
    <p class='ocr_par' dir='ltr' id='par_1_119' title="bbox 2143 5629 3724 5708">
     <span class='ocr_line' id='line_1_119' title="bbox 2143 5629 3724 5708; baseline 0.002 -21"><span class='ocrx_word' id='word_1_926' title='bbox 2143 5629 2284 5687; x_wconf 87' lang='lat' dir='ltr'><strong>enim</strong></span> <span class='ocrx_word' id='word_1_927' title='bbox 2305 5631 2396 5702; x_wconf 90' lang='lat' dir='ltr'><strong>qui</strong></span> <span class='ocrx_word' id='word_1_928' title='bbox 2431 5641 2685 5702; x_wconf 88' lang='lat' dir='ltr'><strong>operatur</strong></span> <span class='ocrx_word' id='word_1_929' title='bbox 2733 5633 2786 5688; x_wconf 90' lang='lat' dir='ltr'><strong>in</strong></span> <span class='ocrx_word' id='word_1_930' title='bbox 2825 5635 2978 5691; x_wconf 87' lang='lat' dir='ltr'><strong>nobis</strong></span> <span class='ocrx_word' id='word_1_931' title='bbox 3005 5646 3058 5691; x_wconf 88' lang='lat' dir='ltr'><strong>et</strong></span> <span class='ocrx_word' id='word_1_932' title='bbox 3089 5635 3226 5692; x_wconf 85' lang='lat' dir='ltr'><strong>velle</strong></span> <span class='ocrx_word' id='word_1_933' title='bbox 3256 5646 3309 5692; x_wconf 89' lang='lat' dir='ltr'><strong>et</strong></span> <span class='ocrx_word' id='word_1_934' title='bbox 3354 5635 3582 5706; x_wconf 87' lang='lat' dir='ltr'><strong>operari,</strong></span> <span class='ocrx_word' id='word_1_935' title='bbox 3625 5647 3724 5708; x_wconf 87' lang='lat' dir='ltr'><strong>pro</strong></span> 
     </span>
    </p>
   </div>
   <div class='ocr_carea' id='block_1_120' title="bbox 2209 5852 2928 5916">
    <p class='ocr_par' dir='ltr' id='par_1_120' title="bbox 2209 5852 2928 5916">
     <span class='ocr_line' id='line_1_120' title="bbox 2209 5852 2928 5916; baseline 0.014 -20"><span class='ocrx_word' id='word_1_936' title='bbox 2209 5861 2226 5881; x_wconf 78' lang='grc' dir='ltr'><strong>ι</strong></span> <span class='ocrx_word' id='word_1_937' title='bbox 2259 5861 2357 5898; x_wconf 64' lang='lat' dir='ltr'><strong>am.</strong></span> <span class='ocrx_word' id='word_1_938' title='bbox 2383 5855 2454 5900; x_wconf 79' lang='lat' dir='ltr'><strong>Er.</strong></span> <span class='ocrx_word' id='word_1_939' title='bbox 2485 5858 2534 5902; x_wconf 89' lang='lat' dir='ltr'><strong>et</strong></span> <span class='ocrx_word' id='word_1_940' title='bbox 2557 5859 2685 5916; x_wconf 76' lang='lat' dir='ltr'><strong>Mss,</strong></span> <span class='ocrx_word' id='word_1_941' title='bbox 2712 5852 2773 5904; x_wconf 84' lang='lat' dir='ltr'><strong>dc</strong></span> <span class='ocrx_word' id='word_1_942' title='bbox 2793 5855 2928 5906; x_wconf 82' lang='lat' dir='ltr'><strong>bona.</strong></span> 
     </span>
    </p>
   </div>
  </div>
