4118 6516
362 341 501 399 1015

359 465 498 520 bona
525 459 796 518 voluntate
825 458 1082 534 (Philipp.
1113 473 1173 525 ιι,
1215 457 1284 513 12
1307 465 1352 512 et
1383 456 1493 528 l5).
1521 455 1628 515 Nos
1651 472 1780 528 ergo
1805 457 1957 512 volu-

360 571 502 622 mus,
537 553 632 612 sed
658 553 798 610 Deus
827 554 880 609 in
919 551 1074 609 nobis
1097 557 1354 622 operatur
1379 557 1434 604 et
1467 548 1609 604 velle
1641 567 1655 603 :
1689 562 1786 604 nos
1827 563 1959 617 ergo

359 661 685 718 cperamur,
724 644 820 702 sed
860 645 998 700 Deus
1051 644 1102 698 in
1138 642 1293 699 nobis
1345 649 1599 714 Operatur
1641 651 1697 699 et
1721 643 1954 712 operari,

361 756 458 812 pro
500 741 641 796 bona
683 739 971 794 voluntate.
1007 736 1118 792 lloc
1147 735 1300 790 nobis
1324 733 1540 806 expedit
1575 744 1630 790 et
1653 733 1876 790 credere
1903 741 1958 789 et

359 831 542 888 dicere
569 849 583 886 :
624 829 728 887 hoc
771 837 854 885 est
891 829 1056 899 pium,
1088 826 1192 882 hoc
1217 841 1428 891 verum,
1460 833 1519 881 ut
1541 826 1614 881 sit
1652 824 1868 880 humilis
1888 833 1944 880 et
1984 881 1990 910 ι

361 923 626 980 submissa
655 919 950 986 confessio,
1003 929 1059 974 et
1099 917 1257 974 detur
1281 925 1451 973 totum
1479 916 1610 972 Deo.
1640 915 1952 988 Cogitantes

359 1013 625 1070 credimus
651 1053 666 1080 ,
707 1010 1005 1082 cogitantes
1057 1009 1359 1082 loquimur,
1401 1009 1695 1080 cogitantes
1738 1007 1948 1078 agimus

358 1105 611 1178 quidquid
630 1105 840 1176 agimus
866 1121 881 1159 :
909 1101 1052 1174 quod
1073 1110 1250 1158 autem
1278 1101 1469 1157 attinet
1494 1099 1562 1156 ad
1581 1099 1793 1170 pietatis
1805 1099 1947 1154 viam

358 1207 415 1254 et
436 1213 622 1254 verum
655 1195 747 1252 Dei
773 1195 996 1260 cultum,
1017 1210 1122 1250 non
1161 1209 1348 1250 sumus
1372 1191 1548 1249 idonei
1573 1193 1808 1263 cogitare
1840 1190 1947 1245 ali-
1987 1272 1995 1280 .

357 1287 484 1362 quid
509 1299 756 1358 tanquam
772 1302 837 1344 ex
856 1285 1254 1357 nobismetipsis
1273 1328 1290 1353 ,
1309 1284 1406 1341 sed
1423 1283 1736 1340 suﬁcientis
1761 1292 1948 1338 nostra

357 1397 423 1438 ex
450 1381 562 1439 Deo
591 1381 722 1452 εει(
749 1379 924 1438 ller.
957 1395 1036 1446 ιιι,
1059 1379 1158 1452 5).
1201 1397 1226 1433 ι
1259 1377 1379 1436 Non
1419 1378 1562 1436 enim
1591 1385 1672 1435 est
1718 1379 1770 1432 in
1799 1386 1950 1448 pote-

356 1483 494 1532 state
533 1483 717 1530 nostra
761 1488 856 1530 cor
887 1482 1132 1531 nostrum
1173 1481 1228 1528 et
1274 1481 1472 1527 nostrae
1499 1471 1888 1542 cogitationes:
1925 1488 1946 1521 s

359 1567 500 1625 unde
525 1567 665 1624 idem
693 1567 785 1638 qui
813 1566 913 1623 hoc
927 1567 1020 1630 ait,
1054 1565 1181 1621 item
1209 1563 1340 1620 dicit
1355 1562 1669 1619 Ambrosius
1699 1561 1812 1636 (De
1839 1561 1951 1616 Fu-

358 1677 425 1731 θα
451 1661 646 1728 san-uti,
695 1677 810 1730 cap.
835 1660 861 1715 l
887 1657 930 1734 ),
965 1678 984 1713 ι
1015 1658 1147 1729 Quis
1189 1667 1368 1714 autem
1397 1667 1504 1712 tam
1556 1656 1742 1712 beatus
1771 1656 1860 1728 qui
1893 1655 1946 1711 in

359 1749 524 1807 corde
537 1767 635 1806 suo
659 1765 877 1822 semper
895 1749 1198 1806 ascendat?
1233 1749 1339 1806 Sed
1369 1749 1470 1804 hoc
1504 1748 1620 1805 sine
1645 1747 1826 1804 divino
1849 1763 1947 1802 au-

359 1841 588 1914 xilioqui
609 1841 722 1898 tieri
755 1841 977 1912 potest?
1005 1841 1151 1897 nullo
1171 1839 1412 1912 profecto
1438 1841 1616 1896 modo.
1641 1841 1896 1912 Denique,
1922 1859 1942 1894 s

357 1931 550 2004 inquit,
585 1951 606 1987 ι
634 1948 794 2005 supra
813 1933 1000 1989 eadem
1026 1932 1298 2004 Scriptura
1325 1932 1473 1999 dicit,
1503 1931 1688 1988 Beatus
1710 1934 1787 1988 eir
1800 1934 1949 2005 cujus

359 2027 698 2082 (“auxilium
717 2028 827 2098 ejus
858 2027 949 2082 abs
990 2037 1066 2092 te,
1110 2025 1371 2093 Domine;
1408 2044 1648 2083 ascensus
1694 2029 1748 2084 in
1795 2028 1948 2084 corde

357 2121 466 2188 ejus
492 2136 512 2172 s
545 2119 562 2191 (
601 2119 748 2174 Psal.
787 2135 1008 2184 unm,
1037 2119 1073 2175 6
1097 2119 1136 2191 ).
1158 2119 1272 2174 Hoc
1310 2119 1491 2190 utique
1521 2128 1577 2174 ut
1596 2119 1820 2187 diceret,
1843 2135 1948 2175 non

355 2210 527 2264 solum
551 2210 602 2264 in
628 2209 842 2267 Litteris
875 2210 1042 2266 sacris
1071 2209 1299 2281 legebat,
1329 2209 1424 2266 sed
1449 2209 1590 2266 sicut
1613 2209 1684 2266 de
1723 2211 1816 2266 illo
1833 2211 1950 2268 viro

355 2300 824 2358 sineduhit-itione
857 2301 1184 2358 credendum
1211 2310 1313 2370 est,
1349 2301 1512 2358 etiam
1560 2302 1612 2358 iu
1639 2301 1806 2360 corde
1848 2317 1949 2360 suo

355 2395 616 2450 muniebat
635 2395 967 2473 Ambrosius.
987 2395 1139 2464 Quod
1165 2410 1295 2467 ergo
1329 2395 1384 2451 in
1430 2397 1781 2452 sacramentis
1809 2396 1945 2452 lide-

355 2487 482 2542 liutn
505 2485 724 2553 dicitur,
754 2498 809 2543 ut
827 2503 1042 2545 sursum
1073 2502 1170 2544 cor
1195 2487 1484 2544 habeamus
1530 2489 1596 2545 ad
1639 2490 1944 2560 Dominum,

353 2593 547 2636 munus
583 2587 666 2635 est
697 2579 941 2636 Domini:
969 2579 1036 2636 de
1061 2595 1168 2651 quo
1199 2595 1421 2636 munere
1451 2580 1550 2650 ipsi
1578 2581 1808 2638 Domino
1836 2583 1946 2639 Deo

352 2681 537 2727 nostro
555 2674 754 2742 gratias
793 2687 973 2742 agere,
1011 2687 1043 2728 a
1071 2671 1350 2728 sacerdote
1407 2682 1528 2744 post
1565 2673 1706 2733 lianc
1756 2689 1946 2730 vocem

351 2762 544 2833 quibus
571 2762 675 2818 hoc
693 2762 885 2818 dicitur
908 2763 1261 2819 admonentur
1284 2781 1300 2832 ;
1327 2774 1382 2820 ct
1419 2765 1636 2836 dignum
1657 2779 1720 2820 ac
1743 2765 1946 2835 justum

352 2871 472 2912 esse
495 2856 819 2926 respondent
847 2855 867 2930 (
892 2855 960 2912 In
982 2857 1283 2928 pretatione
1314 2857 1384 2912 ad
1419 2875 1666 2914 canonent
1697 2859 1876 2915 Missa
1899 2859 1942 2932 ).

351 2949 484 3004 Cum
509 2950 656 3004 enim
683 2964 790 3004 non
815 2949 884 3004 sit
911 2950 963 3008 in
993 2935 1172 3005 nostra
1218 2959 1482 3019 potestate
1530 2965 1627 3007 cor
1680 2959 1944 3022 nostrum,

352 3041 448 3096 sed
495 3040 677 3096 divino
717 3041 1024 3096 sublevetur
1055 3040 1280 3106 auxilio,
1331 3049 1389 3096 ut
1423 3040 1698 3106 ascendat,
1726 3053 1782 3097 et
1823 3059 1945 3114 qua:

333 3147 564 3196 sursum
583 3141 709 3188 sunt
729 3133 918 3204 sapiat,
941 3131 1030 3188 ubi
1045 3132 1286 3188 Christus
1309 3141 1392 3188 est
1433 3132 1489 3188 in
1525 3133 1714 3188 dextra
1739 3135 1831 3190 Dei
1858 3150 1946 3191 se-

349 3225 502 3290 dens,
534 3241 642 3282 non
669 3241 788 3298 qua:
807 3241 969 3297 super
1003 3235 1204 3281 terram
1231 3223 1250 3297 (
1279 3223 1478 3285 Calais.
1507 3241 1588 3291 ιιι,
1623 3226 1674 3290 l,
1700 3225 1778 3297 2)
1813 3243 1826 3280 :
1854 3227 1941 3282 cui

347 3319 418 3376 de
443 3319 544 3376 hac
569 3327 712 3374 tanta
739 3334 800 3375 re
819 3317 1040 3388 agenda:
1063 3327 1189 3372 sunt
1209 3317 1412 3387 gratim,
1450 3317 1548 3372 nisi
1579 3315 1683 3374 hoc
1725 3317 1941 3376 facienti

349 3409 576 3466 Domino
599 3411 708 3466 Deo
741 3418 946 3476 nostro,
982 3408 1074 3480 qui
1100 3423 1200 3464 nos
1219 3423 1316 3479 per
1342 3409 1448 3464 tale
1461 3409 1788 3464 beneﬁcium
1807 3409 1945 3466 libe-

346 3501 515 3558 randa
530 3501 601 3559 de
623 3502 890 3573 profundo
931 3501 1090 3571 hujus
1141 3500 1346 3564 mundi,
1387 3500 1568 3572 elegit,
1590 3509 1646 3556 et
1659 3501 1942 3572 ρι’-,Βάριςιί-

347 3595 493 3650 navit
515 3582 642 3651 ante
667 3593 1100 3650 constitutionem
1130 3592 1360 3646 mundi?

416 3705 642 3764 CAPUT
671 3692 988 3762 ΚΗΛ-51.
1005 3702 1109 3760 Sed
1133 3703 1280 3758 aiunt
1296 3720 1316 3754 ι
1338 3701 1824 3773 prmdcstinationis
1839 3702 1940 3760 de-

347 3797 642 3853 ﬁnitionem
671 3797 879 3853 utilitati
910 3796 1304 3868 praedicationis
1329 3796 1608 3851 adversam
1631 3795 1850 3870 (Supra,
1882 3798 1938 3854 in

347 3891 591 3962 Epistolis
625 3889 821 3946 Hilarii
861 3899 909 3946 et
957 3889 1195 3962 Prosperi
1213 3930 1230 3957 ,
1281 3889 1382 3944 col.
1435 3888 1668 3946 947-954
1689 3889 1730 3962 ).
1771 3890 1937 3958 Quasi

345 3999 475 4040 vero
507 3985 782 4040 adversata
805 3983 1148 4055 sitApostolo
1164 3981 1492 4052 prtedicanti.
1513 3981 1703 4038 Nonne
1724 3983 1812 4038 ille
1838 3983 1938 4038 do-

344 4087 463 4134 ctor
489 4075 739 4134 Gentium
776 4077 828 4132 in
863 4075 968 4132 lidc
995 4083 1050 4132 ct
1077 4075 1300 4131 veritate
1335 4084 1392 4130 et
1411 4074 1936 4146 praedestinationem

347 4169 504 4226 toties
543 4167 939 4226 commendavit
960 4209 994 4236 ,,
1019 4175 1076 4222 et
1113 4165 1336 4223 verbum
1368 4166 1462 4222 Dei
1489 4165 1784 4237 pratdieare
1827 4181 1935 4223 non

345 4260 595 4318 destitit?
617 4260 884 4333 Numquid
911 4259 1035 4332 quia
1060 4258 1214 4323 dixit,
1245 4257 1384 4312 Deus
1411 4258 1593 4329 estqui
1619 4268 1858 4328 operatur
1875 4259 1934 4314 in

343 4353 486 4409 vobis
502 4363 552 4409 et
571 4355 701 4409 velle.
719 4362 765 4407 et
789 4351 1011 4421 operari,
1035 4366 1128 4421 pro
1153 4350 1284 4404 bona
1304 4349 1557 4404 voluntate
1577 4348 1847 4421 (Philipp.
1871 4367 1930 4419 ιι,

347 4444 416 4502 13
437 4444 494 4518 );
523 4445 644 4501 idco
667 4459 773 4499 non
793 4444 906 4514 ipse
921 4485 937 4508 ,
965 4449 1020 4498 et
1043 4449 1101 4497 ut
1125 4441 1348 4497 velimus
1369 4455 1488 4512 qua:
1510 4441 1624 4497 Deo
1648 4443 1930 4511 placeant,

343 4545 400 4592 ct
426 4544 484 4590 nt
511 4550 828 4608 operemur,
869 4532 1112 4587 hortatus
1141 4531 1264 4586 est?
1291 4541 1383 4586 aut
1409 4532 1532 4602 quia
1559 4531 1712 4598 dixit,
1747 4531 1849 4598 Qui
1875 4534 1931 4588 in

343 4625 479 4680 vobis
505 4625 690 4680 bonum
719 4641 847 4696 opus
873 4623 1042 4694 erepit,
1075 4623 1297 4691 perficiet
1322 4638 1480 4693 usque
1507 4622 1560 4676 in
1586 4623 1720 4676 diem
1741 4623 1930 4678 Christi

343 4719 471 4777 Iesu
495 4719 620 4794 (Id.
650 4737 689 4789 t,
722 4721 774 4776 ϐ.
798 4719 818 4792 )
843 4735 859 4785 ;
892 4718 1013 4774 ideo
1042 4725 1101 4772 ut
1127 4716 1423 4786 inciperent
1451 4714 1698 4772 homines
1723 4725 1780 4772 et
1807 4731 1930 4788 per-

344 4823 656 4874 severarent
679 4829 850 4885 usque
879 4813 932 4868 in
960 4811 1143 4878 linem,
1186 4809 1302 4880 ipse
1340 4823 1446 4864 non
1475 4809 1685 4865 suasit?
1726 4808 1932 4880 Nempe

343 4909 458 4978 ipse
481 4907 737 4962 Dominus
757 4899 1064 4959 hominibus
1089 4899 1343 4972 praecepit
1367 4909 1424 4954 ut
1446 4898 1746 4967 crederent,
1769 4910 1931 4971 atque

341 4999 417 5054 ait
435 5039 450 5064 ,
475 4996 704 5054 Credite‘
725 4997 779 5050 in
801 4993 962 5052 Deum
980 5035 996 5061 ,
1027 4993 1146 5048 etin
1171 5007 1251 5046 me
1273 4991 1460 5045 credite
1481 4987 1676 5062 (Joan.
1702 4989 1846 5056 xuv,l
1869 4990 1926 5063 ):

344 5105 445 5144 nec
473 5099 648 5146 tamen
673 5089 793 5145 ideo
819 5088 934 5160 ejus
961 5087 1094 5142 falsa
1119 5085 1379 5140 sententia
1406 5092 1508 5148 est,
1543 5098 1642 5138 nec
1666 5099 1802 5139 vana
1828 5084 1928 5140 de-

345 5181 518 5236 ﬁnitio
543 5181 632 5236 ubi
658 5181 753 5246 ait,
783 5179 948 5235 Nemo
971 5180 1102 5234 venit
1124 5177 1193 5231 ad
1218 5194 1315 5244 me,
1344 5178 1394 5232 id
1421 5187 1524 5242 est,
1559 5191 1719 5232 nemo
1758 5176 1930 5235 credit

341 5273 394 5328 in
425 5287 544 5338 me,
573 5272 670 5326 nisi
696 5269 849 5342 fuerit
876 5273 923 5328 ei
947 5271 1122 5326 datum
1148 5287 1180 5324 a
1206 5268 1366 5324 Patre
1389 5286 1498 5324 meo
1522 5267 1650 5341 (Id.
1681 5286 1757 5334 vr.
1788 5271 1858 5326 66
1883 5271 1923 5342 ).

340 5363 450 5420 Nec
487 5376 696 5429 rursus,
733 5360 854 5432 quia
892 5377 1022 5419 vera
1065 5369 1150 5417 est
1190 5360 1305 5416 huic
1343 5359 1605 5426 deﬁnitio,
1636 5361 1757 5417 ideo
1790 5377 1926 5418 vana

341 5464 425 5512 est
451 5454 538 5510 illa
567 5451 868 5524 prmeeptio.
901 5451 1009 5506 Cur
1035 5466 1163 5522 ergo
1191 5451 1579 5522 praedicationi,
1611 5454 1928 5523 praeceptio-

341 5546 424 5612 ni,
456 5540 812 5603 exhortationi
834 5581 850 5606 ,
877 5540 1200 5611 eorreptioni
1220 5581 1236 5608 ,
1265 5527 1386 5610 quaé
1411 5541 1590 5596 omnia
1623 5541 1928 5612 frequentat

339 5637 613 5708 Scriptura
653 5630 854 5700 divina,
890 5630 1259 5688 existimamus
1289 5629 1528 5687 inutilem
1559 5630 1922 5689 deﬁnitionem

398 5795 417 5828 ³
449 5795 582 5857 l.nv.,
623 5788 838 5847 creditis.
873 5796 972 5842 Am.
999 5793 1074 5838 Er.
1117 5792 1169 5838 et
1202 5791 1328 5848 llas,
1371 5786 1586 5852 credite;
1623 5788 1760 5854 juxta
1793 5803 1925 5854 gre-

337 5868 460 5908 utut.

1386 336 1590 395 LIBER
1629 337 1716 394 DE
1759 337 1938 396 DONO
1977 337 2593 398 PFJlSEVElt.\NTI.E.

3515 353 3652 412 1014

2068 455 2570 528 praedestinationis,
2598 473 2758 532 quam
2788 462 3128 521 commendat
3155 465 3341 524 eadem
3369 468 3646 541 Scriptura

2124 565 2267 606 vina.

2124 567 2156 604 ιι
2249 585 2267 606 υ

2067 549 2242 699 mli?
2264 643 2345 699 An
2372 643 2650 716 quisquam
2677 643 2856 702 dicere
2877 645 3114 716 audebit,
3147 648 3312 708 Deum
3340 665 3444 706 non
3467 667 3644 722 pries-

2061 733 2202 790 cisse
2229 733 2420 806 quibus
2445 743 2592 790 esset
2617 734 2840 791 daturus
2868 746 2927 794 ut
2948 737 3252 806 crederent,
3283 750 3374 796 aut
3397 756 3530 813 quos
3554 743 3651 798 da-

2038 832 2216 880 nturus
2243 833 2387 880 esset
2414 825 2552 882 Filio
2575 839 2696 893 suo,
2726 837 2784 884 ut
2811 843 2877 885 ex
2916 829 2996 886 eis
3030 845 3138 886 non
3172 831 3424 902 perderet
3460 847 3651 902 quem-

2059 933 2219 988 quam
2249 916 2427 992 (Joan.
2455 935 2612 988 xvttt,
2636 920 2736 994 9)?
2763 921 2893 990 Quae
2917 922 3102 994 utique
3127 923 3172 980 si
3208 924 3496 996 prmisit,
3522 941 3651 996 pro-

2059 1007 2200 1064 fecto
2239 1009 2497 1068 beneﬁcia
2537 1023 2670 1079 sea,
2714 1015 2907 1084 quibus
2949 999 3048 1070 nos
3087 1013 3337 1086 dignatur
3378 1015 3644 1083 liberare,

2059 1103 2348 1172 prazscivit.
2396 1105 2522 1161 llaic
2559 1115 2660 1162 est
2687 1107 3084 1178 pmlestinatio
3125 1116 3457 1178 sanctorum,
3509 1111 3643 1167 nihil

2057 1193 2202 1250 aliud
2231 1213 2246 1250 :
2278 1197 2612 1266 praescientia
2657 1199 2859 1256 scilicet
2883 1201 2901 1234 ⁸
2925 1243 2944 1269 ,
2971 1210 3027 1259 et
3070 1203 3391 1274 praeparatio
3433 1203 3641 1261 beneﬁ-

2057 1286 2261 1344 ciorum
2290 1289 2406 1360 Dei,
2437 1291 2634 1364 quibus
2651 1294 2950 1352 certissime
2975 1294 3290 1364 liberantur,
3320 1297 3646 1370 quicumque

2058 1381 2369 1439 liberantur.
2397 1383 2592 1442 Cmtcri
2615 1397 2793 1443 autem
2817 1387 2904 1443 ubi
2925 1389 3026 1446 nisi
3051 1391 3102 1446 in
3127 1405 3300 1449 massa
3327 1391 3648 1462 perditionis

2051 1471 2198 1542 justo
2237 1473 2419 1530 divino
2449 1474 2652 1550 judicio
2691 1478 3108 1552 relinquuntur?
3150 1480 3249 1540 Ubi
3281 1481 3426 1554 Tyrii
3471 1483 3645 1540 relicti

2056 1573 2181 1620 sunt
2210 1575 2266 1622 et
2291 1567 2516 1635 Sidonii,
2543 1569 2631 1640 qui
2661 1571 2820 1627 etiam
2847 1571 3068 1630 credere
3093 1582 3403 1646 potuerunt,
3433 1573 3480 1632 si
3507 1575 3642 1631 mira

2056 1657 2144 1716 illa
2165 1655 2362 1716 Christi
2384 1662 2532 1732 signa
2553 1663 2824 1720 vidissent.
2848 1663 2954 1722 Sed
2981 1667 3230 1738 quoniam
3257 1677 3311 1724 ut
3331 1667 3642 1734 crederent,

2056 1767 2163 1810 non
2190 1762 2308 1808 erat
2331 1753 2412 1812 eis
2435 1755 2615 1814 datum
2634 1799 2651 1826 ,
2699 1758 2859 1814 etiam
2888 1758 3028 1817 unde
3053 1761 3338 1818 crederent
3361 1769 3451 1819 est
3480 1777 3647 1834 nega-

2057 1851 2191 1901 tum.
2224 1846 2299 1901 Ex
2329 1862 2435 1918 quo
2459 1859 2680 1919 apparet
2707 1849 2908 1908 habere
2927 1853 3188 1924 quosdam
3215 1854 3268 1910 in
3296 1853 3412 1926 ipso
3433 1854 3648 1927 ingenio

2054 1937 2294 1995 divinum
2319 1942 2630 2000 naturaliter
2650 1959 2842 2001 munus
2863 1943 3250 2018 intelligentiae.
3272 1961 3382 2018 quo
3403 1963 3648 2006 movean-

2057 2041 2141 2087 tur
2166 2031 2232 2087 ad
2261 2031 2418 2089 ﬁdem
2444 2074 2460 2098 ,
2491 2034 2536 2090 si
2563 2049 2794 2108 congrua
2836 2037 2950 2094 suis
2975 2037 3242 2095 mentibus
3261 2079 3277 2104 ,
3309 2039 3394 2094 vel
3422 2038 3647 2101 audiant

2055 2123 2238 2194 verba,
2265 2126 2348 2183 vel
2377 2127 2526 2200 signa
2557 2129 2890 2201 conspiciant
2923 2149 2935 2186 :
2967 2140 3022 2188 et
3049 2139 3228 2188 tamen
3256 2133 3300 2188 si
3332 2132 3425 2188 Dei
3450 2132 3644 2190 altiore

2047 2215 2270 2286 judicio,
2301 2233 2330 2273 a
2357 2219 2672 2290 perditionis
2705 2236 2880 2278 massa
2904 2237 3010 2278 non
3040 2231 3164 2280 sunt
3187 2223 3373 2295 gratim
3401 2223 3646 2294 pra:ch-

2055 2308 2312 2367 tinatioue
2346 2310 2600 2380 discreti,
2643 2328 2744 2370 nec
2769 2313 2888 2384 ipsa
2913 2313 2992 2370 cis
3028 2313 3350 2374 adhibentur
3377 2314 3462 2370 vel
3498 2313 3641 2372 dicta

2052 2399 2227 2455 divina
2255 2403 2339 2458 vel
2366 2401 2528 2468 facta.
2559 2421 2654 2474 per
2677 2421 2796 2476 quae
2822 2417 3042 2478 possent
3063 2407 3306 2471 erodere,
3331 2407 3378 2463 si
3402 2407 3649 2463 audirent

2055 2485 2238 2556 utique
2265 2487 2389 2544 talia
2419 2489 2500 2544 vel
2529 2487 2791 2546 viderent.
2822 2491 2882 2546 ιιι
2909 2491 3096 2548 eadem
3127 2490 3441 2563 perditionis
3464 2506 3645 2548 massa

2051 2577 2222 2634 relicti
2250 2589 2374 2634 sunt
2403 2581 2564 2638 etiam
2602 2581 2804 2650 .ludzci,
2841 2583 2930 2654 qui
2963 2598 3068 2640 non
3108 2592 3396 2655 potuerunt
3422 2582 3648 2640 credere

2052 2669 2212 2728 lactis
2239 2672 2290 2728 in
2321 2683 2615 2746 conspectu
2645 2691 2744 2731 suo
2771 2686 2876 2732 tam
2908 2677 3114 2748 magnis
3142 2676 3408 2750 clarisque
3431 2677 3645 2734 virtuti-

2054 2766 2175 2831 bus.
2199 2767 2308 2824 Cur
2326 2769 2469 2824 enim
2493 2786 2598 2824 non
2621 2779 2865 2841 poti-rant
2883 2771 3130 2837 credere,
3155 2787 3262 2828 non
3287 2771 3450 2828 tacuit
3470 2771 3646 2827 Evan-

2050 2859 2246 2928 gelium
2264 2901 2280 2924 .
2307 2860 2494 2917 dicens
2522 2879 2536 2916 :
2563 2860 2690 2918 Cum
2713 2873 2882 2918 autem
2909 2873 3049 2918 tanta
3071 2865 3221 2936 signa
3245 2863 3442 2935 fecisset
3465 2879 3642 2918 coram

2050 2950 2141 3016 eis,
2171 2967 2274 3006 non
2296 2951 2614 3006 crediderunt
2643 2953 2696 3007 iu
2725 2971 2836 3011 eum
2861 2970 2881 3019 ,°
2917 2964 2972 3009 ut
3013 2970 3176 3012 sermo
3201 2952 3358 3010 Isaia
3382 2955 3644 3027 propheta:

2049 3041 2345 3112 impleretur
2360 3084 2376 3108 ,
2415 3059 2563 3114 quem
2586 3043 2718 3099 dixit
2739 3061 2758 3099 :
2780 3043 2996 3100 Domine
3013 3087 3029 3113 ,
3067 3045 3180 3116 quis
3201 3044 3413 3100 credidit
3439 3045 3643 3100 auditui

2049 3142 2220 3190 nostro
2243 3133 2269 3190 ?
2295 3144 2342 3190 et
2364 3134 2626 3192 brachium
2655 3135 2862 3192 Domini
2891 3137 2972 3194 cui
2995 3137 3268 3194 revelatum
3293 3147 3365 3194 est
3385 3138 3412 3194 7
3437 3137 3503 3194 Et
3521 3139 3638 3194 ideo

2048 3239 2150 3278 non
2181 3235 2411 3296 poterant
2439 3227 2664 3294 credere,
2691 3228 2810 3298 quin
2838 3228 3019 3287 iterum
3049 3229 3176 3285 dixit
3208 3227 3376 3286 Isaias
3403 3247 3418 3284 :
3446 3227 3636 3284 Esca:-

2047 3319 2175 3372 cauit
2201 3317 2372 3372 oculos
2396 3334 2593 3386 comm,
2617 3328 2664 3373 et
2692 3319 2948 3374 induravit
2969 3336 3060 3376 cor
3087 3319 3334 3385 illorum;
3359 3330 3412 3376 ut
3435 3337 3536 3375 non
3563 3320 3641 3374 vi-

2047 3406 2196 3464 deant
2225 3406 2418 3475 oculis,
2453 3426 2544 3465 nec
2567 3409 2850 3484 intelligant
2875 3410 3060 3478 corde,
3093 3420 3144 3480 et
3170 3421 3527 3468 convertantur
3545 3453 3560 3480 ,
3589 3422 3638 3466 et

2045 3514 2220 3554 sonent
2259 3497 2377 3556 illos
2416 3497 2594 3570 (Joan.
2639 3517 2752 3570 xu,
2795 3501 3012 3572 57-40).
3055 3501 3172 3558 Non
3212 3512 3368 3560 erant
3403 3518 3533 3576 ergo
3559 3505 3639 3562 sic

2044 3591 2297 3648 caementi
2335 3591 2511 3658 oculi’,
2553 3607 2654 3648 nec
2679 3592 2758 3648 sic
2789 3592 3092 3648 induratum
3131 3609 3228 3650 eor
3265 3593 3550 3666 Tyriorum
3579 3603 3638 3652 ct

2045 3681 2386 3740 Sidoniorum
2417 3701 2431 3738 :
2461 3685 2713 3755 quoniam
2759 3684 3148 3753 credidissent,
3178 3688 3223 3742 si
3255 3687 3433 3758 qualia
3477 3687 3636 3744 vide-

2042 3784 2170 3832 runt
2207 3775 2293 3832 isti
2321 3775 2474 3848 signa
2501 3776 2779 3834 vidissent.
2819 3777 2927 3832 Sed
2958 3794 3058 3835 nec
3102 3778 3206 3836 illis
3250 3777 3450 3850 proluit
3483 3779 3631 3850 quod

2043 3877 2290 3940 poterant
2315 3869 2541 3926 credere
2559 3911 2576 3938 ,
2604 3870 2728 3942 quia
2753 3870 3114 3942 prmdestinati
3139 3887 3247 3928 non
3271 3880 3428 3928 erant
3450 3872 3518 3929 ab
3539 3887 3634 3940 eo,

2041 3961 2195 4032 cujus
2217 3959 2578 4018 inseratabilia
2603 3970 2728 4018 sunt
2745 3961 2968 4032 judicia,
2996 3971 3051 4019 et
3077 3963 3469 4034 investigabilcs
3492 3964 3630 4029 vite;

2043 4066 2144 4108 nec
2171 4053 2287 4111 istis
2315 4052 2574 4111 obruisset
2610 4053 2753 4126 quod
2784 4069 2893 4110 non
2925 4065 3172 4127 poterant
3198 4055 3440 4122 credere.
3473 4058 3518 4113 si
3559 4058 3631 4114 ita

2041 4143 2403 4214 praedestinati
2431 4153 2642 4214 essent,
2675 4154 2733 4202 ut
2757 4161 2855 4202 eos
2889 4161 3062 4203 caecos
3098 4147 3239 4204 Deus
3275 4147 3630 4212 illuminaret,

2039 4245 2095 4292 et
2119 4235 2377 4293 induratis
2403 4251 2498 4293 eor
2520 4236 2789 4309 lapideum
2815 4239 2977 4295 vellet
2999 4237 3232 4296 auferre.
3261 4238 3462 4297 Verum
3483 4239 3630 4313 quod

2039 4329 2174 4387 dixit
2200 4330 2452 4386 Dominus
2476 4330 2544 4389 de
2567 4331 2744 4405 Tyriis
2769 4340 2824 4389 et
2847 4331 3102 4402 Sidoniis,
3129 4334 3308 4406 aliquo
3333 4335 3440 4392 alio
3464 4336 3626 4394 modo

2039 4431 2218 4493 potest
2251 4421 2499 4480 fortassis
2535 4423 2760 4494 intelligi
2793 4443 2810 4480 :
2841 4426 3113 4484 neminem
3141 4436 3320 4484 tamen
3347 4428 3531 4486 venire
3557 4429 3626 4485 ad

2043 4513 2340 4580 Christum,
2366 4514 2467 4570 nisi
2489 4514 2576 4572 cui
2601 4515 2760 4572 fuerit
2781 4516 2988 4586 datum,
3013 4529 3070 4574 et
3095 4519 3178 4575 eis
3195 4519 3316 4576 dari
3338 4520 3428 4592 qui
3452 4521 3509 4576 in
3533 4520 3630 4578 illo

2039 4605 2195 4661 electi
2225 4613 2351 4660 sunt
2385 4615 2508 4662 ante
2533 4606 2967 4666 constitutionem
2997 4608 3182 4666 mundi
3201 4649 3218 4678 ,
3247 4610 3436 4680 procul
3461 4611 3626 4668 dubio

2037 4695 2338 4762 conﬁtetur,
2371 4711 2400 4752 a
2429 4711 2538 4766 quo
2563 4711 2670 4753 non
2699 4697 2876 4754 surdis
2903 4701 3122 4756 auribus
3145 4700 3330 4758 cordis
3353 4701 3624 4772 eloquium

2036 4784 2275 4848 divinum
2304 4786 2526 4842 auribus
2557 4788 2734 4844 carnis
2761 4789 2995 4851 auditur.
3026 4790 3097 4845 Et
3134 4801 3313 4848 tamen
3342 4791 3460 4849 haec
3488 4807 3628 4863 prai-

2035 4874 2320 4954 destinatio
2339 4917 2354 4942 ,
2389 4891 2513 4947 qum
2537 4877 2669 4932 suis
2693 4887 2880 4948 aperte
2905 4879 3066 4935 etiam
3093 4881 3270 4938 verbis
3295 4883 3626 4954 ei'augelicis

2037 4965 2334 5037 explicatur
2353 5007 2370 5032 ,
2401 4982 2508 5023 non
2539 4967 2812 5039 prohibuit
2845 4970 3128 5028 Dominum
3155 4982 3212 5029 et
3241 4983 3458 5047 propter
3486 4975 3624 5032 inci-

2035 5057 2287 5128 piendum
2313 5057 2514 5123 dieerc,
2541 5059 2683 5130 quod
2709 5061 2869 5130 paulo
2889 5071 3014 5118 ante
3039 5066 3474 5132 commemoravi,
3505 5067 3629 5124 Cre-

2035 5146 2140 5203 dite
2163 5149 2216 5203 in
2241 5146 2427 5215 Deum,
2453 5158 2502 5203 et
2526 5150 2579 5204 in
2603 5166 2684 5206 me
2707 5151 2936 5206 credite:
2958 5162 3012 5208 et
3035 5164 3256 5223 propter
3279 5170 3627 5224 perseveran-

2036 5239 2184 5306 dum,
2212 5239 2422 5311 Oportet
2445 5259 2643 5315 semper
2667 5259 2832 5310 orare,
2857 5254 3026 5302 etnon
3045 5246 3262 5316 deﬁcere
3281 5248 3434 5319 (Luc.
3462 5267 3622 5318 xvut.

2036 5333 2060 5388 l
2092 5333 2131 5404 ).
2173 5331 2406 5388 Audiunt
2431 5335 2573 5390 enim
2612 5334 2728 5391 bare
2751 5345 2807 5392 et
2832 5334 3054 5406 faciunt,
3079 5340 3274 5410 quibus
3293 5340 3474 5400 datum
3497 5354 3581 5400 est
3605 5365 3620 5401 :

2035 5437 2140 5478 non
2179 5433 2357 5479 autem
2395 5423 2618 5492 faciunt,
2657 5425 2771 5483 sive
2809 5427 3048 5497 audiant,
3087 5430 3205 5488 sive
3235 5447 3344 5490 non
3378 5434 3618 5502 audiant,

2031 5514 2225 5585 quibus
2253 5530 2359 5570 non
2387 5515 2569 5572 datum
2598 5525 2700 5572 est.
2747 5519 2880 5585 Quia
2908 5520 3076 5590 vobis,
3107 5521 3312 5595 inquit,
3338 5524 3516 5580 datum
3543 5538 3620 5581 est

2030 5623 2176 5664 nosse
2215 5607 2511 5678 mysterium
2551 5609 2696 5682 regni
2729 5611 3013 5681 calorum;
3047 5613 3156 5672 illis
3193 5624 3363 5672 suum
3401 5633 3505 5672 non
3543 5627 3618 5673 est

2028 5700 2206 5753 datum
2245 5698 2457 5770 (Matth.
2486 5716 2579 5755 xm
2599 5743 2615 5766 ,
2644 5699 2755 5774 ll).
2784 5703 3021 5770 Quorum
3047 5705 3274 5763 alterum
3301 5706 3367 5761 ad
3398 5705 3612 5762 miseri-

2097 5791 2112 5858 ξ
2153 5797 2215 5858 tta
2256 5797 2360 5839 Mss.
2388 5796 2440 5838 Αι
2463 5791 2579 5840 editi
2607 5804 2620 5858 ς
2650 5789 2762 5858 mre
2805 5792 3165 5858 prafdcstiuatio
3183 5802 3454 5848 sanctorum
3491 5791 3617 5848 nihil

2035 5849 2169 5904 aliud
2185 5858 2254 5903 est
2276 5864 2420 5916 quant
2442 5852 2747 5917 prwscicntia
2771 5849 2969 5920 scilicet,
2994 5865 3090 5908 etc.
