4140 6518
469 334 608 390 1015

470 446 728 512 cordiam,
751 447 974 505 alterum
999 443 1063 500 ad
1085 443 1338 515 judicium
1360 438 1593 512 pertinet
1615 436 1756 494 illius
1775 479 1791 504 ,
1819 435 1903 492 cui
1927 433 2057 488 dicit

471 541 645 597 anima
676 548 876 607 nostra,
911 536 1260 594 Misericordia
1273 552 1322 590 m
1352 544 1399 590 et
1417 532 1675 607 judicium
1705 527 1916 585 cantabo
1946 528 2056 594 tibi,

474 633 692 688 Domine
712 631 884 705 (Psal.
915 644 967 697 c,
999 632 1076 703 i).

543 725 632 780 56.
671 724 781 780 Nec
808 722 1288 795 prmdestinationis
1311 721 1468 793 igitur
1493 716 1873 792 praedicatione
1895 714 2058 784 impe-

470 813 663 870 dienda
687 824 770 870 est
795 813 1102 884 prmdicatio
1133 812 1252 868 ﬁdei
1279 810 1667 882 perseverantis
1693 819 1746 863 et
1774 807 2047 878 proﬁcien-

474 907 572 972 tis,
611 915 670 962 ut
704 906 847 975 quod
888 915 1100 978 oportet
1130 906 1379 972 audiant,
1417 904 1608 976 quibus
1645 902 1828 957 datum
1873 908 1958 956 cst
2002 908 2059 955 ut

473 997 728 1054 obediant
758 1000 775 1032 ¹
810 998 1120 1070 :quomodo
1157 997 1300 1054 enim
1327 997 1544 1052 audient
1578 996 1695 1050 sine
1732 993 2053 1065 prmdicante

472 1088 650 1160 (Rom.
676 1107 742 1158 x,
773 1091 904 1164 id)?
939 1090 1050 1148 Nec
1079 1107 1292 1159 rursus,
1323 1089 1708 1160 praedicatione
1737 1088 1859 1144 ﬁdei
1889 1087 2057 1159 proﬁ-

468 1181 660 1236 cientis
682 1189 736 1239 et
759 1197 923 1253 usque
941 1181 1011 1238 ad
1031 1183 1278 1238 ultimum
1299 1181 1679 1252 permanentis,
1707 1179 2042 1251 impedienda

469 1288 556 1334 est
593 1278 900 1350 praedicatio
941 1277 1454 1350 praedestinationis,
1496 1285 1554 1332 ut
1595 1277 1682 1347 qui
1727 1276 1958 1331 ﬁdeliter
2000 1283 2057 1330 et

469 1371 784 1427 obedienter
807 1371 966 1438 vivit,
998 1387 1102 1428 non
1133 1370 1200 1426 de
1234 1369 1346 1441 ipsa
1377 1368 1680 1424 obedientia
1708 1376 1956 1438 tanquam
1987 1366 2056 1421 de

469 1477 568 1518 suo
599 1479 704 1520 non
730 1473 954 1534 accepto
984 1463 1124 1520 bono
1153 1463 1442 1519 extollatur
1470 1479 1482 1515 :
1513 1461 1608 1516 sed
1634 1461 1722 1532 qui
1755 1461 2010 1532 gloriatur
2038 1502 2055 1529 ,

470 1555 523 1608 in
555 1555 780 1610 Domino
805 1556 1065 1627 glorietur
1093 1555 1136 1628 (l
1163 1553 1282 1612 Cor.
1316 1571 1353 1621 ι,
1379 1555 1493 1627 δι).
1529 1574 1549 1609 ι
1587 1555 1641 1610 In
1673 1555 1819 1610 nullo
1854 1573 1872 1606 ι
1907 1555 2051 1610 enim

475 1667 494 1700 s
521 1649 878 1720 gloriandum,
908 1649 1121 1720 quando
1149 1657 1390 1705 nostrum
1419 1649 1546 1702 nihil
1573 1648 1662 1702 sit.
1696 1667 1714 1700 ι
1739 1647 1889 1714 Quod
1921 1647 2054 1702 vidit

469 1741 776 1798 ﬁdelissime
793 1744 815 1775 ¹
838 1741 1135 1815 Cyprianus
1154 1785 1169 1809 ,
1199 1752 1253 1797 et
1279 1741 1628 1797 ﬁdentissime
1649 1739 1887 1796 deﬁnivit
1911 1738 2047 1810 (Lib.

466 1833 502 1888 5
525 1832 594 1887 ad
622 1833 848 1902 Quirin.,
879 1851 995 1905 cap.
1016 1835 1094 1906 4),
1127 1850 1224 1905 per
1249 1834 1390 1906 quod
1419 1834 1600 1904 utique
1628 1832 2055 1902 przedcstiuatio-

360 1925 365 1930 ’
467 1941 588 1980 nem
613 1925 970 1982 certissimam
999 1926 1375 1996 pronuntiavit.
1404 1924 1536 1980 Nam
1563 1924 1608 1979 si
1635 1943 1654 1977 ι
1686 1925 1738 1978 in
1766 1923 1913 1978 nullo
1935 1923 2052 1993 glo-

465 2017 711 2074 riandum
733 2028 832 2084 est,
859 2019 1072 2090 quando
1094 2028 1337 2074 nostrum
1358 2019 1492 2073 nihil
1511 2019 1610 2072 sit:
1644 2037 1662 2070 ι
1692 2016 1929 2087 proiecto
1955 2030 2055 2071 nee

463 2108 532 2163 de
557 2109 856 2165 obedientia
887 2111 1413 2181 perscvcrautissima
1439 2109 1774 2180 gloriandum
1807 2118 1922 2174 est;
1953 2122 2052 2162 nec

467 2201 536 2254 ita
569 2211 748 2257 nostra
774 2245 789 2271 ,
823 2212 1072 2273 tauquam
1104 2219 1209 2258 non
1241 2203 1311 2258 sit
1340 2204 1494 2258 nobis
1537 2201 1768 2272 desuper
1809 2201 2002 2256 donata
2031 2243 2048 2268 ,

471 2293 693 2348 dicenda
725 2303 825 2348 est.
870 2293 939 2348 Et
968 2295 1078 2364 ipsa
1111 2295 1268 2365 igitur
1310 2295 1402 2350 Dei
1435 2295 1634 2350 donum
1663 2302 1744 2349 est
1765 2336 1778 2356 ,
1813 2293 1952 2363 quod
1995 2307 2054 2348 se

465 2383 709 2439 daturum
743 2385 883 2440 Deus
911 2386 1111 2441 vocatis
1161 2388 1271 2442 suis
1317 2387 1399 2440 illa
1429 2387 1726 2452 vocatione,
1756 2386 1821 2440 de
1850 2401 1950 2456 qua
1981 2385 2055 2441 di-

468 2487 614 2532 ctum
636 2478 872 2545 est,Sine
891 2480 1178 2550 poenitentia
1196 2489 1314 2534 sunt
1337 2481 1470 2534 dona
1490 2491 1539 2534 et
1556 2482 1748 2534 vacatio
1763 2479 1854 2533 Dci
1870 2479 2050 2550 (Rom.

467 2585 558 2636 xi,
599 2571 728 2642 29),
755 2573 902 2626 omni
944 2573 1236 2628 christiano
1276 2573 1563 2628 conﬁtente
1603 2572 1888 2645 przcscivit.
1925 2572 2053 2629 llrc

467 2674 547 2720 est
577 2665 736 2736 igitur
761 2665 1182 2736 prmdestinatio,
1209 2682 1366 2738 quam
1398 2667 1625 2722 ﬁdeliter
1653 2675 1809 2736 atque
1838 2667 2054 2722 humili-

465 2768 547 2813 ter
585 2759 958 2829 praedicamus.
997 2759 1106 2816 Nec
1148 2770 1321 2816 tamen
1364 2759 1504 2816 idem
1543 2760 1734 2815 doctor
1761 2767 1816 2814 et
1842 2758 2050 2825 factor,

465 2850 556 2920 qui
597 2861 650 2906 et
690 2850 745 2906 in
779 2851 1046 2907 Christum
1089 2851 1333 2916 credidit,
1374 2860 1428 2908 et
1458 2852 1507 2906 in
1538 2861 1718 2908 sancta
1749 2851 2051 2906 obcdientia

471 2957 640 3012 usque
679 2943 745 2998 ad
788 2944 1088 3012 passionem
1135 2959 1232 3014 pro
1271 2941 1484 2999 Christo
1527 2943 2052 3014 perseverantissime

471 3034 622 3098 vixit,
656 3033 777 3090 ideo
805 3033 1032 3090 cessavit
1060 3034 1350 3105 prmdicare
1379 3033 1744 3103 Evangelium,
1777 3031 2051 3088 exhortari

463 3125 529 3180 ad
572 3125 730 3181 ﬁdem
770 3126 992 3196 piosque
1029 3140 1228 3192 mores,
1273 3134 1434 3196 atque
1471 3125 1538 3179 ad
1578 3125 1744 3193 ipsam
1785 3139 1955 3195 usque
1995 3123 2049 3179 in

465 3216 626 3272 ﬁnem
655 3217 1128 3288 perseverantiam,
1161 3217 1409 3288 quoniam
1437 3216 1588 3283 dixit,
1627 3234 1645 3269 ι
1681 3216 1734 3271 in
1765 3216 1910 3270 nullo
1935 3216 2048 3286 glo-

466 3309 729 3372 riandum,
761 3309 976 3380 quando
1004 3317 1243 3364 nastmm
1273 3308 1402 3363 nihil
1430 3308 1536 3374 sit;
1575 3326 1594 3360 ι
1625 3307 1712 3362 ubi
1743 3322 1918 3362 veram
1952 3307 2048 3362 Dei

462 3398 710 3467 gratiam,
762 3398 814 3454 id
851 3408 952 3464 est,
995 3415 1114 3470 qua:
1154 3414 1259 3454 non
1296 3398 1588 3454 secundum
1630 3398 1818 3453 merita
1862 3405 2045 3453 nostra

468 3489 644 3554 datur,
675 3490 790 3544 sine
819 3490 924 3544 ulla
954 3491 1298 3562 ambiguitate
1323 3489 1612 3546 deciaravit
1641 3507 1654 3544 :
1685 3505 1840 3559 quam
1869 3505 1928 3545 se
1952 3489 2049 3544 da-

469 3588 642 3634 turum
677 3581 927 3650 quoniam
958 3582 1224 3651 prmscivit
1255 3581 1393 3636 Deus
1417 3623 1432 3648 ,
1467 3581 1548 3635 his
1576 3579 1825 3653 Cypriani
1867 3581 2045 3637 verbis

464 3675 648 3741 procul
697 3673 860 3730 dubio
907 3675 1304 3745 pnedestinatio
1346 3675 1629 3746 prardieata
1677 3683 1759 3730 est
1791 3692 1803 3729 :
1833 3691 1952 3745 qua:
2000 3674 2046 3730 si

460 3763 785 3837 Cyprianum
813 3783 841 3820 a
871 3767 1246 3836 praedicatione
1271 3768 1590 3824 obedientiae
1618 3781 1722 3822 non
1749 3767 2044 3837 prohibuit,

460 3870 561 3910 nec
592 3871 692 3911 nos
719 3857 900 3926 utique
929 3856 1089 3912 debet
1122 3857 1424 3927 prohibere.

532 3946 621 4000 57.
661 3947 914 4012 Quamvis
953 3963 1080 4018 ergo
1120 3948 1359 4004 dicamus
1398 3948 1491 4004 Dei
1527 3947 1726 4004 donum
1767 3963 1886 4004 esse
1913 3949 2045 4005 ohe-

462 4035 714 4090 dieutiam
739 4051 754 4101 ;
787 4045 963 4092 tamen
995 4037 1238 4093 homines
1260 4039 1280 4070 ³
1303 4038 1648 4094 exhortamur
1676 4037 1739 4093 ad
1770 4054 1908 4093 eam.
1940 4039 2047 4096 Sed

463 4127 569 4181 illis
595 4125 684 4197 qui
714 4127 951 4183 veritatis
980 4128 1403 4183 exhortationem
1442 4129 1757 4184 obedienter
1792 4130 2044 4199 audiunt,

463 4216 634 4285 ipsum
661 4217 857 4272 donum
889 4219 978 4272 Dei
1006 4218 1188 4275 datum
1217 4228 1322 4284 est,
1358 4219 1461 4274 hoc
1485 4228 1588 4286 est,
1619 4219 1930 4276 obedienter
1953 4237 2047 4277 au-

461 4309 577 4366 dire
606 4328 620 4366 :
649 4311 753 4366 illis
781 4319 957 4366 autem
987 4312 1075 4383 qui
1103 4327 1207 4367 non
1233 4312 1310 4367 sic
1332 4313 1574 4380 audiunt,
1600 4328 1706 4368 non
1733 4321 1816 4370 est
1842 4313 2044 4370 datum.

463 4399 577 4455 Non
607 4402 750 4457 enim
780 4403 1128 4474 quicumque,
1163 4403 1256 4459 sed
1287 4403 1530 4459 Christus
1549 4446 1563 4468 ,
1597 4403 1764 4459 Nemo
1787 4448 1802 4470 ,
1835 4406 2043 4476 inquit,

461 4495 594 4548 venit
614 4494 684 4548 ad
708 4511 804 4560 me,
832 4496 930 4550 nisi
956 4497 1107 4568 fuerit
1131 4497 1176 4551 ei
1199 4497 1371 4550 datum
1397 4513 1428 4550 a
1454 4495 1612 4558 Patre
1634 4513 1743 4552 meo
1766 4497 1940 4570 (Joan.
1965 4516 2043 4566 vr,

461 4585 554 4656 66)
579 4603 593 4640 :
618 4595 690 4651 et,
745 4585 893 4642 Vobis
920 4587 1096 4641 datum
1124 4596 1207 4643 est
1224 4604 1372 4642 nosse
1404 4587 1693 4660 mysterium
1722 4589 1863 4656 regni
1891 4590 2046 4645 coelo-

460 4693 595 4740 rum,
623 4677 727 4732 illis
745 4687 913 4732 autem
934 4695 1034 4732 non
1059 4687 1132 4733 est
1156 4677 1330 4732 datum
1352 4676 1564 4747 (Matth.
1596 4695 1708 4744 xm,
1741 4680 1852 4750 Η).
1886 4680 1952 4735 Et
1975 4680 2045 4737 de

458 4769 783 4824 continentia
812 4787 826 4824 :
858 4768 978 4824 Non
1007 4786 1210 4836 omnes,
1237 4769 1426 4839 inquit,
1455 4770 1659 4840 capiunt
1685 4773 1886 4825 verbum
1913 4772 2040 4838 hoc,

459 4859 550 4913 sed
575 4859 755 4929 quibus
782 4860 958 4915 datum
984 4869 1056 4914 est
1083 4857 1193 4931 (Id.
1226 4876 1335 4925 xu,
1368 4859 1477 4932 il).
1511 4861 1576 4914 Et
1603 4876 1724 4915 cum
1756 4862 2044 4931 Apostolus

463 4950 527 5004 ad
558 4949 861 5020 pudicitiam
896 4951 1229 5022 coniugalem
1258 4950 1510 5023 coniuges
1538 4951 1839 5008 hortaretur
1871 4971 1883 5008 :
1927 4951 2040 5008 Vel-

460 5042 592 5103 lem,
626 5041 827 5111 inquit,
860 5059 1029 5097 omnes
1065 5040 1290 5096 homines
1315 5058 1421 5096 esse
1458 5043 1587 5097 sicut
1615 5059 1694 5096 me
1721 5044 1886 5114 ipsum
1911 5059 1928 5107 ;
1953 5045 2045 5099 sed

461 5134 796 5204 unusquisque
825 5135 1086 5204 proprium
1115 5135 1304 5189 donum
1343 5135 1489 5189 habet
1529 5133 1696 5188 n'Deo
1723 5177 1736 5201 ,
1769 5137 1901 5190 alius
1933 5136 2038 5203 sic,

455 5226 591 5280 alius
625 5235 790 5280 autem
817 5227 888 5281 sic
912 5225 954 5300 (1
979 5224 1096 5282 Cor.
1127 5242 1198 5281 vn
1219 5227 1318 5296 ,7).
1350 5225 1450 5282 Ubi
1479 5227 1607 5282 satis
1633 5225 1902 5288 ostendit,
1935 5242 2040 5281 non

460 5326 662 5372 tantum
691 5318 1070 5373 continentiam
1099 5319 1294 5373 donum
1326 5317 1416 5373 Dei
1445 5331 1584 5383 esse,
1614 5316 1707 5372 sed
1734 5317 2042 5387 coniugato-

355 5433 361 5438 -
461 5424 578 5463 rum
605 5407 766 5464 etiam
793 5407 1110 5464 castitatem.
1139 5407 1268 5477 Quae
1294 5422 1413 5463 cum
1443 5422 1566 5463 vera
1597 5407 1700 5462 sint
1719 5447 1736 5475 ,
1767 5405 2042 5462 hortamur

521 5601 533 5632 ε
575 5599 712 5659 mliti,
726 5604 774 5650 et
795 5597 966 5663 qusbus
987 5597 1154 5649 datum
1175 5603 1246 5650 est
1264 5605 1313 5649 ut
1342 5595 1578 5650 obediaut.
1604 5595 1948 5662 Expunximus,
1973 5601 2036 5659 et,

455 5663 742 5711 auctoritate
773 5669 878 5712 Mss.

520 5725 538 5754 ι
572 5723 880 5773 corbeiensis
899 5729 1003 5780 .\ts.,
1028 5717 1354 5782 ﬁdelissimus.

521 5785 540 5815 ³
575 5782 852 5836 soalliensis
877 5793 952 5835 tis.
972 5817 984 5846 ,
1003 5795 1180 5835 omnes.

1716 326 1779 382 5.
1813 317 2178 378 AUCUSTINI
2219 317 2520 377 EPISCOPI

3618 333 3752 396 i0l6

2176 441 2351 490 tamen
2378 436 2444 490 ad
2475 437 2624 505 lucc,
2663 447 2918 510 quantum
2959 441 3150 514 cuique
3191 452 3428 500 nostrum
3467 445 3648 504 datum
3675 465 3756 508 est

2170 537 2230 582 ut
2257 531 2424 600 possit
2453 529 2652 589 hortari
2678 551 2692 599 ;
2723 535 2846 606 quia
2873 546 2926 591 et
2954 535 3054 592 hoc
3077 537 3193 609 eius
3219 539 3417 597 donum
3445 553 3549 612 est,
3583 547 3634 602 in
3663 563 3756 602 cn-

2164 622 2253 692 ius
2283 639 2440 680 manu
2471 636 2595 680 sunt
2627 635 2681 682 et
2709 643 2807 684 nos
2848 639 2901 684 ει
2931 645 3210 687 sermones
3239 636 3407 692 nostri
3440 635 3591 710 (Sttp.
3633 656 3706 696 vn
3731 682 3748 708 ,

2170 715 2278 785 16).
2317 717 2469 774 Unde
2507 729 2561 774 ct
2589 719 2876 789 Apostolus
2897 763 2913 788 ,
2948 721 3238 779 Secundum
3263 729 3514 798 gratiam.
3549 730 3713 802 inquit
3739 775 3754 794 .

2167 824 2280 878 qum
2301 808 2421 861 data
2443 819 2518 864 est
2543 811 2699 878 mihi,
2732 820 2784 865 ut
2809 814 3014 882 sapiens
3036 816 3336 873 architectus
3361 819 3754 888 fundamentum

2168 900 2332 970 posui.
2363 901 2427 955 Et
2451 901 2558 956 alio
2585 902 2703 956 loco
2725 944 2739 968 ,
2771 902 3086 976 Unicuique,
3119 907 3318 979 inquit,
3346 911 3478 966 sicut
3509 913 3758 969 Dominus

2167 989 2305 1044 dedit
2327 1007 2346 1044 :
2362 1007 2453 1061 ego
2479 992 2723 1061 plantaui,
2753 995 2936 1064 Apollo
2960 997 3138 1066 rigavit
3160 1015 3180 1063 ;
3205 1001 3294 1054 sed
3319 1001 3454 1057 Deus
3478 1005 3758 1061 incremen-

2167 1088 2272 1134 tum
2297 1081 2450 1136 dedit.
2485 1083 2664 1156 Itaque
2689 1103 2848 1157 neque
2869 1089 2955 1156 qui
2977 1089 3210 1160 plantat,
3241 1092 3438 1164 aliquid
3460 1105 3532 1150 est
3553 1140 3568 1164 ,
3599 1116 3759 1169 neque

2164 1173 2254 1242 qui
2275 1175 2443 1246 rigat;
2463 1175 2551 1230 sed
2573 1177 2658 1246 qui
2676 1177 3034 1234 incrementum
3059 1182 3144 1235 dat
3170 1181 3308 1238 Deus
3331 1185 3376 1256 (l
3409 1183 3527 1242 Cor.
3557 1205 3629 1254 In,
3665 1191 3754 1256 10,

2165 1263 2220 1328 5,
2248 1262 2302 1331 6,
2332 1265 2407 1337 7).
2437 1267 2514 1320 Ac
2538 1282 2633 1336 per
2654 1269 2754 1324 hoc
2775 1269 2912 1324 sicut
2935 1273 3254 1329 exhortatur
3276 1287 3327 1330 et
3355 1279 3607 1346 prmdicat
3628 1297 3752 1337 rcc-

2168 1365 2220 1411 tc
2239 1399 2253 1422 ,
2283 1357 2375 1412 sed
2405 1359 2492 1414 ille
2516 1360 2604 1430 qui
2631 1363 2836 1432 accepit
2860 1363 2961 1418 hoc
2993 1364 3192 1421 donum
3233 1385 3247 1422 :
3286 1368 3353 1423 ita
3382 1370 3756 1429 exhortantem

2164 1456 2311 1504 recte
2326 1458 2485 1521 atque
2503 1452 2878 1521 praedicantem
2899 1455 3138 1524 proiecto
3157 1459 3244 1515 ille
3261 1460 3570 1520 obedienter
3582 1467 3748 1533 audit,

2164 1541 2255 1611 qui
2279 1543 2484 1613 accepit
2509 1543 2612 1600 hoc
2631 1545 2848 1601 donum.
2880 1548 3016 1605 Hinc
3042 1559 3124 1606 est
3150 1553 3290 1623 quod
3323 1554 3595 1623 Dominus,
3623 1573 3752 1614 cum

2165 1632 2242 1687 eis
2259 1633 2580 1703 loqueretur,
2601 1637 2692 1706 qui
2712 1639 2886 1694 carnis
2907 1655 3062 1695 aures
3083 1651 3293 1710 apertas
3317 1645 3594 1714 haberent,
3614 1649 3752 1705 dice-

2163 1720 2254 1777 bat
2275 1732 2471 1791 tamen,
2505 1725 2606 1793 Qui
2629 1727 2774 1783 habet
2797 1746 2945 1784 aures
2969 1732 3228 1798 audiendi,
3258 1737 3433 1790 audiat
3454 1737 3606 1809 (Luc.
3633 1757 3746 1804 vnl,

2163 1816 2222 1887 8)
2253 1834 2265 1870 :
2295 1833 2428 1889 quas
2457 1835 2561 1874 non
2592 1835 2778 1876 omnes
2806 1821 3004 1879 habere
3032 1827 3219 1896 procul
3242 1827 3403 1883 dubio
3433 1843 3674 1887 noverat.
3701 1836 3743 1888 Α

2163 1923 2269 1979 quo
2289 1919 2469 1966 autem
2492 1911 2742 1980 habeant,
2765 1915 3085 1986 quicumque
3113 1917 3327 1987 habent,
3353 1921 3464 1990 ipse
3494 1922 3752 1980 Dominus

2163 2001 2416 2069 ostendit,
2447 2004 2534 2060 ubi
2561 2006 2634 2060 ait
2657 2023 2670 2059 :
2700 2004 2842 2061 Dabo
2865 2008 2936 2063 eis
2960 2025 3047 2062 cor
3074 2013 3407 2082 cogiwsceudi
3431 2031 3509 2068 me
3530 2025 3577 2070 et
3601 2033 3750 2072 aures

2162 2094 2422 2152 audientes
2447 2094 2671 2166 (Barueh
2701 2115 2757 2164 ιι,
2788 2099 2898 2173 5i).
2928 2102 3100 2157 Aures
3125 2120 3252 2174 ergo
3276 2106 3545 2172 audiendi,
3576 2109 3750 2179 ipsum

2163 2197 2246 2242 est
2271 2187 2469 2243 donum
2497 2189 2802 2258 obediendi,
2832 2202 2886 2247 ut
2913 2194 3002 2264 qui
3033 2194 3081 2248 id
3111 2195 3386 2261 haberent,
3418 2199 3657 2255 venirent
3681 2202 3756 2256 ad-

2160 2293 2306 2346 eum,
2335 2280 2401 2334 ad
2429 2296 2586 2351 quem
2617 2298 2775 2338 nemo
2799 2285 2965 2351 venit,
2998 2287 3095 2340 nisi
3126 2285 3281 2342 fuerit
3305 2289 3354 2344 ei
3381 2289 3561 2346 datum
3588 2308 3617 2346 a
3649 2293 3749 2348 Pa-

2163 2379 2244 2426 tre
2274 2370 2459 2441 ipsius.
2501 2373 2856 2430 Exbortamur
2884 2393 3011 2448 ergo
3036 2388 3194 2449 atque
3223 2382 3572 2450 pra‘dicamns
3607 2403 3619 2438 :
3652 2387 3752 2441 sed

2161 2461 2250 2533 qui
2281 2461 2476 2519 habent
2503 2479 2661 2520 aures
2689 2467 2938 2522 audiendi
2961 2511 2975 2533 ,
3010 2469 3322 2527 obedienter
3349 2489 3446 2528 nos
3475 2475 3695 2530 audiunt
3727 2495 3744 2531 :

2160 2559 2248 2627 qui
2277 2573 2409 2613 vero
2435 2573 2526 2614 eas
2553 2575 2657 2617 non
2683 2561 2898 2627 habent,
2932 2563 2985 2617 ﬁt
3013 2565 3062 2618 in
3090 2565 3167 2620 eis
3193 2566 3332 2636 quod
3363 2569 3616 2638 scriptum
3639 2580 3744 2638 est,

2159 2659 2219 2704 ιιι
2245 2653 2504 2708 audientes
2533 2671 2633 2709 non
2671 2655 2884 2711 audiant
2912 2657 3123 2728 (Matth.
3157 2676 3271 2725 xm,
3304 2662 3434 2731 i3);
3468 2663 3746 2720 audientes

2158 2744 2408 2800 videlicet
2431 2749 2674 2817 corporis
2698 2764 2879 2814 sensu,
2913 2766 3017 2806 non
3047 2751 3267 2808 audiant
3293 2755 3470 2810 cordis
3498 2771 3741 2812 assensu.

2157 2833 2267 2892 Cur
2304 2847 2480 2893 autem
2520 2839 2592 2895 illi
2631 2839 2860 2896 habeant
2899 2858 3056 2898 aures
3086 2843 3356 2909 audiendi,
3401 2847 3474 2901 illi
3505 2863 3611 2902 non
3644 2847 3742 2902 ha—

2157 2925 2350 2994 beant,
2382 2928 2483 2986 hoc
2509 2939 2621 2999 est,
2652 2946 2749 2988 cur
2776 2933 2878 2988 illis
2903 2933 3084 2990 datum
3111 2936 3180 2990 sit
3204 2951 3232 2990 a
3263 2936 3420 2993 Patre
3445 2946 3502 2993 ut
3526 2939 3748 2996 veniant

2155 3019 2222 3076 ad
2264 3020 2476 3085 Filium,
2509 3023 2612 3078 illis
2639 3033 2816 3080 autem
2857 3042 2964 3082 non
2995 3027 3064 3082 sit
3091 3027 3301 3096 datum,
3349 3030 3470 3100 quis
3497 3034 3746 3102 cognovit

2155 3125 2370 3168 sensum
2401 3114 2632 3183 Domini,
2665 3127 2758 3172 aut
2785 3118 2906 3188 quis
2925 3117 3042 3189 ejus
3069 3121 3404 3177 consiliarius
3431 3121 3530 3177 fuit
3561 3122 3740 3195 (Rom.

2154 3219 2232 3271 xI,
2262 3204 2356 3275 54)
2378 3205 2402 3261 ?
2428 3214 2520 3264 aut
2549 3215 2604 3262 tu
2631 3208 2750 3280 quis
2773 3223 2853 3277 es,
2885 3225 2918 3266 ο
2948 3210 3130 3275 homo,
3166 3213 3255 3284 qui
3283 3214 3606 3285 respondeas
3631 3217 3742 3273 Deo

2158 3295 2268 3370 (Id.
2299 3315 2380 3366 Ix,
2405 3299 2500 3372 20)
2516 3301 2540 3355 ?
2559 3300 2824 3372 Numquid
2850 3303 2970 3360 ideo
2994 3305 3295 3376 negandum
3317 3316 3400 3363 est
3421 3309 3563 3378 quod
3586 3326 3744 3380 aper-

2156 3401 2264 3448 tum
2291 3405 2392 3458 est,
2419 3396 2538 3466 quia
2564 3395 2948 3467 comprehendi
2975 3414 3079 3454 non
3103 3409 3279 3470 potest
3303 3401 3443 3472 quod
3470 3403 3738 3460 occultum

2154 3487 2276 3542 est?
2301 3488 2576 3559 numquid,
2607 3489 2843 3561 inquam,-
2867 3501 3148 3561 propterea
3175 3492 3368 3549 dicturi
3391 3509 3575 3550 sumus
3596 3496 3738 3567 quod

2153 3577 2226 3634 ita
2256 3593 2376 3636 esse
2404 3580 2758 3651 perspicimus
2781 3622 2796 3647 ,
2827 3597 2935 3637 non
2974 3581 3046 3638 ita
3074 3597 3194 3640 esse
3217 3626 3234 3653 ,
3264 3586 3515 3656 quoniam
3544 3603 3640 3644 cur
3668 3587 3740 3643 ita

2151 3672 2222 3727 sit
2246 3687 2353 3727 non
2381 3688 2662 3742 possumus
2687 3673 2972 3730 invenire?

2221 3763 2449 3821 CAPUT
2490 3765 2603 3822 XV.
2640 3795 2715 3808 —
2750 3765 2840 3822 38.
2881 3766 2984 3824 Sed
3015 3766 3184 3832 aiunt.
3213 3776 3270 3824 ut
3293 3769 3546 3837 scribitis,
3580 3790 3599 3824 ι
3627 3771 3738 3828 Νε-

2151 3855 2348 3913 minem
2379 3871 2537 3926 posse
2555 3857 2910 3927 correptionis
2933 3859 3163 3915 stimulis
3191 3860 3431 3927 excitari,
3459 3862 3502 3917 si
3533 3862 3742 3919 dicatur

2152 3952 2208 4004 ln
2234 3960 2496 4004 conventu
2525 3949 2776 4006 Ecclesia:
2791 3949 3130 4007 audientibus
3157 3953 3336 4007 multis
3361 3971 3374 4007 :
3399 3952 3474 4008 Ita
3501 3969 3559 4010 se
3582 3955 3740 4011 habet

2151 4039 2220 4096 de
2241 4039 2706 4111 prcedestinatlone
2734 4041 2952 4097 deﬁnita
2987 4043 3252 4098 sententia
3288 4045 3575 4100 voluntatis
3604 4047 3736 4119 Dei,

2151 4137 2210 4185 ut
2237 4129 2324 4185 alii
2364 4145 2431 4186 ex
2463 4131 2614 4186 vobis
2639 4131 2706 4188 de
2733 4131 3046 4189 infidelitate
3074 4142 3291 4204 accepta
3313 4135 3598 4193 obediendi
3639 4153 3738 4192 vo-

2151 4222 2356 4279 luntate
2393 4223 2641 4279 veneritis
2665 4222 2730 4278 ad
2756 4223 2912 4279 ﬁdem
2938 4265 2955 4290 ,
2983 4223 3068 4281 vel
3105 4234 3320 4295 accepta
3345 4229 3738 4296 perseverantia

2150 4315 2412 4370 maneatis
2439 4315 2490 4369 in
2515 4313 2655 4380 ﬁde;
2679 4315 2857 4371 caeteri
2881 4330 3012 4372 vero
3050 4316 3140 4387 qui
3185 4315 3238 4371 in
3272 4327 3608 4387 peccatorum
3639 4318 3736 4374 de-

2151 4405 2432 4462 lectatione
2461 4406 2822 4473 remoramini,
2846 4406 2968 4462 ideo
2989 4407 3228 4462 nondum
3255 4409 3582 4473 surrexistis,
3612 4410 3736 4480 quia

2151 4497 2377 4553 necdum
2431 4511 2527 4552 vos
2581 4495 2905 4568 adiutorium
2965 4498 3150 4568 gratia:
3199 4498 3504 4554 miserantis
3545 4501 3731 4556 erexit.

2150 4587 2529 4644 Verumtamen
2558 4588 2600 4642 si
2647 4588 2733 4658 qui
2761 4589 2890 4644 estis
2921 4589 3146 4644 necdum
3171 4592 3363 4658 vocali,
3399 4606 3532 4662 quos
3569 4593 3735 4662 gratia

2149 4693 2245 4734 sua
2300 4679 2757 4749 praedestinavcrit
2807 4680 3116 4752 eligendos,
3166 4681 3438 4751 accipietis
3490 4683 3734 4738 eamdem

2149 4768 2396 4841 gratiam,
2418 4785 2520 4840 qua
2550 4770 2718 4826 velitis
2743 4780 2795 4826 et
2827 4771 2944 4826 sitis
2971 4771 3126 4827 electi
3159 4789 3170 4825 :
3201 4781 3256 4827 ει
3279 4772 3321 4826 si
3349 4772 3438 4842 qui
3467 4772 3693 4829 obeditis
3715 4815 3732 4841 ,

2149 4861 2193 4916 si
2217 4860 2578 4932 prmdestinati
2599 4862 2728 4916 estis
2754 4862 3046 4932 reiieiendi,
3077 4863 3454 4919 subtrahentur
3477 4865 3736 4920 obedien-

2148 4952 2200 5008 di
2229 4953 2386 5018 vircs,
2424 4965 2482 5009 ut
2503 4953 2724 5010 obedire
2753 4956 2992 5010 cessetis.
3030 4975 3048 5008 ι
3078 4956 3178 5011 ista
3207 4971 3327 5011 cum
3367 4957 3632 5022 dicuntur,
3664 4959 3734 5014 ita

2149 5052 2294 5092 nosa
2318 5038 2616 5094 conﬁtenda
2638 5054 2761 5093 vera
2793 5039 2884 5096 Dei
2911 5041 3101 5110 gratia,
3133 5040 3182 5094 id
3208 5050 3313 5109 est,
3347 5058 3465 5112 qua:
3504 5058 3608 5097 non
3651 5059 3737 5098 se-

2147 5128 2377 5183 cundum
2400 5128 2586 5184 merita
2608 5135 2790 5184 nostra
2825 5129 3000 5196 datur,
3037 5141 3091 5185 et
3135 5146 3164 5185 a
3191 5132 3491 5187 conﬁtenda
3539 5148 3734 5188 secun-

2146 5218 2272 5273 dum
2300 5234 2416 5274 eam
2469 5218 2937 5290 prcedestinatione
2984 5230 3288 5276 sanctorum
3319 5221 3593 5278 deterrere
3626 5239 3734 5278 non

2145 5310 2377 5376 debent;
2407 5312 2543 5365 sicut
2571 5328 2673 5366 non
2701 5311 3035 5368 deterremur
3060 5329 3091 5370 a
3121 5314 3419 5370 conﬁtenda
3443 5316 3732 5386 prazscien-

2149 5403 2217 5457 tia
2251 5402 2340 5456 Dei
2366 5443 2378 5466 ,
2407 5401 2451 5457 si
2479 5402 2598 5472 quis
2622 5402 2689 5458 de
2720 5404 2805 5458 illa
2837 5405 3032 5474 populo
3060 5406 3137 5461 sic
3166 5406 3429 5476 loquatur,
3459 5416 3517 5462 ut
3545 5407 3684 5462 dicat
3717 5427 3731 5464 τ

2153 5513 2172 5548 ι
2197 5494 2320 5552 Sive
2341 5510 2482 5550 nunc
2511 5504 2652 5551 recte
2679 5497 2867 5552 vivatis
2885 5538 2900 5562 ,
2929 5498 3042 5554 sive
3073 5514 3180 5554 non
3209 5507 3352 5554 recte
3374 5541 3389 5565 ,
3421 5499 3554 5556 tales
3582 5500 3732 5556 eritis

2147 5595 2352 5656 postea,
2375 5586 2567 5655 quales
2580 5601 2674 5642 vos
2694 5587 2838 5642 Deus
2859 5587 3064 5644 futuros
3092 5603 3211 5644 esse
3232 5590 3518 5659 praescivit,
3536 5590 3617 5647 vel
3636 5590 3732 5645 δυο

2147 5678 2200 5734 ni
2227 5679 2272 5733 si
2297 5679 2463 5733 bonos
2488 5720 2502 5742 ,
2530 5679 2610 5733 vel
2638 5679 2763 5733 mali
2793 5680 2836 5734 si
2867 5681 3054 5763 malos.
3081 5697 3101 5732 ι
3159 5679 3419 5751 Numquid
3467 5681 3633 5746 enim,
3683 5683 3728 5739 si

2149 5767 2251 5826 hoc
2278 5761 2453 5824 audito
2479 5769 2719 5826 nonnulli
2744 5769 2796 5827 in
2822 5761 3088 5841 torporem
3110 5771 3493 5842 segnitiemque
3516 5779 3729 5828 vertan-
