4118 6540
426 399 566 463 1017

423 530 530 587 tttr,
552 525 657 575 eta
683 503 868 573 labore
899 502 1159 588 proclives
1185 509 1254 567 ad
1291 510 1562 568 libidinem
1604 520 1725 584 post
1759 510 2013 583 concupi-

423 612 656 667 scentias
680 625 805 667 suas
831 619 985 673 eant,
1020 615 1300 678 propterea
1326 604 1393 660 de
1429 606 1763 677 praescientia
1792 605 1887 662 Dei
1916 604 2013 660 fal-

421 720 541 761 sum
576 702 869 775 putandum
910 708 994 756 est
1027 713 1167 766 esse,
1192 697 1333 769 quod
1366 697 1568 753 dictum
1604 698 1726 754 est?
1751 696 1939 753 Nonne
1964 696 2013 754 si

423 797 565 852 Deus
591 795 711 850 illos
729 794 897 850 bonos
923 790 1128 848 futuros
1155 804 1276 846 esse
1300 784 1590 860 prmscivit,
1607 789 1735 847 boni
1756 797 1933 854 erunt,
1956 789 2012 845 in

420 888 749 961 quantalibet
777 900 917 941 nunc
936 883 1261 956 malignitate
1289 892 1601 949 versentur;
1631 883 1674 938 si
1699 892 1876 938 autem
1898 896 2014 937 ma-

424 980 527 1047 los,
556 979 680 1035 mali
707 988 885 1042 erunt,
910 979 964 1033 in
992 975 1321 1048 quantalibet
1348 990 1489 1032 nunc
1515 976 1751 1032 bonitate
1783 990 2013 1031 cernan-

423 1074 547 1129 tur?
573 1071 693 1127 Fuit
716 1070 929 1141 quidam
980 1069 1033 1125 in
1077 1078 1264 1125 nostro
1310 1068 1657 1137 monasterio,
1705 1067 1794 1138 qui
1841 1066 2012 1123 corri-

423 1162 689 1234 pientibus
718 1161 968 1217 fratribus
995 1175 1092 1216 cur
1116 1159 1356 1232 quaedam
1389 1174 1496 1215 non
1526 1158 1763 1215 facienda
1786 1158 2006 1227 faceret,

419 1264 475 1309 et
500 1252 740 1309 facienda
765 1268 871 1308 non
900 1251 1124 1319 faceret,
1156 1251 1514 1320 respondebat
1548 1268 1564 1307 :
1595 1250 2009 1322 Qualiscumque

419 1360 563 1402 nunc
601 1344 725 1412 sim,
757 1344 877 1400 talis
908 1360 1002 1399 ero
1030 1344 1240 1414 qualem
1275 1358 1361 1398 me
1415 1342 1561 1398 Deus
1610 1340 1845 1398 futurum
1888 1357 2010 1399 esse

418 1434 703 1506 praescivit.
720 1434 833 1507 Qui
864 1432 1102 1505 profecto
1120 1443 1175 1488 et
1203 1428 1389 1489 verum
1413 1433 1642 1499 dicebat,
1674 1442 1729 1488 et
1753 1432 1856 1490 boc
1878 1448 2011 1489 vero

420 1542 527 1581 non
554 1526 863 1598 proficiebat
898 1526 949 1592 ip
978 1525 1176 1582 bonum
1210 1525 1346 1582 :sed
1397 1541 1567 1598 usque
1613 1526 1749 1582 adeo
1785 1526 2010 1598 profecit

423 1617 477 1674 in
508 1619 729 1684 malum,
754 1626 814 1674 ut
837 1619 1049 1675 deserta
1071 1618 1381 1675 monasterii
1410 1618 1664 1673 societate
1685 1617 1836 1674 ﬁeret
1859 1618 2009 1675 canis

422 1726 672 1767 reversus
696 1708 763 1766 ad
784 1724 938 1765 suum
960 1710 1217 1766 vomitum
1240 1718 1255 1763 ξ
1277 1718 1333 1765 ει
1354 1718 1529 1765 tamen
1549 1708 1725 1765 adbuc
1743 1710 1914 1781 qualis
1938 1710 2010 1766 sit

417 1802 648 1870 futurus,
672 1803 931 1859 incertum
949 1810 1050 1859 est.
1073 1801 1338 1873 Numquid
1359 1816 1488 1874 ergo
1505 1810 1721 1872 propter
1736 1801 2011 1871 bnjusmo-

415 1896 471 1953 di
499 1896 706 1952 animas
728 1897 745 1929 ¹
772 1911 835 1952 ea
856 1911 975 1967 qua:
1000 1894 1069 1952 de
1093 1892 1439 1966 praescientia‘
1461 1893 1553 1949 Dei
1593 1908 1715 1949 vera
1735 1892 2003 1967 dicuntur,

338 1991 345 1999 ‘
417 1987 498 2043 vel
528 1987 766 2059 neganda
801 1995 925 2042 sum
952 1986 1033 2041 vel
1064 1983 1318 2051 tacenda;
1363 1991 1491 2039 tunc
1530 1982 1754 2052 scilicet,
1793 1982 2011 2055 quando

415 2084 461 2137 si
480 2097 586 2136 non
613 2082 879 2147 dicantur,
911 2080 966 2135 in
989 2079 1123 2135 alios
1151 2079 1257 2134 itur
1271 2077 1525 2134 errores?

485 2171 713 2229 CAPUT
752 2171 892 2226 XVI.
930 2201 1003 2212 —
1038 2170 1127 2227 59.
1167 2169 1303 2225 Sunt
1325 2169 1485 2225 etiam
1506 2168 1593 2239 qui
1614 2174 1893 2238 propterea
1916 2165 2005 2222 vel

415 2278 522 2318 non
551 2271 725 2329 orant,
753 2261 839 2317 vel
861 2260 1051 2332 frigide
1071 2267 1247 2326 orant,
1276 2260 1526 2330 quoniam
1553 2259 1778 2313 Domino
1796 2258 2006 2313 dicente

414 2353 733 2418 didicerunt,
776 2353 915 2408 scire
950 2352 1118 2407 Deum
1152 2349 1279 2422 quid
1326 2349 1482 2405 nobis
1523 2348 1881 2404 necessarium
1911 2349 2002 2416 sit,

414 2447 721 2517 priusquam
745 2454 986 2515 petamus
1010 2442 1077 2500 ab
1102 2457 1168 2499 eo
1190 2441 1488 2515 (Matthxi,
1520 2442 1597 2513 8).
1624 2440 1758 2496 Num
1789 2450 2007 2511 pmpter

416 2537 550 2593 tales
573 2536 731 2608 hujus
756 2536 1035 2592 sententiae
1064 2537 1261 2590 veritas
1287 2532 1604 2599 deserenda,
1624 2540 1716 2587 aut
1737 2548 1803 2588 ex
1826 2532 2004 2587 Evan-

412 2629 551 2700 gelio
578 2627 806 2685 delenda
833 2625 1107 2699 putabitur
1125 2625 1151 2678 γ
1174 2625 1284 2680 lmo
1298 2639 1419 2681 cum
1441 2632 1649 2680 constet
1676 2623 1776 2677 alia
1812 2623 1998 2690 Deum,

413 2722 588 2777 danda
610 2720 770 2777 etiam
795 2734 902 2775 non
928 2718 1204 2774 orantibus
1231 2717 1275 2784 ⁸,
1302 2716 1441 2772 sicut
1466 2715 1673 2770 initium
1700 2713 1858 2780 fidei;
1898 2713 2008 2768 alia

414 2811 627 2868 nonnisi
658 2811 934 2866 orantibus
956 2822 1303 2880 praeparasse,
1334 2805 1474 2862 sicut
1516 2821 1685 2877 usque
1733 2806 1788 2861 in
1840 2804 2002 2861 linem

414 2903 865 2974 perseverantiam
890 2920 906 2958 τ
929 2902 1166 2972 profecto
1197 2900 1288 2972 qui
1314 2914 1383 2956 ex
1411 2914 1471 2955 se
1496 2899 1613 2969 ipso
1643 2899 1779 2954 banc
1818 2912 1878 2953 se
1906 2896 2004 2952 ba-

415 2995 544 3051 bere
573 3003 757 3065 putat,
781 3008 885 3048 non
915 3002 1033 3048 orat
1058 2999 1119 3047 ttt
1146 2991 1358 3046 habeat.
1379 2990 1684 3046 Cavendum
1709 2999 1794 3045 est
1822 2989 1997 3061 igitur,

414 3102 506 3151 ne,
522 3085 648 3142 dum
677 3085 923 3140 timemus
956 3099 1024 3140 ne
1055 3090 1294 3153 tepescat
1344 3081 1595 3151 hortatio,
1638 3083 2007 3154 cxstinguatur

413 3178 606 3246 oratio,
637 3177 959 3233 accendatur
983 3175 1165 3231 elatio.
1894 3166 1897 3169 ’

484 3267 575 3325 ιι).
616 3267 832 3325 Dicatur
856 3282 985 3340 ergo
1005 3281 1211 3333 verum,
1239 3265 1470 3321 maxime
1485 3264 1573 3321 ubi
1586 3264 1759 3337 aliqua
1778 3264 2006 3337 quaestio

416 3369 475 3417 ut
499 3360 705 3416 dicatur
726 3359 984 3431 impellit;
1015 3369 1069 3416 et
1094 3359 1306 3430 capiant
1341 3359 1431 3430 qui
1466 3366 1690 3431 possunt
1719 3375 1734 3412 :
1764 3374 1832 3414 ne
1866 3358 2003 3416 forte

413 3469 535 3510 cum
558 3461 761 3510 tacetur
786 3462 1003 3524 propter
1030 3467 1123 3508 cos
1147 3452 1236 3523 qui
1270 3465 1463 3523 capere
1490 3465 1593 3506 non
1625 3460 1866 3523 possunt,
1895 3466 2001 3508 non

413 3546 587 3602 solum
611 3545 834 3601 veritate
862 3544 1175 3600 fraudentur
1194 3585 1211 3613 ,
1232 3558 1417 3599 verum
1447 3542 1607 3598 etiam
1644 3542 1880 3599 falsitate
1911 3558 2007 3598 ca-

416 3637 661 3709 piantur,
705 3636 796 3708 qui
843 3651 1028 3691 verum
1072 3649 1286 3706 capere,
1333 3648 1441 3706 quo
1479 3644 1730 3689 caveatur
1777 3633 2001 3705 falsitas,

415 3736 658 3799 possunt.
695 3726 875 3783 Facile
907 3733 991 3782 est
1012 3726 1178 3791 enim,
1209 3726 1319 3781 imo
1355 3734 1408 3782 et
1452 3726 1601 3794 utile,
1653 3733 1712 3781 ut
1763 3735 2005 3784 taceatur

413 3820 631 3893 aliquod
662 3836 847 3877 verum
871 3829 1091 3892 propter
1111 3821 1408 3892 incapaces.
1435 3818 1569 3875 Nam
1597 3819 1740 3876 unde
1760 3828 1845 3876 est
1872 3820 2003 3877 illud

415 3913 649 3979 Domini,
679 3913 862 3968 Adhuc
888 3912 1048 3967 multa
1073 3913 1233 3967 habeo
1266 3912 1404 3967 vobis
1437 3912 1623 3979 dicere,
1654 3912 1743 3967 sed
1771 3929 1874 3967 non
1918 3930 2009 3986 po-

415 4007 553 4063 testis
576 4004 667 4060 illa
688 4013 889 4075 portare
914 4004 1066 4059 modo
1096 4002 1276 4076 (locu.
1305 4019 1419 4072 xvu,
1449 4004 1580 4077 12)?
1613 4013 1668 4060 et
1700 4004 1828 4059 illud
1855 4006 2003 4076 Apo-

415 4102 563 4169 stoli,
591 4101 715 4158 Non
756 4102 897 4173 potui
942 4102 1078 4157 vobis
1127 4101 1264 4172 loqui
1311 4100 1457 4173 quasi
1499 4098 1878 4168 spiritualibus,
1912 4100 2005 4155 sed

415 4196 561 4263 quasi
580 4195 871 4251 carnalibus
902 4211 921 4249 :
944 4195 1089 4266 quasi
1139 4194 1365 4266 parvulis
1406 4193 1461 4248 in
1509 4192 1710 4249 Christo
1751 4194 1831 4248 lac
1867 4194 2004 4250 vobis

418 4298 593 4358 potum
613 4287 750 4353 dedi,
773 4304 876 4341 non
903 4302 1069 4341 escam
1090 4285 1352 4350 :nondum
1371 4285 1504 4339 enim
1530 4286 1789 4356 poteratis,
1811 4286 1899 4340 sed
1914 4302 2004 4341 nec

415 4379 587 4433 adhuc
602 4378 802 4450 quidem
829 4379 1034 4450 potestis
1049 4377 1094 4448 (Ι
1118 4376 1235 4432 Cor.
1269 4392 1347 4441 ιιι,
1372 4377 1425 4443 1,
1451 4376 1507 4448 2)
1525 4378 1550 4429 'l
1565 4374 1823 4444 Quamvis
1844 4376 2004 4433 modo

416 4468 647 4542 quodam
675 4468 886 4524 dicendi
920 4469 1035 4525 fieri
1087 4469 1275 4539 possit,
1300 4476 1359 4523 ut
1402 4467 1454 4522 id
1500 4468 1642 4538 quod
1682 4467 1896 4535 dicitur,
1949 4478 2006 4525 et

418 4565 654 4636 parvulis
680 4565 782 4630 lac,
810 4573 866 4620 et
882 4563 1172 4635 grandibus
1190 4578 1312 4618 esca
1342 4563 1431 4617 sit.
1461 4562 1629 4628 Sicut,
1663 4560 1729 4616 In
1755 4562 2003 4634 principio

418 4668 526 4712 erat
559 4655 797 4723 Verbum,
819 4665 867 4711 et
902 4653 1117 4710 Verbum
1139 4663 1244 4709 erat
1268 4653 1409 4723 apud
1434 4652 1599 4707 Deum
1620 4694 1636 4718 ,
1659 4662 1706 4721 et
1733 4651 1873 4707 Deus
1894 4661 2005 4708 erat

426 4747 645 4805 Verbum
667 4745 845 4820 (Joan.
878 4762 917 4814 ι,
950 4747 1002 4815 l)
1023 4787 1039 4813 ,
1065 4745 1185 4815 quis
1217 4744 1539 4799 cbristianus
1573 4753 1747 4799 Iacere
1789 4744 2002 4814 potest?

417 4841 536 4913 quis
551 4855 746 4913 capere
763 4841 787 4894 ‘t
807 4846 900 4894 aut
921 4837 1046 4910 quid
1075 4838 1127 4893 in
1154 4835 1396 4892 doctrina
1420 4850 1548 4891 sana
1574 4844 1748 4906 potest
1778 4835 2003 4892 inveniri

419 4932 671 5004 grandius
686 4933 710 4973 ν
734 4931 887 5003 Quod
914 4941 1088 4987 tamen
1109 4938 1165 4986 et
1182 4929 1415 5000 parvulis
1440 4944 1544 4984 non
1565 4938 1832 4985 taceturet
1846 4944 2004 5000 gran-

420 5026 599 5097 dibus,
628 5041 728 5082 ncc
756 5025 993 5097 parvulis
1013 5023 1312 5080 occultatur
1335 5036 1365 5075 a
1386 5021 1675 5092 grandibus
1697 5020 1738 5075 ³.
1768 5020 1872 5075 Sed
1899 5020 2003 5076 alia

423 5127 508 5173 est
534 5121 669 5174 ratio
697 5135 878 5176 verum
909 5118 1137 5185 tacendi,
1171 5116 1273 5172 alia
1311 5129 1494 5170 verum
1525 5114 1732 5170 dicendi
1765 5114 2004 5170 necessi-

427 5217 526 5264 tas.
556 5207 755 5266 Causas
777 5226 958 5267 verum
988 5209 1197 5266 tacendi
1224 5210 1437 5280 longum
1459 5215 1540 5262 est
1556 5220 1742 5261 omnes
1764 5220 2005 5276 quaerere

424 5301 509 5357 vel
528 5299 763 5356 inserere
782 5318 797 5355 :
815 5316 1038 5371 quarum
1056 5310 1233 5356 tamen
1253 5309 1335 5356 est
1354 5308 1410 5355 ct
1429 5298 1545 5354 haec
1558 5311 1684 5364 una,
1710 5310 1777 5350 nc
1796 5295 2006 5367 pejores

490 5498 509 5560 ξ
545 5495 692 5557 Editl,
731 5457 928 5560 propter
969 5492 1246 5557 huiusmodi
1282 5508 1471 5547 causas.
1504 5502 1683 5546 omnes
1704 5505 1858 5556 prOpe
1877 5498 2007 5556 Mss,

423 5558 684 5687 “inﬁgi,
703 5627 804 5687 Imp
819 5630 928 5668 cum
943 5622 1120 5687 constet
1144 5625 1299 5687 Deum
1316 5616 1428 5687 alia.
1446 5616 1592 5687 etiam
1612 5628 1706 5687 non
1726 5612 1979 5687 omnibus
1990 5650 2005 5675 ,

425 5684 624 5743 omisso,
650 5678 833 5740 danda,
856 5679 990 5744 quod
1014 5681 1218 5729 verbum
1240 5680 1291 5730 in
1314 5679 1459 5730 editis
1476 5679 1585 5729 aliis
1607 5686 1660 5731 et
1671 5678 2011 5741 manuscriptis

427 5750 615 5856 “ius;
634 5811 742 5855 Iss.
771 5809 831 5867 At
847 5802 983 5864 editi,
997 5807 1045 5867 et
1066 5775 1279 5867 paruulis
1292 5813 1385 5856 non
1408 5806 1590 5855 tacetur
1603 5836 1617 5865 ,
1640 5807 1687 5856 ct
1698 5814 1785 5855 nec
1805 5797 2009 5866 grandi-

429 5866 515 5925 bus
539 5880 625 5922 nec
642 5864 856 5925 paruulis
882 5862 1174 5934 occultatur.

1483 394 1688 455 ιωεῐι
1726 394 1814 451 DE
1853 393 2034 453 DONO
2071 394 2696 459 PERSEVERANTMJ.

3562 415 3705 475 1018

2119 512 2375 571 faciamus
2397 530 2493 572 eos
2524 517 2613 589 qui
2639 532 2746 573 non
2773 516 3090 592 intelligunt,
3108 521 3234 578 dum
3249 525 3494 583 volumus
3503 544 3597 585 eos
3612 532 3704 600 qui

2116 603 2416 676 intelligunt
2427 606 2599 665 facere
2612 609 2880 667 doctiores
2896 626 2911 677 ;
2927 611 3017 683 qui
3034 614 3186 670 nobis
3196 615 3394 686 aliquid
3406 619 3511 675 tale
3529 630 3703 678 tacen-

2115 697 2258 753 tibus
2277 697 2543 757 doctiores
2559 701 2772 773 quidem
2790 718 2894 759 non
2912 704 3158 769 tiunt.sed
3178 722 3276 762 nec
3306 708 3514 779 pejores
3545 711 3700 771 ﬁunt.

2114 788 2246 846 Cum
2259 801 2433 848 autem
2457 808 2545 849 res
2566 810 2689 850 vera
2707 795 2776 850 ita
2789 809 2848 851 se
2866 796 3043 865 habet,
3062 806 3119 853 ut
3135 798 3224 854 fiat
3241 801 3390 871 pejor
3405 802 3558 860 nobis
3577 820 3694 863 eam

2114 881 2432 951 dicentibus,
2461 884 2548 941 illc
2574 887 2663 958 qui
2702 901 2895 958 capere
2930 903 3034 943 non
3068 900 3283 959 pctest;
3330 892 3486 949 nobis
3523 902 3705 950 autem
3754 876 3757 881 I

2115 974 2428 1042 tacentibus,
2449 974 2537 1032 ille
2557 977 2649 1048 qui
2675 986 2847 1049 potest
2868 996 2887 1057 ξ
2916 979 3041 1049 quid
3071 988 3317 1049 putamus
3344 997 3464 1039 esse
3492 982 3695 1040 facien-

2113 1066 2280 1124 dum?
2303 1068 2489 1126 Nonne
2512 1071 2688 1144 potius
2716 1080 2798 1128 est
2821 1071 3101 1129 dicendum
3131 1089 3315 1130 verum
3333 1117 3348 1142 ,
3373 1084 3432 1131 ut
3460 1076 3551 1148 qui
3601 1092 3701 1148 po-

2114 1166 2218 1215 test
2252 1175 2445 1233 capere
2473 1162 2684 1233 capiat;
2722 1178 2883 1235 quam
2923 1164 3228 1233 tacendum,
3271 1174 3329 1221 ut
3372 1182 3478 1222 non
3526 1169 3697 1223 solum

2112 1251 2167 1308 id
2188 1253 2347 1309 ambo
2375 1268 2481 1309 non
2510 1255 2744 1325 capiant,
2771 1271 2953 1311 verum
2978 1256 3138 1312 etiam
3165 1257 3253 1328 qui
3281 1265 3367 1314 est
3392 1257 3698 1330 intelligen-

2112 1344 2234 1412 tior,
2257 1345 2370 1418 ipse
2389 1346 2459 1402 sit
2478 1347 2666 1418 pejor?
2689 1347 2789 1416 Qui
2803 1348 2849 1403 si
2867 1346 3078 1404 audiret
3101 1357 3157 1405 et
3181 1355 3414 1419 caperet,
3441 1365 3536 1420 per
3550 1350 3697 1405 illum

2111 1439 2270 1495 etiam
2322 1440 2503 1511 plures
2540 1439 2827 1497 discerent.
2875 1440 2994 1511 Quo
3030 1441 3173 1497 enim
3223 1451 3307 1497 est
3354 1440 3602 1513 capacior
3642 1452 3702 1497 ut

2111 1532 2301 1600 discat,
2324 1547 2390 1589 eo
2416 1534 2585 1605 magis
2608 1542 2692 1590 est
2734 1534 2957 1590 idoneus
2994 1543 3052 1590 ut
3087 1534 3223 1591 alios
3270 1533 3483 1591 doceat.
3532 1526 3699 1591 instat

2111 1624 2355 1681 inimicus
2373 1625 2577 1696 gratias,
2604 1632 2764 1696 atque
2798 1634 2947 1697 urget
2979 1625 3152 1681 modis
3174 1627 3440 1693 omnibus,
3481 1636 3540 1682 ut
3576 1643 3696 1683 crc-

2110 1713 2269 1771 datur
2291 1716 2583 1771 secundum
2610 1717 2798 1772 merita
2826 1727 3010 1773 nostra
3029 1716 3166 1783 dari,
3192 1732 3257 1773 ac
3274 1718 3354 1773 sic
3378 1718 3545 1789 gratia
3580 1718 3693 1789 jam

2110 1821 2218 1863 non
2241 1807 2312 1862 sit
2342 1807 2508 1878 gratia
2539 1807 2715 1879 (Rom.
2747 1823 2826 1873 XI,
2871 1806 2927 1880 6)
2953 1825 2968 1862 :
2995 1815 3053 1864 et
3087 1798 3186 1864 nos
3214 1807 3462 1864 nolumus
3487 1808 3689 1874 dicere,

2109 1898 2251 1970 quod
2283 1909 2417 1955 teste
2440 1899 2716 1969 Scriptura
2740 1914 3025 1971 possumus
3045 1900 3264 1956 dicere?
3278 1900 3526 1956 timemus
3547 1899 3691 1957 enim

2106 1989 2374 2059 videlicet,
2398 2004 2466 2045 ne
2490 1990 2829 2061 loquentibus
2849 1992 3003 2047 nobis
3030 1991 3347 2057 offendatur,
3374 1992 3463 2063 qui
3495 1992 3693 2047 verita-

2110 2088 2214 2136 tem
2238 2095 2343 2135 non
2365 2089 2539 2152 potest
2558 2096 2784 2152 capere;
2807 2091 2987 2138 etnon
3010 2084 3277 2150 timemus,
3301 2098 3371 2139 ne
3399 2084 3695 2140 tacentibus

2108 2172 2280 2239 nobis,
2305 2173 2395 2244 qui
2416 2172 2691 2229 veritatem
2747 2182 2921 2244 potest
2968 2188 3181 2245 capere,
3227 2174 3457 2232 falsitate
3507 2175 3692 2246 capia-

2110 2271 2195 2319 tur
2211 2265 2238 2319 τ

2176 2358 2270 2412 Ill.
2310 2359 2414 2412 Aut
2462 2357 2605 2414 enim
2632 2358 2710 2414 sic
2751 2344 3150 2429 prmdestinatio
3199 2358 3535 2430 pr:edicanda
3585 2370 3692 2429 est,

2105 2448 2554 2520 quemadmodum
2589 2465 2707 2504 eam
2750 2457 2928 2504 sancta
2959 2448 3232 2519 Scriptura
3260 2449 3536 2506 evidenter
3578 2452 3695 2506 elo-

2106 2540 2305 2613 quitur,
2334 2550 2393 2596 ut
2419 2542 2471 2597 in
2502 2541 2892 2613 praedestinatis
2925 2542 3042 2597 sine
3071 2541 3382 2611 pmnitentia
3423 2542 3530 2599 sint
3552 2542 3691 2599 dona

2105 2643 2161 2689 et
2185 2633 2395 2689 vocatio
2442 2633 2574 2701 Dei;
2605 2642 2696 2688 aut
2745 2634 2970 2705 gratiam
3020 2633 3115 2690 Dei
3157 2633 3449 2690 secundum
3506 2636 3694 2691 merita

2106 2735 2289 2785 nostra
2332 2725 2446 2797 dari
2498 2726 2893 2795 confitendum,
2938 2727 3079 2800 quod
3128 2729 3342 2799 sapiunt
3390 2729 3694 2801 Pelagiani,

2106 2819 2348 2891 quamvis
2374 2819 2474 2875 ista
2503 2818 2790 2888 sententia,
2810 2819 2951 2891 quod
2973 2835 3116 2891 ωερε
3131 2820 3241 2891 jam
3271 2821 3522 2889 diximus,
3553 2821 3698 2895 lcga-

2107 2918 2194 2966 tur
2213 2911 2376 2982 gestis
2402 2910 2774 2981 episcoporum
2796 2910 3134 2966 orientalium
3162 2912 3323 2967 etiam
3348 2912 3517 2983 ipsius
3542 2913 3698 2969 Pela~

2105 3001 2179 3071 gii
2203 3016 2298 3057 ore
2321 3001 2569 3057 damnata
2596 3000 2702 3073 (De
2742 3000 2909 3058 Gestis
2948 3001 3170 3075 Pelagii,
3216 3020 3271 3058 η.
3321 3004 3437 3076 50).
3465 3006 3510 3060 Α
3540 3005 3695 3063 Pela-

2104 3094 2385 3166 gianorum
2440 3109 2602 3166 porro
2650 3094 2900 3151 barretica
2948 3097 3298 3166 perversitate
3349 3105 3555 3154 tantum
3605 3100 3692 3156 isti

2106 3186 2299 3241 remoti
2329 3194 2473 3253 sunt,
2505 3196 2725 3259 propter
2748 3201 2883 3256 quos
2908 3186 3024 3243 ba-c
3060 3189 3286 3259 agimus,
3311 3199 3370 3246 ut
3393 3191 3517 3247 licet
3559 3208 3696 3248 non-

2105 3276 2232 3333 dum
2262 3277 2428 3332 velint
2471 3277 2621 3333 fateri
2671 3278 3081 3349 pra'destinatos
3123 3295 3265 3348 esse,
3319 3282 3410 3352 qui
3460 3298 3556 3354 per
3596 3283 3691 3341 Dei

2102 3368 2327 3442 gratiam
2354 3368 2483 3425 fiant
2510 3368 2822 3426 obedientes
2853 3378 3013 3442 atque
3050 3383 3429 3443 permaneant;
3464 3375 3574 3446 jam
3605 3385 3689 3432 ta-

2105 3479 2237 3523 men
2279 3461 2568 3531 fateantur,
2611 3463 2753 3534 quod
2793 3478 2979 3520 eorum
3018 3466 3306 3536 praeveniat
3356 3467 3689 3524 voluntatem

2107 3556 2303 3628 quibus
2327 3555 2487 3611 datur
2511 3554 2628 3611 btec
2651 3555 2819 3626 gratia
2847 3572 2861 3609 :
2886 3554 3009 3612 ideo
3034 3556 3217 3627 utique
3240 3598 3255 3623 ,
3284 3572 3352 3613 ne
3388 3574 3496 3614 non
3526 3560 3693 3630 gratis

2103 3648 2223 3705 dari
2260 3647 2511 3704 credatur
2543 3646 2741 3718 gratia,
2771 3647 2907 3703 sicut
2934 3648 3134 3704 veritas
3167 3647 3432 3719 loquitur;
3469 3648 3563 3706 sed
3595 3665 3688 3721 po-

2107 3742 2210 3796 tius
2244 3738 2536 3796 secundum
2586 3737 2935 3811 praecedentis
2966 3740 3156 3795 merita
3192 3739 3516 3807 voluntatis,
3557 3741 3695 3797 sicut

2052 3865 2077 3883 ι.
2105 3840 2291 3889 contra
2312 3830 2591 3887 veritatem
2619 3830 2934 3900 Pelagianos
2963 3846 3116 3886 error
3133 3830 3452 3902 obloquitur.
3481 3828 3697 3889 Prmvco

2106 3924 2186 3980 nit
2202 3939 2330 3995 ergo
2358 3932 2412 3978 et
2431 3923 2589 3979 fidem
2615 3923 2783 3995 gratia
2818 3940 2832 3978 :
2857 3923 3090 3996 alioquin
3117 3924 3163 3979 si
3186 3924 3316 3981 tides
3347 3940 3465 3981 eam
3486 3940 3693 3999 praeve-

2106 4018 2203 4082 nit,
2227 4016 2410 4087 procul
2429 4015 2593 4072 dubio
2620 4014 2876 4086 pnnvenit
2893 4022 2949 4070 et
2975 4015 3241 4080 voluntas,
3281 4017 3529 4086 quoniam
3561 4017 3695 4073 fides

2105 4110 2224 4167 sine
2245 4109 2514 4164 voluntate
2536 4123 2640 4162 non
2667 4114 2843 4178 potest
2867 4121 3012 4163 esse.
3032 4106 3089 4163 Si
3110 4117 3287 4162 autem
3304 4108 3472 4178 gratia
3492 4123 3697 4178 prteve-

2107 4204 2187 4260 nit
2214 4202 2397 4268 ﬁdem,
2436 4200 2689 4272 quoniam
2738 4199 2996 4270 praevenit
3041 4199 3403 4265 voluntatem;
3454 4198 3697 4270 profecto

2108 4294 2367 4368 pnevcnit
2392 4307 2604 4348 omnem
2632 4290 3028 4355 obedientiam;
3066 4290 3325 4362 praevenit
3360 4290 3519 4345 etiam
3558 4289 3692 4345 eba-

2106 4389 2340 4454 ritatem,
2370 4403 2473 4458 qua
2502 4401 2605 4441 una
2628 4385 2737 4441 Deo
2779 4385 3041 4440 veraciter
3073 4393 3127 4438 et
3155 4383 3388 4439 suaviter
3411 4383 3694 4450 obcditur;

2108 4484 2163 4536 et
2187 4479 2303 4535 haec
2328 4478 2506 4535 omnia
2546 4477 2714 4548 gratia
2752 4476 2804 4530 in
2837 4491 2904 4531 eo
2943 4475 3028 4531 cui
3066 4474 3244 4544 datur,
3280 4483 3336 4532 ει
3387 4475 3541 4546 cujus
3578 4476 3696 4531 lucc

2107 4571 2284 4627 omnia
2308 4568 2582 4639 praevenit,
2616 4577 2886 4638 operatur.

2177 4661 2404 4720 CAPUT
2441 4660 2606 4716 XVII.
2644 4689 2717 4700 —
2755 4659 2940 4715 Restat
2962 4659 3015 4714 in
3044 4658 3130 4714 bis
3160 4658 3314 4715 bonis
3349 4672 3518 4730 usque
3547 4657 3599 4713 in
3632 4657 3699 4715 li-

2107 4770 2230 4811 nem
2257 4751 2675 4824 perseverantia,
2718 4765 2837 4821 qua:
2878 4748 3073 4804 frustra
3117 4748 3352 4819 quotidie
3394 4763 3426 4803 a
3469 4747 3697 4804 Domino

2105 4847 2364 4921 poscitur,
2400 4845 2445 4901 si
2477 4859 2582 4898 non
2608 4858 2726 4898 eam
2765 4841 3019 4896 Dominus
3052 4856 3151 4911 per
3179 4840 3402 4910 gratiam
3449 4854 3599 4896 suam
3640 4841 3693 4898 in

2107 4938 2219 5004 illo,
2241 4936 2395 5008 cujus
2429 4934 2699 4989 orationes
2732 4931 2969 4997 exaudit,
3000 4938 3271 5001 operatur.
3301 4928 3491 4986 Videte
3511 4929 3623 5001 jam
3662 4947 3691 4987 a

2107 5028 2333 5085 veritate
2363 5040 2521 5097 quam
2553 5024 2624 5078 sit
2657 5023 2913 5089 alienum,
2957 5037 3153 5093 negare
3187 5020 3387 5077 donum
3429 5022 3520 5077 Dei
3575 5038 3697 5081 esse

2108 5117 2562 5192 perseverantiam
2591 5129 2758 5185 usque
2783 5113 2836 5169 in
2864 5113 3024 5168 linem
3055 5111 3213 5182 bujns
3238 5112 3360 5167 vita:
3385 5129 3401 5166 :
3432 5127 3553 5167 cum
3577 5113 3697 5167 vita:

2110 5213 2254 5277 huic,
2278 5209 2489 5283 quando
2530 5207 2777 5273 voluerit,
2809 5206 2922 5277 ipse
2946 5204 3037 5260 det
3072 5204 3263 5269 linem;
3315 5219 3475 5276 quem
3519 5204 3563 5260 si
3608 5204 3700 5260 dat

2110 5310 2234 5359 ante
2253 5302 2618 5356 imminentem
2640 5298 2866 5368 lapsum,
2902 5294 3025 5351 facit
3048 5294 3316 5350 hominem
3355 5309 3700 5364 perseverare

2110 5376 2282 5465 usque
2301 5393 2355 5448 in
2380 5392 2561 5447 finem.
2592 5389 2700 5447 Sed
2731 5388 3023 5444 m‘irabilior
3046 5397 3099 5444 et
3134 5387 3382 5443 fidelibus
3402 5385 3701 5443 evidentior

2113 5485 2331 5556 largitas
2368 5482 2620 5539 bonitatis
2648 5481 2739 5537 Dei
2761 5489 2864 5546 est,
2888 5478 3029 5551 quod
3058 5479 3219 5536 etiam
3240 5477 3492 5550 parvulis,
3507 5477 3700 5547 quibus

2112 5575 2413 5633 obcdientia
2464 5589 2570 5629 non
2605 5581 2691 5630 est
2721 5572 2866 5628 illius
2898 5572 3073 5627 artatis
3101 5578 3161 5625 ut
3186 5569 3363 5636 detur,
3391 5567 3549 5624 datur
3584 5565 3700 5623 bzec

2112 5667 2302 5741 gratia.
2331 5665 2437 5722 Ista
2478 5665 2638 5737 igitur
2674 5679 2769 5721 sua
2797 5663 2934 5722 dona
2962 5663 3384 5736 quibuscumque
3424 5658 3566 5714 Deus
3596 5656 3694 5713 do—

2114 5767 2227 5826 nat,
2252 5758 2617 5830 proculdubio
2638 5773 2699 5815 se
2729 5758 3053 5814 donaturum
3076 5770 3198 5812 esse
3222 5751 3489 5826 prmscivit
3510 5790 3525 5817 ,
3553 5757 3610 5805 et
3642 5749 3694 5802 in

2117 5866 2210 5911 sua
2236 5850 2567 5940 tit‘trscientia
2600 5847 2936 5924 praeparavit.
2959 5849 3103 5918 Quos
3119 5861 3246 5919 ergo
3272 5837 3691 5916 praxlcslittavit,
