  <div class='ocr_page' id='page_1' title='image "/cluster/home/n/w/nwhite01/storage/ocr_20150623/44-45/uc1.31175026792435/519.png"; bbox 0 0 4140 6492; ppageno 0'>
   <div class='ocr_carea' id='block_1_1' title="bbox 367 366 500 424">
    <p class='ocr_par' dir='ltr' id='par_1_1' title="bbox 367 366 500 424">
     <span class='ocr_line' id='line_1_1' title="bbox 367 366 500 424; baseline -0.008 0"><span class='ocrx_word' id='word_1_1' title='bbox 367 366 500 424; x_wconf 79' lang='grc'><strong>1019</strong></span> 
     </span>
    </p>
   </div>
   <div class='ocr_carea' id='block_1_2' title="bbox 361 450 1952 552">
    <p class='ocr_par' dir='ltr' id='par_1_2' title="bbox 361 450 1952 552">
     <span class='ocr_line' id='line_1_2' title="bbox 361 450 1952 552; baseline -0.016 -16"><span class='ocrx_word' id='word_1_2' title='bbox 361 481 506 552; x_wconf 83' lang='lat' dir='ltr'><strong>ipsos</strong></span> <span class='ocrx_word' id='word_1_3' title='bbox 532 487 584 534; x_wconf 90' lang='lat' dir='ltr'><strong>ct</strong></span> <span class='ocrx_word' id='word_1_4' title='bbox 609 474 815 532; x_wconf 80' lang='lat' dir='ltr'><strong>vocavit</strong></span> <span class='ocrx_word' id='word_1_5' title='bbox 852 471 1027 544; x_wconf 78' lang='lat' dir='ltr'><strong>(Rom.</strong></span> <span class='ocrx_word' id='word_1_6' title='bbox 1073 482 1188 537; x_wconf 75' lang='lat' dir='ltr'><strong>rm,</strong></span> <span class='ocrx_word' id='word_1_7' title='bbox 1217 450 1308 540; x_wconf 70' lang='grc' dir='ltr'><strong>ὅσ)</strong></span> <span class='ocrx_word' id='word_1_8' title='bbox 1343 462 1620 522; x_wconf 77' lang='lat' dir='ltr'><strong>vocatione</strong></span> <span class='ocrx_word' id='word_1_9' title='bbox 1649 459 1761 528; x_wconf 88' lang='lat' dir='ltr'><strong>illa,</strong></span> <span class='ocrx_word' id='word_1_10' title='bbox 1789 471 1952 529; x_wconf 87' lang='lat' dir='ltr'><strong>quam</strong></span> 
     </span>
    </p>
   </div>
   <div class='ocr_carea' id='block_1_3' title="bbox 361 553 1950 638">
    <p class='ocr_par' dir='ltr' id='par_1_3' title="bbox 361 553 1950 638">
     <span class='ocr_line' id='line_1_3' title="bbox 361 553 1950 638; baseline -0.013 -14"><span class='ocrx_word' id='word_1_11' title='bbox 361 585 451 626; x_wconf 90' lang='lat' dir='ltr'><strong>me</strong></span> <span class='ocrx_word' id='word_1_12' title='bbox 477 581 622 638; x_wconf 73' lang='lat' dir='ltr'><strong>saepe</strong></span> <span class='ocrx_word' id='word_1_13' title='bbox 644 575 1068 622; x_wconf 90' lang='lat' dir='ltr'><strong>commemorare</strong></span> <span class='ocrx_word' id='word_1_14' title='bbox 1085 575 1196 616; x_wconf 83' lang='lat' dir='ltr'><strong>non</strong></span> <span class='ocrx_word' id='word_1_15' title='bbox 1221 559 1384 630; x_wconf 83' lang='lat' dir='ltr'><strong>piget,</strong></span> <span class='ocrx_word' id='word_1_16' title='bbox 1405 556 1472 612; x_wconf 88' lang='lat' dir='ltr'><strong>de</strong></span> <span class='ocrx_word' id='word_1_17' title='bbox 1491 569 1594 626; x_wconf 87' lang='lat' dir='ltr'><strong>qua</strong></span> <span class='ocrx_word' id='word_1_18' title='bbox 1621 553 1820 608; x_wconf 81' lang='lat' dir='ltr'><strong>dictum</strong></span> <span class='ocrx_word' id='word_1_19' title='bbox 1841 557 1950 616; x_wconf 83' lang='lat' dir='ltr'><strong>est,</strong></span> 
     </span>
    </p>
   </div>
   <div class='ocr_carea' id='block_1_4' title="bbox 364 641 1950 732">
    <p class='ocr_par' dir='ltr' id='par_1_4' title="bbox 364 641 1950 732">
     <span class='ocr_line' id='line_1_4' title="bbox 364 641 1950 732; baseline -0.013 -15"><span class='ocrx_word' id='word_1_20' title='bbox 364 663 491 718; x_wconf 82' lang='lat' dir='ltr'><strong>Sine</strong></span> <span class='ocrx_word' id='word_1_21' title='bbox 507 659 800 732; x_wconf 66' lang='lat' dir='ltr'><strong>panitetuia</strong></span> <span class='ocrx_word' id='word_1_22' title='bbox 819 665 936 712; x_wconf 86' lang='lat' dir='ltr'><strong>sunt</strong></span> <span class='ocrx_word' id='word_1_23' title='bbox 965 656 1102 710; x_wconf 77' lang='lat' dir='ltr'><strong>dona</strong></span> <span class='ocrx_word' id='word_1_24' title='bbox 1129 663 1174 710; x_wconf 86' lang='lat' dir='ltr'><strong>ct</strong></span> <span class='ocrx_word' id='word_1_25' title='bbox 1207 651 1398 706; x_wconf 79' lang='lat' dir='ltr'><strong>vacatio</strong></span> <span class='ocrx_word' id='word_1_26' title='bbox 1433 647 1528 706; x_wconf 84' lang='lat' dir='ltr'><strong>Dei</strong></span> <span class='ocrx_word' id='word_1_27' title='bbox 1565 646 1680 716; x_wconf 83' lang='lat' dir='ltr'><strong>(id.</strong></span> <span class='ocrx_word' id='word_1_28' title='bbox 1719 661 1794 711; x_wconf 71' lang='lat' dir='ltr'><strong>XI,</strong></span> <span class='ocrx_word' id='word_1_29' title='bbox 1833 641 1950 715; x_wconf 73' lang='lat'><strong>29).</strong></span> 
     </span>
    </p>
   </div>
   <div class='ocr_carea' id='block_1_5' title="bbox 365 744 1952 826">
    <p class='ocr_par' dir='ltr' id='par_1_5' title="bbox 365 744 1952 826">
     <span class='ocr_line' id='line_1_5' title="bbox 365 744 1952 826; baseline -0.013 -16"><span class='ocrx_word' id='word_1_30' title='bbox 365 753 606 826; x_wconf 81' lang='lat' dir='ltr'><strong>Namque</strong></span> <span class='ocrx_word' id='word_1_31' title='bbox 631 753 684 808; x_wconf 91' lang='lat' dir='ltr'><strong>in</strong></span> <span class='ocrx_word' id='word_1_32' title='bbox 725 767 821 806; x_wconf 84' lang='lat' dir='ltr'><strong>sua</strong></span> <span class='ocrx_word' id='word_1_33' title='bbox 856 765 974 820; x_wconf 79' lang='lat' dir='ltr'><strong>qua:</strong></span> <span class='ocrx_word' id='word_1_34' title='bbox 1003 747 1108 802; x_wconf 81' lang='lat' dir='ltr'><strong>falli</strong></span> <span class='ocrx_word' id='word_1_35' title='bbox 1137 744 1442 813; x_wconf 87' lang='lat' dir='ltr'><strong>mutarique</strong></span> <span class='ocrx_word' id='word_1_36' title='bbox 1467 755 1574 796; x_wconf 85' lang='lat' dir='ltr'><strong>non</strong></span> <span class='ocrx_word' id='word_1_37' title='bbox 1605 745 1780 808; x_wconf 84' lang='lat' dir='ltr'><strong>potest</strong></span> <span class='ocrx_word' id='word_1_38' title='bbox 1811 751 1952 806; x_wconf 74' lang='lat' dir='ltr'><strong>pra:-</strong></span> 
     </span>
    </p>
   </div>
   <div class='ocr_carea' id='block_1_6' title="bbox 362 829 1954 914">
    <p class='ocr_par' dir='ltr' id='par_1_6' title="bbox 362 829 1954 914">
     <span class='ocr_line' id='line_1_6' title="bbox 362 829 1954 914; baseline -0.012 -14"><span class='ocrx_word' id='word_1_39' title='bbox 362 845 584 902; x_wconf 83' lang='lat' dir='ltr'><strong>scietttia</strong></span> <span class='ocrx_word' id='word_1_40' title='bbox 601 885 620 908; x_wconf 89' lang='lat'><strong><em>.</em></strong></span> <span class='ocrx_word' id='word_1_41' title='bbox 645 857 806 914; x_wconf 83' lang='lat' dir='ltr'><strong>opera</strong></span> <span class='ocrx_word' id='word_1_42' title='bbox 833 856 928 896; x_wconf 86' lang='lat' dir='ltr'><strong>sua</strong></span> <span class='ocrx_word' id='word_1_43' title='bbox 959 839 1132 894; x_wconf 82' lang='lat' dir='ltr'><strong>futura</strong></span> <span class='ocrx_word' id='word_1_44' title='bbox 1155 838 1440 905; x_wconf 86' lang='lat' dir='ltr'><strong>disponere</strong></span> <span class='ocrx_word' id='word_1_45' title='bbox 1459 874 1476 900; x_wconf 93' lang='lat'><strong>,</strong></span> <span class='ocrx_word' id='word_1_46' title='bbox 1508 832 1561 886; x_wconf 92' lang='lat' dir='ltr'><strong>id</strong></span> <span class='ocrx_word' id='word_1_47' title='bbox 1587 829 1828 892; x_wconf 87' lang='lat' dir='ltr'><strong>omnino,</strong></span> <span class='ocrx_word' id='word_1_48' title='bbox 1856 838 1954 882; x_wconf 70' lang='lat' dir='ltr'><strong>nec</strong></span> 
     </span>
    </p>
   </div>
   <div class='ocr_carea' id='block_1_7' title="bbox 362 919 1956 1010">
    <p class='ocr_par' dir='ltr' id='par_1_7' title="bbox 362 919 1956 1010">
     <span class='ocr_line' id='line_1_7' title="bbox 362 919 1956 1010; baseline -0.01 -16"><span class='ocrx_word' id='word_1_49' title='bbox 362 939 507 996; x_wconf 81' lang='lat' dir='ltr'><strong>aliud</strong></span> <span class='ocrx_word' id='word_1_50' title='bbox 543 937 835 1010; x_wconf 81' lang='lat' dir='ltr'><strong>quidquam</strong></span> <span class='ocrx_word' id='word_1_51' title='bbox 888 941 972 990; x_wconf 86' lang='lat' dir='ltr'><strong>est</strong></span> <span class='ocrx_word' id='word_1_52' title='bbox 1015 929 1415 1002; x_wconf 70' lang='lat' dir='ltr'><strong>prmdestinare.</strong></span> <span class='ocrx_word' id='word_1_53' title='bbox 1453 926 1604 982; x_wconf 85' lang='lat' dir='ltr'><strong>Sicut</strong></span> <span class='ocrx_word' id='word_1_54' title='bbox 1647 931 1825 978; x_wconf 89' lang='lat' dir='ltr'><strong>autem</strong></span> <span class='ocrx_word' id='word_1_55' title='bbox 1863 919 1956 978; x_wconf 80' lang='lat' dir='ltr'><strong>ille</strong></span> 
     </span>
    </p>
   </div>
   <div class='ocr_carea' id='block_1_8' title="bbox 363 1011 1958 1101">
    <p class='ocr_par' dir='ltr' id='par_1_8' title="bbox 363 1011 1958 1101">
     <span class='ocr_line' id='line_1_8' title="bbox 363 1011 1958 1101; baseline -0.011 -17"><span class='ocrx_word' id='word_1_56' title='bbox 363 1047 522 1101; x_wconf 83' lang='lat' dir='ltr'><strong>quem</strong></span> <span class='ocrx_word' id='word_1_57' title='bbox 551 1037 758 1084; x_wconf 88' lang='lat' dir='ltr'><strong>castum</strong></span> <span class='ocrx_word' id='word_1_58' title='bbox 787 1025 1023 1082; x_wconf 81' lang='lat' dir='ltr'><strong>futurum</strong></span> <span class='ocrx_word' id='word_1_59' title='bbox 1041 1038 1164 1078; x_wconf 86' lang='lat' dir='ltr'><strong>esse</strong></span> <span class='ocrx_word' id='word_1_60' title='bbox 1191 1017 1456 1090; x_wconf 65' lang='lat' dir='ltr'><strong>prsescivit</strong></span> <span class='ocrx_word' id='word_1_61' title='bbox 1475 1059 1488 1080; x_wconf 93' lang='lat'><strong>,</strong></span> <span class='ocrx_word' id='word_1_62' title='bbox 1519 1013 1762 1086; x_wconf 84' lang='lat' dir='ltr'><strong>quamvis</strong></span> <span class='ocrx_word' id='word_1_63' title='bbox 1788 1011 1838 1066; x_wconf 85' lang='lat' dir='ltr'><strong>id</strong></span> <span class='ocrx_word' id='word_1_64' title='bbox 1871 1012 1958 1066; x_wconf 80' lang='lat' dir='ltr'><strong>in-</strong></span> 
     </span>
    </p>
   </div>
   <div class='ocr_carea' id='block_1_9' title="bbox 362 1109 1952 1187">
    <p class='ocr_par' dir='ltr' id='par_1_9' title="bbox 362 1109 1952 1187">
     <span class='ocr_line' id='line_1_9' title="bbox 362 1109 1952 1187; baseline -0.009 -14"><span class='ocrx_word' id='word_1_65' title='bbox 362 1131 569 1177; x_wconf 81' lang='lat' dir='ltr'><strong>certum</strong></span> <span class='ocrx_word' id='word_1_66' title='bbox 593 1119 804 1184; x_wconf 80' lang='lat' dir='ltr'><strong>habeat,</strong></span> <span class='ocrx_word' id='word_1_67' title='bbox 831 1117 938 1187; x_wconf 77' lang='lat' dir='ltr'><strong>agit</strong></span> <span class='ocrx_word' id='word_1_68' title='bbox 957 1125 1012 1170; x_wconf 86' lang='lat' dir='ltr'><strong>ut</strong></span> <span class='ocrx_word' id='word_1_69' title='bbox 1027 1123 1207 1170; x_wconf 87' lang='lat' dir='ltr'><strong>castus</strong></span> <span class='ocrx_word' id='word_1_70' title='bbox 1223 1113 1296 1168; x_wconf 91' lang='lat' dir='ltr'><strong>sit</strong></span> <span class='ocrx_word' id='word_1_71' title='bbox 1319 1127 1334 1166; x_wconf 89' lang='lat'><strong>:</strong></span> <span class='ocrx_word' id='word_1_72' title='bbox 1367 1113 1436 1164; x_wconf 89' lang='lat' dir='ltr'><strong>ita</strong></span> <span class='ocrx_word' id='word_1_73' title='bbox 1455 1109 1542 1164; x_wconf 90' lang='lat' dir='ltr'><strong>ille</strong></span> <span class='ocrx_word' id='word_1_74' title='bbox 1563 1121 1722 1177; x_wconf 84' lang='lat' dir='ltr'><strong>quem</strong></span> <span class='ocrx_word' id='word_1_75' title='bbox 1743 1113 1952 1160; x_wconf 76' lang='lat' dir='ltr'><strong>castum</strong></span> 
     </span>
    </p>
   </div>
   <div class='ocr_carea' id='block_1_10' title="bbox 265 1197 1954 1280">
    <p class='ocr_par' dir='ltr' id='par_1_10' title="bbox 265 1197 1954 1280">
     <span class='ocr_line' id='line_1_10' title="bbox 265 1197 1954 1280; baseline -0.013 -11"><span class='ocrx_word' id='word_1_76' title='bbox 265 1245 270 1252; x_wconf 88' lang='lat'><strong><em>-</em></strong></span> <span class='ocrx_word' id='word_1_77' title='bbox 363 1213 602 1268; x_wconf 80' lang='lat' dir='ltr'><strong>futurum</strong></span> <span class='ocrx_word' id='word_1_78' title='bbox 625 1208 1043 1280; x_wconf 75' lang='lat' dir='ltr'><strong>pratdestinavit,</strong></span> <span class='ocrx_word' id='word_1_79' title='bbox 1077 1203 1324 1276; x_wconf 80' lang='lat' dir='ltr'><strong>quamvis</strong></span> <span class='ocrx_word' id='word_1_80' title='bbox 1353 1201 1405 1257; x_wconf 91' lang='lat' dir='ltr'><strong>id</strong></span> <span class='ocrx_word' id='word_1_81' title='bbox 1429 1201 1693 1256; x_wconf 88' lang='lat' dir='ltr'><strong>incertum</strong></span> <span class='ocrx_word' id='word_1_82' title='bbox 1725 1197 1954 1261; x_wconf 84' lang='lat' dir='ltr'><strong>haheat,</strong></span> 
     </span>
    </p>
   </div>
   <div class='ocr_carea' id='block_1_11' title="bbox 363 1289 1958 1374">
    <p class='ocr_par' dir='ltr' id='par_1_11' title="bbox 363 1289 1958 1374">
     <span class='ocr_line' id='line_1_11' title="bbox 363 1289 1958 1374; baseline -0.01 -14"><span class='ocrx_word' id='word_1_83' title='bbox 363 1320 472 1362; x_wconf 87' lang='lat' dir='ltr'><strong>non</strong></span> <span class='ocrx_word' id='word_1_84' title='bbox 501 1303 624 1360; x_wconf 89' lang='lat' dir='ltr'><strong>ideo</strong></span> <span class='ocrx_word' id='word_1_85' title='bbox 645 1318 750 1358; x_wconf 90' lang='lat' dir='ltr'><strong>non</strong></span> <span class='ocrx_word' id='word_1_86' title='bbox 775 1300 887 1374; x_wconf 78' lang='lat' dir='ltr'><strong>agit</strong></span> <span class='ocrx_word' id='word_1_87' title='bbox 917 1309 976 1354; x_wconf 90' lang='lat' dir='ltr'><strong>ut</strong></span> <span class='ocrx_word' id='word_1_88' title='bbox 1001 1307 1178 1354; x_wconf 83' lang='lat' dir='ltr'><strong>castus</strong></span> <span class='ocrx_word' id='word_1_89' title='bbox 1191 1296 1284 1362; x_wconf 86' lang='lat' dir='ltr'><strong>sit,</strong></span> <span class='ocrx_word' id='word_1_90' title='bbox 1315 1293 1566 1364; x_wconf 87' lang='lat' dir='ltr'><strong>quoniam</strong></span> <span class='ocrx_word' id='word_1_91' title='bbox 1601 1291 1696 1346; x_wconf 86' lang='lat' dir='ltr'><strong>Dei</strong></span> <span class='ocrx_word' id='word_1_92' title='bbox 1725 1289 1870 1346; x_wconf 87' lang='lat' dir='ltr'><strong>dono</strong></span> <span class='ocrx_word' id='word_1_93' title='bbox 1895 1302 1958 1344; x_wconf 86' lang='lat' dir='ltr'><strong>se</strong></span> 
     </span>
    </p>
   </div>
   <div class='ocr_carea' id='block_1_12' title="bbox 363 1381 1958 1460">
    <p class='ocr_par' dir='ltr' id='par_1_12' title="bbox 363 1381 1958 1460">
     <span class='ocr_line' id='line_1_12' title="bbox 363 1381 1958 1460; baseline -0.006 -12"><span class='ocrx_word' id='word_1_94' title='bbox 363 1395 516 1452; x_wconf 84' lang='lat' dir='ltr'><strong>audit</strong></span> <span class='ocrx_word' id='word_1_95' title='bbox 537 1393 776 1450; x_wconf 82' lang='lat' dir='ltr'><strong>futurum</strong></span> <span class='ocrx_word' id='word_1_96' title='bbox 817 1407 936 1448; x_wconf 87' lang='lat' dir='ltr'><strong>esse</strong></span> <span class='ocrx_word' id='word_1_97' title='bbox 975 1389 1116 1460; x_wconf 80' lang='lat' dir='ltr'><strong>quod</strong></span> <span class='ocrx_word' id='word_1_98' title='bbox 1149 1389 1254 1444; x_wconf 87' lang='lat' dir='ltr'><strong>erit</strong></span> <span class='ocrx_word' id='word_1_99' title='bbox 1281 1389 1340 1454; x_wconf 80' lang='grc'><strong>¹;</strong></span> <span class='ocrx_word' id='word_1_100' title='bbox 1387 1387 1497 1441; x_wconf 88' lang='lat' dir='ltr'><strong>imo</strong></span> <span class='ocrx_word' id='word_1_101' title='bbox 1545 1384 1709 1440; x_wconf 88' lang='lat' dir='ltr'><strong>etiam</strong></span> <span class='ocrx_word' id='word_1_102' title='bbox 1753 1381 1958 1453; x_wconf 81' lang='lat' dir='ltr'><strong>gaudet</strong></span> 
     </span>
    </p>
   </div>
   <div class='ocr_carea' id='block_1_13' title="bbox 299 1477 1956 1558">
    <p class='ocr_par' dir='ltr' id='par_1_13' title="bbox 299 1477 1956 1558">
     <span class='ocr_line' id='line_1_13' title="bbox 299 1477 1956 1558; baseline -0.007 -16"><span class='ocrx_word' id='word_1_103' title='bbox 299 1489 322 1554; x_wconf 61' lang='grc' dir='ltr'><em>Ξ</em></span> <span class='ocrx_word' id='word_1_104' title='bbox 365 1488 484 1558; x_wconf 82' lang='lat' dir='ltr'><strong>ejus</strong></span> <span class='ocrx_word' id='word_1_105' title='bbox 503 1486 772 1548; x_wconf 85' lang='lat' dir='ltr'><strong>charitas;</strong></span> <span class='ocrx_word' id='word_1_106' title='bbox 805 1499 909 1540; x_wconf 87' lang='lat' dir='ltr'><strong>nec</strong></span> <span class='ocrx_word' id='word_1_107' title='bbox 948 1482 1161 1538; x_wconf 82' lang='lat' dir='ltr'><strong>inﬂatur</strong></span> <span class='ocrx_word' id='word_1_108' title='bbox 1189 1480 1234 1551; x_wconf 89' lang='lat' dir='ltr'><strong>(l</strong></span> <span class='ocrx_word' id='word_1_109' title='bbox 1265 1479 1382 1535; x_wconf 81' lang='lat' dir='ltr'><strong>Cor.</strong></span> <span class='ocrx_word' id='word_1_110' title='bbox 1429 1493 1545 1542; x_wconf 80' lang='lat' dir='ltr'><strong>xm,</strong></span> <span class='ocrx_word' id='word_1_111' title='bbox 1575 1477 1656 1543; x_wconf 73' lang='grc'><strong>4).</strong></span> <span class='ocrx_word' id='word_1_112' title='bbox 1703 1483 1956 1546; x_wconf 89' lang='lat' dir='ltr'><strong>tanquam</strong></span> 
     </span>
    </p>
   </div>
   <div class='ocr_carea' id='block_1_14' title="bbox 367 1568 1956 1646">
    <p class='ocr_par' dir='ltr' id='par_1_14' title="bbox 367 1568 1956 1646">
     <span class='ocr_line' id='line_1_14' title="bbox 367 1568 1956 1646; baseline -0.006 -14"><span class='ocrx_word' id='word_1_113' title='bbox 367 1578 420 1634; x_wconf 93' lang='lat' dir='ltr'><strong>id</strong></span> <span class='ocrx_word' id='word_1_114' title='bbox 439 1593 548 1634; x_wconf 89' lang='lat' dir='ltr'><strong>non</strong></span> <span class='ocrx_word' id='word_1_115' title='bbox 575 1575 856 1646; x_wconf 82' lang='lat' dir='ltr'><strong>acceperit.</strong></span> <span class='ocrx_word' id='word_1_116' title='bbox 880 1573 995 1630; x_wconf 85' lang='lat' dir='ltr'><strong>Non</strong></span> <span class='ocrx_word' id='word_1_117' title='bbox 1031 1573 1204 1628; x_wconf 87' lang='lat' dir='ltr'><strong>solum</strong></span> <span class='ocrx_word' id='word_1_118' title='bbox 1231 1585 1362 1641; x_wconf 84' lang='lat' dir='ltr'><strong>ergo</strong></span> <span class='ocrx_word' id='word_1_119' title='bbox 1393 1568 1776 1640; x_wconf 73' lang='lat' dir='ltr'><strong>praedicatione</strong></span> <span class='ocrx_word' id='word_1_120' title='bbox 1815 1583 1956 1637; x_wconf 75' lang='lat' dir='ltr'><strong>prte-</strong></span> 
     </span>
    </p>
   </div>
   <div class='ocr_carea' id='block_1_15' title="bbox 367 1660 1958 1735">
    <p class='ocr_par' dir='ltr' id='par_1_15' title="bbox 367 1660 1958 1735">
     <span class='ocr_line' id='line_1_15' title="bbox 367 1660 1958 1735; baseline -0.005 -11"><span class='ocrx_word' id='word_1_121' title='bbox 367 1668 738 1725; x_wconf 84' lang='lat' dir='ltr'><strong>destinationis</strong></span> <span class='ocrx_word' id='word_1_122' title='bbox 765 1667 834 1722; x_wconf 86' lang='lat' dir='ltr'><strong>ab</strong></span> <span class='ocrx_word' id='word_1_123' title='bbox 865 1665 966 1720; x_wconf 88' lang='lat' dir='ltr'><strong>hoc</strong></span> <span class='ocrx_word' id='word_1_124' title='bbox 992 1679 1157 1735; x_wconf 89' lang='lat' dir='ltr'><strong>opere</strong></span> <span class='ocrx_word' id='word_1_125' title='bbox 1189 1679 1298 1720; x_wconf 83' lang='lat' dir='ltr'><strong>non</strong></span> <span class='ocrx_word' id='word_1_126' title='bbox 1327 1660 1617 1732; x_wconf 83' lang='lat' dir='ltr'><strong>impeditur</strong></span> <span class='ocrx_word' id='word_1_127' title='bbox 1638 1701 1652 1724; x_wconf 88' lang='lat'><strong>,</strong></span> <span class='ocrx_word' id='word_1_128' title='bbox 1679 1675 1872 1714; x_wconf 81' lang='lat' dir='ltr'><strong>verum</strong></span> <span class='ocrx_word' id='word_1_129' title='bbox 1897 1666 1958 1716; x_wconf 84' lang='lat' dir='ltr'><strong>et</strong></span> 
     </span>
    </p>
   </div>
   <div class='ocr_carea' id='block_1_16' title="bbox 370 1751 1960 1828">
    <p class='ocr_par' dir='ltr' id='par_1_16' title="bbox 370 1751 1960 1828">
     <span class='ocr_line' id='line_1_16' title="bbox 370 1751 1960 1828; baseline -0.005 -12"><span class='ocrx_word' id='word_1_130' title='bbox 370 1760 436 1816; x_wconf 84' lang='lat' dir='ltr'><strong>ad</strong></span> <span class='ocrx_word' id='word_1_131' title='bbox 459 1760 563 1816; x_wconf 88' lang='lat' dir='ltr'><strong>hoc</strong></span> <span class='ocrx_word' id='word_1_132' title='bbox 601 1759 904 1828; x_wconf 63' lang='lat' dir='ltr'><strong>adjut‘atur,</strong></span> <span class='ocrx_word' id='word_1_133' title='bbox 933 1767 992 1812; x_wconf 90' lang='lat' dir='ltr'><strong>ut</strong></span> <span class='ocrx_word' id='word_1_134' title='bbox 1017 1772 1141 1812; x_wconf 84' lang='lat' dir='ltr'><strong>cum</strong></span> <span class='ocrx_word' id='word_1_135' title='bbox 1169 1755 1454 1827; x_wconf 78' lang='lat' dir='ltr'><strong>gloriatur.</strong></span> <span class='ocrx_word' id='word_1_136' title='bbox 1483 1752 1540 1810; x_wconf 85' lang='lat' dir='ltr'><strong>in</strong></span> <span class='ocrx_word' id='word_1_137' title='bbox 1582 1751 1808 1810; x_wconf 81' lang='lat' dir='ltr'><strong>Domino</strong></span> <span class='ocrx_word' id='word_1_138' title='bbox 1839 1752 1960 1822; x_wconf 81' lang='lat' dir='ltr'><strong>glo-</strong></span> 
     </span>
    </p>
   </div>
   <div class='ocr_carea' id='block_1_17' title="bbox 369 1850 876 1922">
    <p class='ocr_par' dir='ltr' id='par_1_17' title="bbox 369 1850 876 1922">
     <span class='ocr_line' id='line_1_17' title="bbox 369 1850 876 1922; baseline -0.01 -12"><span class='ocrx_word' id='word_1_139' title='bbox 369 1856 537 1910; x_wconf 89' lang='lat' dir='ltr'><strong>rietur</strong></span> <span class='ocrx_word' id='word_1_140' title='bbox 565 1853 610 1922; x_wconf 93' lang='lat' dir='ltr'><strong>(l</strong></span> <span class='ocrx_word' id='word_1_141' title='bbox 639 1851 728 1906; x_wconf 81' lang='lat' dir='ltr'><strong>1d.</strong></span> <span class='ocrx_word' id='word_1_142' title='bbox 757 1850 876 1922; x_wconf 78' lang='lat' dir='ltr'><strong>5t).</strong></span> 
     </span>
    </p>
   </div>
   <div class='ocr_carea' id='block_1_18' title="bbox 439 1934 1962 2012">
    <p class='ocr_par' dir='ltr' id='par_1_18' title="bbox 439 1934 1962 2012">
     <span class='ocr_line' id='line_1_18' title="bbox 439 1934 1962 2012; baseline -0.005 -12"><span class='ocrx_word' id='word_1_143' title='bbox 439 1945 532 2000; x_wconf 73' lang='grc'><strong>42.</strong></span> <span class='ocrx_word' id='word_1_144' title='bbox 563 1943 717 2012; x_wconf 88' lang='lat' dir='ltr'><strong>Quod</strong></span> <span class='ocrx_word' id='word_1_145' title='bbox 757 1951 933 1998; x_wconf 88' lang='lat' dir='ltr'><strong>autem</strong></span> <span class='ocrx_word' id='word_1_146' title='bbox 959 1941 1074 1996; x_wconf 76' lang='lat' dir='ltr'><strong>dixi</strong></span> <span class='ocrx_word' id='word_1_147' title='bbox 1093 1941 1166 1996; x_wconf 87' lang='lat' dir='ltr'><strong>de</strong></span> <span class='ocrx_word' id='word_1_148' title='bbox 1187 1939 1456 2005; x_wconf 85' lang='lat' dir='ltr'><strong>castitate,</strong></span> <span class='ocrx_word' id='word_1_149' title='bbox 1483 1937 1588 1994; x_wconf 85' lang='lat' dir='ltr'><strong>hoc</strong></span> <span class='ocrx_word' id='word_1_150' title='bbox 1615 1936 1684 1994; x_wconf 89' lang='lat' dir='ltr'><strong>de</strong></span> <span class='ocrx_word' id='word_1_151' title='bbox 1715 1935 1837 2002; x_wconf 82' lang='lat' dir='ltr'><strong>ﬁde,</strong></span> <span class='ocrx_word' id='word_1_152' title='bbox 1857 1934 1962 1998; x_wconf 86' lang='lat' dir='ltr'><strong>hoc</strong></span> 
     </span>
    </p>
   </div>
   <div class='ocr_carea' id='block_1_19' title="bbox 368 2029 1961 2106">
    <p class='ocr_par' dir='ltr' id='par_1_19' title="bbox 368 2029 1961 2106">
     <span class='ocr_line' id='line_1_19' title="bbox 368 2029 1961 2106; baseline -0.003 -16"><span class='ocrx_word' id='word_1_153' title='bbox 368 2035 438 2091; x_wconf 90' lang='lat' dir='ltr'><strong>de</strong></span> <span class='ocrx_word' id='word_1_154' title='bbox 455 2036 672 2106; x_wconf 80' lang='lat' dir='ltr'><strong>pietate,</strong></span> <span class='ocrx_word' id='word_1_155' title='bbox 703 2033 806 2088; x_wconf 85' lang='lat' dir='ltr'><strong>hoc</strong></span> <span class='ocrx_word' id='word_1_156' title='bbox 826 2033 892 2088; x_wconf 90' lang='lat' dir='ltr'><strong>de</strong></span> <span class='ocrx_word' id='word_1_157' title='bbox 917 2032 1198 2098; x_wconf 70' lang='lat' dir='ltr'><strong>charitate,</strong></span> <span class='ocrx_word' id='word_1_158' title='bbox 1230 2031 1298 2086; x_wconf 87' lang='lat' dir='ltr'><strong>de</strong></span> <span class='ocrx_word' id='word_1_159' title='bbox 1329 2029 1749 2099; x_wconf 82' lang='lat' dir='ltr'><strong>perseverantia,</strong></span> <span class='ocrx_word' id='word_1_160' title='bbox 1783 2035 1857 2092; x_wconf 87' lang='lat' dir='ltr'><strong>et,</strong></span> <span class='ocrx_word' id='word_1_161' title='bbox 1893 2043 1961 2086; x_wconf 81' lang='lat' dir='ltr'><strong>ne</strong></span> 
     </span>
    </p>
   </div>
   <div class='ocr_carea' id='block_1_20' title="bbox 371 2118 1964 2198">
    <p class='ocr_par' dir='ltr' id='par_1_20' title="bbox 371 2118 1964 2198">
     <span class='ocr_line' id='line_1_20' title="bbox 371 2118 1964 2198; baseline -0.007 -13"><span class='ocrx_word' id='word_1_162' title='bbox 371 2142 586 2198; x_wconf 74' lang='lat' dir='ltr'><strong>pergam</strong></span> <span class='ocrx_word' id='word_1_163' title='bbox 617 2141 710 2196; x_wconf 87' lang='lat' dir='ltr'><strong>per</strong></span> <span class='ocrx_word' id='word_1_164' title='bbox 733 2124 964 2194; x_wconf 84' lang='lat' dir='ltr'><strong>singula,</strong></span> <span class='ocrx_word' id='word_1_165' title='bbox 983 2124 1084 2178; x_wconf 86' lang='lat' dir='ltr'><strong>hoc</strong></span> <span class='ocrx_word' id='word_1_166' title='bbox 1109 2122 1178 2178; x_wconf 85' lang='lat' dir='ltr'><strong>de</strong></span> <span class='ocrx_word' id='word_1_167' title='bbox 1203 2123 1348 2176; x_wconf 89' lang='lat' dir='ltr'><strong>omni</strong></span> <span class='ocrx_word' id='word_1_168' title='bbox 1378 2119 1680 2176; x_wconf 89' lang='lat' dir='ltr'><strong>obedientia</strong></span> <span class='ocrx_word' id='word_1_169' title='bbox 1707 2135 1811 2190; x_wconf 85' lang='lat' dir='ltr'><strong>qua</strong></span> <span class='ocrx_word' id='word_1_170' title='bbox 1834 2118 1964 2174; x_wconf 84' lang='lat' dir='ltr'><strong>ohe-</strong></span> 
     </span>
    </p>
   </div>
   <div class='ocr_carea' id='block_1_21' title="bbox 367 2208 1961 2280">
    <p class='ocr_par' dir='ltr' id='par_1_21' title="bbox 367 2208 1961 2280">
     <span class='ocr_line' id='line_1_21' title="bbox 367 2208 1961 2280; baseline -0.009 -2"><span class='ocrx_word' id='word_1_171' title='bbox 367 2217 513 2278; x_wconf 82' lang='lat' dir='ltr'><strong>ditur</strong></span> <span class='ocrx_word' id='word_1_172' title='bbox 555 2218 686 2280; x_wconf 89' lang='lat' dir='ltr'><strong>Deo,</strong></span> <span class='ocrx_word' id='word_1_173' title='bbox 717 2214 1059 2270; x_wconf 80' lang='lat' dir='ltr'><strong>veracissime</strong></span> <span class='ocrx_word' id='word_1_174' title='bbox 1085 2212 1190 2266; x_wconf 76' lang='lat' dir='ltr'><strong>dici</strong></span> <span class='ocrx_word' id='word_1_175' title='bbox 1225 2220 1418 2280; x_wconf 83' lang='lat' dir='ltr'><strong>potest.</strong></span> <span class='ocrx_word' id='word_1_176' title='bbox 1446 2208 1552 2266; x_wconf 90' lang='lat' dir='ltr'><strong>Sed</strong></span> <span class='ocrx_word' id='word_1_177' title='bbox 1581 2210 1616 2264; x_wconf 91' lang='lat' dir='ltr'><strong>ii</strong></span> <span class='ocrx_word' id='word_1_178' title='bbox 1655 2211 1746 2279; x_wconf 89' lang='lat' dir='ltr'><strong>qui</strong></span> <span class='ocrx_word' id='word_1_179' title='bbox 1785 2210 1961 2264; x_wconf 81' lang='lat' dir='ltr'><strong>solum</strong></span> 
     </span>
    </p>
   </div>
   <div class='ocr_carea' id='block_1_22' title="bbox 373 2300 1959 2375">
    <p class='ocr_par' dir='ltr' id='par_1_22' title="bbox 373 2300 1959 2375">
     <span class='ocr_line' id='line_1_22' title="bbox 373 2300 1959 2375; baseline -0.006 -11"><span class='ocrx_word' id='word_1_180' title='bbox 373 2309 582 2364; x_wconf 85' lang='lat' dir='ltr'><strong>initium</strong></span> <span class='ocrx_word' id='word_1_181' title='bbox 615 2306 738 2362; x_wconf 77' lang='lat' dir='ltr'><strong>ﬁdei</strong></span> <span class='ocrx_word' id='word_1_182' title='bbox 767 2315 822 2361; x_wconf 85' lang='lat' dir='ltr'><strong>et</strong></span> <span class='ocrx_word' id='word_1_183' title='bbox 847 2320 1020 2375; x_wconf 87' lang='lat' dir='ltr'><strong>usque</strong></span> <span class='ocrx_word' id='word_1_184' title='bbox 1047 2303 1104 2358; x_wconf 86' lang='lat' dir='ltr'><strong>in</strong></span> <span class='ocrx_word' id='word_1_185' title='bbox 1134 2301 1292 2358; x_wconf 73' lang='lat' dir='ltr'><strong>intem</strong></span> <span class='ocrx_word' id='word_1_186' title='bbox 1321 2300 1775 2374; x_wconf 84' lang='lat' dir='ltr'><strong>perseverantiam</strong></span> <span class='ocrx_word' id='word_1_187' title='bbox 1805 2301 1882 2356; x_wconf 91' lang='lat' dir='ltr'><strong>sic</strong></span> <span class='ocrx_word' id='word_1_188' title='bbox 1907 2301 1959 2356; x_wconf 91' lang='lat' dir='ltr'><strong>in</strong></span> 
     </span>
    </p>
   </div>
   <div class='ocr_carea' id='block_1_23' title="bbox 373 2394 1968 2466">
    <p class='ocr_par' dir='ltr' id='par_1_23' title="bbox 373 2394 1968 2466">
     <span class='ocr_line' id='line_1_23' title="bbox 373 2394 1968 2466; baseline -0.004 -11"><span class='ocrx_word' id='word_1_189' title='bbox 373 2411 555 2458; x_wconf 82' lang='lat' dir='ltr'><strong>nostra</strong></span> <span class='ocrx_word' id='word_1_190' title='bbox 573 2399 904 2454; x_wconf 88' lang='lat' dir='ltr'><strong>constituunt</strong></span> <span class='ocrx_word' id='word_1_191' title='bbox 929 2403 1210 2466; x_wconf 84' lang='lat' dir='ltr'><strong>potestate,</strong></span> <span class='ocrx_word' id='word_1_192' title='bbox 1235 2403 1294 2450; x_wconf 89' lang='lat' dir='ltr'><strong>ut</strong></span> <span class='ocrx_word' id='word_1_193' title='bbox 1325 2394 1570 2449; x_wconf 88' lang='lat' dir='ltr'><strong>Dcidona</strong></span> <span class='ocrx_word' id='word_1_194' title='bbox 1591 2408 1714 2450; x_wconf 89' lang='lat' dir='ltr'><strong>esse</strong></span> <span class='ocrx_word' id='word_1_195' title='bbox 1734 2409 1846 2448; x_wconf 86' lang='lat' dir='ltr'><strong>non</strong></span> <span class='ocrx_word' id='word_1_196' title='bbox 1870 2407 1968 2461; x_wconf 82' lang='lat' dir='ltr'><strong>pu-</strong></span> 
     </span>
    </p>
   </div>
   <div class='ocr_carea' id='block_1_24' title="bbox 373 2483 1968 2562">
    <p class='ocr_par' dir='ltr' id='par_1_24' title="bbox 373 2483 1968 2562">
     <span class='ocr_line' id='line_1_24' title="bbox 373 2483 1968 2562; baseline -0.005 -16"><span class='ocrx_word' id='word_1_197' title='bbox 373 2501 508 2556; x_wconf 87' lang='lat' dir='ltr'><strong>tent,</strong></span> <span class='ocrx_word' id='word_1_198' title='bbox 539 2505 711 2562; x_wconf 83' lang='lat' dir='ltr'><strong>neque</strong></span> <span class='ocrx_word' id='word_1_199' title='bbox 735 2488 802 2544; x_wconf 90' lang='lat' dir='ltr'><strong>ad</strong></span> <span class='ocrx_word' id='word_1_200' title='bbox 849 2487 968 2544; x_wconf 64' lang='lat' dir='ltr'><strong>haec</strong></span> <span class='ocrx_word' id='word_1_201' title='bbox 999 2485 1246 2542; x_wconf 84' lang='lat' dir='ltr'><strong>habenda</strong></span> <span class='ocrx_word' id='word_1_202' title='bbox 1275 2492 1436 2556; x_wconf 81' lang='lat' dir='ltr'><strong>atque</strong></span> <span class='ocrx_word' id='word_1_203' title='bbox 1477 2483 1756 2540; x_wconf 88' lang='lat' dir='ltr'><strong>retinenda</strong></span> <span class='ocrx_word' id='word_1_204' title='bbox 1800 2485 1968 2538; x_wconf 80' lang='lat' dir='ltr'><strong>Deum</strong></span> 
     </span>
    </p>
   </div>
   <div class='ocr_carea' id='block_1_25' title="bbox 374 2578 1972 2656">
    <p class='ocr_par' dir='ltr' id='par_1_25' title="bbox 374 2578 1972 2656">
     <span class='ocr_line' id='line_1_25' title="bbox 374 2578 1972 2656; baseline -0.004 -18"><span class='ocrx_word' id='word_1_205' title='bbox 374 2585 590 2656; x_wconf 83' lang='lat' dir='ltr'><strong>operari</strong></span> <span class='ocrx_word' id='word_1_206' title='bbox 617 2591 829 2638; x_wconf 86' lang='lat' dir='ltr'><strong>nostras</strong></span> <span class='ocrx_word' id='word_1_207' title='bbox 855 2579 1206 2650; x_wconf 70' lang='lat' dir='ltr'><strong>cogitationes</strong></span> <span class='ocrx_word' id='word_1_208' title='bbox 1231 2587 1282 2636; x_wconf 90' lang='lat' dir='ltr'><strong>et</strong></span> <span class='ocrx_word' id='word_1_209' title='bbox 1311 2578 1632 2642; x_wconf 68' lang='lat' dir='ltr'><strong>voluntates,</strong></span> <span class='ocrx_word' id='word_1_210' title='bbox 1660 2585 1851 2632; x_wconf 72' lang='lat' dir='ltr'><strong>ctetera</strong></span> <span class='ocrx_word' id='word_1_211' title='bbox 1879 2591 1972 2632; x_wconf 81' lang='lat' dir='ltr'><strong>ve-</strong></span> 
     </span>
    </p>
   </div>
   <div class='ocr_carea' id='block_1_26' title="bbox 375 2667 1970 2746">
    <p class='ocr_par' dir='ltr' id='par_1_26' title="bbox 375 2667 1970 2746">
     <span class='ocr_line' id='line_1_26' title="bbox 375 2667 1970 2746; baseline -0.003 -18"><span class='ocrx_word' id='word_1_212' title='bbox 375 2689 442 2730; x_wconf 79' lang='lat' dir='ltr'><strong>ro</strong></span> <span class='ocrx_word' id='word_1_213' title='bbox 463 2675 636 2746; x_wconf 88' lang='lat' dir='ltr'><strong>ipsum</strong></span> <span class='ocrx_word' id='word_1_214' title='bbox 675 2671 810 2728; x_wconf 86' lang='lat' dir='ltr'><strong>dare</strong></span> <span class='ocrx_word' id='word_1_215' title='bbox 841 2669 1164 2736; x_wconf 85' lang='lat' dir='ltr'><strong>concedunt,</strong></span> <span class='ocrx_word' id='word_1_216' title='bbox 1206 2683 1328 2724; x_wconf 86' lang='lat' dir='ltr'><strong>cum</strong></span> <span class='ocrx_word' id='word_1_217' title='bbox 1371 2667 1440 2722; x_wconf 88' lang='lat' dir='ltr'><strong>ab</strong></span> <span class='ocrx_word' id='word_1_218' title='bbox 1479 2668 1572 2724; x_wconf 90' lang='lat' dir='ltr'><strong>illo</strong></span> <span class='ocrx_word' id='word_1_219' title='bbox 1615 2667 1970 2737; x_wconf 85' lang='lat' dir='ltr'><strong>impetrautur</strong></span> 
     </span>
    </p>
   </div>
   <div class='ocr_carea' id='block_1_27' title="bbox 375 2757 1970 2830">
    <p class='ocr_par' dir='ltr' id='par_1_27' title="bbox 375 2757 1970 2830">
     <span class='ocr_line' id='line_1_27' title="bbox 375 2757 1970 2830; baseline -0.004 -12"><span class='ocrx_word' id='word_1_220' title='bbox 375 2763 646 2820; x_wconf 84' lang='lat' dir='ltr'><strong>credentis</strong></span> <span class='ocrx_word' id='word_1_221' title='bbox 689 2761 824 2818; x_wconf 74' lang='lat' dir='ltr'><strong>tide’</strong></span> <span class='ocrx_word' id='word_1_222' title='bbox 850 2777 866 2826; x_wconf 89' lang='lat'><strong>;</strong></span> <span class='ocrx_word' id='word_1_223' title='bbox 891 2776 990 2816; x_wconf 86' lang='lat' dir='ltr'><strong>cur</strong></span> <span class='ocrx_word' id='word_1_224' title='bbox 1013 2759 1080 2814; x_wconf 91' lang='lat' dir='ltr'><strong>ad</strong></span> <span class='ocrx_word' id='word_1_225' title='bbox 1129 2759 1242 2830; x_wconf 81' lang='lat' dir='ltr'><strong>ipsa</strong></span> <span class='ocrx_word' id='word_1_226' title='bbox 1280 2766 1476 2814; x_wconf 66' lang='lat' dir='ltr'><strong>cratera</strong></span> <span class='ocrx_word' id='word_1_227' title='bbox 1517 2757 1970 2825; x_wconf 74' lang='lat' dir='ltr'><strong>exhortationem,</strong></span> 
     </span>
    </p>
   </div>
   <div class='ocr_carea' id='block_1_28' title="bbox 375 2849 1972 2926">
    <p class='ocr_par' dir='ltr' id='par_1_28' title="bbox 375 2849 1972 2926">
     <span class='ocr_line' id='line_1_28' title="bbox 375 2849 1972 2926; baseline -0.003 -14"><span class='ocrx_word' id='word_1_228' title='bbox 375 2871 670 2926; x_wconf 81' lang='lat' dir='ltr'><strong>eorumque</strong></span> <span class='ocrx_word' id='word_1_229' title='bbox 693 2862 1010 2911; x_wconf 67' lang='lat' dir='ltr'><strong>cu&#39;terorutn</strong></span> <span class='ocrx_word' id='word_1_230' title='bbox 1024 2851 1045 2882; x_wconf 94' lang='grc'>³</span> <span class='ocrx_word' id='word_1_231' title='bbox 1063 2850 1492 2924; x_wconf 69' lang='grc' dir='ltr'><strong>ρηεῶοιίιὶοηθιιι</strong></span> <span class='ocrx_word' id='word_1_232' title='bbox 1509 2849 1816 2906; x_wconf 86' lang='lat' dir='ltr'><strong>deﬁnitione</strong></span> <span class='ocrx_word' id='word_1_233' title='bbox 1837 2865 1972 2920; x_wconf 75' lang='lat' dir='ltr'><strong>prte-</strong></span> 
     </span>
    </p>
   </div>
   <div class='ocr_carea' id='block_1_29' title="bbox 377 2941 1974 3013">
    <p class='ocr_par' dir='ltr' id='par_1_29' title="bbox 377 2941 1974 3013">
     <span class='ocr_line' id='line_1_29' title="bbox 377 2941 1974 3013; baseline -0.001 -13"><span class='ocrx_word' id='word_1_234' title='bbox 377 2947 750 3004; x_wconf 80' lang='lat' dir='ltr'><strong>destinationis</strong></span> <span class='ocrx_word' id='word_1_235' title='bbox 793 2961 899 3000; x_wconf 89' lang='lat' dir='ltr'><strong>non</strong></span> <span class='ocrx_word' id='word_1_236' title='bbox 948 2953 1190 3000; x_wconf 88' lang='lat' dir='ltr'><strong>metuunt</strong></span> <span class='ocrx_word' id='word_1_237' title='bbox 1235 2942 1517 3013; x_wconf 84' lang='lat' dir='ltr'><strong>impediri?</strong></span> <span class='ocrx_word' id='word_1_238' title='bbox 1545 2946 1628 2998; x_wconf 84' lang='lat' dir='ltr'><strong>An</strong></span> <span class='ocrx_word' id='word_1_239' title='bbox 1685 2941 1823 2998; x_wconf 76' lang='lat' dir='ltr'><strong>forte</strong></span> <span class='ocrx_word' id='word_1_240' title='bbox 1869 2957 1974 2998; x_wconf 83' lang='lat' dir='ltr'><strong>nec</strong></span> 
     </span>
    </p>
   </div>
   <div class='ocr_carea' id='block_1_30' title="bbox 379 3035 1968 3112">
    <p class='ocr_par' dir='ltr' id='par_1_30' title="bbox 379 3035 1968 3112">
     <span class='ocr_line' id='line_1_30' title="bbox 379 3035 1968 3112; baseline -0.003 -18"><span class='ocrx_word' id='word_1_241' title='bbox 379 3040 494 3112; x_wconf 86' lang='lat' dir='ltr'><strong>ipsa</strong></span> <span class='ocrx_word' id='word_1_242' title='bbox 533 3039 716 3096; x_wconf 89' lang='lat' dir='ltr'><strong>dicunt</strong></span> <span class='ocrx_word' id='word_1_243' title='bbox 757 3037 1172 3109; x_wconf 69' lang='lat' dir='ltr'><strong>prmdestinata?</strong></span> <span class='ocrx_word' id='word_1_244' title='bbox 1200 3037 1340 3106; x_wconf 82' lang='lat' dir='ltr'><strong>Ergo</strong></span> <span class='ocrx_word' id='word_1_245' title='bbox 1395 3051 1494 3092; x_wconf 85' lang='lat' dir='ltr'><strong>nec</strong></span> <span class='ocrx_word' id='word_1_246' title='bbox 1527 3035 1723 3091; x_wconf 87' lang='lat' dir='ltr'><strong>dantur</strong></span> <span class='ocrx_word' id='word_1_247' title='bbox 1773 3050 1804 3090; x_wconf 88' lang='lat' dir='ltr'><strong>a</strong></span> <span class='ocrx_word' id='word_1_248' title='bbox 1837 3035 1968 3098; x_wconf 91' lang='lat' dir='ltr'><strong>Deo,</strong></span> 
     </span>
    </p>
   </div>
   <div class='ocr_carea' id='block_1_31' title="bbox 379 3128 1977 3198">
    <p class='ocr_par' dir='ltr' id='par_1_31' title="bbox 379 3128 1977 3198">
     <span class='ocr_line' id='line_1_31' title="bbox 379 3128 1977 3198; baseline -0.001 -11"><span class='ocrx_word' id='word_1_249' title='bbox 379 3145 472 3190; x_wconf 85' lang='lat' dir='ltr'><strong>aut</strong></span> <span class='ocrx_word' id='word_1_250' title='bbox 495 3149 558 3192; x_wconf 86' lang='lat' dir='ltr'><strong>ea</strong></span> <span class='ocrx_word' id='word_1_251' title='bbox 579 3149 640 3190; x_wconf 88' lang='lat' dir='ltr'><strong>se</strong></span> <span class='ocrx_word' id='word_1_252' title='bbox 657 3133 904 3188; x_wconf 84' lang='lat' dir='ltr'><strong>daturum</strong></span> <span class='ocrx_word' id='word_1_253' title='bbox 931 3147 1052 3188; x_wconf 89' lang='lat' dir='ltr'><strong>esse</strong></span> <span class='ocrx_word' id='word_1_254' title='bbox 1081 3131 1328 3186; x_wconf 81' lang='lat' dir='ltr'><strong>nescivit.</strong></span> <span class='ocrx_word' id='word_1_255' title='bbox 1359 3129 1510 3198; x_wconf 82' lang='lat' dir='ltr'><strong>Quod</strong></span> <span class='ocrx_word' id='word_1_256' title='bbox 1529 3129 1578 3184; x_wconf 89' lang='lat' dir='ltr'><strong>si</strong></span> <span class='ocrx_word' id='word_1_257' title='bbox 1607 3137 1664 3184; x_wconf 85' lang='lat' dir='ltr'><strong>et</strong></span> <span class='ocrx_word' id='word_1_258' title='bbox 1687 3128 1902 3196; x_wconf 85' lang='lat' dir='ltr'><strong>dantur,</strong></span> <span class='ocrx_word' id='word_1_259' title='bbox 1921 3136 1977 3186; x_wconf 84' lang='lat' dir='ltr'><strong>et</strong></span> 
     </span>
    </p>
   </div>
   <div class='ocr_carea' id='block_1_32' title="bbox 377 3219 1972 3294">
    <p class='ocr_par' dir='ltr' id='par_1_32' title="bbox 377 3219 1972 3294">
     <span class='ocr_line' id='line_1_32' title="bbox 377 3219 1972 3294; baseline -0.002 -17"><span class='ocrx_word' id='word_1_260' title='bbox 377 3242 442 3280; x_wconf 79' lang='lat' dir='ltr'><strong>ea</strong></span> <span class='ocrx_word' id='word_1_261' title='bbox 466 3241 526 3282; x_wconf 89' lang='lat' dir='ltr'><strong>se</strong></span> <span class='ocrx_word' id='word_1_262' title='bbox 551 3225 798 3280; x_wconf 86' lang='lat' dir='ltr'><strong>daturum</strong></span> <span class='ocrx_word' id='word_1_263' title='bbox 827 3239 946 3280; x_wconf 90' lang='lat' dir='ltr'><strong>esse</strong></span> <span class='ocrx_word' id='word_1_264' title='bbox 969 3222 1256 3294; x_wconf 71' lang='lat' dir='ltr'><strong>prtescivit;</strong></span> <span class='ocrx_word' id='word_1_265' title='bbox 1271 3221 1516 3291; x_wconf 77' lang='lat' dir='ltr'><strong>profecto</strong></span> <span class='ocrx_word' id='word_1_266' title='bbox 1557 3219 1972 3290; x_wconf 67' lang='lat' dir='ltr'><strong>prardestinavit.</strong></span> 
     </span>
    </p>
   </div>
   <div class='ocr_carea' id='block_1_33' title="bbox 379 3309 1978 3390">
    <p class='ocr_par' dir='ltr' id='par_1_33' title="bbox 379 3309 1978 3390">
     <span class='ocr_line' id='line_1_33' title="bbox 379 3309 1978 3390; baseline -0.005 -16"><span class='ocrx_word' id='word_1_267' title='bbox 379 3317 530 3374; x_wconf 91' lang='lat' dir='ltr'><strong>Sicut</strong></span> <span class='ocrx_word' id='word_1_268' title='bbox 557 3333 684 3390; x_wconf 82' lang='lat' dir='ltr'><strong>ergo</strong></span> <span class='ocrx_word' id='word_1_269' title='bbox 713 3316 814 3388; x_wconf 90' lang='lat' dir='ltr'><strong>ipsi</strong></span> <span class='ocrx_word' id='word_1_270' title='bbox 851 3329 1063 3386; x_wconf 88' lang='lat' dir='ltr'><strong>quoque</strong></span> <span class='ocrx_word' id='word_1_271' title='bbox 1099 3313 1386 3368; x_wconf 85' lang='lat' dir='ltr'><strong>hortantur</strong></span> <span class='ocrx_word' id='word_1_272' title='bbox 1409 3311 1476 3368; x_wconf 90' lang='lat' dir='ltr'><strong>ad</strong></span> <span class='ocrx_word' id='word_1_273' title='bbox 1503 3311 1822 3376; x_wconf 85' lang='lat' dir='ltr'><strong>castitatem,</strong></span> <span class='ocrx_word' id='word_1_274' title='bbox 1845 3309 1978 3368; x_wconf 76' lang='lat' dir='ltr'><strong>clla-</strong></span> 
     </span>
    </p>
   </div>
   <div class='ocr_carea' id='block_1_34' title="bbox 379 3406 1972 3482">
    <p class='ocr_par' dir='ltr' id='par_1_34' title="bbox 379 3406 1972 3482">
     <span class='ocr_line' id='line_1_34' title="bbox 379 3406 1972 3482; baseline -0.005 -14"><span class='ocrx_word' id='word_1_275' title='bbox 379 3413 616 3480; x_wconf 86' lang='lat' dir='ltr'><strong>ritatem,</strong></span> <span class='ocrx_word' id='word_1_276' title='bbox 647 3411 922 3482; x_wconf 72' lang='lat' dir='ltr'><strong>pietatem,</strong></span> <span class='ocrx_word' id='word_1_277' title='bbox 953 3419 1008 3466; x_wconf 90' lang='lat' dir='ltr'><strong>et</strong></span> <span class='ocrx_word' id='word_1_278' title='bbox 1027 3416 1217 3466; x_wconf 71' lang='lat' dir='ltr'><strong>caetera</strong></span> <span class='ocrx_word' id='word_1_279' title='bbox 1249 3423 1374 3480; x_wconf 79' lang='lat' dir='ltr'><strong>quae</strong></span> <span class='ocrx_word' id='word_1_280' title='bbox 1399 3406 1496 3463; x_wconf 89' lang='lat' dir='ltr'><strong>Dei</strong></span> <span class='ocrx_word' id='word_1_281' title='bbox 1521 3407 1660 3462; x_wconf 87' lang='lat' dir='ltr'><strong>dona</strong></span> <span class='ocrx_word' id='word_1_282' title='bbox 1687 3421 1808 3462; x_wconf 87' lang='lat' dir='ltr'><strong>esse</strong></span> <span class='ocrx_word' id='word_1_283' title='bbox 1837 3420 1972 3468; x_wconf 83' lang='lat' dir='ltr'><strong>con-</strong></span> 
     </span>
    </p>
   </div>
   <div class='ocr_carea' id='block_1_35' title="bbox 379 3496 1974 3574">
    <p class='ocr_par' dir='ltr' id='par_1_35' title="bbox 379 3496 1974 3574">
     <span class='ocr_line' id='line_1_35' title="bbox 379 3496 1974 3574; baseline -0.003 -16"><span class='ocrx_word' id='word_1_284' title='bbox 379 3503 618 3568; x_wconf 84' lang='lat' dir='ltr'><strong>ﬁtentur,</strong></span> <span class='ocrx_word' id='word_1_285' title='bbox 647 3517 816 3574; x_wconf 89' lang='lat' dir='ltr'><strong>eaque</strong></span> <span class='ocrx_word' id='word_1_286' title='bbox 857 3502 924 3558; x_wconf 88' lang='lat' dir='ltr'><strong>ab</strong></span> <span class='ocrx_word' id='word_1_287' title='bbox 951 3501 1048 3556; x_wconf 88' lang='lat' dir='ltr'><strong>illo</strong></span> <span class='ocrx_word' id='word_1_288' title='bbox 1087 3515 1211 3557; x_wconf 88' lang='lat' dir='ltr'><strong>esse</strong></span> <span class='ocrx_word' id='word_1_289' title='bbox 1249 3498 1601 3570; x_wconf 70' lang='lat' dir='ltr'><strong>prarcognita,</strong></span> <span class='ocrx_word' id='word_1_290' title='bbox 1633 3512 1698 3552; x_wconf 91' lang='lat' dir='ltr'><strong>ac</strong></span> <span class='ocrx_word' id='word_1_291' title='bbox 1743 3513 1838 3567; x_wconf 88' lang='lat' dir='ltr'><strong>per</strong></span> <span class='ocrx_word' id='word_1_292' title='bbox 1869 3496 1974 3554; x_wconf 88' lang='lat' dir='ltr'><strong>hoc</strong></span> 
     </span>
    </p>
   </div>
   <div class='ocr_carea' id='block_1_36' title="bbox 381 3587 1972 3665">
    <p class='ocr_par' dir='ltr' id='par_1_36' title="bbox 381 3587 1972 3665">
     <span class='ocr_line' id='line_1_36' title="bbox 381 3587 1972 3665; baseline -0.004 -15"><span class='ocrx_word' id='word_1_293' title='bbox 381 3594 754 3665; x_wconf 73' lang='lat' dir='ltr'><strong>prmdestinata</strong></span> <span class='ocrx_word' id='word_1_294' title='bbox 781 3607 984 3664; x_wconf 86' lang='lat' dir='ltr'><strong>negare</strong></span> <span class='ocrx_word' id='word_1_295' title='bbox 1021 3606 1132 3647; x_wconf 85' lang='lat' dir='ltr'><strong>non</strong></span> <span class='ocrx_word' id='word_1_296' title='bbox 1159 3599 1404 3661; x_wconf 86' lang='lat' dir='ltr'><strong>possunt;</strong></span> <span class='ocrx_word' id='word_1_297' title='bbox 1435 3604 1536 3646; x_wconf 90' lang='lat' dir='ltr'><strong>nec</strong></span> <span class='ocrx_word' id='word_1_298' title='bbox 1559 3587 1744 3644; x_wconf 90' lang='lat' dir='ltr'><strong>dicunt</strong></span> <span class='ocrx_word' id='word_1_299' title='bbox 1773 3587 1972 3644; x_wconf 73' lang='lat' dir='ltr'><strong>exhor-</strong></span> 
     </span>
    </p>
   </div>
   <div class='ocr_carea' id='block_1_37' title="bbox 383 3679 1974 3754">
    <p class='ocr_par' dir='ltr' id='par_1_37' title="bbox 383 3679 1974 3754">
     <span class='ocr_line' id='line_1_37' title="bbox 383 3679 1974 3754; baseline -0.003 -15"><span class='ocrx_word' id='word_1_300' title='bbox 383 3687 611 3742; x_wconf 87' lang='lat' dir='ltr'><strong>tationes</strong></span> <span class='ocrx_word' id='word_1_301' title='bbox 631 3699 766 3742; x_wconf 85' lang='lat' dir='ltr'><strong>suas</strong></span> <span class='ocrx_word' id='word_1_302' title='bbox 805 3683 1050 3754; x_wconf 83' lang='lat' dir='ltr'><strong>impediri</strong></span> <span class='ocrx_word' id='word_1_303' title='bbox 1087 3681 1465 3753; x_wconf 69' lang='lat' dir='ltr'><strong>prtedicatione</strong></span> <span class='ocrx_word' id='word_1_304' title='bbox 1493 3679 1974 3750; x_wconf 72' lang='lat' dir='ltr'><strong>prrcdestimtionis</strong></span> 
     </span>
    </p>
   </div>
   <div class='ocr_carea' id='block_1_38' title="bbox 383 3771 1977 3846">
    <p class='ocr_par' dir='ltr' id='par_1_38' title="bbox 383 3771 1977 3846">
     <span class='ocr_line' id='line_1_38' title="bbox 383 3771 1977 3846; baseline -0.004 -14"><span class='ocrx_word' id='word_1_305' title='bbox 383 3777 500 3846; x_wconf 87' lang='lat' dir='ltr'><strong>Dei,</strong></span> <span class='ocrx_word' id='word_1_306' title='bbox 529 3777 632 3834; x_wconf 88' lang='lat' dir='ltr'><strong>hoc</strong></span> <span class='ocrx_word' id='word_1_307' title='bbox 667 3785 772 3843; x_wconf 84' lang='lat' dir='ltr'><strong>est,</strong></span> <span class='ocrx_word' id='word_1_308' title='bbox 799 3775 1180 3846; x_wconf 73' lang='lat' dir='ltr'><strong>praedicatione</strong></span> <span class='ocrx_word' id='word_1_309' title='bbox 1207 3774 1276 3830; x_wconf 90' lang='lat' dir='ltr'><strong>de</strong></span> <span class='ocrx_word' id='word_1_310' title='bbox 1317 3773 1406 3829; x_wconf 90' lang='lat' dir='ltr'><strong>his</strong></span> <span class='ocrx_word' id='word_1_311' title='bbox 1439 3773 1596 3828; x_wconf 87' lang='lat' dir='ltr'><strong>donis</strong></span> <span class='ocrx_word' id='word_1_312' title='bbox 1630 3772 1748 3842; x_wconf 86' lang='lat' dir='ltr'><strong>ejus</strong></span> <span class='ocrx_word' id='word_1_313' title='bbox 1783 3771 1977 3826; x_wconf 79' lang='lat' dir='ltr'><strong>futuris</strong></span> 
     </span>
    </p>
   </div>
   <div class='ocr_carea' id='block_1_39' title="bbox 386 3859 1976 3937">
    <p class='ocr_par' dir='ltr' id='par_1_39' title="bbox 386 3859 1976 3937">
     <span class='ocr_line' id='line_1_39' title="bbox 386 3859 1976 3937; baseline -0.003 -17"><span class='ocrx_word' id='word_1_314' title='bbox 386 3867 740 3937; x_wconf 64' lang='lat' dir='ltr'><strong>priescientire</strong></span> <span class='ocrx_word' id='word_1_315' title='bbox 767 3859 860 3920; x_wconf 84' lang='lat' dir='ltr'><strong>Dei</strong></span> <span class='ocrx_word' id='word_1_316' title='bbox 885 3882 900 3919; x_wconf 90' lang='lat'><strong>:</strong></span> <span class='ocrx_word' id='word_1_317' title='bbox 929 3865 1008 3920; x_wconf 90' lang='lat' dir='ltr'><strong>sic</strong></span> <span class='ocrx_word' id='word_1_318' title='bbox 1029 3863 1242 3918; x_wconf 89' lang='lat' dir='ltr'><strong>videant</strong></span> <span class='ocrx_word' id='word_1_319' title='bbox 1267 3878 1366 3919; x_wconf 89' lang='lat' dir='ltr'><strong>nec</strong></span> <span class='ocrx_word' id='word_1_320' title='bbox 1385 3863 1450 3917; x_wconf 91' lang='lat' dir='ltr'><strong>ad</strong></span> <span class='ocrx_word' id='word_1_321' title='bbox 1467 3863 1622 3916; x_wconf 87' lang='lat' dir='ltr'><strong>tidem</strong></span> <span class='ocrx_word' id='word_1_322' title='bbox 1639 3877 1738 3918; x_wconf 88' lang='lat' dir='ltr'><strong>nec</strong></span> <span class='ocrx_word' id='word_1_323' title='bbox 1761 3861 1828 3916; x_wconf 88' lang='lat' dir='ltr'><strong>ad</strong></span> <span class='ocrx_word' id='word_1_324' title='bbox 1857 3877 1976 3931; x_wconf 83' lang='lat' dir='ltr'><strong>per-</strong></span> 
     </span>
    </p>
   </div>
   <div class='ocr_carea' id='block_1_40' title="bbox 385 3952 1974 4025">
    <p class='ocr_par' dir='ltr' id='par_1_40' title="bbox 385 3952 1974 4025">
     <span class='ocr_line' id='line_1_40' title="bbox 385 3952 1974 4025; baseline -0.004 -13"><span class='ocrx_word' id='word_1_325' title='bbox 385 3957 744 4014; x_wconf 86' lang='lat' dir='ltr'><strong>severantiam</strong></span> <span class='ocrx_word' id='word_1_326' title='bbox 771 3955 1020 4025; x_wconf 89' lang='lat' dir='ltr'><strong>impediri</strong></span> <span class='ocrx_word' id='word_1_327' title='bbox 1049 3953 1454 4010; x_wconf 84' lang='lat' dir='ltr'><strong>exhortationes</strong></span> <span class='ocrx_word' id='word_1_328' title='bbox 1487 3967 1636 4018; x_wconf 85' lang='lat' dir='ltr'><strong>suas,</strong></span> <span class='ocrx_word' id='word_1_329' title='bbox 1667 3953 1712 4008; x_wconf 92' lang='lat' dir='ltr'><strong>si</strong></span> <span class='ocrx_word' id='word_1_330' title='bbox 1742 3959 1798 4007; x_wconf 88' lang='lat' dir='ltr'><strong>et</strong></span> <span class='ocrx_word' id='word_1_331' title='bbox 1839 3952 1974 4022; x_wconf 89' lang='lat' dir='ltr'><strong>ipsa,</strong></span> 
     </span>
    </p>
   </div>
   <div class='ocr_carea' id='block_1_41' title="bbox 384 4041 1978 4120">
    <p class='ocr_par' dir='ltr' id='par_1_41' title="bbox 384 4041 1978 4120">
     <span class='ocr_line' id='line_1_41' title="bbox 384 4041 1978 4120; baseline -0.003 -18"><span class='ocrx_word' id='word_1_332' title='bbox 384 4049 526 4120; x_wconf 88' lang='lat' dir='ltr'><strong>quod</strong></span> <span class='ocrx_word' id='word_1_333' title='bbox 558 4063 744 4102; x_wconf 86' lang='lat' dir='ltr'><strong>verum</strong></span> <span class='ocrx_word' id='word_1_334' title='bbox 773 4055 876 4112; x_wconf 86' lang='lat' dir='ltr'><strong>est,</strong></span> <span class='ocrx_word' id='word_1_335' title='bbox 903 4059 1024 4101; x_wconf 87' lang='lat' dir='ltr'><strong>esse</strong></span> <span class='ocrx_word' id='word_1_336' title='bbox 1047 4045 1140 4100; x_wconf 85' lang='lat' dir='ltr'><strong>Dei</strong></span> <span class='ocrx_word' id='word_1_337' title='bbox 1169 4044 1332 4107; x_wconf 84' lang='lat' dir='ltr'><strong>dona,</strong></span> <span class='ocrx_word' id='word_1_338' title='bbox 1356 4059 1526 4112; x_wconf 88' lang='lat' dir='ltr'><strong>eaque</strong></span> <span class='ocrx_word' id='word_1_339' title='bbox 1557 4043 1900 4114; x_wconf 64' lang='lat' dir='ltr'><strong>praecognita,</strong></span> <span class='ocrx_word' id='word_1_340' title='bbox 1925 4041 1978 4098; x_wconf 90' lang='lat' dir='ltr'><strong>id</strong></span> 
     </span>
    </p>
   </div>
   <div class='ocr_carea' id='block_1_42' title="bbox 385 4135 1978 4210">
    <p class='ocr_par' dir='ltr' id='par_1_42' title="bbox 385 4135 1978 4210">
     <span class='ocr_line' id='line_1_42' title="bbox 385 4135 1978 4210; baseline -0.003 -14"><span class='ocrx_word' id='word_1_341' title='bbox 385 4149 492 4208; x_wconf 87' lang='lat' dir='ltr'><strong>est,</strong></span> <span class='ocrx_word' id='word_1_342' title='bbox 534 4139 602 4195; x_wconf 88' lang='lat' dir='ltr'><strong>ad</strong></span> <span class='ocrx_word' id='word_1_343' title='bbox 647 4139 958 4196; x_wconf 85' lang='lat' dir='ltr'><strong>donandum</strong></span> <span class='ocrx_word' id='word_1_344' title='bbox 1005 4137 1382 4210; x_wconf 65' lang='lat' dir='ltr'><strong>praedestinata</strong></span> <span class='ocrx_word' id='word_1_345' title='bbox 1424 4151 1545 4192; x_wconf 88' lang='lat' dir='ltr'><strong>esse</strong></span> <span class='ocrx_word' id='word_1_346' title='bbox 1587 4136 1850 4200; x_wconf 82' lang='lat' dir='ltr'><strong>dicantur;</strong></span> <span class='ocrx_word' id='word_1_347' title='bbox 1881 4135 1978 4191; x_wconf 88' lang='lat' dir='ltr'><strong>sed</strong></span> 
     </span>
    </p>
   </div>
   <div class='ocr_carea' id='block_1_43' title="bbox 386 4225 1979 4302">
    <p class='ocr_par' dir='ltr' id='par_1_43' title="bbox 386 4225 1979 4302">
     <span class='ocr_line' id='line_1_43' title="bbox 386 4225 1979 4302; baseline -0.003 -15"><span class='ocrx_word' id='word_1_348' title='bbox 386 4225 636 4302; x_wconf 88' lang='lat' dir='ltr'><strong>impediri</strong></span> <span class='ocrx_word' id='word_1_349' title='bbox 681 4231 860 4302; x_wconf 88' lang='lat' dir='ltr'><strong>potius</strong></span> <span class='ocrx_word' id='word_1_350' title='bbox 889 4240 1050 4302; x_wconf 86' lang='lat' dir='ltr'><strong>atque</strong></span> <span class='ocrx_word' id='word_1_351' title='bbox 1089 4229 1324 4284; x_wconf 86' lang='lat' dir='ltr'><strong>subverti</strong></span> <span class='ocrx_word' id='word_1_352' title='bbox 1359 4227 1460 4282; x_wconf 88' lang='lat' dir='ltr'><strong>hac</strong></span> <span class='ocrx_word' id='word_1_353' title='bbox 1493 4226 1979 4297; x_wconf 70' lang='lat' dir='ltr'><strong>prindestiuationis</strong></span> 
     </span>
    </p>
   </div>
   <div class='ocr_carea' id='block_1_44' title="bbox 389 4319 1979 4393">
    <p class='ocr_par' dir='ltr' id='par_1_44' title="bbox 389 4319 1979 4393">
     <span class='ocr_line' id='line_1_44' title="bbox 389 4319 1979 4393; baseline -0.004 -13"><span class='ocrx_word' id='word_1_354' title='bbox 389 4323 766 4393; x_wconf 73' lang='lat' dir='ltr'><strong>prmdieatione</strong></span> <span class='ocrx_word' id='word_1_355' title='bbox 793 4323 942 4378; x_wconf 89' lang='lat' dir='ltr'><strong>illum</strong></span> <span class='ocrx_word' id='word_1_356' title='bbox 965 4321 1333 4378; x_wconf 84' lang='lat' dir='ltr'><strong>tantummodo</strong></span> <span class='ocrx_word' id='word_1_357' title='bbox 1354 4319 1862 4390; x_wconf 86' lang='lat' dir='ltr'><strong>perniciosissimum</strong></span> <span class='ocrx_word' id='word_1_358' title='bbox 1890 4334 1979 4374; x_wconf 90' lang='lat' dir='ltr'><strong>er-</strong></span> 
     </span>
    </p>
   </div>
   <div class='ocr_carea' id='block_1_45' title="bbox 387 4410 1980 4485">
    <p class='ocr_par' dir='ltr' id='par_1_45' title="bbox 387 4410 1980 4485">
     <span class='ocr_line' id='line_1_45' title="bbox 387 4410 1980 4485; baseline -0.002 -17"><span class='ocrx_word' id='word_1_359' title='bbox 387 4429 592 4480; x_wconf 85' lang='lat' dir='ltr'><strong>rorem,</strong></span> <span class='ocrx_word' id='word_1_360' title='bbox 636 4429 744 4485; x_wconf 89' lang='lat' dir='ltr'><strong>quo</strong></span> <span class='ocrx_word' id='word_1_361' title='bbox 787 4413 1001 4474; x_wconf 83' lang='lat' dir='ltr'><strong>dicitur.</strong></span> <span class='ocrx_word' id='word_1_362' title='bbox 1037 4413 1262 4482; x_wconf 80' lang='lat' dir='ltr'><strong>gratiam</strong></span> <span class='ocrx_word' id='word_1_363' title='bbox 1309 4412 1402 4466; x_wconf 89' lang='lat' dir='ltr'><strong>Dei</strong></span> <span class='ocrx_word' id='word_1_364' title='bbox 1447 4410 1742 4465; x_wconf 88' lang='lat' dir='ltr'><strong>secundum</strong></span> <span class='ocrx_word' id='word_1_365' title='bbox 1785 4411 1980 4466; x_wconf 84' lang='lat' dir='ltr'><strong>merita</strong></span> 
     </span>
    </p>
   </div>
   <div class='ocr_carea' id='block_1_46' title="bbox 387 4501 1976 4574">
    <p class='ocr_par' dir='ltr' id='par_1_46' title="bbox 387 4501 1976 4574">
     <span class='ocr_line' id='line_1_46' title="bbox 387 4501 1976 4574; baseline -0.001 -15"><span class='ocrx_word' id='word_1_366' title='bbox 387 4515 570 4559; x_wconf 89' lang='lat' dir='ltr'><strong>nostra</strong></span> <span class='ocrx_word' id='word_1_367' title='bbox 604 4504 738 4570; x_wconf 90' lang='lat' dir='ltr'><strong>dari;</strong></span> <span class='ocrx_word' id='word_1_368' title='bbox 770 4509 942 4574; x_wconf 84' lang='lat' dir='ltr'><strong>utqui</strong></span> <span class='ocrx_word' id='word_1_369' title='bbox 981 4503 1258 4574; x_wconf 77' lang='lat' dir='ltr'><strong>gloriatur,</strong></span> <span class='ocrx_word' id='word_1_370' title='bbox 1287 4517 1396 4558; x_wconf 90' lang='lat' dir='ltr'><strong>non</strong></span> <span class='ocrx_word' id='word_1_371' title='bbox 1423 4502 1478 4558; x_wconf 85' lang='lat' dir='ltr'><strong>in</strong></span> <span class='ocrx_word' id='word_1_372' title='bbox 1521 4501 1770 4568; x_wconf 88' lang='lat' dir='ltr'><strong>Domino,</strong></span> <span class='ocrx_word' id='word_1_373' title='bbox 1795 4501 1890 4556; x_wconf 90' lang='lat' dir='ltr'><strong>scd</strong></span> <span class='ocrx_word' id='word_1_374' title='bbox 1923 4501 1976 4558; x_wconf 91' lang='lat' dir='ltr'><strong>in</strong></span> 
     </span>
    </p>
   </div>
   <div class='ocr_carea' id='block_1_47' title="bbox 387 4597 885 4668">
    <p class='ocr_par' dir='ltr' id='par_1_47' title="bbox 387 4597 885 4668">
     <span class='ocr_line' id='line_1_47' title="bbox 387 4597 885 4668; baseline -0.006 -14"><span class='ocrx_word' id='word_1_375' title='bbox 387 4614 446 4655; x_wconf 84' lang='lat' dir='ltr'><strong>sc</strong></span> <span class='ocrx_word' id='word_1_376' title='bbox 463 4599 582 4668; x_wconf 83' lang='lat' dir='ltr'><strong>ipso</strong></span> <span class='ocrx_word' id='word_1_377' title='bbox 611 4597 885 4668; x_wconf 78' lang='lat' dir='ltr'><strong>glorietur.</strong></span> 
     </span>
    </p>
   </div>
   <div class='ocr_carea' id='block_1_48' title="bbox 463 4685 1984 4760">
    <p class='ocr_par' dir='ltr' id='par_1_48' title="bbox 463 4685 1984 4760">
     <span class='ocr_line' id='line_1_48' title="bbox 463 4685 1984 4760; baseline -0.004 -12"><span class='ocrx_word' id='word_1_378' title='bbox 463 4693 553 4748; x_wconf 73' lang='grc'><strong>45.</strong></span> <span class='ocrx_word' id='word_1_379' title='bbox 580 4691 734 4760; x_wconf 84' lang='lat' dir='ltr'><strong>Quod</strong></span> <span class='ocrx_word' id='word_1_380' title='bbox 769 4699 829 4746; x_wconf 86' lang='lat' dir='ltr'><strong>ut</strong></span> <span class='ocrx_word' id='word_1_381' title='bbox 856 4697 1094 4760; x_wconf 81' lang='lat' dir='ltr'><strong>apertius</strong></span> <span class='ocrx_word' id='word_1_382' title='bbox 1121 4697 1341 4760; x_wconf 89' lang='lat' dir='ltr'><strong>propter</strong></span> <span class='ocrx_word' id='word_1_383' title='bbox 1371 4686 1723 4744; x_wconf 83' lang='lat' dir='ltr'><strong>tardiusculus</strong></span> <span class='ocrx_word' id='word_1_384' title='bbox 1749 4685 1984 4757; x_wconf 79' lang='lat' dir='ltr'><strong>explice-</strong></span> 
     </span>
    </p>
   </div>
   <div class='ocr_carea' id='block_1_49' title="bbox 391 4777 1983 4850">
    <p class='ocr_par' dir='ltr' id='par_1_49' title="bbox 391 4777 1983 4850">
     <span class='ocr_line' id='line_1_49' title="bbox 391 4777 1983 4850; baseline -0.005 -10"><span class='ocrx_word' id='word_1_385' title='bbox 391 4801 530 4848; x_wconf 89' lang='lat' dir='ltr'><strong>mus,</strong></span> <span class='ocrx_word' id='word_1_386' title='bbox 577 4783 991 4840; x_wconf 83' lang='lat' dir='ltr'><strong>retnorationem</strong></span> <span class='ocrx_word' id='word_1_387' title='bbox 1017 4779 1041 4812; x_wconf 70' lang='grc'>⁸</span> <span class='ocrx_word' id='word_1_388' title='bbox 1071 4795 1244 4836; x_wconf 87' lang='lat' dir='ltr'><strong>meam</strong></span> <span class='ocrx_word' id='word_1_389' title='bbox 1281 4777 1456 4834; x_wconf 81' lang='lat' dir='ltr'><strong>ferant</strong></span> <span class='ocrx_word' id='word_1_390' title='bbox 1481 4818 1496 4844; x_wconf 98' lang='lat'><strong>,</strong></span> <span class='ocrx_word' id='word_1_391' title='bbox 1523 4778 1716 4849; x_wconf 87' lang='lat' dir='ltr'><strong>quibus</strong></span> <span class='ocrx_word' id='word_1_392' title='bbox 1770 4778 1983 4850; x_wconf 84' lang='lat' dir='ltr'><strong>ingenio</strong></span> 
     </span>
    </p>
   </div>
   <div class='ocr_carea' id='block_1_50' title="bbox 389 4869 1982 4946">
    <p class='ocr_par' dir='ltr' id='par_1_50' title="bbox 389 4869 1982 4946">
     <span class='ocr_line' id='line_1_50' title="bbox 389 4869 1982 4946; baseline -0.004 -16"><span class='ocrx_word' id='word_1_393' title='bbox 389 4875 714 4946; x_wconf 73' lang='lat' dir='ltr'><strong>przevolare&#39;</strong></span> <span class='ocrx_word' id='word_1_394' title='bbox 735 4874 990 4930; x_wconf 78' lang='lat' dir='ltr'><strong>donatum</strong></span> <span class='ocrx_word' id='word_1_395' title='bbox 1025 4881 1128 4926; x_wconf 88' lang='lat' dir='ltr'><strong>est.</strong></span> <span class='ocrx_word' id='word_1_396' title='bbox 1159 4870 1293 4926; x_wconf 90' lang='lat' dir='ltr'><strong>Dicit</strong></span> <span class='ocrx_word' id='word_1_397' title='bbox 1315 4870 1590 4940; x_wconf 82' lang='lat' dir='ltr'><strong>apostolus</strong></span> <span class='ocrx_word' id='word_1_398' title='bbox 1631 4869 1882 4938; x_wconf 82' lang='lat' dir='ltr'><strong>Jacobus,</strong></span> <span class='ocrx_word' id='word_1_399' title='bbox 1921 4869 1982 4926; x_wconf 89' lang='lat' dir='ltr'><strong>Si</strong></span> 
     </span>
    </p>
   </div>
   <div class='ocr_carea' id='block_1_51' title="bbox 390 4959 1981 5034">
    <p class='ocr_par' dir='ltr' id='par_1_51' title="bbox 390 4959 1981 5034">
     <span class='ocr_line' id='line_1_51' title="bbox 390 4959 1981 5034; baseline -0.002 -16"><span class='ocrx_word' id='word_1_400' title='bbox 390 4966 501 5034; x_wconf 87' lang='lat' dir='ltr'><strong>quis</strong></span> <span class='ocrx_word' id='word_1_401' title='bbox 535 4975 750 5018; x_wconf 76' lang='lat' dir='ltr'><strong>vestrum</strong></span> <span class='ocrx_word' id='word_1_402' title='bbox 789 4964 979 5034; x_wconf 86' lang='lat' dir='ltr'><strong>indiget</strong></span> <span class='ocrx_word' id='word_1_403' title='bbox 1005 4961 1272 5033; x_wconf 80' lang='lat' dir='ltr'><strong>sapientia,</strong></span> <span class='ocrx_word' id='word_1_404' title='bbox 1299 4961 1516 5030; x_wconf 75' lang='lat' dir='ltr'><strong>postulet</strong></span> <span class='ocrx_word' id='word_1_405' title='bbox 1547 4977 1578 5014; x_wconf 88' lang='lat' dir='ltr'><strong>a</strong></span> <span class='ocrx_word' id='word_1_406' title='bbox 1613 4959 1742 5026; x_wconf 85' lang='lat' dir='ltr'><strong>Deo,</strong></span> <span class='ocrx_word' id='word_1_407' title='bbox 1771 4961 1857 5030; x_wconf 89' lang='lat' dir='ltr'><strong>qui</strong></span> <span class='ocrx_word' id='word_1_408' title='bbox 1889 4961 1981 5015; x_wconf 81' lang='lat' dir='ltr'><strong>dat</strong></span> 
     </span>
    </p>
   </div>
   <div class='ocr_carea' id='block_1_52' title="bbox 392 5052 1980 5124">
    <p class='ocr_par' dir='ltr' id='par_1_52' title="bbox 392 5052 1980 5124">
     <span class='ocr_line' id='line_1_52' title="bbox 392 5052 1980 5124; baseline -0.001 -16"><span class='ocrx_word' id='word_1_409' title='bbox 392 5055 624 5109; x_wconf 81' lang='lat' dir='ltr'><strong>omnibus</strong></span> <span class='ocrx_word' id='word_1_410' title='bbox 667 5054 962 5124; x_wconf 76' lang='lat' dir='ltr'><strong>afﬂuenter,</strong></span> <span class='ocrx_word' id='word_1_411' title='bbox 997 5061 1042 5106; x_wconf 83' lang='lat' dir='ltr'><strong>ct</strong></span> <span class='ocrx_word' id='word_1_412' title='bbox 1073 5069 1174 5106; x_wconf 86' lang='lat' dir='ltr'><strong>non</strong></span> <span class='ocrx_word' id='word_1_413' title='bbox 1223 5053 1646 5124; x_wconf 81' lang='lat' dir='ltr'><strong>improperat;et</strong></span> <span class='ocrx_word' id='word_1_414' title='bbox 1689 5052 1892 5106; x_wconf 82' lang='lat' dir='ltr'><strong>dubitur</strong></span> <span class='ocrx_word' id='word_1_415' title='bbox 1933 5053 1980 5107; x_wconf 84' lang='lat' dir='ltr'><strong>ei</strong></span> 
     </span>
    </p>
   </div>
   <div class='ocr_carea' id='block_1_53' title="bbox 398 5141 1984 5216">
    <p class='ocr_par' dir='ltr' id='par_1_53' title="bbox 398 5141 1984 5216">
     <span class='ocr_line' id='line_1_53' title="bbox 398 5141 1984 5216; baseline -0.001 -18"><span class='ocrx_word' id='word_1_416' title='bbox 398 5144 602 5214; x_wconf 75' lang='lat' dir='ltr'><strong>(Jacobi</strong></span> <span class='ocrx_word' id='word_1_417' title='bbox 629 5159 668 5210; x_wconf 84' lang='grc' dir='ltr'>ι,</span> <span class='ocrx_word' id='word_1_418' title='bbox 817 5144 1082 5214; x_wconf 79' lang='lat' dir='ltr'><strong>Scriptum</strong></span> <span class='ocrx_word' id='word_1_419' title='bbox 1114 5151 1196 5198; x_wconf 86' lang='lat' dir='ltr'><strong>est</strong></span> <span class='ocrx_word' id='word_1_420' title='bbox 1234 5151 1288 5198; x_wconf 85' lang='lat' dir='ltr'><strong>et</strong></span> <span class='ocrx_word' id='word_1_421' title='bbox 1329 5143 1380 5194; x_wconf 89' lang='lat' dir='ltr'><strong>in</strong></span> <span class='ocrx_word' id='word_1_422' title='bbox 1409 5142 1712 5196; x_wconf 80' lang='lat' dir='ltr'><strong>Proverbiis</strong></span> <span class='ocrx_word' id='word_1_423' title='bbox 1737 5141 1984 5198; x_wconf 67' lang='lat' dir='ltr'><strong>Salomo-</strong></span> 
     </span>
    </p>
   </div>
   <div class='ocr_carea' id='block_1_54' title="bbox 393 5235 1981 5308">
    <p class='ocr_par' dir='ltr' id='par_1_54' title="bbox 393 5235 1981 5308">
     <span class='ocr_line' id='line_1_54' title="bbox 393 5235 1981 5308; baseline -0.004 -14"><span class='ocrx_word' id='word_1_424' title='bbox 393 5239 498 5304; x_wconf 79' lang='lat' dir='ltr'><strong>nis,</strong></span> <span class='ocrx_word' id='word_1_425' title='bbox 531 5237 782 5304; x_wconf 82' lang='lat' dir='ltr'><strong>Quoniam</strong></span> <span class='ocrx_word' id='word_1_426' title='bbox 823 5235 1072 5290; x_wconf 86' lang='lat' dir='ltr'><strong>Dominus</strong></span> <span class='ocrx_word' id='word_1_427' title='bbox 1107 5235 1194 5290; x_wconf 85' lang='lat' dir='ltr'><strong>dat</strong></span> <span class='ocrx_word' id='word_1_428' title='bbox 1227 5235 1528 5304; x_wconf 78' lang='lat' dir='ltr'><strong>sapictuiam</strong></span> <span class='ocrx_word' id='word_1_429' title='bbox 1589 5235 1770 5308; x_wconf 81' lang='lat' dir='ltr'><strong>(Prov.</strong></span> <span class='ocrx_word' id='word_1_430' title='bbox 1793 5251 1852 5300; x_wconf 88' lang='lat' dir='ltr'><strong>tt,</strong></span> <span class='ocrx_word' id='word_1_431' title='bbox 1895 5235 1981 5306; x_wconf 80' lang='lat' dir='ltr'><strong>li).</strong></span> 
     </span>
    </p>
   </div>
   <div class='ocr_carea' id='block_1_55' title="bbox 397 5325 1986 5400">
    <p class='ocr_par' dir='ltr' id='par_1_55' title="bbox 397 5325 1986 5400">
     <span class='ocr_line' id='line_1_55' title="bbox 397 5325 1986 5400; baseline -0.003 -14"><span class='ocrx_word' id='word_1_432' title='bbox 397 5332 464 5386; x_wconf 78' lang='lat' dir='ltr'><strong>Et</strong></span> <span class='ocrx_word' id='word_1_433' title='bbox 497 5331 568 5386; x_wconf 91' lang='lat' dir='ltr'><strong>de</strong></span> <span class='ocrx_word' id='word_1_434' title='bbox 604 5329 931 5386; x_wconf 87' lang='lat' dir='ltr'><strong>continentia</strong></span> <span class='ocrx_word' id='word_1_435' title='bbox 975 5329 1166 5400; x_wconf 80' lang='lat' dir='ltr'><strong>legitur</strong></span> <span class='ocrx_word' id='word_1_436' title='bbox 1193 5329 1244 5382; x_wconf 89' lang='lat' dir='ltr'><strong>in</strong></span> <span class='ocrx_word' id='word_1_437' title='bbox 1295 5329 1434 5384; x_wconf 85' lang='lat' dir='ltr'><strong>libro</strong></span> <span class='ocrx_word' id='word_1_438' title='bbox 1477 5325 1794 5396; x_wconf 68' lang='lat' dir='ltr'><strong>Sapientiae,</strong></span> <span class='ocrx_word' id='word_1_439' title='bbox 1833 5327 1986 5398; x_wconf 85' lang='lat' dir='ltr'><strong>cujus</strong></span> 
     </span>
    </p>
   </div>
   <div class='ocr_carea' id='block_1_56' title="bbox 398 5423 1988 5494">
    <p class='ocr_par' dir='ltr' id='par_1_56' title="bbox 398 5423 1988 5494">
     <span class='ocr_line' id='line_1_56' title="bbox 398 5423 1988 5494; baseline -0.001 -14"><span class='ocrx_word' id='word_1_440' title='bbox 398 5425 714 5480; x_wconf 83' lang='lat' dir='ltr'><strong>auctoritate</strong></span> <span class='ocrx_word' id='word_1_441' title='bbox 751 5424 834 5480; x_wconf 91' lang='lat' dir='ltr'><strong>usi</strong></span> <span class='ocrx_word' id='word_1_442' title='bbox 877 5432 1008 5479; x_wconf 91' lang='lat' dir='ltr'><strong>sunt</strong></span> <span class='ocrx_word' id='word_1_443' title='bbox 1041 5423 1216 5494; x_wconf 81' lang='lat' dir='ltr'><strong>magni</strong></span> <span class='ocrx_word' id='word_1_444' title='bbox 1256 5433 1307 5478; x_wconf 89' lang='lat' dir='ltr'><strong>et</strong></span> <span class='ocrx_word' id='word_1_445' title='bbox 1351 5423 1494 5478; x_wconf 87' lang='lat' dir='ltr'><strong>docti</strong></span> <span class='ocrx_word' id='word_1_446' title='bbox 1529 5423 1648 5490; x_wconf 82' lang='lat' dir='ltr'><strong>viri,</strong></span> <span class='ocrx_word' id='word_1_447' title='bbox 1691 5423 1780 5494; x_wconf 90' lang='lat' dir='ltr'><strong>qui</strong></span> <span class='ocrx_word' id='word_1_448' title='bbox 1831 5423 1988 5494; x_wconf 81' lang='lat' dir='ltr'><strong>longe</strong></span> 
     </span>
    </p>
   </div>
   <div class='ocr_carea' id='block_1_57' title="bbox 462 5531 1428 5598">
    <p class='ocr_par' dir='ltr' id='par_1_57' title="bbox 462 5531 1428 5598">
     <span class='ocr_line' id='line_1_57' title="bbox 462 5531 1428 5598; baseline -0.004 -14"><span class='ocrx_word' id='word_1_449' title='bbox 462 5539 478 5568; x_wconf 81' lang='grc' dir='ltr'><strong>ι</strong></span> <span class='ocrx_word' id='word_1_450' title='bbox 513 5542 624 5584; x_wconf 82' lang='lat' dir='ltr'><strong>Lov.</strong></span> <span class='ocrx_word' id='word_1_451' title='bbox 651 5543 709 5598; x_wconf 76' lang='lat' dir='ltr'><strong>et</strong></span> <span class='ocrx_word' id='word_1_452' title='bbox 721 5533 910 5598; x_wconf 82' lang='lat' dir='ltr'><strong>aliquot</strong></span> <span class='ocrx_word' id='word_1_453' title='bbox 927 5539 1058 5598; x_wconf 70' lang='lat' dir='ltr'><strong>Itss,</strong></span> <span class='ocrx_word' id='word_1_454' title='bbox 1082 5533 1210 5594; x_wconf 74' lang='lat' dir='ltr'><strong>quod</strong></span> <span class='ocrx_word' id='word_1_455' title='bbox 1238 5531 1428 5598; x_wconf 64' lang='lat' dir='ltr'><strong>miserit.</strong></span> 
     </span>
    </p>
   </div>
   <div class='ocr_carea' id='block_1_58' title="bbox 459 5594 1634 5660">
    <p class='ocr_par' dir='ltr' id='par_1_58' title="bbox 459 5594 1634 5660">
     <span class='ocr_line' id='line_1_58' title="bbox 459 5594 1634 5660; baseline 0 -14"><span class='ocrx_word' id='word_1_456' title='bbox 459 5600 479 5660; x_wconf 59' lang='grc' dir='ltr'>ξ</span> <span class='ocrx_word' id='word_1_457' title='bbox 514 5595 732 5660; x_wconf 72' lang='lat' dir='ltr'><strong>Nonnulli</strong></span> <span class='ocrx_word' id='word_1_458' title='bbox 750 5659 759 5660; x_wconf 16' lang='grc' dir='ltr'>ί</span> <span class='ocrx_word' id='word_1_459' title='bbox 777 5594 880 5646; x_wconf 62' lang='lat' dir='ltr'><strong>Mss.</strong></span> <span class='ocrx_word' id='word_1_460' title='bbox 899 5630 915 5656; x_wconf 89' lang='lat'><strong>,</strong></span> <span class='ocrx_word' id='word_1_461' title='bbox 949 5595 1216 5660; x_wconf 70' lang='lat' dir='ltr'><strong>unpetrant</strong></span> <span class='ocrx_word' id='word_1_462' title='bbox 1246 5594 1493 5646; x_wconf 58' lang='lat' dir='ltr'><strong>tradentes</strong></span> <span class='ocrx_word' id='word_1_463' title='bbox 1517 5594 1634 5660; x_wconf 83' lang='lat' dir='ltr'><strong>ﬁde.</strong></span> 
     </span>
    </p>
   </div>
   <div class='ocr_carea' id='block_1_59' title="bbox 463 5656 1988 5721">
    <p class='ocr_par' dir='ltr' id='par_1_59' title="bbox 463 5656 1988 5721">
     <span class='ocr_line' id='line_1_59' title="bbox 463 5656 1988 5721; baseline 0.001 -15"><span class='ocrx_word' id='word_1_464' title='bbox 463 5659 485 5691; x_wconf 78' lang='grc'><em>³</em></span> <span class='ocrx_word' id='word_1_465' title='bbox 515 5657 619 5721; x_wconf 81' lang='lat' dir='ltr'><strong>sola</strong></span> <span class='ocrx_word' id='word_1_466' title='bbox 639 5657 795 5721; x_wconf 76' lang='lat' dir='ltr'><strong>editio</strong></span> <span class='ocrx_word' id='word_1_467' title='bbox 819 5664 952 5721; x_wconf 57' lang='grc' dir='ltr'>ιοιμ,</span> <span class='ocrx_word' id='word_1_468' title='bbox 975 5656 1353 5707; x_wconf 55' lang='lat' dir='ltr'><strong>adhortationem</strong></span> <span class='ocrx_word' id='word_1_469' title='bbox 1389 5656 1574 5720; x_wconf 78' lang='lat' dir='ltr'><strong>eorum,</strong></span> <span class='ocrx_word' id='word_1_470' title='bbox 1609 5663 1988 5721; x_wconf 75' lang='lat' dir='ltr'><strong>cwtcrorumqne</strong></span> 
     </span>
    </p>
   </div>
   <div class='ocr_carea' id='block_1_60' title="bbox 397 5719 1344 5788">
    <p class='ocr_par' dir='ltr' id='par_1_60' title="bbox 397 5719 1344 5788">
     <span class='ocr_line' id='line_1_60' title="bbox 397 5719 1344 5788; baseline -0.002 -21"><span class='ocrx_word' id='word_1_471' title='bbox 397 5719 828 5788; x_wconf 52' lang='lat' dir='ltr'><strong>prgds&#39;cationent“:</strong></span> <span class='ocrx_word' id='word_1_472' title='bbox 843 5720 913 5788; x_wconf 84' lang='lat' dir='ltr'><strong>_mi</strong></span> <span class='ocrx_word' id='word_1_473' title='bbox 919 5731 1011 5770; x_wconf 84' lang='lat' dir='ltr'><strong>nus</strong></span> <span class='ocrx_word' id='word_1_474' title='bbox 1025 5727 1182 5768; x_wconf 85' lang='lat' dir='ltr'><strong>recte.</strong></span> <span class='ocrx_word' id='word_1_475' title='bbox 1316 5777 1344 5788; x_wconf 12' lang='grc' dir='ltr'><em>γ’</em></span> 
     </span>
    </p>
   </div>
   <div class='ocr_carea' id='block_1_61' title="bbox 461 5781 1498 5836">
    <p class='ocr_par' dir='ltr' id='par_1_61' title="bbox 461 5781 1498 5836">
     <span class='ocr_line' id='line_1_61' title="bbox 461 5781 1498 5836; baseline 0 -6"><span class='ocrx_word' id='word_1_476' title='bbox 461 5783 480 5810; x_wconf 67' lang='grc' dir='ltr'><strong>θ’</strong></span> <span class='ocrx_word' id='word_1_477' title='bbox 515 5791 586 5831; x_wconf 56' lang='grc' dir='ltr'><strong>διε</strong></span> <span class='ocrx_word' id='word_1_478' title='bbox 609 5787 716 5836; x_wconf 67' lang='lat' dir='ltr'><strong>Mss.</strong></span> <span class='ocrx_word' id='word_1_479' title='bbox 737 5781 854 5832; x_wconf 77' lang='lat' dir='ltr'><strong>Bditi</strong></span> <span class='ocrx_word' id='word_1_480' title='bbox 882 5793 1017 5836; x_wconf 84' lang='lat' dir='ltr'><strong>vero,</strong></span> <span class='ocrx_word' id='word_1_481' title='bbox 1041 5781 1498 5834; x_wconf 60' lang='lat' dir='ltr'><strong>remunerationem.</strong></span> 
     </span>
    </p>
   </div>
   <div class='ocr_carea' id='block_1_62' title="bbox 445 5841 1526 5907">
    <p class='ocr_par' dir='ltr' id='par_1_62' title="bbox 445 5841 1526 5907">
     <span class='ocr_line' id='line_1_62' title="bbox 445 5841 1526 5907; baseline 0 -15"><span class='ocrx_word' id='word_1_482' title='bbox 445 5845 483 5876; x_wconf 83' lang='grc'><strong>-⁶</strong></span> <span class='ocrx_word' id='word_1_483' title='bbox 517 5844 765 5896; x_wconf 74' lang='lat' dir='ltr'><strong>ttcmcnsis</strong></span> <span class='ocrx_word' id='word_1_484' title='bbox 785 5849 888 5906; x_wconf 58' lang='grc' dir='ltr'><strong>ἤδη</strong></span> <span class='ocrx_word' id='word_1_485' title='bbox 923 5841 1206 5907; x_wconf 66' lang='grc' dir='ltr'><strong>ρτωιεαιιτιτ.</strong></span> <span class='ocrx_word' id='word_1_486' title='bbox 1523 5875 1526 5878; x_wconf 88' lang='lat'><strong>-</strong></span> 
     </span>
    </p>
   </div>
   <div class='ocr_carea' id='block_1_63' title="bbox 1637 326 2444 401">
    <p class='ocr_par' dir='ltr' id='par_1_63' title="bbox 1637 326 2444 401">
     <span class='ocr_line' id='line_1_63' title="bbox 1637 326 2444 401; baseline -0.014 0"><span class='ocrx_word' id='word_1_487' title='bbox 1637 341 1690 401; x_wconf 88' lang='lat' dir='ltr'><strong>S.</strong></span> <span class='ocrx_word' id='word_1_488' title='bbox 1731 333 2102 398; x_wconf 60' lang='lat' dir='ltr'><strong>AUGUSTI)“</strong></span> <span class='ocrx_word' id='word_1_489' title='bbox 2139 326 2444 398; x_wconf 69' lang='lat' dir='ltr'><strong>EPISCOPI</strong></span> 
     </span>
    </p>
   </div>
   <div class='ocr_carea' id='block_1_64' title="bbox 3519 324 3660 384">
    <p class='ocr_par' dir='ltr' id='par_1_64' title="bbox 3519 324 3660 384">
     <span class='ocr_line' id='line_1_64' title="bbox 3519 324 3660 384; baseline 0.028 -6"><span class='ocrx_word' id='word_1_490' title='bbox 3519 324 3660 384; x_wconf 71' lang='grc' dir='ltr'><strong>10ὶο</strong></span> 
     </span>
    </p>
   </div>
   <div class='ocr_carea' id='block_1_65' title="bbox 2061 441 3656 520">
    <p class='ocr_par' dir='ltr' id='par_1_65' title="bbox 2061 441 3656 520">
     <span class='ocr_line' id='line_1_65' title="bbox 2061 441 3656 520; baseline -0.006 -12"><span class='ocrx_word' id='word_1_491' title='bbox 2061 457 2188 508; x_wconf 83' lang='lat' dir='ltr'><strong>ante</strong></span> <span class='ocrx_word' id='word_1_492' title='bbox 2225 463 2328 506; x_wconf 79' lang='lat' dir='ltr'><strong>nos</strong></span> <span class='ocrx_word' id='word_1_493' title='bbox 2349 446 2558 520; x_wconf 85' lang='lat' dir='ltr'><strong>eloquia</strong></span> <span class='ocrx_word' id='word_1_494' title='bbox 2604 445 2781 504; x_wconf 82' lang='lat' dir='ltr'><strong>divina</strong></span> <span class='ocrx_word' id='word_1_495' title='bbox 2814 451 3108 502; x_wconf 77' lang='lat' dir='ltr'><strong>tractarunt</strong></span> <span class='ocrx_word' id='word_1_496' title='bbox 3137 461 3153 500; x_wconf 89' lang='lat'><strong>:</strong></span> <span class='ocrx_word' id='word_1_497' title='bbox 3183 441 3254 500; x_wconf 84' lang='lat' dir='ltr'><strong>ibi</strong></span> <span class='ocrx_word' id='word_1_498' title='bbox 3285 459 3412 514; x_wconf 81' lang='lat' dir='ltr'><strong>ergo</strong></span> <span class='ocrx_word' id='word_1_499' title='bbox 3439 442 3656 515; x_wconf 78' lang='lat' dir='ltr'><strong>legitur,</strong></span> 
     </span>
    </p>
   </div>
   <div class='ocr_carea' id='block_1_66' title="bbox 2057 535 3688 614">
    <p class='ocr_par' dir='ltr' id='par_1_66' title="bbox 2057 535 3688 614">
     <span class='ocr_line' id='line_1_66' title="bbox 2057 535 3688 614; baseline -0.007 -13"><span class='ocrx_word' id='word_1_500' title='bbox 2057 541 2186 601; x_wconf 78' lang='lat' dir='ltr'><strong>Cum</strong></span> <span class='ocrx_word' id='word_1_501' title='bbox 2211 542 2394 600; x_wconf 83' lang='lat' dir='ltr'><strong>scirem</strong></span> <span class='ocrx_word' id='word_1_502' title='bbox 2425 541 2546 612; x_wconf 85' lang='lat' dir='ltr'><strong>quia</strong></span> <span class='ocrx_word' id='word_1_503' title='bbox 2575 557 2722 596; x_wconf 81' lang='lat' dir='ltr'><strong>nemo</strong></span> <span class='ocrx_word' id='word_1_504' title='bbox 2764 555 2870 596; x_wconf 86' lang='lat' dir='ltr'><strong>esse</strong></span> <span class='ocrx_word' id='word_1_505' title='bbox 2896 549 3056 610; x_wconf 82' lang='lat' dir='ltr'><strong>potest</strong></span> <span class='ocrx_word' id='word_1_506' title='bbox 3085 539 3366 602; x_wconf 80' lang='lat' dir='ltr'><strong>continens,</strong></span> <span class='ocrx_word' id='word_1_507' title='bbox 3389 537 3487 592; x_wconf 85' lang='lat' dir='ltr'><strong>nisi</strong></span> <span class='ocrx_word' id='word_1_508' title='bbox 3513 535 3656 590; x_wconf 82' lang='lat' dir='ltr'><strong>Dens</strong></span> <span class='ocrx_word' id='word_1_509' title='bbox 3683 609 3688 614; x_wconf 88' lang='lat'>_</span> 
     </span>
    </p>
   </div>
   <div class='ocr_carea' id='block_1_67' title="bbox 2057 629 3668 704">
    <p class='ocr_par' dir='ltr' id='par_1_67' title="bbox 2057 629 3668 704">
     <span class='ocr_line' id='line_1_67' title="bbox 2057 629 3668 704; baseline -0.003 -13"><span class='ocrx_word' id='word_1_510' title='bbox 2057 637 2182 702; x_wconf 74' lang='lat' dir='ltr'><strong>det;</strong></span> <span class='ocrx_word' id='word_1_511' title='bbox 2209 645 2258 690; x_wconf 87' lang='lat' dir='ltr'><strong>et</strong></span> <span class='ocrx_word' id='word_1_512' title='bbox 2293 635 2389 690; x_wconf 76' lang='lat' dir='ltr'><strong>hoc</strong></span> <span class='ocrx_word' id='word_1_513' title='bbox 2409 635 2579 704; x_wconf 81' lang='lat' dir='ltr'><strong>ipsum</strong></span> <span class='ocrx_word' id='word_1_514' title='bbox 2615 643 2724 688; x_wconf 84' lang='lat' dir='ltr'><strong>erat</strong></span> <span class='ocrx_word' id='word_1_515' title='bbox 2749 632 3036 702; x_wconf 61' lang='lat' dir='ltr'><strong>sapientia,</strong></span> <span class='ocrx_word' id='word_1_516' title='bbox 3070 648 3198 686; x_wconf 73' lang='lat' dir='ltr'><strong>scire</strong></span> <span class='ocrx_word' id='word_1_517' title='bbox 3219 635 3370 704; x_wconf 83' lang='lat' dir='ltr'><strong>cujus</strong></span> <span class='ocrx_word' id='word_1_518' title='bbox 3411 641 3532 686; x_wconf 74' lang='lat' dir='ltr'><strong>esset</strong></span> <span class='ocrx_word' id='word_1_519' title='bbox 3563 629 3668 686; x_wconf 75' lang='grc' dir='ltr'><strong>Ιιοί</strong></span> 
     </span>
    </p>
   </div>
   <div class='ocr_carea' id='block_1_68' title="bbox 2058 721 3656 797">
    <p class='ocr_par' dir='ltr' id='par_1_68' title="bbox 2058 721 3656 797">
     <span class='ocr_line' id='line_1_68' title="bbox 2058 721 3656 797; baseline -0.005 -13"><span class='ocrx_word' id='word_1_520' title='bbox 2058 727 2250 784; x_wconf 78' lang='lat' dir='ltr'><strong>donum</strong></span> <span class='ocrx_word' id='word_1_521' title='bbox 2295 725 2450 797; x_wconf 69' lang='grc' dir='ltr'><strong>(δίῳ.</strong></span> <span class='ocrx_word' id='word_1_522' title='bbox 2479 741 2591 792; x_wconf 76' lang='lat' dir='ltr'><strong>vui,</strong></span> <span class='ocrx_word' id='word_1_523' title='bbox 2623 724 2748 796; x_wconf 72' lang='lat' dir='ltr'><strong>2i).</strong></span> <span class='ocrx_word' id='word_1_524' title='bbox 2779 724 2904 778; x_wconf 69' lang='lat' dir='ltr'><strong>llaec</strong></span> <span class='ocrx_word' id='word_1_525' title='bbox 2947 739 3076 792; x_wconf 82' lang='lat' dir='ltr'><strong>ergo</strong></span> <span class='ocrx_word' id='word_1_526' title='bbox 3113 722 3205 776; x_wconf 84' lang='lat' dir='ltr'><strong>Dei</strong></span> <span class='ocrx_word' id='word_1_527' title='bbox 3248 721 3386 776; x_wconf 83' lang='lat' dir='ltr'><strong>dona</strong></span> <span class='ocrx_word' id='word_1_528' title='bbox 3423 731 3572 788; x_wconf 79' lang='lat' dir='ltr'><strong>sunt,</strong></span> <span class='ocrx_word' id='word_1_529' title='bbox 3605 721 3656 776; x_wconf 89' lang='lat' dir='ltr'><strong>id</strong></span> 
     </span>
    </p>
   </div>
   <div class='ocr_carea' id='block_1_69' title="bbox 2059 813 3658 887">
    <p class='ocr_par' dir='ltr' id='par_1_69' title="bbox 2059 813 3658 887">
     <span class='ocr_line' id='line_1_69' title="bbox 2059 813 3658 887; baseline -0.006 -11"><span class='ocrx_word' id='word_1_530' title='bbox 2059 827 2164 887; x_wconf 82' lang='lat' dir='ltr'><strong>est,</strong></span> <span class='ocrx_word' id='word_1_531' title='bbox 2193 829 2252 874; x_wconf 90' lang='lat' dir='ltr'><strong>ut</strong></span> <span class='ocrx_word' id='word_1_532' title='bbox 2277 819 2346 874; x_wconf 91' lang='lat' dir='ltr'><strong>de</strong></span> <span class='ocrx_word' id='word_1_533' title='bbox 2373 819 2494 873; x_wconf 85' lang='lat' dir='ltr'><strong>aliis</strong></span> <span class='ocrx_word' id='word_1_534' title='bbox 2535 827 2760 882; x_wconf 82' lang='lat' dir='ltr'><strong>taceam,</strong></span> <span class='ocrx_word' id='word_1_535' title='bbox 2783 815 3044 886; x_wconf 84' lang='lat' dir='ltr'><strong>sapientia</strong></span> <span class='ocrx_word' id='word_1_536' title='bbox 3065 823 3120 872; x_wconf 90' lang='lat' dir='ltr'><strong>et</strong></span> <span class='ocrx_word' id='word_1_537' title='bbox 3161 813 3511 870; x_wconf 83' lang='lat' dir='ltr'><strong>continentia.</strong></span> <span class='ocrx_word' id='word_1_538' title='bbox 3547 817 3658 868; x_wconf 83' lang='lat' dir='ltr'><strong>Ae-</strong></span> 
     </span>
    </p>
   </div>
   <div class='ocr_carea' id='block_1_70' title="bbox 2008 903 3654 982">
    <p class='ocr_par' dir='ltr' id='par_1_70' title="bbox 2008 903 3654 982">
     <span class='ocr_line' id='line_1_70' title="bbox 2008 903 3654 982; baseline -0.004 -16"><span class='ocrx_word' id='word_1_539' title='bbox 2008 903 2014 918; x_wconf 83' lang='grc'><em>’</em></span> <span class='ocrx_word' id='word_1_540' title='bbox 2059 913 2344 982; x_wconf 88' lang='lat' dir='ltr'><strong>quiescunt</strong></span> <span class='ocrx_word' id='word_1_541' title='bbox 2381 917 2438 966; x_wconf 88' lang='lat' dir='ltr'><strong>et</strong></span> <span class='ocrx_word' id='word_1_542' title='bbox 2465 909 2554 964; x_wconf 84' lang='lat' dir='ltr'><strong>isti</strong></span> <span class='ocrx_word' id='word_1_543' title='bbox 2584 926 2597 963; x_wconf 92' lang='lat'>:</span> <span class='ocrx_word' id='word_1_544' title='bbox 2629 923 2804 979; x_wconf 88' lang='lat' dir='ltr'><strong>neque</strong></span> <span class='ocrx_word' id='word_1_545' title='bbox 2831 907 2976 962; x_wconf 85' lang='lat' dir='ltr'><strong>enim</strong></span> <span class='ocrx_word' id='word_1_546' title='bbox 2999 907 3268 977; x_wconf 82' lang='lat' dir='ltr'><strong>Pelagiani</strong></span> <span class='ocrx_word' id='word_1_547' title='bbox 3299 915 3446 972; x_wconf 84' lang='lat' dir='ltr'><strong>sunt,</strong></span> <span class='ocrx_word' id='word_1_548' title='bbox 3471 917 3527 962; x_wconf 89' lang='lat' dir='ltr'><strong>ut</strong></span> <span class='ocrx_word' id='word_1_549' title='bbox 3555 906 3654 960; x_wconf 89' lang='lat' dir='ltr'><strong>ad-</strong></span> 
     </span>
    </p>
   </div>
   <div class='ocr_carea' id='block_1_71' title="bbox 2059 997 3658 1070">
    <p class='ocr_par' dir='ltr' id='par_1_71' title="bbox 2059 997 3658 1070">
     <span class='ocr_line' id='line_1_71' title="bbox 2059 997 3658 1070; baseline -0.006 -10"><span class='ocrx_word' id='word_1_550' title='bbox 2059 1019 2249 1060; x_wconf 83' lang='lat' dir='ltr'><strong>versus</strong></span> <span class='ocrx_word' id='word_1_551' title='bbox 2279 1004 2436 1058; x_wconf 85' lang='lat' dir='ltr'><strong>istam</strong></span> <span class='ocrx_word' id='word_1_552' title='bbox 2481 1001 2818 1070; x_wconf 85' lang='lat' dir='ltr'><strong>perspicuam</strong></span> <span class='ocrx_word' id='word_1_553' title='bbox 2850 999 3127 1054; x_wconf 79' lang='lat' dir='ltr'><strong>veritatem</strong></span> <span class='ocrx_word' id='word_1_554' title='bbox 3161 998 3298 1056; x_wconf 88' lang='lat' dir='ltr'><strong>dura</strong></span> <span class='ocrx_word' id='word_1_555' title='bbox 3325 1005 3380 1054; x_wconf 89' lang='lat' dir='ltr'><strong>et</strong></span> <span class='ocrx_word' id='word_1_556' title='bbox 3405 997 3658 1054; x_wconf 69' lang='lat' dir='ltr'><strong>hJ-rctit-a</strong></span> 
     </span>
    </p>
   </div>
   <div class='ocr_carea' id='block_1_72' title="bbox 2061 1089 3660 1164">
    <p class='ocr_par' dir='ltr' id='par_1_72' title="bbox 2061 1089 3660 1164">
     <span class='ocr_line' id='line_1_72' title="bbox 2061 1089 3660 1164; baseline -0.004 -16"><span class='ocrx_word' id='word_1_557' title='bbox 2061 1094 2414 1164; x_wconf 83' lang='lat' dir='ltr'><strong>perversitate</strong></span> <span class='ocrx_word' id='word_1_558' title='bbox 2439 1090 2790 1147; x_wconf 81' lang='lat' dir='ltr'><strong>Contendant.</strong></span> <span class='ocrx_word' id='word_1_559' title='bbox 2821 1108 2844 1142; x_wconf 78' lang='grc' dir='ltr'><strong>ι</strong></span> <span class='ocrx_word' id='word_1_560' title='bbox 2875 1089 2986 1146; x_wconf 89' lang='lat' dir='ltr'><strong>Sed</strong></span> <span class='ocrx_word' id='word_1_561' title='bbox 3025 1089 3160 1154; x_wconf 67' lang='lat' dir='ltr'><strong>hinc,</strong></span> <span class='ocrx_word' id='word_1_562' title='bbox 3197 1107 3217 1144; x_wconf 78' lang='grc' dir='ltr'><strong>ι</strong></span> <span class='ocrx_word' id='word_1_563' title='bbox 3252 1090 3515 1160; x_wconf 84' lang='lat' dir='ltr'><strong>inquiunt,</strong></span> <span class='ocrx_word' id='word_1_564' title='bbox 3545 1107 3565 1140; x_wconf 84' lang='grc' dir='ltr'><strong>ι</strong></span> <span class='ocrx_word' id='word_1_565' title='bbox 3599 1099 3660 1142; x_wconf 90' lang='grc' dir='ltr'><strong>ιιι</strong></span> 
     </span>
    </p>
   </div>
   <div class='ocr_carea' id='block_1_73' title="bbox 2061 1180 3658 1253">
    <p class='ocr_par' dir='ltr' id='par_1_73' title="bbox 2061 1180 3658 1253">
     <span class='ocr_line' id='line_1_73' title="bbox 2061 1180 3658 1253; baseline -0.004 -13"><span class='ocrx_word' id='word_1_566' title='bbox 2061 1200 2092 1240; x_wconf 86' lang='lat' dir='ltr'><strong>a</strong></span> <span class='ocrx_word' id='word_1_567' title='bbox 2137 1185 2249 1240; x_wconf 91' lang='lat' dir='ltr'><strong>Deo</strong></span> <span class='ocrx_word' id='word_1_568' title='bbox 2297 1183 2494 1240; x_wconf 85' lang='lat' dir='ltr'><strong>dentur</strong></span> <span class='ocrx_word' id='word_1_569' title='bbox 2529 1183 2708 1248; x_wconf 87' lang='lat' dir='ltr'><strong>nobis,</strong></span> <span class='ocrx_word' id='word_1_570' title='bbox 2755 1182 2886 1238; x_wconf 88' lang='lat' dir='ltr'><strong>ﬁdes</strong></span> <span class='ocrx_word' id='word_1_571' title='bbox 2927 1183 3196 1253; x_wconf 88' lang='lat' dir='ltr'><strong>impetrat,</strong></span> <span class='ocrx_word' id='word_1_572' title='bbox 3241 1197 3360 1252; x_wconf 64' lang='lat' dir='ltr'><strong>quin</strong></span> <span class='ocrx_word' id='word_1_573' title='bbox 3409 1180 3590 1251; x_wconf 86' lang='lat' dir='ltr'><strong>incipit</strong></span> <span class='ocrx_word' id='word_1_574' title='bbox 3629 1197 3658 1233; x_wconf 69' lang='grc' dir='ltr'>ει</span> 
     </span>
    </p>
   </div>
   <div class='ocr_carea' id='block_1_74' title="bbox 2061 1273 3660 1346">
    <p class='ocr_par' dir='ltr' id='par_1_74' title="bbox 2061 1273 3660 1346">
     <span class='ocr_line' id='line_1_74' title="bbox 2061 1273 3660 1346; baseline -0.005 -14"><span class='ocrx_word' id='word_1_575' title='bbox 2061 1277 2253 1332; x_wconf 86' lang='lat' dir='ltr'><strong>nobis:</strong></span> <span class='ocrx_word' id='word_1_576' title='bbox 2285 1293 2308 1329; x_wconf 74' lang='grc' dir='ltr'><strong>ι</strong></span> <span class='ocrx_word' id='word_1_577' title='bbox 2339 1291 2502 1346; x_wconf 82' lang='lat' dir='ltr'><strong>quam</strong></span> <span class='ocrx_word' id='word_1_578' title='bbox 2529 1275 2690 1330; x_wconf 89' lang='lat' dir='ltr'><strong>tidem</strong></span> <span class='ocrx_word' id='word_1_579' title='bbox 2719 1284 2774 1331; x_wconf 89' lang='lat' dir='ltr'><strong>et</strong></span> <span class='ocrx_word' id='word_1_580' title='bbox 2799 1273 3039 1343; x_wconf 89' lang='lat' dir='ltr'><strong>incipere</strong></span> <span class='ocrx_word' id='word_1_581' title='bbox 3065 1273 3282 1340; x_wconf 87' lang='lat' dir='ltr'><strong>habere,</strong></span> <span class='ocrx_word' id='word_1_582' title='bbox 3311 1281 3364 1330; x_wconf 83' lang='lat' dir='ltr'><strong>et</strong></span> <span class='ocrx_word' id='word_1_583' title='bbox 3393 1273 3446 1326; x_wconf 83' lang='lat' dir='ltr'><strong>in</strong></span> <span class='ocrx_word' id='word_1_584' title='bbox 3473 1287 3536 1326; x_wconf 85' lang='lat' dir='ltr'><strong>ea</strong></span> <span class='ocrx_word' id='word_1_585' title='bbox 3564 1288 3660 1325; x_wconf 78' lang='lat' dir='ltr'><strong>u~:-</strong></span> 
     </span>
    </p>
   </div>
   <div class='ocr_carea' id='block_1_75' title="bbox 2061 1363 3660 1439">
    <p class='ocr_par' dir='ltr' id='par_1_75' title="bbox 2061 1363 3660 1439">
     <span class='ocr_line' id='line_1_75' title="bbox 2061 1363 3660 1439; baseline -0.003 -17"><span class='ocrx_word' id='word_1_586' title='bbox 2061 1383 2166 1439; x_wconf 88' lang='lat' dir='ltr'><strong>que</strong></span> <span class='ocrx_word' id='word_1_587' title='bbox 2208 1367 2264 1424; x_wconf 90' lang='lat' dir='ltr'><strong>in</strong></span> <span class='ocrx_word' id='word_1_588' title='bbox 2303 1367 2464 1422; x_wconf 86' lang='lat' dir='ltr'><strong>linem</strong></span> <span class='ocrx_word' id='word_1_589' title='bbox 2509 1381 2845 1436; x_wconf 86' lang='lat' dir='ltr'><strong>permanere,</strong></span> <span class='ocrx_word' id='word_1_590' title='bbox 2881 1375 3132 1434; x_wconf 88' lang='lat' dir='ltr'><strong>tanquam</strong></span> <span class='ocrx_word' id='word_1_591' title='bbox 3159 1363 3212 1420; x_wconf 91' lang='lat' dir='ltr'><strong>id</strong></span> <span class='ocrx_word' id='word_1_592' title='bbox 3241 1379 3352 1422; x_wconf 89' lang='lat' dir='ltr'><strong>non</strong></span> <span class='ocrx_word' id='word_1_593' title='bbox 3373 1378 3404 1418; x_wconf 89' lang='lat' dir='ltr'><strong>a</strong></span> <span class='ocrx_word' id='word_1_594' title='bbox 3433 1363 3660 1418; x_wconf 88' lang='lat' dir='ltr'><strong>Domino</strong></span> 
     </span>
    </p>
   </div>
   <div class='ocr_carea' id='block_1_76' title="bbox 2061 1455 3664 1530">
    <p class='ocr_par' dir='ltr' id='par_1_76' title="bbox 2061 1455 3664 1530">
     <span class='ocr_line' id='line_1_76' title="bbox 2061 1455 3664 1530; baseline -0.006 -13"><span class='ocrx_word' id='word_1_595' title='bbox 2061 1459 2406 1530; x_wconf 83' lang='lat' dir='ltr'><strong>accipiamus,</strong></span> <span class='ocrx_word' id='word_1_596' title='bbox 2437 1468 2680 1514; x_wconf 86' lang='lat' dir='ltr'><strong>nostrum</strong></span> <span class='ocrx_word' id='word_1_597' title='bbox 2710 1473 2830 1514; x_wconf 90' lang='lat' dir='ltr'><strong>esse</strong></span> <span class='ocrx_word' id='word_1_598' title='bbox 2859 1456 3214 1514; x_wconf 87' lang='lat' dir='ltr'><strong>contendunt.</strong></span> <span class='ocrx_word' id='word_1_599' title='bbox 3241 1455 3548 1526; x_wconf 54' lang='lat' dir='ltr'><strong>llic,procul</strong></span> <span class='ocrx_word' id='word_1_600' title='bbox 3571 1455 3664 1510; x_wconf 89' lang='lat' dir='ltr'><strong>du-</strong></span> 
     </span>
    </p>
   </div>
   <div class='ocr_carea' id='block_1_77' title="bbox 2061 1545 3662 1618">
    <p class='ocr_par' dir='ltr' id='par_1_77' title="bbox 2061 1545 3662 1618">
     <span class='ocr_line' id='line_1_77' title="bbox 2061 1545 3662 1618; baseline -0.004 -12"><span class='ocrx_word' id='word_1_601' title='bbox 2061 1551 2150 1606; x_wconf 92' lang='lat' dir='ltr'><strong>bio</strong></span> <span class='ocrx_word' id='word_1_602' title='bbox 2191 1549 2572 1606; x_wconf 86' lang='lat' dir='ltr'><strong>contradicitur</strong></span> <span class='ocrx_word' id='word_1_603' title='bbox 2607 1547 2867 1618; x_wconf 84' lang='lat' dir='ltr'><strong>Apostoio</strong></span> <span class='ocrx_word' id='word_1_604' title='bbox 2905 1547 3124 1611; x_wconf 87' lang='lat' dir='ltr'><strong>dicenti,</strong></span> <span class='ocrx_word' id='word_1_605' title='bbox 3161 1545 3296 1614; x_wconf 80' lang='lat' dir='ltr'><strong>Quid</strong></span> <span class='ocrx_word' id='word_1_606' title='bbox 3335 1545 3469 1600; x_wconf 82' lang='lat' dir='ltr'><strong>enim</strong></span> <span class='ocrx_word' id='word_1_607' title='bbox 3507 1545 3662 1602; x_wconf 71' lang='lat' dir='ltr'><strong>[tabes</strong></span> 
     </span>
    </p>
   </div>
   <div class='ocr_carea' id='block_1_78' title="bbox 2061 1635 3664 1712">
    <p class='ocr_par' dir='ltr' id='par_1_78' title="bbox 2061 1635 3664 1712">
     <span class='ocr_line' id='line_1_78' title="bbox 2061 1635 3664 1712; baseline -0.004 -14"><span class='ocrx_word' id='word_1_608' title='bbox 2061 1642 2198 1712; x_wconf 71' lang='lat' dir='ltr'><strong>quod</strong></span> <span class='ocrx_word' id='word_1_609' title='bbox 2249 1658 2350 1696; x_wconf 86' lang='lat' dir='ltr'><strong>non</strong></span> <span class='ocrx_word' id='word_1_610' title='bbox 2395 1641 2634 1710; x_wconf 77' lang='lat' dir='ltr'><strong>accepisti</strong></span> <span class='ocrx_word' id='word_1_611' title='bbox 2687 1640 2740 1712; x_wconf 88' lang='lat' dir='ltr'><strong>(l</strong></span> <span class='ocrx_word' id='word_1_612' title='bbox 2765 1637 2888 1696; x_wconf 83' lang='lat' dir='ltr'><strong>Cor.</strong></span> <span class='ocrx_word' id='word_1_613' title='bbox 2917 1656 2990 1703; x_wconf 85' lang='lat' dir='ltr'><strong>tv,</strong></span> <span class='ocrx_word' id='word_1_614' title='bbox 3025 1639 3055 1694; x_wconf 84' lang='lat'><strong>7</strong></span> <span class='ocrx_word' id='word_1_615' title='bbox 3085 1635 3130 1712; x_wconf 88' lang='lat'><strong>)?</strong></span> <span class='ocrx_word' id='word_1_616' title='bbox 3167 1638 3568 1694; x_wconf 72' lang='lat' dir='ltr'><strong>Contr-adicitur</strong></span> <span class='ocrx_word' id='word_1_617' title='bbox 3607 1649 3664 1692; x_wconf 86' lang='lat' dir='ltr'><strong>et</strong></span> 
     </span>
    </p>
   </div>
   <div class='ocr_carea' id='block_1_79' title="bbox 2061 1733 3662 1808">
    <p class='ocr_par' dir='ltr' id='par_1_79' title="bbox 2061 1733 3662 1808">
     <span class='ocr_line' id='line_1_79' title="bbox 2061 1733 3662 1808; baseline -0.004 -16"><span class='ocrx_word' id='word_1_618' title='bbox 2061 1735 2284 1808; x_wconf 80' lang='lat' dir='ltr'><strong>martyri</strong></span> <span class='ocrx_word' id='word_1_619' title='bbox 2331 1735 2603 1808; x_wconf 78' lang='lat' dir='ltr'><strong>Cypriane</strong></span> <span class='ocrx_word' id='word_1_620' title='bbox 2675 1734 2896 1800; x_wconf 83' lang='lat' dir='ltr'><strong>dicenti,</strong></span> <span class='ocrx_word' id='word_1_621' title='bbox 2943 1753 2962 1786; x_wconf 82' lang='grc' dir='ltr'><strong>ι</strong></span> <span class='ocrx_word' id='word_1_622' title='bbox 3009 1733 3064 1788; x_wconf 89' lang='lat' dir='ltr'><strong>lu</strong></span> <span class='ocrx_word' id='word_1_623' title='bbox 3111 1733 3256 1790; x_wconf 89' lang='lat' dir='ltr'><strong>nullo</strong></span> <span class='ocrx_word' id='word_1_624' title='bbox 3301 1733 3662 1803; x_wconf 80' lang='lat' dir='ltr'><strong>gloriandum,</strong></span> 
     </span>
    </p>
   </div>
   <div class='ocr_carea' id='block_1_80' title="bbox 2062 1823 3660 1898">
    <p class='ocr_par' dir='ltr' id='par_1_80' title="bbox 2062 1823 3660 1898">
     <span class='ocr_line' id='line_1_80' title="bbox 2062 1823 3660 1898; baseline -0.003 -16"><span class='ocrx_word' id='word_1_625' title='bbox 2062 1827 2272 1898; x_wconf 82' lang='lat' dir='ltr'><strong>quando</strong></span> <span class='ocrx_word' id='word_1_626' title='bbox 2309 1835 2552 1882; x_wconf 78' lang='lat' dir='ltr'><strong>nostrum</strong></span> <span class='ocrx_word' id='word_1_627' title='bbox 2585 1825 2717 1880; x_wconf 88' lang='lat' dir='ltr'><strong>nihil</strong></span> <span class='ocrx_word' id='word_1_628' title='bbox 2755 1827 2820 1882; x_wconf 81' lang='lat' dir='ltr'><strong>sit</strong></span> <span class='ocrx_word' id='word_1_629' title='bbox 2845 1843 2864 1878; x_wconf 81' lang='grc' dir='ltr'><strong>ι</strong></span> <span class='ocrx_word' id='word_1_630' title='bbox 2887 1824 2991 1897; x_wconf 79' lang='grc' dir='ltr'><strong>(ΑΔ</strong></span> <span class='ocrx_word' id='word_1_631' title='bbox 3025 1824 3314 1892; x_wconf 79' lang='lat' dir='ltr'><strong>Quirinum,</strong></span> <span class='ocrx_word' id='word_1_632' title='bbox 3347 1824 3434 1878; x_wconf 89' lang='lat' dir='ltr'><strong>lib.</strong></span> <span class='ocrx_word' id='word_1_633' title='bbox 3467 1823 3520 1888; x_wconf 80' lang='grc'><strong>5.</strong></span> <span class='ocrx_word' id='word_1_634' title='bbox 3545 1841 3660 1890; x_wconf 74' lang='lat' dir='ltr'><strong>wn.</strong></span> 
     </span>
    </p>
   </div>
   <div class='ocr_carea' id='block_1_81' title="bbox 2061 1914 3660 1986">
    <p class='ocr_par' dir='ltr' id='par_1_81' title="bbox 2061 1914 3660 1986">
     <span class='ocr_line' id='line_1_81' title="bbox 2061 1914 3660 1986; baseline -0.001 -14"><span class='ocrx_word' id='word_1_635' title='bbox 2061 1915 2152 1986; x_wconf 76' lang='grc'><strong>4).</strong></span> <span class='ocrx_word' id='word_1_636' title='bbox 2191 1915 2324 1972; x_wconf 89' lang='lat' dir='ltr'><strong>Cum</strong></span> <span class='ocrx_word' id='word_1_637' title='bbox 2363 1915 2479 1972; x_wconf 73' lang='lat' dir='ltr'><strong>htec</strong></span> <span class='ocrx_word' id='word_1_638' title='bbox 2507 1956 2532 1983; x_wconf 73' lang='lat'><strong>,.</strong></span> <span class='ocrx_word' id='word_1_639' title='bbox 2553 1925 2610 1971; x_wconf 89' lang='lat' dir='ltr'><strong>et</strong></span> <span class='ocrx_word' id='word_1_640' title='bbox 2647 1915 2755 1970; x_wconf 82' lang='lat' dir='ltr'><strong>alia.</strong></span> <span class='ocrx_word' id='word_1_641' title='bbox 2791 1915 2956 1970; x_wconf 86' lang='lat' dir='ltr'><strong>multa</strong></span> <span class='ocrx_word' id='word_1_642' title='bbox 3005 1930 3126 1984; x_wconf 74' lang='lat' dir='ltr'><strong>qua:</strong></span> <span class='ocrx_word' id='word_1_643' title='bbox 3185 1914 3328 1984; x_wconf 83' lang='lat' dir='ltr'><strong>piget</strong></span> <span class='ocrx_word' id='word_1_644' title='bbox 3369 1923 3614 1984; x_wconf 84' lang='lat' dir='ltr'><strong>repetere</strong></span> <span class='ocrx_word' id='word_1_645' title='bbox 3643 1957 3660 1980; x_wconf 94' lang='lat'><strong>,</strong></span> 
     </span>
    </p>
   </div>
   <div class='ocr_carea' id='block_1_82' title="bbox 2062 2005 3664 2078">
    <p class='ocr_par' dir='ltr' id='par_1_82' title="bbox 2062 2005 3664 2078">
     <span class='ocr_line' id='line_1_82' title="bbox 2062 2005 3664 2078; baseline 0.001 -17"><span class='ocrx_word' id='word_1_646' title='bbox 2062 2007 2386 2072; x_wconf 77' lang='lat' dir='ltr'><strong>dixerimus;</strong></span> <span class='ocrx_word' id='word_1_647' title='bbox 2419 2016 2578 2078; x_wconf 88' lang='lat' dir='ltr'><strong>atque</strong></span> <span class='ocrx_word' id='word_1_648' title='bbox 2629 2007 3040 2071; x_wconf 85' lang='lat' dir='ltr'><strong>ostenderimus.</strong></span> <span class='ocrx_word' id='word_1_649' title='bbox 3085 2017 3138 2062; x_wconf 91' lang='lat' dir='ltr'><strong>et</strong></span> <span class='ocrx_word' id='word_1_650' title='bbox 3175 2006 3382 2062; x_wconf 86' lang='lat' dir='ltr'><strong>initium</strong></span> <span class='ocrx_word' id='word_1_651' title='bbox 3437 2005 3582 2072; x_wconf 84' lang='lat' dir='ltr'><strong>ﬁdei,</strong></span> <span class='ocrx_word' id='word_1_652' title='bbox 3607 2015 3664 2062; x_wconf 88' lang='lat' dir='ltr'><strong>et</strong></span> 
     </span>
    </p>
   </div>
   <div class='ocr_carea' id='block_1_83' title="bbox 2067 2097 3664 2170">
    <p class='ocr_par' dir='ltr' id='par_1_83' title="bbox 2067 2097 3664 2170">
     <span class='ocr_line' id='line_1_83' title="bbox 2067 2097 3664 2170; baseline 0.001 -19"><span class='ocrx_word' id='word_1_653' title='bbox 2067 2113 2236 2168; x_wconf 85' lang='lat' dir='ltr'><strong>usque</strong></span> <span class='ocrx_word' id='word_1_654' title='bbox 2271 2098 2334 2152; x_wconf 88' lang='lat' dir='ltr'><strong>in</strong></span> <span class='ocrx_word' id='word_1_655' title='bbox 2371 2098 2529 2152; x_wconf 87' lang='lat' dir='ltr'><strong>ﬁnem</strong></span> <span class='ocrx_word' id='word_1_656' title='bbox 2563 2098 3040 2170; x_wconf 68' lang='lat' dir='ltr'><strong>persevcrantiam,</strong></span> <span class='ocrx_word' id='word_1_657' title='bbox 3081 2097 3171 2151; x_wconf 88' lang='lat' dir='ltr'><strong>Dei</strong></span> <span class='ocrx_word' id='word_1_658' title='bbox 3201 2097 3338 2154; x_wconf 84' lang='lat' dir='ltr'><strong>dona</strong></span> <span class='ocrx_word' id='word_1_659' title='bbox 3369 2112 3488 2152; x_wconf 89' lang='lat' dir='ltr'><strong>esse</strong></span> <span class='ocrx_word' id='word_1_660' title='bbox 3521 2113 3664 2162; x_wconf 88' lang='lat' dir='ltr'><strong>;nec</strong></span> 
     </span>
    </p>
   </div>
   <div class='ocr_carea' id='block_1_84' title="bbox 2065 2189 3660 2258">
    <p class='ocr_par' dir='ltr' id='par_1_84' title="bbox 2065 2189 3660 2258">
     <span class='ocr_line' id='line_1_84' title="bbox 2065 2189 3660 2258; baseline -0.001 -13"><span class='ocrx_word' id='word_1_661' title='bbox 2065 2189 2172 2245; x_wconf 88' lang='lat' dir='ltr'><strong>ulla</strong></span> <span class='ocrx_word' id='word_1_662' title='bbox 2190 2204 2285 2246; x_wconf 87' lang='lat' dir='ltr'><strong>sua</strong></span> <span class='ocrx_word' id='word_1_663' title='bbox 2325 2189 2501 2244; x_wconf 74' lang='lat' dir='ltr'><strong>futura</strong></span> <span class='ocrx_word' id='word_1_664' title='bbox 2529 2189 2546 2220; x_wconf 82' lang='grc'><strong><em>⁸</em></strong></span> <span class='ocrx_word' id='word_1_665' title='bbox 2575 2189 2716 2244; x_wconf 86' lang='lat' dir='ltr'><strong>dona</strong></span> <span class='ocrx_word' id='word_1_666' title='bbox 2745 2231 2760 2252; x_wconf 87' lang='lat'><strong>,</strong></span> <span class='ocrx_word' id='word_1_667' title='bbox 2791 2199 2844 2244; x_wconf 90' lang='lat' dir='ltr'><strong>et</strong></span> <span class='ocrx_word' id='word_1_668' title='bbox 2869 2205 2986 2258; x_wconf 72' lang='lat' dir='ltr'><strong>qua:</strong></span> <span class='ocrx_word' id='word_1_669' title='bbox 3026 2189 3200 2244; x_wconf 72' lang='lat' dir='ltr'><strong>danda</strong></span> <span class='ocrx_word' id='word_1_670' title='bbox 3237 2197 3436 2252; x_wconf 83' lang='lat' dir='ltr'><strong>essent.</strong></span> <span class='ocrx_word' id='word_1_671' title='bbox 3459 2198 3514 2246; x_wconf 90' lang='lat' dir='ltr'><strong>ct</strong></span> <span class='ocrx_word' id='word_1_672' title='bbox 3537 2191 3660 2257; x_wconf 81' lang='lat' dir='ltr'><strong>qui-</strong></span> 
     </span>
    </p>
   </div>
   <div class='ocr_carea' id='block_1_85' title="bbox 2067 2281 3662 2350">
    <p class='ocr_par' dir='ltr' id='par_1_85' title="bbox 2067 2281 3662 2350">
     <span class='ocr_line' id='line_1_85' title="bbox 2067 2281 3662 2350; baseline 0 -14"><span class='ocrx_word' id='word_1_673' title='bbox 2067 2281 2166 2336; x_wconf 88' lang='lat' dir='ltr'><strong>bus</strong></span> <span class='ocrx_word' id='word_1_674' title='bbox 2197 2281 2371 2336; x_wconf 89' lang='lat' dir='ltr'><strong>danda</strong></span> <span class='ocrx_word' id='word_1_675' title='bbox 2411 2289 2612 2348; x_wconf 90' lang='lat' dir='ltr'><strong>essent,</strong></span> <span class='ocrx_word' id='word_1_676' title='bbox 2657 2281 2822 2336; x_wconf 89' lang='lat' dir='ltr'><strong>Deum</strong></span> <span class='ocrx_word' id='word_1_677' title='bbox 2863 2297 2968 2334; x_wconf 89' lang='lat' dir='ltr'><strong>non</strong></span> <span class='ocrx_word' id='word_1_678' title='bbox 3018 2281 3266 2350; x_wconf 68' lang='lat' dir='ltr'><strong>prwscire</strong></span> <span class='ocrx_word' id='word_1_679' title='bbox 3307 2281 3573 2350; x_wconf 83' lang='lat' dir='ltr'><strong>potuisse;</strong></span> <span class='ocrx_word' id='word_1_680' title='bbox 3598 2295 3662 2336; x_wconf 91' lang='lat' dir='ltr'><strong>ac</strong></span> 
     </span>
    </p>
   </div>
   <div class='ocr_carea' id='block_1_86' title="bbox 2071 2374 3664 2445">
    <p class='ocr_par' dir='ltr' id='par_1_86' title="bbox 2071 2374 3664 2445">
     <span class='ocr_line' id='line_1_86' title="bbox 2071 2374 3664 2445; baseline -0.001 -15"><span class='ocrx_word' id='word_1_681' title='bbox 2071 2391 2165 2445; x_wconf 74' lang='lat' dir='ltr'><strong>per</strong></span> <span class='ocrx_word' id='word_1_682' title='bbox 2207 2375 2308 2430; x_wconf 85' lang='lat' dir='ltr'><strong>hoc</strong></span> <span class='ocrx_word' id='word_1_683' title='bbox 2357 2375 2767 2443; x_wconf 71' lang='lat' dir='ltr'><strong>prmdestinatos</strong></span> <span class='ocrx_word' id='word_1_684' title='bbox 2805 2374 2992 2430; x_wconf 89' lang='lat' dir='ltr'><strong>abillo</strong></span> <span class='ocrx_word' id='word_1_685' title='bbox 3035 2388 3175 2436; x_wconf 89' lang='lat' dir='ltr'><strong>esse.</strong></span> <span class='ocrx_word' id='word_1_686' title='bbox 3214 2389 3348 2443; x_wconf 88' lang='lat' dir='ltr'><strong>quos</strong></span> <span class='ocrx_word' id='word_1_687' title='bbox 3385 2374 3572 2432; x_wconf 85' lang='lat' dir='ltr'><strong>liberat</strong></span> <span class='ocrx_word' id='word_1_688' title='bbox 3607 2385 3664 2428; x_wconf 89' lang='lat' dir='ltr'><strong>et</strong></span> 
     </span>
    </p>
   </div>
   <div class='ocr_carea' id='block_1_87' title="bbox 2069 2466 3676 2537">
    <p class='ocr_par' dir='ltr' id='par_1_87' title="bbox 2069 2466 3676 2537">
     <span class='ocr_line' id='line_1_87' title="bbox 2069 2466 3676 2537; baseline 0.001 -16"><span class='ocrx_word' id='word_1_689' title='bbox 2069 2476 2290 2522; x_wconf 85' lang='lat' dir='ltr'><strong>coronat</strong></span> <span class='ocrx_word' id='word_1_690' title='bbox 2319 2483 2333 2520; x_wconf 90' lang='lat'><strong><em>:</em></strong></span> <span class='ocrx_word' id='word_1_691' title='bbox 2361 2467 2792 2537; x_wconf 88' lang='lat' dir='ltr'><strong>respondendum</strong></span> <span class='ocrx_word' id='word_1_692' title='bbox 2853 2475 3062 2536; x_wconf 84' lang='lat' dir='ltr'><strong>putant,</strong></span> <span class='ocrx_word' id='word_1_693' title='bbox 3111 2483 3130 2520; x_wconf 83' lang='grc' dir='ltr'><strong>ι</strong></span> <span class='ocrx_word' id='word_1_694' title='bbox 3179 2466 3676 2537; x_wconf 58' lang='grc' dir='ltr'><strong>βιηωιιοέιίιιαιίυιιὶει-</strong></span> 
     </span>
    </p>
   </div>
   <div class='ocr_carea' id='block_1_88' title="bbox 2071 2559 3662 2629">
    <p class='ocr_par' dir='ltr' id='par_1_88' title="bbox 2071 2559 3662 2629">
     <span class='ocr_line' id='line_1_88' title="bbox 2071 2559 3662 2629; baseline 0.001 -15"><span class='ocrx_word' id='word_1_695' title='bbox 2071 2559 2434 2616; x_wconf 83' lang='lat' dir='ltr'><strong>deﬁnitionem</strong></span> <span class='ocrx_word' id='word_1_696' title='bbox 2510 2559 2721 2614; x_wconf 85' lang='lat' dir='ltr'><strong>utilitati</strong></span> <span class='ocrx_word' id='word_1_697' title='bbox 2779 2560 3173 2629; x_wconf 64' lang='lat' dir='ltr'><strong>pricdicationis</strong></span> <span class='ocrx_word' id='word_1_698' title='bbox 3227 2560 3543 2628; x_wconf 83' lang='lat' dir='ltr'><strong>adversam,</strong></span> <span class='ocrx_word' id='word_1_699' title='bbox 3591 2577 3662 2616; x_wconf 86' lang='lat' dir='ltr'><strong>eo</strong></span> 
     </span>
    </p>
   </div>
   <div class='ocr_carea' id='block_1_89' title="bbox 2069 2647 3664 2720">
    <p class='ocr_par' dir='ltr' id='par_1_89' title="bbox 2069 2647 3664 2720">
     <span class='ocr_line' id='line_1_89' title="bbox 2069 2647 3664 2720; baseline 0.003 -18"><span class='ocrx_word' id='word_1_700' title='bbox 2069 2648 2214 2720; x_wconf 83' lang='lat' dir='ltr'><strong>quod</strong></span> <span class='ocrx_word' id='word_1_701' title='bbox 2263 2651 2362 2704; x_wconf 87' lang='lat' dir='ltr'><strong>hac</strong></span> <span class='ocrx_word' id='word_1_702' title='bbox 2401 2647 2602 2716; x_wconf 90' lang='lat' dir='ltr'><strong>audita,</strong></span> <span class='ocrx_word' id='word_1_703' title='bbox 2651 2664 2808 2706; x_wconf 80' lang='lat' dir='ltr'><strong>nemo</strong></span> <span class='ocrx_word' id='word_1_704' title='bbox 2853 2649 3024 2720; x_wconf 68' lang='lat' dir='ltr'><strong>pOSsit</strong></span> <span class='ocrx_word' id='word_1_705' title='bbox 3061 2651 3412 2720; x_wconf 81' lang='lat' dir='ltr'><strong>correptionis</strong></span> <span class='ocrx_word' id='word_1_706' title='bbox 3433 2652 3664 2708; x_wconf 76' lang='lat' dir='ltr'><strong>stimulis</strong></span> 
     </span>
    </p>
   </div>
   <div class='ocr_carea' id='block_1_90' title="bbox 2071 2741 3662 2816">
    <p class='ocr_par' dir='ltr' id='par_1_90' title="bbox 2071 2741 3662 2816">
     <span class='ocr_line' id='line_1_90' title="bbox 2071 2741 3662 2816; baseline 0.001 -20"><span class='ocrx_word' id='word_1_707' title='bbox 2071 2741 2312 2800; x_wconf 70' lang='lat' dir='ltr'><strong>excitari.</strong></span> <span class='ocrx_word' id='word_1_708' title='bbox 2347 2761 2366 2796; x_wconf 81' lang='grc' dir='ltr'><strong>ι</strong></span> <span class='ocrx_word' id='word_1_709' title='bbox 2403 2742 2528 2798; x_wconf 73' lang='lat' dir='ltr'><strong>llaec</strong></span> <span class='ocrx_word' id='word_1_710' title='bbox 2565 2741 2806 2798; x_wconf 84' lang='lat' dir='ltr'><strong>dicentes</strong></span> <span class='ocrx_word' id='word_1_711' title='bbox 2839 2744 3030 2799; x_wconf 86' lang='lat' dir='ltr'><strong>nolunt</strong></span> <span class='ocrx_word' id='word_1_712' title='bbox 3063 2761 3084 2798; x_wconf 82' lang='grc' dir='ltr'><strong>ι</strong></span> <span class='ocrx_word' id='word_1_713' title='bbox 3119 2743 3422 2800; x_wconf 88' lang='lat' dir='ltr'><strong>hominibus</strong></span> <span class='ocrx_word' id='word_1_714' title='bbox 3465 2745 3662 2816; x_wconf 72' lang='lat' dir='ltr'><strong>prmiti-</strong></span> 
     </span>
    </p>
   </div>
   <div class='ocr_carea' id='block_1_91' title="bbox 2073 2833 3662 2907">
    <p class='ocr_par' dir='ltr' id='par_1_91' title="bbox 2073 2833 3662 2907">
     <span class='ocr_line' id='line_1_91' title="bbox 2073 2833 3662 2907; baseline 0 -17"><span class='ocrx_word' id='word_1_715' title='bbox 2073 2835 2182 2892; x_wconf 81' lang='lat' dir='ltr'><strong>caci</strong></span> <span class='ocrx_word' id='word_1_716' title='bbox 2211 2833 2350 2889; x_wconf 88' lang='lat' dir='ltr'><strong>dona</strong></span> <span class='ocrx_word' id='word_1_717' title='bbox 2375 2833 2471 2890; x_wconf 89' lang='lat' dir='ltr'><strong>Dei</strong></span> <span class='ocrx_word' id='word_1_718' title='bbox 2499 2849 2642 2902; x_wconf 86' lang='lat' dir='ltr'><strong>esse,</strong></span> <span class='ocrx_word' id='word_1_719' title='bbox 2661 2845 2718 2889; x_wconf 90' lang='lat' dir='ltr'><strong>ut</strong></span> <span class='ocrx_word' id='word_1_720' title='bbox 2739 2834 2978 2890; x_wconf 72' lang='lat' dir='ltr'><strong>veniatur</strong></span> <span class='ocrx_word' id='word_1_721' title='bbox 2991 2834 3060 2890; x_wconf 86' lang='lat' dir='ltr'><strong>ad</strong></span> <span class='ocrx_word' id='word_1_722' title='bbox 3081 2834 3329 2902; x_wconf 84' lang='lat' dir='ltr'><strong>ﬁdem,et</strong></span> <span class='ocrx_word' id='word_1_723' title='bbox 3347 2851 3662 2907; x_wconf 80' lang='lat' dir='ltr'><strong>permanea-</strong></span> 
     </span>
    </p>
   </div>
   <div class='ocr_carea' id='block_1_92' title="bbox 2075 2925 3666 2999">
    <p class='ocr_par' dir='ltr' id='par_1_92' title="bbox 2075 2925 3666 2999">
     <span class='ocr_line' id='line_1_92' title="bbox 2075 2925 3666 2999; baseline 0.001 -18"><span class='ocrx_word' id='word_1_724' title='bbox 2075 2935 2160 2982; x_wconf 89' lang='lat' dir='ltr'><strong>tur</strong></span> <span class='ocrx_word' id='word_1_725' title='bbox 2189 2925 2241 2980; x_wconf 92' lang='lat' dir='ltr'><strong>in</strong></span> <span class='ocrx_word' id='word_1_726' title='bbox 2273 2925 2398 2990; x_wconf 86' lang='lat' dir='ltr'><strong>ﬁde,</strong></span> <span class='ocrx_word' id='word_1_727' title='bbox 2423 2941 2488 2980; x_wconf 92' lang='lat' dir='ltr'><strong>ne</strong></span> <span class='ocrx_word' id='word_1_728' title='bbox 2515 2926 2634 2996; x_wconf 89' lang='lat' dir='ltr'><strong>plus</strong></span> <span class='ocrx_word' id='word_1_729' title='bbox 2667 2926 2968 2995; x_wconf 86' lang='lat' dir='ltr'><strong>desperatio</strong></span> <span class='ocrx_word' id='word_1_730' title='bbox 2984 2943 3140 2998; x_wconf 80' lang='lat' dir='ltr'><strong>quant</strong></span> <span class='ocrx_word' id='word_1_731' title='bbox 3169 2927 3473 2984; x_wconf 73' lang='lat' dir='ltr'><strong>exhortatio</strong></span> <span class='ocrx_word' id='word_1_732' title='bbox 3489 2928 3567 2999; x_wconf 78' lang='grc' dir='ltr'><strong>(α)</strong></span> <span class='ocrx_word' id='word_1_733' title='bbox 3587 2930 3666 2983; x_wconf 83' lang='lat' dir='ltr'><strong>vi-</strong></span> 
     </span>
    </p>
   </div>
   <div class='ocr_carea' id='block_1_93' title="bbox 2075 3017 3666 3090">
    <p class='ocr_par' dir='ltr' id='par_1_93' title="bbox 2075 3017 3666 3090">
     <span class='ocr_line' id='line_1_93' title="bbox 2075 3017 3666 3090; baseline 0.002 -17"><span class='ocrx_word' id='word_1_734' title='bbox 2075 3018 2265 3074; x_wconf 86' lang='lat' dir='ltr'><strong>deatur</strong></span> <span class='ocrx_word' id='word_1_735' title='bbox 2307 3017 2508 3084; x_wconf 80' lang='lat' dir='ltr'><strong>atl&#39;erri,</strong></span> <span class='ocrx_word' id='word_1_736' title='bbox 2549 3017 2676 3072; x_wconf 89' lang='lat' dir='ltr'><strong>dum</strong></span> <span class='ocrx_word' id='word_1_737' title='bbox 2716 3017 2950 3088; x_wconf 85' lang='lat' dir='ltr'><strong>cogitant</strong></span> <span class='ocrx_word' id='word_1_738' title='bbox 2985 3019 3076 3090; x_wconf 88' lang='lat' dir='ltr'><strong>qui</strong></span> <span class='ocrx_word' id='word_1_739' title='bbox 3121 3019 3362 3086; x_wconf 90' lang='lat' dir='ltr'><strong>audiunt,</strong></span> <span class='ocrx_word' id='word_1_740' title='bbox 3405 3021 3666 3076; x_wconf 85' lang='lat' dir='ltr'><strong>incerttun</strong></span> 
     </span>
    </p>
   </div>
   <div class='ocr_carea' id='block_1_94' title="bbox 2075 3108 3668 3181">
    <p class='ocr_par' dir='ltr' id='par_1_94' title="bbox 2075 3108 3668 3181">
     <span class='ocr_line' id='line_1_94' title="bbox 2075 3108 3668 3181; baseline 0.001 -17"><span class='ocrx_word' id='word_1_741' title='bbox 2075 3123 2196 3164; x_wconf 86' lang='lat' dir='ltr'><strong>esse</strong></span> <span class='ocrx_word' id='word_1_742' title='bbox 2225 3108 2472 3163; x_wconf 80' lang='lat' dir='ltr'><strong>humana:</strong></span> <span class='ocrx_word' id='word_1_743' title='bbox 2509 3109 2820 3179; x_wconf 72' lang='lat' dir='ltr'><strong>ignorantia:</strong></span> <span class='ocrx_word' id='word_1_744' title='bbox 2845 3110 2930 3164; x_wconf 91' lang='lat' dir='ltr'><strong>cui</strong></span> <span class='ocrx_word' id='word_1_745' title='bbox 2965 3110 3220 3181; x_wconf 85' lang='lat' dir='ltr'><strong>largiatur</strong></span> <span class='ocrx_word' id='word_1_746' title='bbox 3249 3111 3410 3176; x_wconf 85' lang='lat' dir='ltr'><strong>Dens,</strong></span> <span class='ocrx_word' id='word_1_747' title='bbox 3435 3111 3521 3168; x_wconf 86' lang='lat' dir='ltr'><strong>eui</strong></span> <span class='ocrx_word' id='word_1_748' title='bbox 3561 3129 3668 3166; x_wconf 84' lang='lat' dir='ltr'><strong>non</strong></span> 
     </span>
    </p>
   </div>
   <div class='ocr_carea' id='block_1_95' title="bbox 2077 3201 3668 3274">
    <p class='ocr_par' dir='ltr' id='par_1_95' title="bbox 2077 3201 3668 3274">
     <span class='ocr_line' id='line_1_95' title="bbox 2077 3201 3668 3274; baseline 0.001 -18"><span class='ocrx_word' id='word_1_749' title='bbox 2077 3202 2330 3273; x_wconf 81' lang='lat' dir='ltr'><strong>largiatur</strong></span> <span class='ocrx_word' id='word_1_750' title='bbox 2357 3201 2475 3258; x_wconf 80' lang='lat' dir='ltr'><strong>inec</strong></span> <span class='ocrx_word' id='word_1_751' title='bbox 2497 3201 2658 3256; x_wconf 76' lang='lat' dir='ltr'><strong>dolia.</strong></span> <span class='ocrx_word' id='word_1_752' title='bbox 2687 3211 2710 3254; x_wconf 64' lang='grc' dir='ltr'>ιη</span> <span class='ocrx_word' id='word_1_753' title='bbox 2728 3201 2838 3256; x_wconf 86' lang='lat' dir='ltr'><strong>Cur</strong></span> <span class='ocrx_word' id='word_1_754' title='bbox 2863 3217 2992 3272; x_wconf 82' lang='lat' dir='ltr'><strong>ergo</strong></span> <span class='ocrx_word' id='word_1_755' title='bbox 3015 3213 3070 3258; x_wconf 87' lang='lat' dir='ltr'><strong>et</strong></span> <span class='ocrx_word' id='word_1_756' title='bbox 3101 3203 3200 3272; x_wconf 88' lang='lat' dir='ltr'><strong>ipsi</strong></span> <span class='ocrx_word' id='word_1_757' title='bbox 3227 3203 3502 3259; x_wconf 60' lang='lat' dir='ltr'><strong>nauticum</strong></span> <span class='ocrx_word' id='word_1_758' title='bbox 3529 3219 3668 3274; x_wconf 69' lang='lat' dir='ltr'><strong>prae-</strong></span> 
     </span>
    </p>
   </div>
   <div class='ocr_carea' id='block_1_96' title="bbox 2079 3294 3670 3364">
    <p class='ocr_par' dir='ltr' id='par_1_96' title="bbox 2079 3294 3670 3364">
     <span class='ocr_line' id='line_1_96' title="bbox 2079 3294 3670 3364; baseline 0 -14"><span class='ocrx_word' id='word_1_759' title='bbox 2079 3295 2279 3359; x_wconf 87' lang='lat' dir='ltr'><strong>dicant,</strong></span> <span class='ocrx_word' id='word_1_760' title='bbox 2311 3294 2448 3350; x_wconf 88' lang='lat' dir='ltr'><strong>dona</strong></span> <span class='ocrx_word' id='word_1_761' title='bbox 2495 3294 2588 3350; x_wconf 91' lang='lat' dir='ltr'><strong>Dei</strong></span> <span class='ocrx_word' id='word_1_762' title='bbox 2629 3309 2751 3350; x_wconf 90' lang='lat' dir='ltr'><strong>esse</strong></span> <span class='ocrx_word' id='word_1_763' title='bbox 2799 3294 3112 3364; x_wconf 80' lang='lat' dir='ltr'><strong>sapientiam</strong></span> <span class='ocrx_word' id='word_1_764' title='bbox 3154 3303 3212 3352; x_wconf 89' lang='lat' dir='ltr'><strong>et</strong></span> <span class='ocrx_word' id='word_1_765' title='bbox 3249 3297 3670 3352; x_wconf 78' lang='lat' dir='ltr'><strong>continentiam?</strong></span> 
     </span>
    </p>
   </div>
   <div class='ocr_carea' id='block_1_97' title="bbox 2085 3385 3670 3459">
    <p class='ocr_par' dir='ltr' id='par_1_97' title="bbox 2085 3385 3670 3459">
     <span class='ocr_line' id='line_1_97' title="bbox 2085 3385 3670 3459; baseline 0.003 -19"><span class='ocrx_word' id='word_1_766' title='bbox 2085 3385 2237 3456; x_wconf 85' lang='lat' dir='ltr'><strong>Quod</strong></span> <span class='ocrx_word' id='word_1_767' title='bbox 2283 3387 2328 3440; x_wconf 90' lang='lat' dir='ltr'><strong>si</strong></span> <span class='ocrx_word' id='word_1_768' title='bbox 2365 3386 2479 3441; x_wconf 76' lang='lat' dir='ltr'><strong>lucc</strong></span> <span class='ocrx_word' id='word_1_769' title='bbox 2521 3401 2642 3442; x_wconf 89' lang='lat' dir='ltr'><strong>cum</strong></span> <span class='ocrx_word' id='word_1_770' title='bbox 2685 3386 2776 3442; x_wconf 83' lang='lat' dir='ltr'><strong>Dci</strong></span> <span class='ocrx_word' id='word_1_771' title='bbox 2817 3386 2958 3442; x_wconf 88' lang='lat' dir='ltr'><strong>dona</strong></span> <span class='ocrx_word' id='word_1_772' title='bbox 2995 3403 3118 3442; x_wconf 84' lang='lat' dir='ltr'><strong>esse</strong></span> <span class='ocrx_word' id='word_1_773' title='bbox 3157 3388 3532 3459; x_wconf 64' lang='lat' dir='ltr'><strong>praedicantur,</strong></span> <span class='ocrx_word' id='word_1_774' title='bbox 3563 3405 3670 3445; x_wconf 79' lang='lat' dir='ltr'><strong>non</strong></span> 
     </span>
    </p>
   </div>
   <div class='ocr_carea' id='block_1_98' title="bbox 2077 3477 3667 3548">
    <p class='ocr_par' dir='ltr' id='par_1_98' title="bbox 2077 3477 3667 3548">
     <span class='ocr_line' id='line_1_98' title="bbox 2077 3477 3667 3548; baseline 0.003 -16"><span class='ocrx_word' id='word_1_775' title='bbox 2077 3477 2366 3547; x_wconf 86' lang='lat' dir='ltr'><strong>impeditur</strong></span> <span class='ocrx_word' id='word_1_776' title='bbox 2409 3477 2644 3532; x_wconf 83' lang='lat' dir='ltr'><strong>hortatio</strong></span> <span class='ocrx_word' id='word_1_777' title='bbox 2685 3493 2789 3548; x_wconf 78' lang='lat' dir='ltr'><strong>qua</strong></span> <span class='ocrx_word' id='word_1_778' title='bbox 2831 3477 3077 3534; x_wconf 83' lang='lat' dir='ltr'><strong>homines</strong></span> <span class='ocrx_word' id='word_1_779' title='bbox 3120 3479 3401 3536; x_wconf 84' lang='lat' dir='ltr'><strong>hortamur</strong></span> <span class='ocrx_word' id='word_1_780' title='bbox 3421 3495 3546 3536; x_wconf 83' lang='lat' dir='ltr'><strong>esse</strong></span> <span class='ocrx_word' id='word_1_781' title='bbox 3581 3495 3667 3536; x_wconf 85' lang='lat' dir='ltr'><strong>sa-</strong></span> 
     </span>
    </p>
   </div>
   <div class='ocr_carea' id='block_1_99' title="bbox 2075 3570 3672 3641">
    <p class='ocr_par' dir='ltr' id='par_1_99' title="bbox 2075 3570 3672 3641">
     <span class='ocr_line' id='line_1_99' title="bbox 2075 3570 3672 3641; baseline 0.002 -18"><span class='ocrx_word' id='word_1_782' title='bbox 2075 3570 2288 3641; x_wconf 86' lang='lat' dir='ltr'><strong>pientes</strong></span> <span class='ocrx_word' id='word_1_783' title='bbox 2309 3579 2364 3624; x_wconf 88' lang='lat' dir='ltr'><strong>et</strong></span> <span class='ocrx_word' id='word_1_784' title='bbox 2385 3570 2752 3632; x_wconf 85' lang='lat' dir='ltr'><strong>continentes;</strong></span> <span class='ocrx_word' id='word_1_785' title='bbox 2781 3585 2900 3639; x_wconf 67' lang='lat' dir='ltr'><strong>quin</strong></span> <span class='ocrx_word' id='word_1_786' title='bbox 2931 3570 3144 3626; x_wconf 82' lang='lat' dir='ltr'><strong>tandem</strong></span> <span class='ocrx_word' id='word_1_787' title='bbox 3182 3585 3342 3626; x_wconf 86' lang='lat' dir='ltr'><strong>causa</strong></span> <span class='ocrx_word' id='word_1_788' title='bbox 3365 3581 3450 3628; x_wconf 87' lang='lat' dir='ltr'><strong>est</strong></span> <span class='ocrx_word' id='word_1_789' title='bbox 3485 3581 3542 3626; x_wconf 90' lang='lat' dir='ltr'><strong>ut</strong></span> <span class='ocrx_word' id='word_1_790' title='bbox 3560 3573 3672 3626; x_wconf 76' lang='lat' dir='ltr'><strong>esi-</strong></span> 
     </span>
    </p>
   </div>
   <div class='ocr_carea' id='block_1_100' title="bbox 2077 3660 3671 3732">
    <p class='ocr_par' dir='ltr' id='par_1_100' title="bbox 2077 3660 3671 3732">
     <span class='ocr_line' id='line_1_100' title="bbox 2077 3660 3671 3732; baseline 0 -16"><span class='ocrx_word' id='word_1_791' title='bbox 2077 3663 2294 3718; x_wconf 76' lang='lat' dir='ltr'><strong>stintent</strong></span> <span class='ocrx_word' id='word_1_792' title='bbox 2323 3661 2568 3730; x_wconf 86' lang='lat' dir='ltr'><strong>impediri</strong></span> <span class='ocrx_word' id='word_1_793' title='bbox 2591 3660 3040 3728; x_wconf 79' lang='lat' dir='ltr'><strong>exhortationem,</strong></span> <span class='ocrx_word' id='word_1_794' title='bbox 3063 3676 3166 3732; x_wconf 88' lang='lat' dir='ltr'><strong>qua</strong></span> <span class='ocrx_word' id='word_1_795' title='bbox 3195 3661 3546 3718; x_wconf 83' lang='lat' dir='ltr'><strong>exhortamur</strong></span> <span class='ocrx_word' id='word_1_796' title='bbox 3569 3661 3671 3716; x_wconf 87' lang='lat' dir='ltr'><strong>bo-</strong></span> 
     </span>
    </p>
   </div>
   <div class='ocr_carea' id='block_1_101' title="bbox 2078 3751 3672 3823">
    <p class='ocr_par' dir='ltr' id='par_1_101' title="bbox 2078 3751 3672 3823">
     <span class='ocr_line' id='line_1_101' title="bbox 2078 3751 3672 3823; baseline 0.002 -17"><span class='ocrx_word' id='word_1_797' title='bbox 2078 3753 2252 3808; x_wconf 88' lang='lat' dir='ltr'><strong>mines</strong></span> <span class='ocrx_word' id='word_1_798' title='bbox 2278 3752 2462 3808; x_wconf 83' lang='lat' dir='ltr'><strong>venire</strong></span> <span class='ocrx_word' id='word_1_799' title='bbox 2499 3751 2564 3806; x_wconf 88' lang='lat' dir='ltr'><strong>ad</strong></span> <span class='ocrx_word' id='word_1_800' title='bbox 2601 3751 2780 3818; x_wconf 76' lang='lat' dir='ltr'><strong>ﬁderit,</strong></span> <span class='ocrx_word' id='word_1_801' title='bbox 2814 3759 2870 3808; x_wconf 87' lang='lat' dir='ltr'><strong>et</strong></span> <span class='ocrx_word' id='word_1_802' title='bbox 2897 3753 2950 3808; x_wconf 88' lang='lat' dir='ltr'><strong>itt</strong></span> <span class='ocrx_word' id='word_1_803' title='bbox 2977 3768 3038 3808; x_wconf 89' lang='lat' dir='ltr'><strong>ea</strong></span> <span class='ocrx_word' id='word_1_804' title='bbox 3067 3767 3383 3821; x_wconf 82' lang='lat' dir='ltr'><strong>permanere</strong></span> <span class='ocrx_word' id='word_1_805' title='bbox 3422 3767 3588 3823; x_wconf 83' lang='lat' dir='ltr'><strong>uSquc</strong></span> <span class='ocrx_word' id='word_1_806' title='bbox 3621 3755 3672 3810; x_wconf 87' lang='lat' dir='ltr'><strong>in</strong></span> 
     </span>
    </p>
   </div>
   <div class='ocr_carea' id='block_1_102' title="bbox 2029 3819 3648 3918">
    <p class='ocr_par' dir='ltr' id='par_1_102' title="bbox 2029 3819 3648 3918">
     <span class='ocr_line' id='line_1_102' title="bbox 2029 3819 3648 3918; baseline 0.002 -20"><span class='ocrx_word' id='word_1_807' title='bbox 2029 3819 2060 3844; x_wconf 67' lang='grc'><strong>’</strong></span> <span class='ocrx_word' id='word_1_808' title='bbox 2079 3845 2264 3910; x_wconf 87' lang='lat' dir='ltr'><strong>ﬁnem,</strong></span> <span class='ocrx_word' id='word_1_809' title='bbox 2289 3845 2336 3900; x_wconf 89' lang='lat' dir='ltr'><strong>si</strong></span> <span class='ocrx_word' id='word_1_810' title='bbox 2363 3853 2416 3900; x_wconf 90' lang='lat' dir='ltr'><strong>et</strong></span> <span class='ocrx_word' id='word_1_811' title='bbox 2441 3845 2554 3900; x_wconf 82' lang='lat' dir='ltr'><strong>haec</strong></span> <span class='ocrx_word' id='word_1_812' title='bbox 2590 3843 2729 3900; x_wconf 92' lang='lat' dir='ltr'><strong>dona</strong></span> <span class='ocrx_word' id='word_1_813' title='bbox 2775 3845 2865 3900; x_wconf 90' lang='lat' dir='ltr'><strong>Dei</strong></span> <span class='ocrx_word' id='word_1_814' title='bbox 2903 3859 3024 3901; x_wconf 87' lang='lat' dir='ltr'><strong>esse</strong></span> <span class='ocrx_word' id='word_1_815' title='bbox 3049 3819 3314 3914; x_wconf 87' lang='lat' dir='ltr'><strong>dicantur,</strong></span> <span class='ocrx_word' id='word_1_816' title='bbox 3345 3819 3648 3918; x_wconf 41' lang='lat' dir='ltr'><strong>quod-Scri</strong></span> 
     </span>
    </p>
   </div>
   <div class='ocr_carea' id='block_1_103' title="bbox 2082 3933 3091 4006">
    <p class='ocr_par' dir='ltr' id='par_1_103' title="bbox 2082 3933 3091 4006">
     <span class='ocr_line' id='line_1_103' title="bbox 2082 3933 3091 4006; baseline 0.002 -18"><span class='ocrx_word' id='word_1_817' title='bbox 2082 3935 2250 4006; x_wconf 81' lang='lat' dir='ltr'><strong>pluris</strong></span> <span class='ocrx_word' id='word_1_818' title='bbox 2279 3933 2398 4005; x_wconf 87' lang='lat' dir='ltr'><strong>ejus</strong></span> <span class='ocrx_word' id='word_1_819' title='bbox 2423 3934 2650 3992; x_wconf 87' lang='lat' dir='ltr'><strong>testibus</strong></span> <span class='ocrx_word' id='word_1_820' title='bbox 2675 3935 3091 4006; x_wconf 79' lang='lat' dir='ltr'><strong>comprobatur?</strong></span> 
     </span>
    </p>
   </div>
   <div class='ocr_carea' id='block_1_104' title="bbox 2152 4045 3672 4114">
    <p class='ocr_par' dir='ltr' id='par_1_104' title="bbox 2152 4045 3672 4114">
     <span class='ocr_line' id='line_1_104' title="bbox 2152 4045 3672 4114; baseline 0.001 -12"><span class='ocrx_word' id='word_1_821' title='bbox 2152 4046 2241 4102; x_wconf 73' lang='grc'><strong>44.</strong></span> <span class='ocrx_word' id='word_1_822' title='bbox 2277 4046 2498 4113; x_wconf 86' lang='lat' dir='ltr'><strong>Eccc,ut</strong></span> <span class='ocrx_word' id='word_1_823' title='bbox 2523 4045 2594 4102; x_wconf 88' lang='lat' dir='ltr'><strong>de</strong></span> <span class='ocrx_word' id='word_1_824' title='bbox 2613 4046 2940 4102; x_wconf 89' lang='lat' dir='ltr'><strong>continentia</strong></span> <span class='ocrx_word' id='word_1_825' title='bbox 2975 4057 3266 4114; x_wconf 87' lang='lat' dir='ltr'><strong>taceamus,</strong></span> <span class='ocrx_word' id='word_1_826' title='bbox 3287 4057 3342 4103; x_wconf 84' lang='lat' dir='ltr'><strong>et</strong></span> <span class='ocrx_word' id='word_1_827' title='bbox 3369 4047 3438 4102; x_wconf 88' lang='lat' dir='ltr'><strong>de</strong></span> <span class='ocrx_word' id='word_1_828' title='bbox 3473 4048 3583 4102; x_wconf 86' lang='lat' dir='ltr'><strong>sola</strong></span> <span class='ocrx_word' id='word_1_829' title='bbox 3621 4049 3672 4103; x_wconf 90' lang='lat' dir='ltr'><strong>in</strong></span> 
     </span>
    </p>
   </div>
   <div class='ocr_carea' id='block_1_105' title="bbox 2083 4135 3678 4208">
    <p class='ocr_par' dir='ltr' id='par_1_105' title="bbox 2083 4135 3678 4208">
     <span class='ocr_line' id='line_1_105' title="bbox 2083 4135 3678 4208; baseline 0.001 -17"><span class='ocrx_word' id='word_1_830' title='bbox 2083 4137 2188 4193; x_wconf 82' lang='lat' dir='ltr'><strong>hoc</strong></span> <span class='ocrx_word' id='word_1_831' title='bbox 2220 4137 2340 4192; x_wconf 89' lang='lat' dir='ltr'><strong>loco</strong></span> <span class='ocrx_word' id='word_1_832' title='bbox 2375 4137 2634 4206; x_wconf 83' lang='lat' dir='ltr'><strong>sapientia</strong></span> <span class='ocrx_word' id='word_1_833' title='bbox 2661 4135 3032 4208; x_wconf 79' lang='lat' dir='ltr'><strong>diSputemus;</strong></span> <span class='ocrx_word' id='word_1_834' title='bbox 3065 4153 3256 4208; x_wconf 86' lang='lat' dir='ltr'><strong>nempe</strong></span> <span class='ocrx_word' id='word_1_835' title='bbox 3283 4153 3443 4208; x_wconf 84' lang='lat' dir='ltr'><strong>supra</strong></span> <span class='ocrx_word' id='word_1_836' title='bbox 3471 4155 3678 4193; x_wconf 84' lang='lat' dir='ltr'><strong>memn-</strong></span> 
     </span>
    </p>
   </div>
   <div class='ocr_carea' id='block_1_106' title="bbox 2083 4229 3676 4300">
    <p class='ocr_par' dir='ltr' id='par_1_106' title="bbox 2083 4229 3676 4300">
     <span class='ocr_line' id='line_1_106' title="bbox 2083 4229 3676 4300; baseline -0.003 -14"><span class='ocrx_word' id='word_1_837' title='bbox 2083 4239 2232 4286; x_wconf 82' lang='lat' dir='ltr'><strong>rutus</strong></span> <span class='ocrx_word' id='word_1_838' title='bbox 2266 4230 2540 4300; x_wconf 85' lang='lat' dir='ltr'><strong>apostolus</strong></span> <span class='ocrx_word' id='word_1_839' title='bbox 2563 4229 2798 4286; x_wconf 85' lang='lat' dir='ltr'><strong>Jacohus</strong></span> <span class='ocrx_word' id='word_1_840' title='bbox 2825 4230 2974 4294; x_wconf 88' lang='lat' dir='ltr'><strong>dicit,</strong></span> <span class='ocrx_word' id='word_1_841' title='bbox 3011 4229 3141 4298; x_wconf 70' lang='lat' dir='ltr'><strong>Qua:</strong></span> <span class='ocrx_word' id='word_1_842' title='bbox 3173 4230 3438 4284; x_wconf 73' lang='lat' dir='ltr'><strong>desursum</strong></span> <span class='ocrx_word' id='word_1_843' title='bbox 3473 4241 3548 4284; x_wconf 81' lang='lat' dir='ltr'><strong>cst</strong></span> <span class='ocrx_word' id='word_1_844' title='bbox 3589 4247 3676 4283; x_wconf 65' lang='lat' dir='ltr'><strong>sn.-</strong></span> 
     </span>
    </p>
   </div>
   <div class='ocr_carea' id='block_1_107' title="bbox 2084 4321 3672 4393">
    <p class='ocr_par' dir='ltr' id='par_1_107' title="bbox 2084 4321 3672 4393">
     <span class='ocr_line' id='line_1_107' title="bbox 2084 4321 3672 4393; baseline -0.002 -17"><span class='ocrx_word' id='word_1_845' title='bbox 2084 4323 2296 4393; x_wconf 84' lang='lat' dir='ltr'><strong>pientia,</strong></span> <span class='ocrx_word' id='word_1_846' title='bbox 2343 4322 2563 4393; x_wconf 65' lang='lat' dir='ltr'><strong>primum</strong></span> <span class='ocrx_word' id='word_1_847' title='bbox 2602 4321 2806 4391; x_wconf 76' lang='lat' dir='ltr'><strong>quidem</strong></span> <span class='ocrx_word' id='word_1_848' title='bbox 2843 4321 3030 4392; x_wconf 80' lang='lat' dir='ltr'><strong>pudica</strong></span> <span class='ocrx_word' id='word_1_849' title='bbox 3079 4332 3171 4388; x_wconf 83' lang='lat' dir='ltr'><strong>est,</strong></span> <span class='ocrx_word' id='word_1_850' title='bbox 3219 4323 3400 4376; x_wconf 84' lang='lat' dir='ltr'><strong>deinde</strong></span> <span class='ocrx_word' id='word_1_851' title='bbox 3439 4322 3672 4392; x_wconf 73' lang='lat' dir='ltr'><strong>paci/ira,</strong></span> 
     </span>
    </p>
   </div>
   <div class='ocr_carea' id='block_1_108' title="bbox 2083 4413 3680 4486">
    <p class='ocr_par' dir='ltr' id='par_1_108' title="bbox 2083 4413 3680 4486">
     <span class='ocr_line' id='line_1_108' title="bbox 2083 4413 3680 4486; baseline 0 -18"><span class='ocrx_word' id='word_1_852' title='bbox 2083 4414 2330 4480; x_wconf 84' lang='lat' dir='ltr'><strong>modesta,</strong></span> <span class='ocrx_word' id='word_1_853' title='bbox 2353 4413 2638 4476; x_wconf 82' lang='lat' dir='ltr'><strong>suadibilis,</strong></span> <span class='ocrx_word' id='word_1_854' title='bbox 2675 4414 2824 4485; x_wconf 80' lang='lat' dir='ltr'><strong>plena</strong></span> <span class='ocrx_word' id='word_1_855' title='bbox 2853 4414 3201 4468; x_wconf 84' lang='lat' dir='ltr'><strong>misericordia</strong></span> <span class='ocrx_word' id='word_1_856' title='bbox 3238 4425 3285 4467; x_wconf 85' lang='lat' dir='ltr'><strong>et</strong></span> <span class='ocrx_word' id='word_1_857' title='bbox 3318 4415 3560 4486; x_wconf 76' lang='lat' dir='ltr'><strong>fructibus</strong></span> <span class='ocrx_word' id='word_1_858' title='bbox 3587 4415 3680 4468; x_wconf 79' lang='lat'><strong>60-</strong></span> 
     </span>
    </p>
   </div>
   <div class='ocr_carea' id='block_1_109' title="bbox 2084 4505 3674 4578">
    <p class='ocr_par' dir='ltr' id='par_1_109' title="bbox 2084 4505 3674 4578">
     <span class='ocr_line' id='line_1_109' title="bbox 2084 4505 3674 4578; baseline -0.001 -16"><span class='ocrx_word' id='word_1_859' title='bbox 2084 4509 2196 4562; x_wconf 74' lang='lat' dir='ltr'><strong>m&#39;s’</strong></span> <span class='ocrx_word' id='word_1_860' title='bbox 2231 4549 2246 4573; x_wconf 94' lang='lat'><strong>,</strong></span> <span class='ocrx_word' id='word_1_861' title='bbox 2273 4507 2661 4574; x_wconf 75' lang='lat' dir='ltr'><strong>intestimabilis,</strong></span> <span class='ocrx_word' id='word_1_862' title='bbox 2693 4508 2802 4562; x_wconf 84' lang='lat' dir='ltr'><strong>sine</strong></span> <span class='ocrx_word' id='word_1_863' title='bbox 2839 4506 3166 4561; x_wconf 81' lang='lat' dir='ltr'><strong>simulatione</strong></span> <span class='ocrx_word' id='word_1_864' title='bbox 3201 4505 3408 4578; x_wconf 80' lang='lat' dir='ltr'><strong>(Jacobi</strong></span> <span class='ocrx_word' id='word_1_865' title='bbox 3441 4523 3520 4572; x_wconf 84' lang='grc' dir='ltr'>ιιι,</span> <span class='ocrx_word' id='word_1_866' title='bbox 3557 4508 3674 4578; x_wconf 81' lang='lat' dir='ltr'><strong>l7).</strong></span> 
     </span>
    </p>
   </div>
   <div class='ocr_carea' id='block_1_110' title="bbox 2083 4601 3674 4670">
    <p class='ocr_par' dir='ltr' id='par_1_110' title="bbox 2083 4601 3674 4670">
     <span class='ocr_line' id='line_1_110' title="bbox 2083 4601 3674 4670; baseline -0.003 -12"><span class='ocrx_word' id='word_1_867' title='bbox 2083 4601 2405 4668; x_wconf 85' lang='lat' dir='ltr'><strong>Cernitisne,</strong></span> <span class='ocrx_word' id='word_1_868' title='bbox 2429 4601 2674 4667; x_wconf 83' lang='lat' dir='ltr'><strong>obsecro,</strong></span> <span class='ocrx_word' id='word_1_869' title='bbox 2703 4617 2734 4655; x_wconf 68' lang='grc' dir='ltr'>ει</span> <span class='ocrx_word' id='word_1_870' title='bbox 2765 4603 2919 4656; x_wconf 82' lang='lat' dir='ltr'><strong>Patre</strong></span> <span class='ocrx_word' id='word_1_871' title='bbox 2941 4602 3196 4655; x_wconf 87' lang='lat' dir='ltr'><strong>luminum</strong></span> <span class='ocrx_word' id='word_1_872' title='bbox 3224 4602 3481 4670; x_wconf 82' lang='lat' dir='ltr'><strong>sapientia</strong></span> <span class='ocrx_word' id='word_1_873' title='bbox 3511 4615 3674 4670; x_wconf 87' lang='lat' dir='ltr'><strong>quam</strong></span> 
     </span>
    </p>
   </div>
   <div class='ocr_carea' id='block_1_111' title="bbox 2085 4692 3681 4762">
    <p class='ocr_par' dir='ltr' id='par_1_111' title="bbox 2085 4692 3681 4762">
     <span class='ocr_line' id='line_1_111' title="bbox 2085 4692 3681 4762; baseline -0.001 -13"><span class='ocrx_word' id='word_1_874' title='bbox 2085 4693 2268 4749; x_wconf 87' lang='lat' dir='ltr'><strong>multis</strong></span> <span class='ocrx_word' id='word_1_875' title='bbox 2305 4702 2361 4748; x_wconf 90' lang='lat' dir='ltr'><strong>et</strong></span> <span class='ocrx_word' id='word_1_876' title='bbox 2403 4695 2608 4762; x_wconf 83' lang='lat' dir='ltr'><strong>magnis</strong></span> <span class='ocrx_word' id='word_1_877' title='bbox 2658 4693 2810 4748; x_wconf 89' lang='lat' dir='ltr'><strong>bonis</strong></span> <span class='ocrx_word' id='word_1_878' title='bbox 2851 4693 3044 4748; x_wconf 76' lang='lat' dir='ltr'><strong>retenta</strong></span> <span class='ocrx_word' id='word_1_879' title='bbox 3069 4692 3090 4724; x_wconf 86' lang='grc'><strong><em>³</em></strong></span> <span class='ocrx_word' id='word_1_880' title='bbox 3143 4692 3464 4748; x_wconf 80' lang='lat' dir='ltr'><strong>descendat?</strong></span> <span class='ocrx_word' id='word_1_881' title='bbox 3517 4692 3681 4747; x_wconf 79' lang='grc' dir='ltr'>οιιηιο</span> 
     </span>
    </p>
   </div>
   <div class='ocr_carea' id='block_1_112' title="bbox 2085 4782 3678 4855">
    <p class='ocr_par' dir='ltr' id='par_1_112' title="bbox 2085 4782 3678 4855">
     <span class='ocr_line' id='line_1_112' title="bbox 2085 4782 3678 4855; baseline -0.004 -15"><span class='ocrx_word' id='word_1_882' title='bbox 2085 4785 2280 4855; x_wconf 88' lang='lat' dir='ltr'><strong>quippe</strong></span> <span class='ocrx_word' id='word_1_883' title='bbox 2323 4783 2498 4838; x_wconf 80' lang='lat' dir='ltr'><strong>datum</strong></span> <span class='ocrx_word' id='word_1_884' title='bbox 2537 4784 2806 4854; x_wconf 75' lang='lat' dir='ltr'><strong>optimum,</strong></span> <span class='ocrx_word' id='word_1_885' title='bbox 2851 4784 2988 4837; x_wconf 86' lang='lat' dir='ltr'><strong>sicut</strong></span> <span class='ocrx_word' id='word_1_886' title='bbox 3039 4782 3178 4836; x_wconf 86' lang='lat' dir='ltr'><strong>idem</strong></span> <span class='ocrx_word' id='word_1_887' title='bbox 3231 4782 3383 4848; x_wconf 86' lang='lat' dir='ltr'><strong>dicit,</strong></span> <span class='ocrx_word' id='word_1_888' title='bbox 3422 4791 3468 4836; x_wconf 83' lang='lat' dir='ltr'><strong>et</strong></span> <span class='ocrx_word' id='word_1_889' title='bbox 3531 4799 3678 4836; x_wconf 82' lang='lat' dir='ltr'><strong>omne</strong></span> 
     </span>
    </p>
   </div>
   <div class='ocr_carea' id='block_1_113' title="bbox 2085 4873 3682 4944">
    <p class='ocr_par' dir='ltr' id='par_1_113' title="bbox 2085 4873 3682 4944">
     <span class='ocr_line' id='line_1_113' title="bbox 2085 4873 3682 4944; baseline -0.003 -14"><span class='ocrx_word' id='word_1_890' title='bbox 2085 4877 2274 4930; x_wconf 80' lang='lat' dir='ltr'><strong>donum</strong></span> <span class='ocrx_word' id='word_1_891' title='bbox 2319 4875 2593 4944; x_wconf 78' lang='lat' dir='ltr'><strong>perfectum</strong></span> <span class='ocrx_word' id='word_1_892' title='bbox 2639 4875 2903 4929; x_wconf 82' lang='lat' dir='ltr'><strong>desursum</strong></span> <span class='ocrx_word' id='word_1_893' title='bbox 2927 4882 3028 4939; x_wconf 82' lang='lat' dir='ltr'><strong>est,</strong></span> <span class='ocrx_word' id='word_1_894' title='bbox 3087 4873 3390 4928; x_wconf 82' lang='lat' dir='ltr'><strong>descendens</strong></span> <span class='ocrx_word' id='word_1_895' title='bbox 3442 4891 3474 4927; x_wconf 76' lang='grc' dir='ltr'><strong>ιι</strong></span> <span class='ocrx_word' id='word_1_896' title='bbox 3525 4873 3682 4928; x_wconf 64' lang='lat' dir='ltr'><strong>Patre</strong></span> 
     </span>
    </p>
   </div>
   <div class='ocr_carea' id='block_1_114' title="bbox 2088 4963 3680 5038">
    <p class='ocr_par' dir='ltr' id='par_1_114' title="bbox 2088 4963 3680 5038">
     <span class='ocr_line' id='line_1_114' title="bbox 2088 4963 3680 5038; baseline -0.003 -17"><span class='ocrx_word' id='word_1_897' title='bbox 2088 4967 2337 5021; x_wconf 85' lang='lat' dir='ltr'><strong>luminum</strong></span> <span class='ocrx_word' id='word_1_898' title='bbox 2387 4965 2495 5038; x_wconf 78' lang='lat' dir='ltr'><strong>(Id.</strong></span> <span class='ocrx_word' id='word_1_899' title='bbox 2521 4983 2560 5028; x_wconf 84' lang='grc' dir='ltr'>ι.</span> <span class='ocrx_word' id='word_1_900' title='bbox 2587 4963 2698 5034; x_wconf 81' lang='lat' dir='ltr'><strong>i7).</strong></span> <span class='ocrx_word' id='word_1_901' title='bbox 2729 4965 2836 5020; x_wconf 86' lang='lat' dir='ltr'><strong>Cur</strong></span> <span class='ocrx_word' id='word_1_902' title='bbox 2877 4982 3026 5034; x_wconf 77' lang='lat' dir='ltr'><strong>ergo,</strong></span> <span class='ocrx_word' id='word_1_903' title='bbox 3073 4975 3129 5020; x_wconf 88' lang='lat' dir='ltr'><strong>ut</strong></span> <span class='ocrx_word' id='word_1_904' title='bbox 3167 4967 3412 5021; x_wconf 89' lang='lat' dir='ltr'><strong>omittam</strong></span> <span class='ocrx_word' id='word_1_905' title='bbox 3461 4977 3680 5032; x_wconf 68' lang='lat' dir='ltr'><strong>auem,</strong></span> 
     </span>
    </p>
   </div>
   <div class='ocr_carea' id='block_1_115' title="bbox 2087 5057 3681 5126">
    <p class='ocr_par' dir='ltr' id='par_1_115' title="bbox 2087 5057 3681 5126">
     <span class='ocr_line' id='line_1_115' title="bbox 2087 5057 3681 5126; baseline 0.001 -15"><span class='ocrx_word' id='word_1_906' title='bbox 2087 5057 2406 5126; x_wconf 86' lang='lat' dir='ltr'><strong>corripimus</strong></span> <span class='ocrx_word' id='word_1_907' title='bbox 2453 5057 2751 5123; x_wconf 86' lang='lat' dir='ltr'><strong>impudicos</strong></span> <span class='ocrx_word' id='word_1_908' title='bbox 2779 5065 2832 5110; x_wconf 86' lang='lat' dir='ltr'><strong>et</strong></span> <span class='ocrx_word' id='word_1_909' title='bbox 2861 5057 3248 5120; x_wconf 83' lang='lat' dir='ltr'><strong>centetttiosos,</strong></span> <span class='ocrx_word' id='word_1_910' title='bbox 3271 5057 3466 5126; x_wconf 87' lang='lat' dir='ltr'><strong>quibus</strong></span> <span class='ocrx_word' id='word_1_911' title='bbox 3501 5067 3681 5112; x_wconf 76' lang='lat' dir='ltr'><strong>tamen</strong></span> 
     </span>
    </p>
   </div>
   <div class='ocr_carea' id='block_1_116' title="bbox 2089 5148 3679 5219">
    <p class='ocr_par' dir='ltr' id='par_1_116' title="bbox 2089 5148 3679 5219">
     <span class='ocr_line' id='line_1_116' title="bbox 2089 5148 3679 5219; baseline 0.001 -17"><span class='ocrx_word' id='word_1_912' title='bbox 2089 5148 2442 5219; x_wconf 71' lang='lat' dir='ltr'><strong>przrdicamus</strong></span> <span class='ocrx_word' id='word_1_913' title='bbox 2487 5148 2684 5202; x_wconf 86' lang='lat' dir='ltr'><strong>donum</strong></span> <span class='ocrx_word' id='word_1_914' title='bbox 2727 5148 2818 5202; x_wconf 86' lang='lat' dir='ltr'><strong>Dei</strong></span> <span class='ocrx_word' id='word_1_915' title='bbox 2871 5163 2992 5203; x_wconf 88' lang='lat' dir='ltr'><strong>esse</strong></span> <span class='ocrx_word' id='word_1_916' title='bbox 3043 5149 3380 5218; x_wconf 82' lang='lat' dir='ltr'><strong>sapientium,</strong></span> <span class='ocrx_word' id='word_1_917' title='bbox 3411 5149 3679 5218; x_wconf 86' lang='lat' dir='ltr'><strong>pudicam,</strong></span> 
     </span>
    </p>
   </div>
   <div class='ocr_carea' id='block_1_117' title="bbox 2088 5239 3680 5310">
    <p class='ocr_par' dir='ltr' id='par_1_117' title="bbox 2088 5239 3680 5310">
     <span class='ocr_line' id='line_1_117' title="bbox 2088 5239 3680 5310; baseline 0.003 -16"><span class='ocrx_word' id='word_1_918' title='bbox 2088 5249 2246 5310; x_wconf 88' lang='lat' dir='ltr'><strong>atque</strong></span> <span class='ocrx_word' id='word_1_919' title='bbox 2271 5241 2578 5308; x_wconf 73' lang='lat' dir='ltr'><strong>paciﬁcum;</strong></span> <span class='ocrx_word' id='word_1_920' title='bbox 2609 5255 2708 5294; x_wconf 88' lang='lat' dir='ltr'><strong>nec</strong></span> <span class='ocrx_word' id='word_1_921' title='bbox 2737 5239 2986 5294; x_wconf 88' lang='lat' dir='ltr'><strong>timemus</strong></span> <span class='ocrx_word' id='word_1_922' title='bbox 3019 5256 3087 5295; x_wconf 88' lang='lat' dir='ltr'><strong>ne</strong></span> <span class='ocrx_word' id='word_1_923' title='bbox 3112 5241 3334 5310; x_wconf 87' lang='lat' dir='ltr'><strong>permoti</strong></span> <span class='ocrx_word' id='word_1_924' title='bbox 3365 5243 3560 5296; x_wconf 74' lang='lat' dir='ltr'><strong>dirime</strong></span> <span class='ocrx_word' id='word_1_925' title='bbox 3581 5260 3680 5298; x_wconf 85' lang='lat' dir='ltr'><strong>vo-</strong></span> 
     </span>
    </p>
   </div>
   <div class='ocr_carea' id='block_1_118' title="bbox 2091 5333 3682 5414">
    <p class='ocr_par' dir='ltr' id='par_1_118' title="bbox 2091 5333 3682 5414">
     <span class='ocr_line' id='line_1_118' title="bbox 2091 5333 3682 5414; baseline 0 -26"><span class='ocrx_word' id='word_1_926' title='bbox 2091 5333 2311 5388; x_wconf 84' lang='lat' dir='ltr'><strong>luntatis</strong></span> <span class='ocrx_word' id='word_1_927' title='bbox 2357 5333 2581 5394; x_wconf 86' lang='lat' dir='ltr'><strong>incerto,</strong></span> <span class='ocrx_word' id='word_1_928' title='bbox 2616 5333 2732 5401; x_wconf 91' lang='lat' dir='ltr'><strong>plus</strong></span> <span class='ocrx_word' id='word_1_929' title='bbox 2773 5333 2825 5386; x_wconf 90' lang='lat' dir='ltr'><strong>in</strong></span> <span class='ocrx_word' id='word_1_930' title='bbox 2867 5333 2966 5388; x_wconf 88' lang='lat' dir='ltr'><strong>hac</strong></span> <span class='ocrx_word' id='word_1_931' title='bbox 3011 5333 3388 5414; x_wconf 70' lang='lat' dir='ltr'><strong>prmdicatioqe</strong></span> <span class='ocrx_word' id='word_1_932' title='bbox 3426 5335 3682 5407; x_wconf 73' lang='lat' dir='ltr'><strong>dcspera~</strong></span> 
     </span>
    </p>
   </div>
   <div class='ocr_carea' id='block_1_119' title="bbox 2091 5421 3682 5494">
    <p class='ocr_par' dir='ltr' id='par_1_119' title="bbox 2091 5421 3682 5494">
     <span class='ocr_line' id='line_1_119' title="bbox 2091 5421 3682 5494; baseline 0.001 -15"><span class='ocrx_word' id='word_1_933' title='bbox 2091 5425 2251 5479; x_wconf 86' lang='lat' dir='ltr'><strong>tionis</strong></span> <span class='ocrx_word' id='word_1_934' title='bbox 2279 5439 2437 5493; x_wconf 87' lang='lat' dir='ltr'><strong>quam</strong></span> <span class='ocrx_word' id='word_1_935' title='bbox 2463 5421 2849 5478; x_wconf 69' lang='lat' dir='ltr'><strong>exhortationis</strong></span> <span class='ocrx_word' id='word_1_936' title='bbox 2879 5423 3184 5489; x_wconf 88' lang='lat' dir='ltr'><strong>inveniant;</strong></span> <span class='ocrx_word' id='word_1_937' title='bbox 3213 5440 3313 5480; x_wconf 85' lang='lat' dir='ltr'><strong>nec</strong></span> <span class='ocrx_word' id='word_1_938' title='bbox 3329 5428 3682 5494; x_wconf 83' lang='lat' dir='ltr'><strong>correptionis</strong></span> 
     </span>
    </p>
   </div>
   <div class='ocr_carea' id='block_1_120' title="bbox 2156 5533 3183 5606">
    <p class='ocr_par' dir='ltr' id='par_1_120' title="bbox 2156 5533 3183 5606">
     <span class='ocr_line' id='line_1_120' title="bbox 2156 5533 3183 5606; baseline 0.001 -24"><span class='ocrx_word' id='word_1_939' title='bbox 2156 5535 2174 5606; x_wconf 64' lang='grc' dir='ltr'><strong>ξ</strong></span> <span class='ocrx_word' id='word_1_940' title='bbox 2209 5533 2346 5606; x_wconf 68' lang='lat' dir='ltr'><strong>§diti,</strong></span> <span class='ocrx_word' id='word_1_941' title='bbox 2364 5533 2534 5606; x_wconf 71' lang='lat' dir='ltr'><strong>futura</strong></span> <span class='ocrx_word' id='word_1_942' title='bbox 2551 5545 2673 5606; x_wconf 73' lang='lat' dir='ltr'><strong>esse.</strong></span> <span class='ocrx_word' id='word_1_943' title='bbox 2698 5534 2860 5606; x_wconf 72' lang='lat' dir='ltr'><strong>Abest,</strong></span> <span class='ocrx_word' id='word_1_944' title='bbox 2882 5547 3001 5606; x_wconf 60' lang='lat' dir='ltr'><strong>esse,</strong></span> <span class='ocrx_word' id='word_1_945' title='bbox 3021 5547 3055 5584; x_wconf 88' lang='lat' dir='ltr'><strong>a</strong></span> <span class='ocrx_word' id='word_1_946' title='bbox 3079 5544 3183 5606; x_wconf 59' lang='grc' dir='ltr'><strong>λιες.</strong></span> 
     </span>
    </p>
   </div>
   <div class='ocr_carea' id='block_1_121' title="bbox 2155 5594 3682 5662">
    <p class='ocr_par' dir='ltr' id='par_1_121' title="bbox 2155 5594 3682 5662">
     <span class='ocr_line' id='line_1_121' title="bbox 2155 5594 3682 5662; baseline 0.005 -20"><span class='ocrx_word' id='word_1_947' title='bbox 2155 5597 2174 5626; x_wconf 77' lang='grc'>¹</span> <span class='ocrx_word' id='word_1_948' title='bbox 2207 5594 2514 5662; x_wconf 75' lang='lat' dir='ltr'><strong>corbeiensis</strong></span> <span class='ocrx_word' id='word_1_949' title='bbox 2551 5603 2650 5662; x_wconf 53' lang='lat' dir='ltr'><strong>iis,</strong></span> <span class='ocrx_word' id='word_1_950' title='bbox 2685 5594 3020 5662; x_wconf 67' lang='lat' dir='ltr'><strong>misericordia</strong></span> <span class='ocrx_word' id='word_1_951' title='bbox 3061 5603 3108 5648; x_wconf 89' lang='lat' dir='ltr'><strong>et</strong></span> <span class='ocrx_word' id='word_1_952' title='bbox 3146 5594 3368 5662; x_wconf 76' lang='lat' dir='ltr'><strong>operibus</strong></span> <span class='ocrx_word' id='word_1_953' title='bbox 3413 5597 3561 5648; x_wconf 82' lang='lat' dir='ltr'><strong>bonis.</strong></span> <span class='ocrx_word' id='word_1_954' title='bbox 3589 5607 3682 5650; x_wconf 73' lang='lat' dir='ltr'><strong>.m-</strong></span> 
     </span>
    </p>
   </div>
   <div class='ocr_carea' id='block_1_122' title="bbox 2091 5655 3044 5716">
    <p class='ocr_par' dir='ltr' id='par_1_122' title="bbox 2091 5655 3044 5716">
     <span class='ocr_line' id='line_1_122' title="bbox 2091 5655 3044 5716; baseline -0.001 -9"><span class='ocrx_word' id='word_1_955' title='bbox 2091 5658 2320 5716; x_wconf 84' lang='lat' dir='ltr'><strong>nuscripti</strong></span> <span class='ocrx_word' id='word_1_956' title='bbox 2341 5655 2420 5706; x_wconf 85' lang='lat' dir='ltr'><strong>alii</strong></span> <span class='ocrx_word' id='word_1_957' title='bbox 2446 5665 2497 5705; x_wconf 87' lang='lat' dir='ltr'><strong>et</strong></span> <span class='ocrx_word' id='word_1_958' title='bbox 2516 5656 2658 5716; x_wconf 88' lang='lat' dir='ltr'><strong>editi,</strong></span> <span class='ocrx_word' id='word_1_959' title='bbox 2681 5655 3044 5708; x_wconf 61' lang='lat' dir='ltr'><strong>niisrricorditc.</strong></span> 
     </span>
    </p>
   </div>
   <div class='ocr_carea' id='block_1_123' title="bbox 2156 5719 3560 5782">
    <p class='ocr_par' dir='ltr' id='par_1_123' title="bbox 2156 5719 3560 5782">
     <span class='ocr_line' id='line_1_123' title="bbox 2156 5719 3560 5782; baseline -0.001 -16"><span class='ocrx_word' id='word_1_960' title='bbox 2156 5722 2176 5782; x_wconf 57' lang='grc' dir='ltr'>ξ</span> <span class='ocrx_word' id='word_1_961' title='bbox 2210 5719 2273 5782; x_wconf 67' lang='lat' dir='ltr'><strong>ad</strong></span> <span class='ocrx_word' id='word_1_962' title='bbox 2297 5719 2564 5782; x_wconf 78' lang='lat' dir='ltr'><strong>marginem</strong></span> <span class='ocrx_word' id='word_1_963' title='bbox 2577 5721 2852 5782; x_wconf 75' lang='lat' dir='ltr'><strong>_Erasntiaua</strong></span> <span class='ocrx_word' id='word_1_964' title='bbox 2877 5720 3024 5782; x_wconf 79' lang='lat' dir='ltr'><strong>editio</strong></span> <span class='ocrx_word' id='word_1_965' title='bbox 3051 5719 3214 5772; x_wconf 84' lang='lat' dir='ltr'><strong>habet.</strong></span> <span class='ocrx_word' id='word_1_966' title='bbox 3239 5737 3260 5764; x_wconf 75' lang='grc' dir='ltr'><strong>α</strong></span> <span class='ocrx_word' id='word_1_967' title='bbox 3282 5727 3356 5782; x_wconf 65' lang='lat' dir='ltr'><strong>at.</strong></span> <span class='ocrx_word' id='word_1_968' title='bbox 3380 5719 3516 5782; x_wconf 71' lang='lat' dir='ltr'><strong>Illita.</strong></span> <span class='ocrx_word' id='word_1_969' title='bbox 3538 5737 3560 5764; x_wconf 75' lang='grc' dir='ltr'><strong>ι</strong></span> 
     </span>
    </p>
   </div>
   <div class='ocr_carea' id='block_1_124' title="bbox 2159 5779 3682 5892">
    <p class='ocr_par' dir='ltr' id='par_1_124' title="bbox 2159 5779 3682 5892">
     <span class='ocr_line' id='line_1_124' title="bbox 2159 5779 3682 5892; baseline -0.006 -51"><span class='ocrx_word' id='word_1_970' title='bbox 2159 5781 2229 5892; x_wconf 56' lang='lat' dir='ltr'><strong>{fil</strong></span> <span class='ocrx_word' id='word_1_971' title='bbox 2251 5779 2512 5892; x_wconf 43' lang='lat' dir='ltr'><strong>furtiua:</strong></span> <span class='ocrx_word' id='word_1_972' title='bbox 2537 5779 2641 5842; x_wconf 81' lang='lat' dir='ltr'><strong>plus</strong></span> <span class='ocrx_word' id='word_1_973' title='bbox 2660 5780 3004 5852; x_wconf 67' lang='lat' dir='ltr'><strong>desperationis</strong></span> <span class='ocrx_word' id='word_1_974' title='bbox 3043 5795 3184 5846; x_wconf 75' lang='lat' dir='ltr'><strong>quam</strong></span> <span class='ocrx_word' id='word_1_975' title='bbox 3207 5779 3576 5854; x_wconf 68' lang='lat' dir='ltr'><strong>exhortationis,</strong></span> <span class='ocrx_word' id='word_1_976' title='bbox 3613 5780 3682 5832; x_wconf 75' lang='lat' dir='ltr'><strong>si-</strong></span> 
     </span>
     <span class='ocr_line' id='line_1_125' title="bbox 2197 5857 2512 5892; baseline -0.006 0"><span class='ocrx_word' id='word_1_977' title='bbox 2197 5857 2332 5892; x_wconf 75' lang='lat' dir='ltr'><strong>mra.</strong></span> <span class='ocrx_word' id='word_1_978' title='bbox 2358 5857 2408 5892; x_wconf 80' lang='grc' dir='ltr'><strong>τι.</strong></span> <span class='ocrx_word' id='word_1_979' title='bbox 2501 5878 2512 5890; x_wconf 96' lang='grc'><strong><em>.</em></strong></span> 
     </span>
    </p>
   </div>
   <div class='ocr_carea' id='block_1_125' title="bbox 2097 5853 2512 5904">
    <p class='ocr_par' dir='ltr' id='par_1_125' title="bbox 2097 5853 2512 5904">
     <span class='ocr_line' id='line_1_126' title="bbox 2097 5853 2512 5904; baseline -0.005 -11"><span class='ocrx_word' id='word_1_980' title='bbox 2097 5853 2177 5893; x_wconf 89' lang='lat' dir='ltr'><strong>cut</strong></span> <span class='ocrx_word' id='word_1_981' title='bbox 2197 5853 2332 5904; x_wconf 76' lang='lat' dir='ltr'><strong>iura,</strong></span> <span class='ocrx_word' id='word_1_982' title='bbox 2358 5857 2408 5892; x_wconf 79' lang='grc' dir='ltr'><strong>τι.</strong></span> <span class='ocrx_word' id='word_1_983' title='bbox 2441 5853 2464 5892; x_wconf 82' lang='lat' dir='ltr'><strong>t</strong></span> <span class='ocrx_word' id='word_1_984' title='bbox 2477 5853 2512 5892; x_wconf 85' lang='grc' dir='ltr'>ι.</span> 
     </span>
    </p>
   </div>
  </div>
