4118 6516
329 374 453 433 ιοει

318 492 551 548 stimulis
578 489 833 548 adversus
858 502 921 547 se
964 488 1127 560 ipsos,
1150 487 1248 545 sed
1294 488 1473 559 potius
1506 488 1766 544 adversus
1808 503 1907 545 nos

317 587 645 654 excitentur,
671 585 795 656 quia
834 598 930 639 eos
968 582 1288 652 corripimus
1327 580 1442 636 haec
1480 596 1586 637 non
1625 581 1906 648 habentes,

316 693 438 747 qua:
464 676 565 748 ipsi
590 675 816 732 dicimus
847 689 953 731 non
984 672 1213 728 humana
1237 672 1507 728 voluntate
1533 672 1783 742 proferri,
1812 671 1908 728 sed

316 768 493 823 divina
519 768 763 839 largitate
778 764 964 821 donari
982 764 1007 818 τ
1028 762 1138 819 Cur
1157 763 1391 834 denique
1411 763 1584 833 ipsum
1606 763 1909 833 apostolum

315 860 572 916 Jacobum
596 858 754 928 hujus
768 856 953 928 gratim
979 854 1284 926 praedicatio
1312 870 1419 909 non
1449 854 1713 910 deterruit
1734 854 1910 909 corri-

318 967 446 1020 pere
485 950 768 1021 inquietos,
800 956 855 1003 et
882 948 1080 1014 dicere,
1114 946 1177 1002 Si
1216 946 1381 1000 selum
1417 962 1651 1000 uiarum
1680 946 1906 1010 habetis,

313 1052 360 1096 et
385 1041 729 1095 contentiones
757 1048 874 1094 sunt
915 1039 969 1092 in
1001 1036 1239 1092 cordibus
1276 1037 1472 1102 vestris,
1501 1035 1660 1091 nolite
1699 1036 1911 1108 gloriari

313 1142 360 1186 ct
390 1133 654 1187 mendaces
700 1147 808 1187 esse
843 1131 1083 1186 adversus
1123 1130 1377 1184 ceritatem
1400 1145 1419 1184 :
1438 1146 1541 1184 non
1575 1140 1651 1185 est
1682 1130 1783 1184 ista
1818 1147 1907 1186 sa-

313 1223 505 1291 pientia
547 1222 815 1276 desursum
867 1220 1328 1286 descendens;'sed
1378 1231 1593 1285 terrena,
1646 1221 1905 1286 animalis,

311 1313 563 1369 diabolica
591 1328 611 1369 :
640 1313 726 1367 ubi
754 1313 887 1367 enim
904 1314 1041 1367 zelus
1065 1323 1112 1366 et
1133 1312 1409 1377 contentio,
1441 1310 1510 1365 ibi
1538 1311 1901 1379 inconstantia,

309 1415 356 1459 et
378 1421 529 1461 ontne
550 1421 679 1476 opus
704 1420 915 1476 pravum
962 1403 1168 1475 (Jacobi
1197 1419 1272 1468 nt,
1304 1402 1543 1475 14-16)?
1588 1402 1737 1459 Sicut
1780 1420 1911 1475 ergo

309 1495 629 1567 corripiendi
658 1504 782 1551 sunt
809 1495 1052 1566 inquieti,
1103 1503 1158 1551 et
1181 1494 1375 1549 divinis
1402 1494 1631 1565 eloquiis
1652 1495 1902 1563 testibus,

308 1596 365 1642 et
394 1588 524 1658 ipsis
545 1602 681 1659 quos
702 1589 980 1644 nobiscum
1016 1587 1103 1644 isti
1124 1602 1438 1643 communes
1463 1587 1666 1645 habent
1698 1587 1909 1643 actibus

310 1679 550 1746 nostris;
579 1694 754 1751 neque
786 1679 925 1735 hanc
952 1678 1180 1749 impedit
1206 1678 1624 1749 correptionem,
1655 1678 1799 1749 quod
1820 1693 1909 1733 sa-

309 1770 565 1841 pientiam
591 1770 894 1842 paciﬁcam,
921 1786 1027 1842 qua
1048 1769 1364 1827 contentiosi
1386 1770 1728 1841 corrigantur
1749 1778 1909 1841 atque

309 1871 590 1928 sanantur,
606 1861 805 1918 donum
829 1862 924 1917 Dei
940 1876 1060 1918 esse
1078 1860 1429 1932 prmdicamus
1454 1878 1469 1916 :
1490 1862 1562 1916 ita
1584 1861 1908 1932 corripiendi

310 1961 439 2009 sunt
482 1953 745 2020 inﬁdeles,
776 1954 859 2009 vel
888 1953 943 2008 in
970 1951 1074 2008 ﬁde
1117 1968 1222 2008 non
1251 1961 1647 2023 permanentes,
1672 1968 1782 2008 non
1804 1952 1906 2007 im-

311 2044 563 2115 pediente
614 2044 773 2100 istam
837 2044 1231 2114 surreptionem
1296 2042 1679 2114 praedicatione
1722 2043 1910 2114 gratia:

310 2136 427 2203 Dei,
468 2151 588 2207 qua:
625 2135 784 2190 ﬁdem
827 2147 1041 2205 quoque
1081 2133 1253 2204 ipsam
1296 2144 1352 2189 et
1395 2137 1452 2188 tn
1476 2146 1539 2189 ea
1577 2134 1909 2204 permansio-

310 2242 434 2282 nom
452 2226 596 2281 dona
627 2226 723 2281 Dei
744 2240 868 2283 esse
890 2225 1255 2281 commendat.
1288 2223 1424 2291 Quia
1448 2224 1548 2280 etsi
1576 2238 1641 2279 ex
1673 2223 1779 2279 ﬁde
1808 2227 1910 2280 im-

307 2328 550 2393 petratur
591 2318 878 2390 sapientia,
906 2317 1046 2373 sicut
1090 2317 1205 2388 ipse
1230 2314 1468 2372 Iacobus
1490 2329 1613 2371 eum
1661 2315 1906 2383 dixisset,

308 2410 371 2465 Si
396 2411 509 2482 quis
548 2419 772 2464 vestrum
808 2409 999 2480 indiget
1049 2408 1323 2480 sapientia,
1354 2407 1571 2478 postulet
1599 2424 1632 2461 a
1652 2405 1784 2473 Deo,
1820 2408 1908 2478 qui

304 2502 396 2556 dus
433 2502 664 2558 omnibus
698 2501 975 2573 aﬂlueater,
1003 2511 1050 2555 et
1070 2516 1189 2555 .non
1229 2500 1561 2571 improperat,
1600 2508 1650 2553 et
1690 2498 1892 2553 dabitur

280 2592 281 2595 “
304 2587 353 2641 ci
369 2604 389 2652 ;
417 2603 541 2642 mox
567 2585 792 2651 addidit,
822 2584 1052 2643 Postulat
1077 2592 1250 2639 autem
1277 2584 1331 2638 in
1360 2583 1483 2654 fide,
1505 2583 1635 2638 nihil
1662 2584 1905 2639 limitum

308 2678 418 2748 (Id.
454 2693 471 2733 ι
496 2718 512 2743 ,
540 2678 595 2744 5,
627 2676 682 2749 6)
711 2696 725 2733 :
758 2692 864 2732 non
891 2686 1066 2732 tamen
1091 2676 1345 2747 quondam
1370 2674 1505 2732 ﬁdes
1544 2675 1703 2730 datur
1728 2675 1903 2745 prius-

307 2784 470 2839 quam
498 2770 797 2839 postuletur
825 2769 893 2823 ab
922 2768 1014 2824 illo
1056 2768 1143 2824 cui
1172 2767 1364 2834 datur,
1407 2767 1531 2824 ideo
1573 2767 1797 2823 dicenda
1823 2776 1909 2823 est

307 2879 415 2918 non
445 2878 566 2920 esse
584 2863 784 2918 donum
811 2861 906 2917 Dei
929 2902 947 2927 ,
976 2860 1073 2917 sed
1098 2874 1220 2917 esse
1241 2875 1275 2915 a
1301 2860 1454 2916 nobis
1476 2901 1493 2926 ,
1520 2860 1642 2931 quia
1672 2859 1794 2915 data
1820 2868 1910 2916 est

309 2955 484 3021 nobis,
508 2969 613 3010 non
641 2954 948 3027 petentibus
973 2952 1146 3008 nobis.
1174 2953 1464 3022 Apostolus
1502 2953 1645 3008 enim
1674 2953 1905 3023 apertis-

309 3047 444 3103 sime
476 3047 605 3103 dicit
633 3064 650 3102 :
681 3044 801 3101 Pax
846 3044 1087 3118 fratribus
1124 3053 1169 3098 et
1206 3045 1429 3099 charitas
1454 3061 1571 3098 cum
1610 3044 1770 3112 βάρεα
1796 3043 1906 3099 Dee

312 3138 467 3193 Patre
490 3147 537 3194 et
573 3137 793 3193 Domino
816 3135 944 3192 Iesu
972 3135 1175 3192 Christo
1215 3134 1430 3207 (Ephes.
1459 3152 1513 3191 vl
1533 3178 1550 3203 ,
1576 3135 1693 3209 25).
1721 3138 1767 3191 Α
1794 3151 1903 3207 quo

307 3246 438 3303 ergo
490 3246 590 3301 pax
642 3239 698 3287 et
747 3230 1017 3297 charitas,
1061 3228 1251 3284 abillo
1287 3238 1371 3285 est
1413 3236 1467 3284 et
1494 3228 1650 3296 ﬁdes,
1685 3238 1907 3299 propter

308 3322 448 3394 quod
460 3324 531 3380 ab
560 3322 651 3379 illo
671 3337 787 3379 eam
816 3338 922 3378 non
947 3320 1118 3376 solum
1144 3319 1328 3391 augeri
1358 3319 1696 3387 habentibus,
1719 3335 1903 3376 verum

228 3481 239 3485 ,
306 3415 468 3470 etiam
498 3429 604 3469 non
629 3411 947 3469 habentibus
977 3411 1249 3481 poscimus
1270 3409 1411 3467 dari.

374 3507 467 3579 45.
495 3506 680 3577 Neque
731 3505 853 3570 isti,
882 3511 1105 3575 propter
1149 3517 1286 3574 quos
1328 3503 1446 3558 haec
1496 3501 1722 3558 dicimus.
1750 3543 1765 3567 ,
1807 3501 1900 3572 qui

308 3588 687 3669 prmdicatione
732 3594 1215 3666 pnedestinationis
1255 3600 1310 3648 et
1334 3593 1522 3664 gratim
1570 3591 1903 3648 exhortatio-

309 3705 433 3744 nem
460 3687 731 3743 domitant
755 3684 1101 3755 impediri,ad
1123 3684 1236 3740 sola
1255 3683 1347 3739 illa
1368 3681 1718 3738 exhortantur
1735 3681 1898 3750 dona,

307 3794 428 3850 qua:
469 3793 577 3834 non
605 3792 636 3833 a
682 3777 793 3833 Deo
817 3776 974 3840 dari,
1002 3774 1093 3831 sed
1123 3790 1156 3829 a
1180 3773 1335 3830 nobis
1368 3786 1490 3829 esse
1534 3771 1898 3839 contendunt,

305 3875 444 3930 sicut
467 3882 593 3929 sunt
630 3872 835 3928 initium
866 3870 1023 3936 ﬁdei,
1047 3878 1104 3926 et
1136 3870 1274 3927 inea
1304 3882 1474 3938 usque
1502 3883 1555 3923 tn
1584 3868 1745 3923 ﬁnem
1774 3881 1902 3937 per-

306 3964 604 4022 severantia
638 3981 652 4018 :
679 3962 820 4035 quod
844 3962 1026 4033 utique
1052 3960 1232 4017 facere
1254 3959 1518 4016 deberent
1548 3999 1564 4025 ,
1588 3967 1647 4014 ut
1671 3967 1904 4015 tantum-

307 4056 468 4112 modo
495 4055 735 4112 inﬁdeles
762 4054 1106 4110 hortarentur
1130 4060 1191 4109 ut
1217 4050 1519 4119 crederent,
1550 4059 1606 4107 et
1628 4050 1814 4107 ﬁdeles
1844 4058 1905 4105 ut

307 4147 529 4203 credere
559 4147 576 4180 ³
603 4152 999 4218 permanerent.
1025 4143 1103 4199 Ea
1148 4158 1278 4198 vero
1323 4156 1446 4214 qua:
1485 4143 1762 4198 nobiscum
1804 4141 1903 4198 Dei

306 4240 447 4296 dona
471 4254 594 4297 esse
638 4254 744 4295 non
775 4246 1002 4309 negant,
1035 4245 1095 4294 ut
1134 4225 1411 4293 nobiscum
1438 4235 1781 4307 Pelagianam
1806 4236 1906 4293 de-

309 4334 597 4396 moliantnr
640 4347 881 4389 errorem
904 4371 920 4398 ,
948 4331 1087 4387 sicut
1115 4338 1200 4387 est
1221 4328 1473 4400 pudicitia
1492 4371 1510 4397 ,
1534 4329 1862 4386 continentia
1884 4369 1900 4395 ,

308 4424 561 4496 patientia
582 4466 599 4489 ,
630 4432 684 4480 et
716 4431 918 4480 castora
946 4422 1139 4493 quibus
1176 4430 1322 4479 recte
1350 4421 1545 4478 vivitur
1563 4461 1579 4489 ,
1608 4428 1665 4477 et
1692 4436 1760 4476 ex
1800 4420 1905 4477 ﬁde

309 4515 662 4585 impctrantur
687 4529 720 4570 a
766 4512 995 4570 Domino
1021 4554 1038 4580 ,
1069 4511 1272 4567 oranda
1296 4518 1600 4585 monstrare
1642 4519 1697 4566 et
1742 4525 1905 4567 orare

308 4579 481 4662 solum
512 4604 596 4661 vel
620 4603 721 4661 sibi
747 4604 833 4660 vel
860 4603 980 4659 aliis
1005 4579 1339 4668 debuerunt;
1368 4579 1476 4657 non
1503 4609 1680 4657 autem
1706 4614 1901 4671 quem-

309 4714 467 4770 quam
488 4740 504 4765 ,
532 4706 592 4754 ut
626 4713 688 4753 ea
732 4703 1037 4766 capesseret
1066 4703 1122 4750 et
1166 4693 1456 4757 retineret,
1506 4690 1728 4747 hortari.
1767 4689 1903 4747 Cum

310 4804 439 4844 vero
484 4797 538 4844 et
584 4786 653 4843 ad
679 4786 797 4841 haec
837 4783 1221 4848 exhortantur,
1255 4791 1314 4837 ut
1343 4788 1598 4853 possunt,
1628 4791 1789 4851 atque
1812 4796 1905 4836 ex-

312 4879 605 4937 hortandos
632 4894 754 4936 esse
782 4877 1028 4934 homines
1066 4874 1421 4939 conﬁtentur;
1450 4873 1582 4929 satis
1604 4874 1788 4944 utique
1812 4888 1904 4930 os-

313 4972 565 5038 tendunt,
589 4986 688 5027 nec
717 4986 778 5025 ea
804 4967 1178 5041 praedicatione
1204 4963 1449 5035 impediri
1479 4962 1902 5031 exhortationes,

312 5064 425 5118 sive
446 5063 513 5118 ad
535 5063 713 5130 ﬁdem,
735 5064 848 5119 sive
870 5061 938 5117 ad
969 5060 1418 5132 perseverantiam
1446 5074 1616 5129 usque
1636 5057 1691 5112 in
1720 5057 1901 5125 ﬁnem,

313 5154 435 5223 quia
483 5162 539 5210 et
577 5153 678 5209 ista
704 5154 797 5210 Dei
841 5153 980 5210 dona
1007 5167 1129 5210 esse
1147 5194 1163 5218 ,
1191 5165 1293 5209 nec
1332 5166 1364 5207 a
1392 5166 1453 5208 se
1479 5149 1597 5223 ipso
1621 5148 1866 5221 cuiquam
1884 5192 1901 5219 ,

313 5245 407 5301 sed
435 5246 503 5301 ab
530 5245 621 5301 illo
646 5245 804 5301 tribui
832 5246 1201 5316 prmdicamus.

216 5410 221 5419 .
385 5336 475 5397 ιϐ.
515 5339 586 5395 Αι
633 5337 797 5402 enim,
834 5357 854 5391 ι
890 5338 1019 5393 vitio
1047 5353 1146 5394 suo
1195 5337 1422 5410 quisque
1467 5334 1668 5393 deserit
1706 5332 1902 5401 ﬁdem,

313 5448 435 5489 cum
464 5431 605 5487 cedit
647 5430 927 5485 tentationi
966 5439 1127 5502 atque
1169 5431 1465 5497 consentit,
1494 5444 1600 5500 qua
1642 5442 1765 5484 cum
1809 5427 1904 5483 illo

313 5535 487 5595 agitur
513 5534 572 5579 ut
608 5522 822 5579 deserat
863 5520 1040 5577 ﬁdem.
1071 5539 1090 5574 ι
1125 5521 1255 5588 Quis
1285 5522 1483 5593 negat?
1512 5519 1620 5578 Sed
1648 5535 1758 5576 non
1783 5518 1904 5575 ideo

314 5604 538 5671 dicenda
587 5623 670 5670 cst
722 5612 776 5668 in
822 5610 928 5666 ﬁde
971 5614 1361 5681 perseverantia
1406 5627 1515 5667 non
1548 5625 1669 5668 esse
1699 5610 1903 5666 donum

318 5707 431 5766 Dei.
458 5706 607 5773 Hanc
632 5701 774 5761 enim
805 5702 1040 5776 quotidie
1060 5702 1265 5772 poscit,
1288 5702 1376 5774 qni
1405 5701 1568 5772 dicit,
1602 5700 1687 5757 Ne
1706 5718 1796 5757 nos
1824 5703 1903 5756 in-

435 5890 532 5931 Αω.
555 5888 604 5933 et
625 5886 721 5943 Er,
756 5888 809 5931 ut
832 5879 1096 5931 credentes.
1133 5878 1413 5931 h‘oallicnsis
1440 5887 1542 5944 ns,
1566 5886 1613 5932 ut
1637 5878 1841 5933 creduli.

1380 372 1595 429 LIBER.
1624 370 1713 429 DE
1753 369 1938 428 00Χο
1974 368 2591 437 ΡΕΒΒΕΥΕΚΑΝΤΙᾸΞ.

2024 494 2154 563 [ει-(η
2181 493 2234 547 in
2263 495 2581 551 tentationem
2623 494 2836 569 (Matth.
2863 513 2950 567 vr,
2982 500 3070 572 15)
3096 518 3111 568 ;
3139 512 3194 559 et
3231 505 3276 560 si
3303 506 3605 573 exauditur,

2016 582 2156 641 hanc
2206 586 2399 657 accipit
2435 604 2449 642 :
2485 603 2548 644 ac
2599 605 2696 660 per
2732 589 2862 659 hoc,
2907 593 3145 662 quotidie
3185 603 3242 651 ut
3295 611 3608 668 perseveret

2016 684 2229 745 petens,
2262 680 2503 748 proiecto
2529 682 2947 750 perseverantia:
2990 698 3102 740 sua:
3125 699 3277 756 spem
3308 704 3414 745 non
3444 691 3496 746 in
3547 707 3607 748 se

2015 767 2131 837 ipso
2154 808 2171 836 ,
2200 769 2296 826 sed
2343 771 2397 826 in
2426 771 2539 827 Deo
2563 774 2729 842 ponit.
2760 772 2875 846 Ego
2920 783 3099 845 autem
3138 779 3263 834 nolo
3284 795 3607 853 exaggerari:

2015 860 2151 916 meis
2169 860 2347 917 verbis
2369 903 2384 928 ,
2415 864 2510 918 sed
2539 863 2643 919 illis
2663 865 3002 935 cogitandum
3030 868 3205 937 potius
3234 869 3478 942 relinquo
3501 913 3518 938 ,
3547 883 3606 928 ut

2013 945 2231 1005 videant
2280 952 2438 1021 quale
2466 953 2538 1007 sit
2574 954 2716 1024 quod
2760 955 2862 1011 sibi
2908 969 3321 1029 persuaserunt,
3351 979 3374 1014 r
3403 963 3603 1032 przrdi-

2014 1039 2224 1096 catione
2270 1042 2758 1112 prmdestinationis
2804 1048 3144 1105 audientibus
3186 1052 3302 1120 plus
3345 1052 3605 1124 despera-

2017 1132 2174 1189 tionis
2198 1149 2359 1205 quam
2400 1134 2788 1194 exhortationis
2810 1139 3011 1197 aﬁ'erri.
3045 1160 3066 1195 ι
3102 1142 3216 1199 Hoc
3237 1153 3320 1201 est
3341 1145 3485 1201 enim
3525 1146 3611 1200 di-

2013 1237 2159 1289 cere,
2192 1232 2320 1281 tunc
2343 1224 2411 1283 de
2436 1240 2531 1282 sua
2556 1229 2730 1286 salute
2760 1229 3031 1288 hominem
3061 1232 3369 1304 desperare,
3389 1238 3605 1308 quando

2014 1330 2163 1387 spem
2188 1331 2341 1373 suam
2384 1334 2497 1374 non
2522 1320 2574 1375 in
2616 1321 2855 1393 seipse,
2881 1323 2975 1380 sed
2998 1325 3049 1379 in
3088 1325 3202 1382 Deo
3239 1327 3483 1384 didicerit
3502 1345 3605 1400 po-

2015 1424 2147 1466 nere
2183 1428 2197 1464 :
2227 1425 2348 1466 cum
2395 1413 2654 1484 propinata
2704 1416 2927 1483 clamet,
2972 1417 3280 1475 Malcdictus
3304 1422 3467 1477 anatis
3516 1424 3604 1495 qui

2013 1517 2153 1571 spem
2176 1501 2323 1558 habet
2346 1504 2401 1559 in
2425 1503 2628 1562 nomine
2652 1504 2867 1578 (Ia-em.
2893 1524 2999 1565 xvn
3020 1551 3034 1576 ,
3063 1509 3151 1583 5).

2083 1593 2174 1649 47.
2219 1594 2345 1651 llaec
2369 1597 2546 1669 itaque
2587 1599 2727 1655 dona
2758 1600 2884 1668 Dei,
2923 1618 3042 1672 qua:
3070 1602 3271 1662 dantur
3304 1605 3490 1662 electis
3517 1621 3605 1664 se-

2015 1685 2249 1742 cundum
2276 1688 2370 1745 Dei
2413 1693 2744 1762 propositum
2774 1696 3011 1764 vocatis,
3038 1696 3093 1751 in
3122 1697 3317 1768 quibus
3332 1698 3495 1756 donis
3519 1709 3604 1757 est

2012 1786 2069 1832 et
2116 1777 2350 1851 incipere
2373 1781 2597 1839 credere
2618 1824 2634 1849 ,
2659 1792 2714 1840 et
2739 1785 2794 1840 in
2825 1784 2931 1841 ﬁde
2973 1801 3145 1858 usque
3169 1787 3236 1842 ad
3277 1789 3401 1844 vita:
3442 1789 3600 1860 hujus

2015 1869 2299 1926 terminum
2339 1886 2715 1941 perseverare,
2759 1876 2897 1932 sicut
2935 1885 3083 1933 tanta
3132 1878 3396 1935 rationum
3442 1890 3603 1952 atque

2013 1960 2383 2017 auctoritatem
2406 1965 2796 2023 contestatione
2811 1967 3174 2038 probavimus;
3198 1971 3333 2038 haec,
3358 1970 3598 2044 inquam,

2016 2048 2110 2105 Dei
2147 2049 2288 2108 dona
2306 2093 2323 2120 ,
2353 2053 2398 2108 si
2428 2055 2571 2111 nulla
2599 2064 2683 2112 est
2712 2057 3113 2128 prmdestinatio
3154 2076 3314 2132 quam
3352 2061 3599 2119 delendi-

2013 2156 2167 2207 mus,
2194 2158 2301 2198 non
2347 2145 2705 2214 prmsciuntur
2740 2162 2771 2202 a
2802 2147 2917 2206 Deo
2947 2168 2962 2205 :
2992 2151 3345 2221 praesciuntur
3382 2162 3598 2219 autem;

2014 2234 2131 2290 hac
2152 2243 2237 2291 est
2266 2236 2425 2307 igitur
2446 2238 2845 2306 prmdestinatio
2870 2256 3029 2312 quam
3058 2242 3415 2299 defendimus.

2082 2323 2312 2383 CAPUT
2356 2326 2544 2383 XVIII.
2568 2357 2646 2371 —-
2673 2329 2826 2387 Unde
2849 2331 3135 2403 aliquando
3169 2334 3356 2390 eadem
3388 2335 3599 2405 pra-de-

2013 2413 2233 2471 stinatio
2258 2416 2589 2488 signiﬁcatur
2611 2420 2771 2475 etiam
2808 2422 3034 2477 nomine
3061 2426 3431 2492 praescientim,
3456 2425 3598 2480 sicut

2011 2506 2089 2560 ait
2111 2506 2399 2577 Apostolus
2417 2549 2433 2574 ,
2463 2508 2586 2564 Non
2627 2511 2814 2580 repulit
2838 2511 2976 2568 Deus
3009 2513 3203 2584 plebem
3226 2532 3372 2569 suam
3392 2559 3405 2581 ,
3447 2532 3602 2587 quam

2012 2599 2280 2670 proscisit.
2305 2600 2403 2655 ilic
2426 2601 2567 2671 quod
2590 2601 2666 2656 ait
2683 2642 2699 2667 ,
2729 2602 2980 2671 praesciuit
2998 2645 3014 2671 ,
3045 2621 3149 2660 non
3175 2615 3323 2662 recte
3350 2607 3603 2678 intelligi-

2012 2699 2133 2758 tur,
2166 2692 2302 2758 nisi,
2345 2693 2743 2763 praedestinavit
2773 2713 2787 2750 :
2818 2686 2963 2767 quod
3006 2697 3403 2755 circumstantia
3428 2700 3640 2770 ipsius.

2012 2781 2258 2839 lectionis
2276 2784 2298 2818 ί
2327 2785 2581 2842 ostendit.
2604 2786 2952 2859 'Loquebator
2977 2790 3120 2844 enim
3150 2788 3221 2846 de
3246 2790 3485 2863 reliquiis
3506 2793 3603 2850 Ju-

2011 2872 2250 2929 dmorum
2271 2917 2287 2939 ,
2312 2890 2433 2946 quae
2456 2876 2619 2932 salvto
2643 2876 2796 2933 facta:
2815 2886 2973 2945 sunt,
3002 2880 3348 2949 pereuntibus
3367 2884 3599 2939 caeteris.
3622 2872 3626 2877 ’

2009 2965 2144 3022 Nam
2170 2967 2420 3037 superius
2443 2968 2687 3037 dixerat,
2714 2970 2781 3025 ad
2824 2971 2991 3028 Israel
3014 2972 3214 3028 dixisse
3239 2973 3555 3045 prophetam
3580 3019 3596 3043 ,

2014 3056 2143 3112 Tota
2162 3059 2248 3113 die
2264 3060 2470 3113 extendi
2489 3076 2671 3116 manus
2688 3077 2827 3117 meas
2842 3062 2913 3115 ad
2932 3063 3176 3134 populum
3193 3080 3296 3118 non
3316 3064 3600 3120 credentem

2008 3157 2059 3204 et
2078 3148 2501 3204 contradicentem
2520 3158 2608 3205 :et
2624 3160 2875 3222 tanquam
2896 3152 3331 3223 responderetur,
3354 3154 3451 3210 Ubi
3473 3165 3599 3212 sunt

2011 3258 2137 3312 ergo
2166 3243 2322 3299 facta:
2341 3245 2725 3315 promissiones
2750 3245 2842 3301 Dei
2866 3246 2935 3301 ad
2960 3246 3164 3303 lsrael‘l
3190 3248 3450 3304 continuo
3474 3249 3600 3304 sub-

2007 3332 2201 3405 iunxit,
2223 3333 2354 3390 Dico
2375 3352 2515 3407 ergo,
2538 3334 2803 3409 Numquid
2823 3338 3013 3408 repulit
3034 3336 3174 3393 Deus
3193 3338 3387 3410 plebem
3406 3355 3554 3393 suam
3574 3340 3600 3394 .’

2008 3424 2152 3481 Absit
2181 3443 2201 3482 :
2220 3443 2350 3481 nam
2387 3436 2432 3482 et
2470 3444 2563 3500 ego
2586 3427 2824 3513 Israelita
2860 3445 2974 3483 sum
3011 3445 3075 3486 ea:
3093 3431 3282 3485 semine
3300 3429 3555 3485 Abraham
3579 3473 3596 3495 ,

2010 3518 2141 3572 tribu
2161 3516 2430 3590 Benjamin
2442 3522 2464 3552 ³
2491 3538 2506 3575 :
2530 3529 2780 3591 tanquam
2806 3520 3032 3588 diceret,
3050 3520 3182 3577 Nam
3207 3529 3263 3577 et
3280 3537 3382 3593 ego
3396 3538 3465 3578 ex
3485 3523 3599 3592 ipsa

2010 3610 2166 3680 plebe
2192 3626 2334 3666 sum.
2366 3610 2572 3668 Deinde
2598 3612 2803 3667 addidit
2831 3611 2971 3668 unde
3014 3627 3155 3667 nunc
3182 3614 3427 3683 agimus,-
3473 3611 3598 3668 Non

2007 3707 2195 3778 repulit
2214 3705 2352 3761 Dens
2374 3706 2570 3777 plebem
2589 3722 2755 3773 suam,
2774 3723 2926 3778 quam
2946 3707 3218 3778 prascioit.
3242 3707 3417 3777 Atque
3434 3715 3494 3761 ut
3511 3722 3600 3762 os-

2010 3799 2257 3855 tenderet
2278 3798 2370 3854 Dei
2396 3798 2566 3870 gratia
2596 3798 2759 3852 fuisse
2782 3798 2997 3853 relictas
3017 3797 3270 3869 reliquias
3289 3839 3305 3864 ,
3334 3812 3439 3852 non
3479 3812 3598 3855 me—

2007 3891 2126 3946 ritis
2151 3905 2371 3961 cperum
2398 3905 2585 3946 eorum
2606 3932 2620 3953 ,
2648 3899 2866 3945 secutus
2889 3888 3135 3958 adiunxit
3154 3930 3169 3953 ,
3200 3889 3279 3943 Au
3306 3890 3506 3944 nescitis
3543 3891 3597 3943 in

2009 3983 2130 4038 Elia
2165 3983 2289 4053 quid
2329 3982 2452 4037 dicit
2493 3980 2802 4052 Scriptura;
2847 3980 3274 4051 quemadmodum
3311 3980 3600 4050 interpellat

2010 4077 2175 4132 Deum
2194 4075 2433 4130 adversus
2454 4073 2657 4129 Israel?
2671 4082 2725 4128 et
2746 4079 2963 4129 cetera.
2991 4072 3097 4128 Sed
3117 4072 3240 4143 quid
3260 4073 3381 4127 dicit
3402 4073 3499 4137 illi,
3513 4072 3602 4128 in-

2007 4169 2140 4240 quit,
2162 4184 2459 4239 responsum
2479 4166 2740 4221 divinum?
2759 4163 2963 4236 Reliqui
2986 4165 3114 4219 mihi
3130 4175 3317 4236 septem
3337 4164 3501 4220 millia
3523 4167 3601 4219 oi-

2007 4277 2184 4315 rorum
2202 4301 2216 4322 ,
2242 4259 2329 4329 qui
2350 4274 2451 4313 non
2474 4264 2806 4312 curvaverant
2838 4271 2970 4326 genu
3002 4264 3122 4309 ante
3139 4253 3289 4309 Baal.
3313 4253 3596 4311 Non-enim

2007 4354 2102 4419 ait,
2127 4352 2330 4407 Relicta
2357 4358 2481 4406 sunt
2502 4348 2662 4415 mihi;
2685 4356 2798 4414 aut,
2824 4347 3173 4417 Reliquerunt
3197 4361 3257 4402 se
3283 4346 3413 4402 mihi
3437 4346 3593 4408 :scd.

2008 4444 2189 4518 reliqui
2207 4443 2351 4498 mihi.
2376 4441 2467 4498 Sic
2486 4457 2623 4513 ergo,
2654 4440 2844 4512 inquit,
2872 4449 2919 4495 et
2943 4439 2995 4494 in
3018 4439 3112 4494 hoc
3131 4448 3355 4510 tempore
3370 4439 3599 4508 reliquie!

2009 4556 2099 4611 per
2115 4537 2405 4593 electionem
2425 4535 2603 4607 gratia
2621 4532 2644 4565 ⁸
2673 4536 2822 4605 [αι-ιω
2837 4541 2976 4587 sunt.
3003 4531 3065 4587 Si
3083 4543 3249 4585 autem
3271 4531 3435 4602 gratia
3452 4571 3469 4598 ,
3485 4532 3600 4602 jam

2009 4648 2111 4685 non
2132 4646 2196 4685 ex
2227 4626 2498 4700 operibus;
2526 4625 2752 4696 alioquin
2784 4623 2948 4696 gratia
2959 4624 3073 4696 jam
3107 4639 3207 4677 non
3227 4632 3302 4678 est
3321 4623 3507 4694 gratia.
3534 4624 3596 4678 Et

2009 4728 2333 4777 connectens
2359 4717 2448 4774 illa
2472 4733 2591 4788 quae
2607 4717 2719 4786 jam
2742 4729 2902 4784 supra
2932 4712 3244 4784 interposui,
3262 4711 3415 4778 'Quid
3431 4725 3553 4783 ergo
3570 4715 3598 4767 7

2009 4824 2064 4872 et
2088 4814 2213 4869 huic
2237 4808 2636 4880 interrogationi
2665 4805 3014 4876 respondens,
3042 4803 3191 4871 Quod
3212 4804 3485 4873 qumebat,
3507 4804 3595 4860 in-

2008 4905 2145 4978 quit,
2173 4902 2359 4968 Israel,
2387 4900 2481 4954 hoc
2502 4915 2602 4953 non
2624 4907 2697 4952 est
2727 4904 3059 4960 consecutus;
3086 4893 3261 4949 electio
3285 4901 3454 4948 autem
3470 4909 3599 4949 con-

2008 5006 2180 5053 secuta
2199 5004 2303 5062 est;
2324 4994 2493 5049 cazteri
2510 5006 2624 5045 vero
2648 4988 2886 5045 ἀπωσαιὶ
2906 4996 3023 5041 sunt
3048 4985 3224 5057 (Rom.
3251 5002 3307 5053 x,
3322 4984 3494 5053 Qi-XI,
3518 4987 3596 5059 7).

2010 5092 2067 5148 lu
2092 5090 2195 5145 hac
2217 5102 2344 5159 ergo
2367 5086 2654 5149 electione,
2676 5090 2733 5139 et
2756 5082 2809 5137 in
2840 5080 2925 5136 his
2948 5079 3209 5151 reliquiis.
3231 5094 3350 5150 quae
3369 5094 3469 5150 per
3488 5080 3600 5137 cie.

2009 5183 2241 5240 ctionem
2269 5180 2455 5252 gratiae
2484 5176 2637 5232 lacus
2678 5183 2837 5239 sunt,
2868 5172 3037 5227 voluit
3077 5171 3299 5240 intelligi
3341 5171 3595 5242 plebem,

2009 5289 2168 5347 quam
2194 5279 2471 5343 propterea
2498 5268 2639 5323 Dens
2655 5281 2761 5321 non
2780 5263 2994 5335 repulit,
3014 5263 3137 5334 quia
3162 5260 3449 5333 prmscivit.
3471 5262 3599 5319 "me

2008 5375 2094 5425 est
2118 5366 2207 5423 illa
2231 5363 2423 5421 electio
2441 5404 2456 5431 ,
2483 5376 2586 5433 qua
2610 5375 2705 5417 eos
2732 5372 2866 5431 quos
2890 5357 3092 5423 voluit,
3120 5356 3280 5428 elegit
3306 5356 3358 5411 in
3381 5354 3596 5412 Christo

2075 5569 2089 5599 '
2127 5564 2246 5636 editi
2265 5600 2281 5626 ,
2306 5557 2667 5614 circumstantia
2697 5555 2850 5619 ipsius
2887 5554 3158 5609 locutionis.
3181 5552 3353 5604 Melius
3371 5559 3498 5611 Msa,
3525 5549 3597 5601 le-

2007 5628 2262 5749 “?usfiiti,
2306 5685 2367 5738 de
2386 5683 2516 5736 tribu
2539 5680 2808 5795 nen'jamin.
2852 5680 3029 5741 Abest,
3063 5676 3153 5737 de,
3197 5688 3224 5727 a
3259 5673 3594 5734 namque

2009 5761 2055 5795 nt
2092 5764 2251 5795 mm
2275 5758 2414 5795 textu
2451 5755 2621 5795 Apost!)
2644 5760 2675 5794 t.

2009 5761 2055 5805 et
2092 5764 2251 5814 grmco
2275 5758 2414 5821 textu
2451 5755 2675 5821 Apostoti.
3046 5802 3058 5814 .
3354 5796 3364 5806 .

2072 5816 2093 5848 ³
2127 5822 2174 5863 tn
2213 5812 2356 5862 editis
2388 5809 2607 5869 additur,
2638 5803 2799 5859 enim.
2824 5812 2921 5857 son
2948 5811 3021 5855 est
3046 5815 3092 5853 tn
3114 5807 3222 5850 stes.
3243 5807 3400 5847 necta
3432 5804 3595 5856 graeco

2010 5886 2149 5931 textu
2173 5874 2395 5938 .tposmll.
