4118 6554
475 381 614 436 10⁸25

468 505 592 550 aute
617 489 1048 548 constitutionem
1073 487 1282 554 mundi,
1301 499 1360 540 ut
1383 490 1563 538 essent
1589 479 1754 537 sancti
1778 489 1832 534 et
1860 478 2048 533 imma-

469 584 631 640 rulati
661 585 710 638 in
727 591 1016 651 conspectu
1039 579 1174 647 ejus,
1196 577 1248 630 in
1265 575 1541 638 charitate,
1561 570 1944 643 pra'destinans
1957 582 2052 623 eos

470 680 526 734 in
553 675 889 745 adoptionem
916 673 1143 726 ﬁliorum
1167 668 1379 740 (Epiros.
1407 683 1458 728 ι,
1485 665 1550 730 4,
1581 663 1658 736 5).
1685 662 1868 716 Nullus
1895 658 2052 729 igitur

469 769 560 840 qui
589 767 702 822 hate
747 764 1022 832 intelligit,
1056 775 1252 830 negare
1291 757 1375 812 vel
1403 755 1644 810 dubitare
1691 751 2010 820 permittitur
2031 787 2048 812 ,

469 860 561 914 ubi
605 861 679 913 ait
723 854 1043 924 Apostolus,
1087 850 1208 904 Non
1245 847 1428 919 repulit
1467 844 1610 898 Deae
1639 842 1828 912 plebem
1863 854 2009 894 suam
2033 879 2050 904 ,

467 966 622 1019 quam
643 947 908 1017 praesciuit,
927 939 1448 1014 prmdestinationem
1473 934 1774 1002 signiﬁcare
1797 928 2048 983 voluisse.

471 1039 749 1098 Przcscivit
771 1038 912 1092 enim
939 1033 1190 1102 reliquias
1209 1071 1223 1094 ,
1255 1043 1396 1098 quas
1411 1023 1704 1080 secundum
1733 1020 2050 1076 electionem

469 1134 652 1205 gratia:
678 1130 856 1186 fuerat
893 1129 1006 1196 ipse
1050 1125 1300 1178 facturus.
1345 1118 1460 1172 Hoc
1483 1124 1566 1170 est
1605 1128 1750 1205 ergo
1773 1109 2052 1205 praedesti-

469 1198 616 1278 navit
649 1239 661 1274 :
694 1219 810 1276 sine
848 1216 1008 1272 dubio
1034 1213 1178 1268 enim
1207 1207 1506 1280 praiscivit,
1533 1205 1580 1259 si
1610 1198 2008 1272 pratdestinavit
2033 1214 2048 1250 :

470 1314 564 1369 sed
595 1311 1017 1384 praedestinasse,
1046 1317 1128 1362 est
1151 1303 1252 1358 hoc
1279 1299 1555 1372 praescisse
1577 1297 1724 1367 quod
1745 1293 1917 1348 fuerat
1939 1291 2054 1362 ipse

469 1407 725 1462 facturus.

537 1493 766 1552 CAPUT
787 1489 930 1546 XIX.
946 1486 1120 1542 --48.
1139 1482 1274 1553 Quid
1291 1495 1418 1553 ergo
1437 1493 1536 1534 nos
1554 1473 1822 1548 prohibet,
1839 1471 2054 1544 quando

469 1587 608 1658 apud
633 1586 839 1656 aliquos
865 1579 1012 1636 vcrbi
1043 1578 1136 1633 Dei
1175 1583 1490 1630 tractatores
1518 1569 1745 1639 legimus
1791 1565 1884 1622 Dei
1915 1579 2052 1658 prae-

475 1653 776 1741 scientiain,
795 1683 848 1728 ct
875 1671 1049 1740 agitur
1071 1668 1138 1722 de
1162 1665 1440 1722 vocatione
1465 1661 1780 1724 electorum,
1808 1653 2050 1712 eamdem

469 1768 988 1842 prmdestinationem
1037 1758 1374 1828 intelligere?
1403 1755 1568 1826 Magis
1611 1753 1754 1842 enim
1778 1753 1794 1782 ¹
1827 1749 2053 1842 fortasse

470 1840 750 1914 voluerunt
781 1856 883 1910 hoc
903 1853 1067 1908 verbo
1096 1851 1148 1906 in
1176 1865 1238 1905 ea
1267 1865 1326 1904 re
1353 1847 1426 1901 uti
1447 1887 1466 1912 ,
1491 1843 1632 1914 quod
1657 1852 1711 1898 et
1737 1841 1946 1896 facilius
1971 1840 2054 1894 in-

471 1952 757 2022 telligitur,
787 1956 840 2002 ct
875 1962 980 2000 non
1007 1949 1298 2014 repugnat,
1331 1939 1446 1992 imo
1467 1945 1520 1992 et
1557 1933 1802 2004 congruit
1839 1929 2054 1986 veritati

466 2061 586 2117 qua:
611 2043 678 2098 de
702 2037 1166 2112 prmdestinatione
1193 2032 1380 2104 gratia:
1409 2027 1748 2100 prtedicatur.
1777 2025 1886 2080 lloc
1915 2025 2048 2087 scio,

469 2137 735 2192 neminem
765 2141 956 2204 contra
993 2130 1147 2184 istam
1191 2120 1710 2195 prtdestiuationem
1733 2159 1748 2182 ,
1776 2131 1934 2186 quam
1962 2130 2052 2170 se-

467 2229 700 2285 cundum
727 2224 1030 2294 Scripturas
1053 2226 1266 2274 sanctas
1293 2214 1628 2270 defendimus
1646 2251 1662 2278 ,
1697 2211 1797 2265 nisi
1825 2207 2054 2264 errando

466 2323 738 2392 disputare
763 2315 1016 2388 potuisse.
1051 2312 1182 2366 Puto
1208 2318 1384 2364 tamen
1407 2307 1488 2362 eis
1513 2305 1604 2375 qui
1629 2303 1696 2360 de
1723 2302 1822 2358 hac
1847 2317 1908 2358 re
1931 2316 2054 2356 scn-

469 2414 661 2470 ti-ntias
687 2418 1034 2464 traetatorum
1057 2403 1352 2472 requirunt,
1373 2405 1588 2454 sanctos
1609 2405 1662 2451 et
1687 2396 1740 2450 in
1769 2393 1871 2450 ﬁde
1893 2401 2056 2463 atque

469 2503 712 2559 doctrina
733 2497 1022 2554 christiana
1052 2491 1388 2548 laudabiliter
1407 2502 1790 2560 usquequaque
1815 2485 2058 2540 diffama-

471 2607 554 2650 tus
578 2595 743 2657 viros,
760 2590 1083 2662 Cyprianum
1109 2594 1164 2640 et
1191 2581 1552 2644 Ambrosium,
1569 2593 1796 2650 quorum
1826 2587 1928 2632 tam
1945 2576 2056 2632 cla-

471 2703 526 2740 ra
573 2681 870 2738 testimonia
903 2675 1174 2749 posuimus
1195 2715 1210 2742 ,
1235 2672 1434 2728 debere
1459 2669 1706 2726 sufﬁcere
1723 2711 1738 2734 ,
1767 2676 1822 2725 et
1855 2668 2056 2724 debere

470 2776 536 2830 ad
565 2783 870 2842 utrumque,
901 2769 954 2825 id
979 2774 1220 2834 est,utet
1239 2763 1464 2835 gratiam
1496 2762 1592 2818 Dei
1615 2761 1920 2832 gratuitam,
1951 2759 2060 2815 sic-

473 2877 532 2922 ut
553 2863 818 2922 credenda
859 2870 1018 2933 atque
1054 2856 1388 2930 prasdicanda
1409 2863 1510 2922 est,
1531 2870 1627 2925 per
1641 2853 1816 2910 omnia
1837 2853 2056 2910 credant

470 2969 527 3014 et
555 2973 649 3028 per
675 2956 854 3012 omnia
899 2952 1220 3024 praedicent,
1251 2960 1306 3004 et
1347 2946 1589 3004 eamdem
1621 2945 2054 3017 praedicationem

475 3047 834 3120 praedicationi
855 3061 956 3117 qua
976 3044 1253 3098 hortamur
1277 3040 1474 3111 pigros,
1493 3039 1574 3094 vel
1603 3037 1922 3108 corripimus
1941 3051 2058 3092 ma-

471 3145 572 3208 los,
597 3157 708 3196 non
731 3140 1016 3210 opinentur
1029 3135 1306 3190 adversam
1331 3150 1346 3186 :
1369 3133 1490 3202 quia
1511 3141 1564 3186 et
1585 3130 1670 3184 isti
1691 3129 1808 3196 viri,
1837 3143 1958 3184 eum
1979 3128 2058 3184 sic

472 3233 822 3306 prmdicarent
845 3229 940 3285 Dei
963 3227 1205 3299 gratiam,
1234 3236 1292 3280 ut
1321 3239 1456 3278 unus
1485 3237 1668 3278 eorum
1699 3221 1922 3286 diceret,
1949 3238 1972 3274 ι
1999 3219 2054 3276 In

471 3323 620 3381 nullo
645 3321 1002 3396 gloriandum,
1021 3319 1232 3390 quando
1255 3325 1494 3372 nostrum
1516 3315 1648 3369 nihil
1677 3314 1746 3368 sit
1773 3333 1792 3366 ι
1821 3313 2058 3385 (Cypria-

469 3435 590 3484 stus,
615 3417 682 3470 ad
711 3415 998 3483 Quirinum,
1025 3411 1112 3466 lib.
1145 3411 1200 3476 5,
1232 3425 1345 3480 cap.
1377 3407 1458 3477 4);
1489 3407 1624 3462 alter
1648 3413 1845 3471 autem,
1881 3423 1902 3456 ι
1939 3403 2056 3460 Non

469 3520 554 3566 est
579 3510 632 3564 in
660 3515 923 3580 potestate
953 3515 1132 3560 nostra
1162 3518 1256 3557 cur
1282 3508 1520 3554 nostrum
1551 3508 1606 3554 et
1631 3505 1824 3552 n0stra:
1855 3495 2058 3568 cogita-

473 3603 648 3656 tiones
685 3619 704 3652 ι
743 3597 1075 3672 (Ambrosius,
1103 3594 1164 3647 de
1189 3591 1336 3662 Fuga
1364 3591 1558 3655 surculi,
1591 3605 1702 3658 cap.
1735 3585 1811 3658 i);
1842 3602 1946 3642 non
1977 3593 2062 3640 ta-

471 3711 594 3750 men
614 3689 813 3748 hortari
841 3697 896 3744 et
915 3687 1186 3755 corripere
1210 3682 1548 3743 destiterunt,
1569 3688 1624 3733 nt
1651 3679 1840 3733 ﬁerent
1861 3693 2058 3748 praece-

471 3795 562 3856 pta
589 3783 786 3840 divina.
815 3780 923 3835 Nec
953 3780 1240 3833 timuerunt
1265 3789 1330 3828 ne
1359 3772 1628 3828 diceretur
1651 3771 1729 3826 eis
1747 3813 1762 3834 ,
1791 3769 1928 3837 Quid
1959 3783 2058 3824 nos

473 3872 800 3931 hortamini?
830 3869 1030 3940 quidet
1055 3865 1356 3936 corripitis,
1385 3863 1430 3918 si
1461 3862 1590 3916 nihil
1623 3861 1746 3914 boni
1777 3870 1834 3914 ut
1857 3858 2056 3916 habea-

475 3982 595 4022 mns
615 3973 697 4018 est
717 3968 952 4016 nostrum
971 3961 1011 4023 ',
1036 3966 1089 4011 et
1113 3955 1158 4011 si
1178 3971 1282 4008 non
1303 3963 1384 4008 est
1405 3954 1458 4007 in
1477 3961 1740 4022 potestate
1768 3959 1946 4006 nostra
1964 3965 2061 4006 cor

473 4055 752 4115 nostrum?
775 4053 898 4108 llazc
927 4066 996 4106 ne
1021 4050 1324 4104 dicerentur
1351 4046 1447 4110 eis,
1478 4059 1808 4114 nequaquam
1839 4045 1914 4100 illi
1936 4059 2060 4099 san-

474 4157 546 4205 cti
575 4165 638 4206 ea
665 4157 843 4204 mente
875 4146 1060 4200 timere
1081 4151 1385 4216 potuerunt,
1405 4155 1507 4211 qua
1539 4140 1903 4209 intelligebant
1929 4155 2060 4210 pau-

475 4241 710 4298 cissimis
731 4251 848 4294 esse
871 4236 1148 4297 donatum,
1167 4243 1222 4288 ut
1245 4233 1390 4288 nullo
1405 4232 1506 4286 sibi
1529 4231 1744 4286 homine
1767 4231 2059 4301 praedicau-

477 4343 552 4396 tc,
577 4347 670 4402 per
700 4331 874 4399 ipsum
905 4327 1067 4382 Deum
1091 4326 1170 4380 vel
1202 4339 1298 4394 per
1319 4322 1548 4394 Angelos
1573 4322 1838 4378 canorum.
1859 4321 2059 4377 doctri-

478 4438 602 4478 nam
627 4421 810 4476 salutis
829 4417 1110 4486 accipiant;
1131 4415 1310 4470 multis
1337 4429 1464 4468 vero
1491 4413 1540 4468 id
1563 4427 1682 4468 esse
1707 4413 1982 4478 donatum,
2001 4421 2058 4468 ut

480 4515 590 4570 Duo
613 4527 706 4582 per
727 4510 970 4566 homines
996 4506 1234 4562 credant.
1259 4505 1504 4574 Quolibet
1527 4514 1702 4560 tamen
1727 4503 1884 4560 modo
1910 4505 2030 4560 dica

481 4616 567 4659 tur
593 4600 795 4656 homini
819 4599 1036 4654 verbum
1061 4597 1174 4662 Dei,
1195 4595 1378 4666 procul
1406 4595 1586 4662 dubio,
1608 4610 1714 4666 quo
1740 4596 1817 4652 sic
1836 4596 2016 4652 audiat
2034 4595 2056 4628 ι

478 4705 536 4750 ut
559 4693 633 4750 illi
653 4690 886 4756 ohediat,
909 4689 1106 4744 donum
1133 4688 1223 4742 Dei
1249 4697 1350 4742 est.

551 4785 642 4841 49.
674 4783 825 4840 Unde
851 4797 1008 4851 supra
1030 4780 1155 4836 dicti
1185 4787 1497 4834 tractatores
1521 4778 1948 4834 excellentissimi
1972 4779 2058 4834 di-

481 4877 723 4930 vinorum
745 4873 1097 4943 eloquiorum,
1115 4880 1168 4926 et
1187 4871 1410 4940 gratiam
1433 4868 1525 4923 Dei
1549 4884 1748 4932 veram,
1768 4869 1904 4924 sicut
1925 4885 2059 4940 prte-

479 4965 704 5020 dicanda
729 4971 812 5019 est
831 5004 846 5026 ,
879 4961 1231 5032 przrdicarnnt
1249 4999 1268 5024 ,
1297 4959 1348 5014 id
1378 4968 1493 5026 est,
1517 4974 1674 5028 quam
1707 4960 1848 5014 nulla
1869 4961 2056 5016 merita

483 5057 711 5110 humana
743 5052 1080 5124 praterdunt;
1111 5060 1166 5108 et
1208 5049 1276 5104 ad
1317 5049 1556 5104 facienda
1587 5049 1761 5103 divina
1793 5061 2058 5120 prmcepta

483 5147 744 5199 instanter
774 5143 966 5196 hortati
1011 5149 1167 5207 sunt,
1197 5149 1256 5194 ut
1284 5139 1371 5209 qui
1404 5139 1658 5192 haberent
1684 5137 1880 5192 donum
1926 5139 2058 5194 obe-

481 5234 716 5300 ilientizn,
741 5233 931 5304 quibus
951 5232 1114 5302 jussis
1139 5229 1490 5286 cbediendum
1517 5241 1678 5292 esset,
1707 5229 1967 5284 audirent.
2002 5231 2057 5286 Si

481 5327 624 5380 enim
650 5325 869 5395 gratiam
894 5324 1082 5380 merita
1109 5323 1212 5377 ulla
1244 5329 1421 5374 nostra
1451 5319 1756 5390 przucedunt
1775 5361 1787 5383 ,
1823 5321 2059 5389 profecto

479 5423 574 5470 alit
599 5414 719 5469 facti
743 5413 966 5484 alicujus
985 5454 1000 5476 .
1029 5423 1123 5468 aut
1157 5411 1320 5474 dicti,
1343 5418 1434 5463 aut
1463 5409 1798 5478 cogitationis
1835 5419 1916 5465 est
1941 5427 2059 5466 mc-

483 5508 664 5574 ritmn,
693 5505 780 5561 ubi
807 5515 861 5560 et
881 5505 994 5576 ipsa
1021 5501 1330 5573 intelligitur
1359 5501 1603 5554 voluntas
1628 5499 1763 5556 bona
1789 5519 1804 5556 :
1826 5501 1918 5556 sed
1942 5502 2060 5559 bre-

547 5666 562 5696 ί
599 5663 738 5717 Editi.
757 5667 932 5712 autem.
959 5667 1085 5718 Mss,
1110 5655 1254 5718 enirn.

550 5729 569 5757 ³
603 5715 752 5784 Εᾱὶιῖ,
791 5721 836 5772 si
857 5721 976 5771 nihil
1004 5715 1113 5786 ign
1149 5715 1402 5786 habetcum
1425 5717 1552 5779 quod
1583 5725 1644 5770 stt
1681 5727 1912 5774 nostrum.
1937 5729 2062 5775 Prm-

483 5789 677 5841 tuliaius
701 5777 923 5834 veterum
951 5782 1168 5850 codicum
1201 5777 1477 5850 lectionem.

547 5837 566 5886 ⁸
597 5851 670 5900 sic
693 5853 800 5898 διεδ.
827 5851 880 5895 At
904 5844 1047 5904 editi,
1072 5839 1153 5906 qui
1177 5837 1247 5890 sic
1272 5837 1424 5891 audit.

1705 364 1764 421 S.
1801 357 2168 418 AUGUSTINI
2207 357 2520 414 EPISCOPI.

3595 359 3728 416 102i

2159 473 2702 543 vissimc-complcxns
2720 483 2803 530 est
2827 473 3060 530 omnium
3081 488 3275 544 genera
3297 474 3624 542 meritorum,
3642 479 3730 546 qui

2159 563 2320 628 dicit,
2357 582 2376 616 ‹
2417 565 2471 620 In
2501 565 2646 620 nullo
2682 567 3012 638 gloriandum
3035 609 3050 632 ,
3091 561 3568 636 quandonostrum
3603 573 3732 627 nihil

2159 656 2248 710 sit.
2287 675 2306 707 ι
2341 655 2441 724 Qui
2469 671 2596 710 vero
2625 657 2732 722 ait,
2770 677 2788 709 ι
2827 657 2942 712 Non
2967 666 3048 712 est
3077 657 3128 711 in
3163 669 3340 712 nostra
3363 669 3622 728 potestate
3643 677 3734 717 cor

2159 754 2399 800 nostrum
2423 788 2438 813 ,
2475 755 2530 800 et
2556 757 2750 802 nostra:
2774 749 3154 818 cogitationes,
3195 767 3214 802 ι
3251 765 3350 803 nec
3374 750 3482 818 ipsa
3522 749 3652 806 facta
3683 762 3731 808 ct

2157 837 2296 892 dicta
2319 836 2577 907 prieteriit
2605 855 2620 892 :
2653 855 2758 894 non
2789 840 2932 895 enim
2953 850 3034 893 est
3063 841 3226 894 ullum
3255 839 3447 896 factum
3469 840 3734 896 dictumve

2160 927 2390 983 hominis
2408 969 2424 996 ,
2453 928 2593 998 quod
2623 945 2732 984 non
2762 945 2824 984 es
2852 930 3013 985 corde
3039 939 3093 985 et
3117 930 3436 1000 cogitatione
3465 932 3728 1000 procedat.

2157 1021 2294 1090 Quid
2323 1031 2500 1077 autem
2527 1022 2756 1092 amplius
2787 1023 2854 1077 de
2881 1023 2980 1077 hac
3001 1038 3058 1077 re
3089 1039 3246 1092 agere
3271 1022 3566 1094 Cyprianus
3593 1041 3732 1078 Inar-

2160 1120 2244 1183 tyr
2265 1111 2682 1182 gloriosissimus
2705 1122 2758 1166 et
2777 1111 2963 1168 doctor
2989 1113 3344 1167 lucidissimns
3367 1115 3552 1183 potuit,
3576 1129 3730 1185 quam

2159 1203 2250 1256 ubi
2277 1217 2374 1258 nos
2395 1202 2454 1256 in
2479 1203 2718 1258 oratione
2745 1203 3006 1258 dominica
3037 1204 3210 1258 etiam
3223 1220 3316 1274 pro
3355 1205 3580 1260 inimicis
3610 1204 3733 1261 ﬁdei

2157 1293 2462 1348 christiana:
2489 1309 2648 1348 orare
2690 1295 3333 1362 oportere-commonuit?
3365 1295 3452 1349 ubi
3479 1295 3544 1350 de
3585 1297 3738 1351 initio

2158 1383 2460 1454 ﬁdei,qnod
2489 1383 2648 1438 etiam
2681 1383 2788 1437 hoe
2803 1383 2998 1438 donum
3029 1385 3119 1438 Dei
3149 1383 3238 1450 sit,
3257 1384 3382 1454 quid
3411 1386 3736 1439 sentirctcs-

2159 1473 2326 1528 tendit
2358 1489 2372 1528 :
2405 1482 2458 1528 et
2483 1488 2580 1543 pro
2607 1474 3002 1543 perseverantia
3029 1489 3194 1544 usque
3216 1475 3266 1529 in
3297 1475 3488 1540 ﬁnem,
3519 1475 3640 1546 quia
3681 1484 3738 1530 et

2159 1565 2328 1636 ipsam
2351 1566 2562 1620 nonnisi
2585 1567 2722 1622 Deus
2743 1567 2822 1622 eis
2845 1568 2932 1637 qui
2959 1569 3410 1638 perseveraverint
3431 1567 3614 1636 donat,
3635 1568 3740 1624 Ec-

2159 1658 2374 1712 clesiam
2391 1657 2585 1712 Christi
2607 1657 2844 1728 quotidie
2867 1672 3023 1712 orare
3045 1659 3378 1712 monstravit.
3399 1659 3590 1714 Beatus
3601 1675 3741 1728 quo-

2157 1765 2262 1819 que
2287 1748 2598 1803 Ambrosius
2623 1763 2744 1804 cum
2783 1757 3074 1818 exponeret
3097 1748 3236 1818 quod
3265 1750 3338 1802 ait
3375 1749 3540 1804 Lucas
3565 1764 3746 1804 evan--

2157 1841 2366 1912 gelista,
2406 1837 2581 1894 Visum
2604 1849 2678 1896 est
2707 1849 2753 1894 ct
2782 1841 2904 1894 mihi
2935 1838 3084 1910 (Luc.
3117 1857 3153 1908 ι,
3184 1843 3239 1912 5)
3271 1859 3284 1894 :
3323 1860 3342 1894 ι
3371 1841 3569 1906 Potest,
3601 1861 3618 1894 ι
3655 1843 3734 1898 inv

2158 1934 2292 2004 quit,
2329 1952 2348 1984 ι
2387 1947 2492 1986 non
2523 1931 2622 1986 soli
2653 1933 2820 1987 visum
2850 1947 2990 1999 esse,
3019 1933 3158 2002 quod
3183 1933 3284 1988 sibi
3305 1933 3474 1988 visum
3496 1949 3616 1988 esse
3641 1933 3736 1988 de-

2158 2025 2344 2080 clarat.
2369 2023 2482 2078 Non
2505 2023 2648 2080 enim
2669 2023 2943 2079 voluntate
2965 2033 3166 2078 tantum
3195 2025 3422 2078 humana
3442 2025 3610 2078 visum
3631 2033 3734 2090 est,

2158 2115 2252 2170 scd
2273 2115 2408 2170 sicut
2434 2114 2628 2184 placuit
2655 2114 2704 2169 ei
2730 2115 2816 2184 qui
2845 2115 2896 2168 in
2927 2131 3010 2170 me
3037 2115 3274 2185 loquitur.
3291 2113 3548 2176 Christus,
3567 2115 3656 2185 qui
3673 2125 3756 2170 ut.

2159 2205 2212 2261 id
2241 2204 2380 2274 quod
2413 2204 2609 2259 bonum
2639 2211 2754 2270 est,
2781 2205 2932 2260 nobis
2961 2213 3172 2275 quoque
3197 2204 3364 2260 videri
3385 2206 3576 2262 bonum
3609 2221 3736 2276 pos-

2159 2297 2248 2364 sit,
2265 2303 2547 2366 operatur:
2571 2311 2730 2366 quem
2755 2297 2898 2350 enim
2927 2297 3228 2364 miseratur,
3248 2307 3302 2352 et
3327 2305 3498 2352 vocat.
3529 2296 3596 2352 Et
3615 2296 3762 2354 ideo-

2158 2390 2248 2461 qui
2261 2388 2531 2446 Clu-istum
2553 2389 2812 2458 sequitur,
2834 2396 3008 2458 potest
3029 2389 3384 2459 interrogatus
3401 2405 3496 2444 cur
3514 2405 3632 2444 esse
3651 2405 3740 2444 vo.

2160 2483 2318 2538 luerit
2335 2483 2678 2552 christianus,
2699 2483 3042 2554 respondere,
3073 2482 3338 2538 Visumest
3357 2493 3401 2538 et
3423 2485 3561 2537 mihi.
3583 2483 3752 2552 Quod.

2157 2588 2280 2629 cum
2295 2573 2442 2640 dicit,
2463 2591 2567 2630 non
2593 2584 2749 2645 negat
2778 2575 3112 2642 Deovisum;
3143 2591 3174 2630 a
3205 2576 3334 2631 Deo
3357 2577 3496 2632 enim
3525 2592 3730 2647 prama-

2159 2678 2306 2724 ratur
2329 2669 2570 2724 voluntas
2593 2670 2862 2724 hominum
2897 2688 2916 2722 i
2939 2667 3118 2741 (Prov.
3148 2685 3234 2723 vtn
3256 2711 3270 2732 ,
3298 2685 3396 2724 sec.
3425 2669 3586 2742 LXX)
3613 2669 3752 2725 ,ιιυιΔ

2158 2759 2302 2814 enim
2324 2759 2461 2814 Deus
2483 2759 2862 2815 honoriﬁcctur
2881 2775 2910 2812 a
2931 2769 3134 2826 sancto,
3159 2759 3248 2814 Dei
3270 2761 3435 2831 gratia
3456 2773 3538 2816 est
3562 2780 3580 2814 ο
3607 2761 3736 2830 (Su-

2159 2867 2250 2922 per
2277 2849 2490 2918 Lucam,
2507 2851 2562 2906 in
2581 2851 2892 2922 expositione
2917 2849 3186 2922 prooemii).
3213 2850 3446 2922 Itemque
3471 2850 3522 2905 in
3547 2852 3734 2907 eodem

2159 2958 2341 3013 opere,
2361 2941 2462 2998 hoc
2481 2951 2584 3010 est,
2603 2943 2656 2996 in
2681 2943 3026 3012 Expositione
3045 2942 3283 3012 ejusdem
3307 2943 3594 3014 Evangelii,
3613 2960 3736 3002 cum

2159 3033 2226 3088 ad
2253 3033 2400 3089 illum
2429 3034 2665 3090 venisset
2691 3033 2864 3088 locum
2886 3075 2902 3100 ,
2933 3033 3022 3088 tibi
3049 3034 3328 3088 Dominum
3355 3035 3419 3088 ad
3443 3033 3736 3091 Jerusalem

2160 3135 2466 3197 pergentem
2505 3126 2840 3182 Samaritani.
2863 3127 3104 3196 recipere
3140 3127 3423 3182 noluerunt
3455 3145 3472 3182 :
3509 3145 3532 3180 ι
3563 3127 3736 3183 Simul

2161 3217 2338 3284 disce,
2379 3213 2409 3271 ι’
2436 3217 2640 3288 inquit,
2677 3235 2700 3270 ο
2735 3218 2858 3287 quia
2901 3218 3066 3288 recipi
3105 3219 3274 3274 noluit
3301 3235 3331 3273 a
3363 3234 3465 3274 non
3509 3219 3734 3292 simplici

2161 3321 2342 3367 mente
2367 3311 2662 3366 conversis.
2695 3310 2826 3365 Nam
2857 3311 2902 3365 si
2931 3311 3226 3380 voluisset,
3259 3312 3612 3368 ex-indevotis
3637 3313 3736 3369 dc-

2161 3411 2314 3458 votos
2341 3401 2572 3458 fecisset.
2595 3403 2705 3458 Cur
2731 3413 2908 3458 autem
2935 3417 3040 3458 non
3063 3404 3360 3475 receperint
3385 3421 3505 3461 eum
3525 3447 3540 3474 ,
3565 3407 3742 3462 Evan-

2159 3497 2346 3567 gelista
2376 3495 2490 3566 ipse
2531 3496 2972 3550 commemoravit
3009 3495 3196 3552 dicens
3225 3515 3238 3550 :
3273 3497 3404 3563 Quia
3434 3499 3584 3570 facies
3624 3501 3738 3570 ejus

2161 3597 2268 3642 erat
2295 3588 2458 3642 cuntis
2481 3584 2826 3640 inJerasalem
2839 3605 2862 3639 ν
2875 3586 3026 3656 (Luc.
3041 3603 3115 3656 ix,
3133 3587 3274 3659 53).:
3285 3589 3536 3660 Discipuli
3558 3601 3738 3646 autem

2163 3679 2324 3748 recipi
2353 3679 2488 3733 intra
2510 3679 2804 3734 Samariam
2829 3681 3147 3750 gestiebant.
3169 3679 3274 3738 Sed
3299 3683 3438 3738 Deus
3457 3697 3586 3754 quos
3609 3684 3625 3716 ⁸
3656 3684 3744 3739 ὧι

2160 3781 2354 3843 guatur
2379 3780 2569 3838 vocat,
2598 3780 2652 3826 et
2680 3786 2836 3842 quem
2865 3773 2976 3827 vult
2999 3773 3304 3844 religiosum
3329 3774 3450 3829 facit
3487 3795 3506 3828 ι
3539 3775 3674 3848 (ω.
3703 3779 3742 3832 7

2161 3865 2216 3918 in
2241 3862 2430 3918 Lucam
2449 3903 2464 3928 ,
2499 3879 2551 3917 η.
2579 3861 2694 3934 27).
2721 3863 2858 3931 Quid
2887 3865 3221 3932 evidentius,
3260 3865 3386 3937 quid
3425 3867 3678 3923 illustrius
3705 3885 3748 3924 a-

2162 3959 2308 4014 vcrbi
2341 3957 2433 4014 Dei
2465 3958 2836 4013 tractatoribus
2857 3958 3146 4027 qumrimus
3165 4001 3181 4026 ,
3209 3959 3252 4014 si
3274 3969 3328 4015 et
3353 3960 3422 4014 ab
3442 3961 3569 4030 ipsis
3595 3962 3736 4031 quod

2165 4049 2217 4104 in
2239 4048 2531 4118 Scripturis
2551 4048 2751 4102 clarum
2775 4057 2876 4115 est,
2894 4049 3080 4106 audire
3103 4048 3364 4104 delectat?
3379 4051 3481 4106 Sed
3505 4051 3588 4106 liis
3606 4052 3738 4106 duo-

2163 4139 2279 4204 bus,
2310 4139 2401 4209 qui
2431 4137 2680 4194 sufﬁcere
2699 4139 3018 4206 debuerunt,
3049 4150 3288 4194 sanctum
3313 4139 3619 4211 Gregorium
3642 4143 3736 4198 ad-

2163 4233 2352 4288 damus
2379 4239 2436 4288 et
2473 4233 2720 4296 tertium,
2747 4233 2837 4302 qui
2867 4240 2920 4286 et
2957 4233 3176 4288 credere
3207 4233 3258 4288 in
3289 4234 3452 4308 Deum
3474 4275 3488 4296 .
3517 4243 3570 4288 et
3595 4235 3736 4305 quod

2162 4325 2429 4380 credimus
2457 4323 2721 4388 conﬁteri,
2754 4324 2843 4377 Dei
2871 4323 3066 4378 donum
3093 4339 3213 4379 esse.
3241 4333 3483 4391 testatur,
3515 4325 3694 4380 dicens
3717 4343 3732 4380 :

2169 4435 2188 4469 ε
2227 4415 2392 4472 Unius
2419 4415 2650 4482 deitalis,
2682 4429 2864 4484 quaeso
2889 4430 3004 4480 vos,
3033 4415 3356 4470 conﬁtemini
3383 4415 3690 4470 Trinitatem
3719 4433 3734 4470 :

2163 4509 2207 4564 si
2229 4523 2356 4562 vero
2375 4507 2536 4562 aliter
2547 4507 2726 4580 vultis,
2743 4505 2900 4562 dicite
2921 4506 3076 4562 unius
3095 4521 3216 4562 esse
3239 4517 3462 4571 natum;
3479 4517 3534 4562 et
3555 4508 3691 4561 Deus
3711 4511 3734 4540 ¹

2163 4615 2350 4656 vocem
2373 4600 2487 4654 dari
2509 4599 2662 4654 vobis
2688 4614 2716 4651 a
2749 4607 2933 4653 sancto
2954 4599 3152 4668 Spiritu
3181 4599 3548 4668 deprecabitur
3577 4617 3592 4653 :
3631 4619 3648 4652 ι
3685 4599 3738 4655 id

2164 4699 2246 4748 est
2265 4732 2280 4758 ,
2313 4689 2584 4760 rogabitur
2611 4687 2750 4742 Deus
2769 4731 2784 4754 ,
2813 4696 2870 4742 ut
2897 4689 3166 4758 permittat
3187 4689 3338 4744 vobis
3365 4689 3478 4744 dari
3511 4704 3690 4744 vocem
3713 4729 3732 4756 ,

2229 4866 2244 4898 ⁸
2281 4863 2469 4926 aliquot
2499 4871 2626 4922 Mss,
2650 4875 2806 4926 quem.

2227 4928 2248 4958 ι
2281 4924 2332 4974 ln
2354 4924 2587 4976 Vaticanis
2607 4924 2850 4975 codicibus
2871 4927 3102 4986 omittitur
3121 4961 3138 4984 ,
3179 4935 3319 4978 Deus.
3355 4935 3528 4976 verum
3549 4927 3739 4980 sublato

2163 4987 2266 5051 hoc,
2280 4987 2432 5051 verbo
2450 5021 2465 5046 ,
2489 4999 2586 5051 u_o_n
2611 4993 2690 5051 est
2711 4987 2899 5051 integra
2921 4989 3137 5051 Gregorii
3160 4991 3420 5051 sententia,
3443 5003 3552 5051 qua:
3575 5003 3736 5051 graece

2165 5051 2234 5116 sic
2255 5045 2458 5116 habet}
2472 5045 2590 5116 agitis
2611 5045 2853 5116 theotétos'.
2865 5047 2894 5097 ὁ
2915 5050 3058 5116 aulai,
3079 5049 3168 5116 teri
3184 5049 3356 5116 Triaria
3379 5045 3734 5116 lioiitologiésate,

2165 5109 2212 5160 ei
2235 5109 2296 5161 de
2321 5108 2557 5158 battlesth
2579 5147 2592 5174 ,
2631 5107 2753 5174 mitis
2776 5107 2994 5174 plntseds'
3021 5107 3216 5174 kaitén,
3229 5110 3388 5174 thoas,
3403 5107 3582 5174 phenei":
3614 5107 3740 5174 parti

2165 5179 2248 5236 tan
2271 5175 2550 5236 ρηεψῃαιρε
2567 5169 2738 5236 latinia
2761 5169 3032 5236 ditésornen-
3057 5171 3188 5236 dosei
3208 5170 3328 5236 gr‘tr,
3363 5169 3423 5222 at
3464 5169 3624 5236 cide,"
3641 5187 3672 5236 ρ
3691 5174 3739 5236 to

2165 5231 2334 5301 ρνριοη
2355 5231 2492 5301 ίίοἱεδι
2508 5230 2588 5281 ka‘s
2603 5231 2648 5301 to
2669 5231 2913 5301 deuteron2
2941 5229 3020 5282 Καὶ
3042 5229 3249 5301 ntulisti.
3273 5229 3420 5301 td.est
3443 5247 3455 5281 :
3481 5229 3622 5301 {.trius
3640 5231 3742 5283 dci-

2165 5291 2294 5358 tativ,
2334 5306 2364 5343 ο
2401 5291 2494 5342 viri
2509 5327 2524 5352 ,
2567 5291 2840 5358 Trinitatem
2883 5291 3154 5356 fateamini,
3171 5301 3271 5352 aut,
3296 5292 3340 5344 si
3374 5292 3538 5358 magis
3565 5295 3736 5358 placet,

2167 5354 2534 5420 ratiocinatum:
2563 5361 2750 5420 :utque
2777 5353 2900 5420 hunc
2937 5367 3128 5420 vocem,
3143 5353 3149 5354 ⁷
3175 5364 3318 5420 Dens,
3363 5369 3392 5404 a
3414 5353 3588 5420 spiam
3609 5353 3740 5406 vobis

2165 5414 2488 5486 precabipsztr.
2527 5424 2647 5486 Nam
2665 5413 2750 5486 'qm'
2787 5415 2995 5486 primum
3011 5415 3166 5486 dedit,
3190 5415 3322 5486 dabit
3345 5413 3553 5480 proferto
3571 5429 3739 5486 secan-

2167 5475 2284 5550 Hunt
2303 5512 2318 5537 ,
2351 5477 2502 5550 idqth
2521 5475 2833 5550 potissmium.
2857 5475 3367 5550 Notantlmanienses
3399 5475 3702 5550 augustiuum
3719 5511 3736 5537 ,

2166 5540 2248 5602 qui
2269 5537 2396 5602 haud
2420 5537 2574 5588 dubie
2597 5539 2742 5602 graeci
2769 5539 3064 5602 eremplaris
3083 5539 3267 5602 cupiam
3290 5551 3384 5602 non
3405 5537 3602 5602 habuit,
3642 5553 3736 5590 non

2166 5553 2248 5602 qui
2271 5553 2396 5588 naua
2425 5553 2574 5588 cuine
2655 5553 2742 5587 reci
2769 5553 3064 5601 exemplaris
3083 5553 3267 5600 cupiam
3290 5553 3384 5588 non
3407 5553 3570 5588 canuit
3586 5573 3602 5598 ,
3642 5553 3736 5590 non

2165 5609 2306 5650 recte
2339 5599 2522 5663 legisse
2539 5635 2555 5658 ,
2593 5553 2964 5663 gzprecabitur;
3003 5613 3090 5662 pro
3108 5635 3124 5663 ,
3159 5599 3539 5663 deprecabinmr,
3587 5601 3738 5649 inter-

2166 5663 2322 5725 pretis
2343 5659 2466 5725 forte
2489 5669 2574 5711 aut
2607 5659 2783 5725 codicis
2821 5663 2937 5712 vitio
2947 5659 2967 5710 ἐ

2168 5720 2466 5793 ἱεκιιιὶαιηςιε
2487 5735 2629 5793 causa
2649 5756 2666 5783 ν
2683 5720 2734 5793 is!
2753 5729 2825 5793 φξβ
2845 5756 2860 5782 ν
2883 5720 3150 5793 rogabitur:
3161 5731 3317 5793 ωηερε.
3330 5729 3424 5793 etc:
3447 5727 3565 5793 lter
3589 5721 3740 5793 intra»

2167 5781 2249 5852 φά
2258 5781 2405 5852 dedit
2429 5781 2659 5852 credere,
2681 5782 2834 5852 dabit_
2849 5789 2894 5852 et
2930 5781 3164 5852 conﬁteri,
3189 5783 3424 5832 exhibent
3446 5782 3600 5852 italico
3621 5781 3740 5833 cliao’

2169 5843 2359 5896 factore
2375 5877 2392 5907 ,
2415 5843 2694 5898 dubitantes
2714 5857 2776 5896 an
2797 5847 2860 5897 sit
2883 5843 3165 5906 interiretis
3183 5879 3198 5910 ,
3231 5857 3293 5895 an
3317 5845 3580 5907 Augustini.

3057 5661 3231 5724 odque'
3254 5661 3440 5710 additur
3481 5663 3740 5724 sementim
