4118 6508
269 455 418 512 ³10⁸15

274 586 379 644 qua
407 565 550 641 quod
593 565 842 630 creditis,
872 563 1116 620 confiteri
1142 563 1376 634 possitis.
1414 581 1433 616 ι
1473 561 1626 618 Dabit
1661 562 1805 618 enim
1831 600 1847 625 ,

271 671 454 717 certus
477 677 626 726 sum;
648 660 738 730 qui
767 659 913 714 dedit
937 657 1078 728 quod
1102 658 1328 728 primum
1349 663 1452 722 est,
1473 655 1620 711 dabit
1636 661 1692 710 et
1709 652 1850 724 qttod

275 752 565 808 secundum
603 761 686 809 est
731 771 750 804 ι
802 749 1117 822 (Gregorius
1156 747 1551 810 Nazianzenus,
1597 745 1743 799 Orat.
1784 744 1854 799 44

274 846 328 899 in
371 843 759 918 Pentecoste»);
799 842 891 913 qui
935 841 1083 897 dedit
1127 839 1350 896 credere
1373 881 1389 908 ,
1429 838 1575 894 dabit
1621 846 1674 892 et
1719 851 1854 892 cou-

276 935 434 991 fiteri.

348 1027 436 1082 50.
463 1026 548 1082 [sd
572 1025 703 1080 tales
725 1024 959 1094 tantique
973 1022 1219 1078 doctores
1233 1022 1473 1077 dicentes
1493 1034 1598 1074 non
1619 1033 1738 1075 esse
1757 1019 1856 1074 ali-
1907 1023 1910 1026 '

275 1117 422 1190 quid,
442 1116 509 1172 de
533 1132 638 1187 quo
662 1125 910 1185 tanquam
931 1115 999 1171 de
1026 1125 1228 1178 nostro,
1247 1113 1389 1185 quod
1410 1113 1566 1168 nobis
1588 1113 1728 1167 Deus
1748 1127 1854 1166 non

276 1207 514 1270 dederit.
543 1206 866 1278 gloriemur;
895 1221 994 1261 nec
1021 1206 1194 1275 ipsum
1223 1220 1318 1259 cor
1351 1213 1591 1259 nostrum
1618 1211 1673 1258 et
1703 1203 1852 1273 cogi-

277 1299 506 1354 tationes
536 1308 746 1353 nostras
785 1298 840 1352 in
886 1306 1144 1367 potestate
1191 1307 1370 1352 nostra
1401 1310 1556 1362 esse;
1595 1302 1652 1350 et
1690 1303 1857 1350 totum

271 1389 465 1444 dantes
495 1389 603 1444 Deo
621 1429 636 1450 ,
667 1398 825 1458 atque
854 1387 923 1442 ab
953 1388 1068 1458 ipso
1108 1403 1205 1442 nos
1230 1387 1471 1456 accipere
1499 1388 1816 1440 confitentes
1839 1426 1855 1453 ,

278 1490 337 1535 ut
376 1482 705 1550 permansuri
736 1488 1111 1534 convertamur
1139 1478 1204 1533 ad
1246 1493 1400 1543 eum;
1432 1487 1488 1532 ut
1513 1477 1564 1532 id
1589 1476 1731 1548 quod
1762 1476 1860 1531 bo-

280 1586 407 1632 num
438 1578 554 1636 est,
595 1569 746 1624 nobis
773 1585 983 1640 quoque
1020 1568 1262 1624 videatur
1288 1569 1484 1622 bonum
1505 1609 1524 1636 ,
1555 1577 1608 1623 et
1637 1567 1860 1622 velimus

280 1660 409 1721 illud
430 1702 444 1725 ,
478 1670 534 1714 ut
556 1659 878 1715 honoremus
901 1661 1066 1714 Deum
1085 1702 1101 1726 ,
1124 1668 1180 1715 et
1203 1659 1520 1728 recipiamus
1541 1657 1817 1714 Christum
1841 1699 1858 1724 ,

273 1760 338 1807 ut
364 1767 432 1808 ex
464 1751 724 1807 indevotis
749 1751 1045 1806 efficiamur
1073 1751 1248 1806 devoti
1275 1761 1328 1806 et
1353 1751 1606 1822 religiosi,
1625 1759 1681 1805 ut
1710 1752 1760 1805 in
1784 1750 1865 1820 ip-

281 1857 396 1909 sam
427 1841 740 1897 Trinitatem
769 1841 1069 1906 credamus,
1095 1850 1148 1896 et
1177 1842 1528 1898 confitcamur
1551 1842 1711 1897 etiam
1733 1856 1863 1896 voce

281 1934 422 2004 quod
452 1934 719 1989 credimus
751 1951 765 1987 :
801 1934 916 1989 haec
945 1933 1125 2002 utique
1145 1933 1331 2004 gratia:
1353 1932 1447 1986 Dei
1473 1931 1737 1999 tribuunt,
1768 1931 1863 1988 Dei

283 2041 504 2080 munera
543 2033 835 2096 agnoscunt
857 2065 872 2090 ,
901 2025 969 2079 ab
1001 2025 1115 2094 ipso
1142 2025 1293 2078 nobis
1313 2066 1329 2090 ,
1357 2039 1462 2078 non
1491 2039 1520 2077 a
1553 2023 1706 2078 nobis
1743 2037 1865 2079 esse

279 2127 568 2173 testantur.
594 2116 857 2188 Numquid
880 2127 1057 2171 autem
1079 2117 1360 2187 quisquam
1383 2131 1477 2172 eos
1502 2116 1740 2171 dicturus
1759 2126 1862 2179 est,

286 2209 356 2263 ita
383 2207 657 2263 confessos
687 2209 841 2262 istam
870 2208 960 2262 Dei
999 2212 1257 2278 gratiam,
1301 2215 1358 2260 ut
1383 2206 1645 2262 auderent
1673 2221 1866 2276 negare

277 2301 401 2371 ejus
429 2301 812 2370 prtescientiam
833 2342 850 2366 ,
881 2315 1038 2371 quam
1067 2316 1172 2353 non
1200 2299 1371 2353 solum
1397 2298 1577 2364 docti,
1601 2299 1693 2353 sed
1716 2299 1867 2352 indo-

279 2393 356 2446 cti
384 2394 541 2446 etiam
581 2392 941 2446 confitentur?
969 2391 1133 2445 Porro
1171 2390 1214 2444 si
1245 2391 1358 2444 haec
1396 2389 1466 2444 ita
1496 2390 1660 2444 Deum
1700 2403 1867 2444 nove-

287 2491 413 2537 rant
456 2482 620 2548 dare,
651 2491 708 2536 ut
737 2497 842 2536 non
887 2481 1194 2552 ignorarent
1218 2497 1338 2535 eum
1378 2481 1625 2535 daturum
1654 2495 1714 2535 se
1750 2495 1870 2536 esse

289 2576 566 2645 przescisse
587 2615 602 2641 ,
629 2583 683 2631 et
708 2574 899 2643 quibus
936 2573 1154 2627 daturus
1180 2581 1322 2628 esset
1347 2588 1451 2628 non
1479 2573 1721 2643 potuisse
1773 2588 1869 2626 ne-

291 2666 463 2731 scire;
491 2665 670 2736 procul
693 2665 855 2720 dubio
876 2675 1129 2718 noverant.
1158 2663 1696 2733 prmdestinationem,
1711 2678 1870 2733 quam

292 2775 387 2829 per
405 2760 441 2812 A
453 2757 685 2828 postolos
702 2755 1038 2827 praedicatum
1061 2764 1242 2810 contra
1261 2768 1428 2809 novos
1451 2753 1730 2809 lncreticos
1745 2767 1873 2822 ope-

293 2851 467 2906 rosius
492 2849 901 2920 diligentiusque
921 2847 1290 2902 defendimus:
1316 2863 1416 2902 nec
1437 2857 1612 2902 tamen
1640 2848 1720 2902 eis
1745 2847 1875 2901 obe-

294 2940 543 2994 dientiam
573 2939 1001 3008 pra-dicantihus,
1025 2948 1078 2992 et
1097 2939 1162 2990 ad
1183 2953 1300 2992 eam
1323 2938 1460 2992 sicut
1480 2938 1702 3007 quisque
1729 2947 1877 3006 pole-

287 3029 659 3085 rat'ferventer
677 3029 1029 3093 hortantibus,
1049 3029 1156 3084 ullo
1172 3029 1331 3084 modo
1349 3040 1492 3083 recte
1508 3029 1794 3095 diceretur,
1817 3029 1875 3084 Si

297 3138 404 3178 Ion
419 3121 585 3177 vultis
598 3121 974 3185 obedientiam,
994 3120 1058 3174 ad
1076 3135 1232 3191 quam
1256 3136 1352 3174 nos
1377 3120 1686 3186 accemlitis,
1708 3121 1758 3174 iu
1783 3137 1878 3174 nn-

299 3223 413 3268 stro
438 3213 600 3267 corde
626 3212 910 3282 frigescere
929 3253 943 3278 ,
978 3211 1144 3266 nolite
1169 3211 1322 3266 nobis
1348 3211 1500 3264 istatn
1533 3211 1626 3265 Dei
1653 3209 1878 3280 gratiam

301 3304 593 3376 przedicarc
611 3345 625 3367 ,
654 3320 755 3374 qua
789 3304 956 3359 Deum
982 3302 1109 3358 dare
1138 3302 1410 3370 fatemini,
1437 3317 1557 3372 quat
1595 3309 1652 3355 ut
1674 3316 1772 3356 nos
1800 3303 1878 3356 fa-

300 3395 503 3450 ciamus
533 3393 835 3449 hortamini.

371 3485 597 3542 CAPUT
627 3484 745 3540 ΧΧ.
775 3513 846 3525 -
870 3484 962 3540 51.
993 3483 1348 3551 Quamobrem
1369 3480 1412 3535 si
1440 3491 1492 3536 et
1519 3479 1758 3550 Apostoli
1779 3521 1793 3543 ,
1828 3487 1883 3536 et

304 3577 552 3632 doctores
577 3575 831 3630 Ecclesiae
850 3575 938 3644 qui
967 3575 1047 3630 eis
1073 3582 1444 3628 successerunt
1468 3588 1666 3642 eosque
1694 3571 1883 3626 imitati

307 3677 465 3733 sunt,
509 3679 795 3736 utrumque
825 3665 1117 3729 faciebant,
1166 3663 1216 3718 id
1242 3672 1356 3728 est,
1386 3672 1440 3718 et
1481 3663 1571 3718 Dei
1615 3663 1839 3733 gratiam
1866 3703 1881 3728 ,

309 3775 427 3828 qua:
459 3774 562 3811 non
607 3757 899 3812 secundum
946 3755 1134 3809 merita
1180 3763 1358 3808 nostra
1389 3754 1577 3822 datur,
1625 3755 1886 3808 veraciter

309 3849 672 3924 prtedicabant
691 3890 706 3914 ,
735 3856 789 3903 et
818 3847 956 3916 piam
982 3845 1336 3900 obedientiam
1362 3845 1639 3916 prarceptis
1664 3845 1889 3899 salubri-

313 3942 412 3997 bus
442 3939 771 3995 instruebant
803 3957 814 3992 :
848 3938 973 4009 quid
1000 3947 1082 3993 est
1105 3937 1244 4008 quod
1271 3937 1468 3992 invicta
1506 3937 1741 3992 conclusi
1771 3936 1887 3990 vio-

313 4033 473 4088 lentia
501 4031 739 4086 veritatis
764 4040 907 4085 recte
932 4044 990 4084 se
1018 4029 1102 4083 isti
1142 4029 1307 4083 nostri
1338 4028 1518 4087 dicere
1543 4027 1886 4092 existimant,

320 4141 339 4174 ι
379 4123 488 4177 Etsi
520 4137 702 4175 verum
725 4130 806 4174 est
834 4119 978 4191 quod
1007 4119 1200 4174 dicitur
1224 4117 1290 4173 de
1313 4117 1774 4187 prmdestiuationc
1800 4118 1893 4172 be-

316 4216 625 4271 neficiorum
650 4215 762 4277 Dei,
783 4229 887 4266 non
910 4222 990 4268 est
1013 4221 1185 4265 tamen
1213 4210 1420 4281 populis
1448 4209 1837 4278 prtedicandum
1868 4227 1887 4261 ι

321 4309 540 4382 (Supra,
559 4307 611 4362 in
653 4307 876 4376 epistolis
901 4294 1137 4375 Prosperi
1158 4301 1466 4369 et-llilarii).
1495 4300 1893 4356 Pratdicandunt

321 4409 404 4456 est
425 4415 661 4470 prorsus,
687 4407 743 4452 ut
762 4397 850 4468 qui
879 4398 1036 4451 habet
1066 4410 1220 4450 aures
1241 4394 1510 4460 audiendi,
1538 4393 1719 4446 audiat
1743 4391 1893 4461 (Luc.

321 4508 414 4547 vut
434 4534 449 4557 ,
477 4490 552 4564 8).
581 4491 710 4559 Quis
735 4500 910 4544 autem
944 4489 1132 4552 habet,
1167 4487 1213 4542 si
1237 4504 1341 4542 non
1368 4486 1575 4556 accepit
1601 4485 1668 4539 ab
1693 4485 1782 4539 illo
1807 4483 1899 4555 qui

326 4588 415 4648 ait,
441 4586 580 4639 Dabo
598 4585 666 4638 eis
687 4601 776 4636 cor
799 4581 1129 4652 cognoscendi
1146 4596 1244 4643 me,
1263 4588 1309 4632 et
1332 4596 1478 4632 aures
1503 4579 1758 4631 audientes
1771 4575 1903 4647 .(Ba-

327 4678 451 4732 ruch
483 4693 516 4731 ιι
538 4719 552 4738 ,
585 4675 714 4747 3i)?
739 4675 894 4727 Certe
923 4672 1010 4740 qui
1044 4686 1148 4724 non
1187 4670 1390 4740 accepit
1410 4671 1462 4734 ί,
1494 4668 1698 4738 rejiciat
1727 4684 1740 4719 :
1774 4666 1902 4720 dum

331 4777 506 4823 tamen
537 4767 624 4836 qui
650 4765 812 4835 capit,
843 4770 1017 4816 sumat
1041 4770 1094 4815 et
1121 4759 1285 4823 bibat,
1318 4759 1460 4811 bibat
1483 4766 1538 4812 et
1563 4758 1722 4810 vivat.
1756 4756 1908 4811 Sicut

332 4862 475 4918 enim
503 4856 838 4930 przedicanda
865 4863 944 4909 est
972 4854 1160 4922 pictas,
1181 4859 1240 4904 ut
1264 4849 1331 4904 ah
1355 4864 1420 4903 eo
1446 4849 1533 4918 qui
1566 4847 1724 4902 habet
1749 4859 1908 4900 aures

333 4951 616 5017 audiendi,
649 4949 789 5004 Deus
818 4955 961 5001 recte
990 4943 1228 5006 colatur;
1271 4938 1601 5009 prtedicanda
1631 4946 1714 4991 est
1755 4934 1910 5005 ιιιιιΙί-

337 5045 456 5098 citia
477 5085 490 5109 ,
521 5051 580 5097 ut
603 5041 668 5094 ab
700 5054 766 5094 eo
791 5036 878 5107 qui
907 5033 1067 5090 habet
1095 5047 1250 5087 aures
1286 5027 1533 5084 audiendi
1556 5026 1728 5092 ριιίιιίι
1759 5025 1911 5093 geni-

340 5134 530 5188 talibus
574 5130 827 5187 membris
874 5125 1112 5182 illicitum
1158 5130 1529 5193 perpetretur;
1579 5115 1912 5188 przedicanda

341 5234 424 5282 est
465 5223 728 5286 charitas,
779 5228 838 5274 ut
878 5219 946 5274 ab
988 5233 1054 5274 eo
1091 5216 1179 5288 qui
1220 5214 1380 5269 habet
1425 5227 1581 5267 aures
1623 5208 1910 5276 audiendi,

344 5319 486 5372 Deus
527 5322 582 5369 et
625 5312 893 5381 proximus
930 5309 1175 5379 diligatur
1207 5324 1221 5360 :
1253 5307 1324 5360 ἰια
1365 5301 1698 5374 prxedicanda
1738 5310 1820 5355 est
1861 5308 1918 5356 et

344 5410 444 5464 ista
488 5391 881 5475 prmdestinatio
925 5397 1301 5454 beneficiorum
1347 5395 1476 5458 Dei,
1524 5402 1579 5448 ut
1626 5391 1716 5462 qui
1760 5390 1920 5445 habet

345 5511 504 5553 aures
530 5489 778 5549 audiendi
804 5529 822 5556 ,
854 5503 956 5544 non
986 5487 1039 5543 in
1069 5501 1128 5542 se
1155 5486 1272 5556 ipso
1293 5525 1310 5554 ,
1341 5483 1437 5540 sed
1467 5484 1519 5538 in
1551 5481 1775 5537 Domino
1799 5479 1920 5550 glo-

348 5591 533 5656 ﬂetur.

421 5681 510 5737 52.
550 5674 699 5744 Quod
731 5680 906 5727 autem
937 5668 1157 5732 dicunt,
1192 5684 1212 5719 ι
1237 5681 1342 5720 non
1369 5679 1502 5734 opus
1539 5663 1700 5718 fuisse
1738 5660 1924 5731 hujus-

354 5773 559 5832 cemodi
589 5762 962 5839 disputationis
987 5761 1190 5817 incerto
1219 5758 1394 5816 minus
1419 5755 1821 5828 intelligentium
1849 5759 1928 5809 tot

421 5905 440 5937 ι
474 5900 752 5959 mollienda
775 5903 880 5956 ιιι..
902 5905 996 5947 non
1017 5888 1161 5956 capit.

1292 447 1499 504 LIBER
1533 447 1628 503 'DE
1667 447 1845 503 DONU
1884 446 2497 510 l’EliSEVER.-\NTI:E.

3403 457 3540 514 {0‘26

1959 561 2122 618 corda
2148 564 2344 619 turbari
2375 581 2388 618 :
2417 563 2664 635 quoniam
2691 580 2798 621 non
2825 565 3000 623 minus
3028 569 3230 626 utiliter
3275 571 3392 627 sine
3439 574 3540 630 hac

1959 651 2266 708 definitione
2286 654 2762 723 praedestinationis
2790 671 2886 726 per
2918 665 2994 712 tot
3021 674 3191 713 annos
3218 660 3432 716 defensa
3459 675 3541 718 est

1959 742 2215 798 catholica
2247 744 2379 800 fides
2402 786 2418 811 ,
2451 755 2560 802 tum
2587 757 2772 803 contra
2801 749 2936 803 alios
2959 789 2974 814 ,
3007 758 3116 804 tum
3149 752 3378 808 maxime
3405 767 3536 808 con-

1962 841 2042 889 tra
2067 834 2376 905 Pelagianos
2398 875 2414 904 ,
2447 845 2524 891 tot
2560 837 2940 894 catholicorum
2985 848 3040 894 et
3075 841 3298 895 aliorum
3344 852 3397 896 et
3437 859 3538 898 no-

1961 926 2086 982 stris
2111 927 2531 996 praecedentibus
2556 929 2704 985 libris
2729 949 2748 984 ι
2775 929 2993 1003 (Supra,
3017 932 3069 985 in
3094 927 3304 1002 epistola
3331 933 3541 1001 Hilarii,

1962 1035 2016 1072 n.
2044 1021 2098 1086 8,
2131 1020 2231 1074 col.
2270 1019 2570 1094 957-958):
2610 1023 2830 1076 multum
2869 1024 3034 1078 miror
3056 1039 3149 1078 eos
3183 1024 3404 1091 dicere;
3443 1041 3543 1082 nec

1962 1109 2235 1166 attendere
2259 1153 2275 1178 ,
2307 1120 2364 1166 ut
2390 1111 2458 1166 de
2491 1111 2612 1166 aliis
2657 1112 2744 1168 hic
2780 1122 2979 1168 taceam
3005 1101 3206 1184 ,Iipsos
3245 1115 3408 1171 libros
3442 1133 3543 1171 no-

1963 1211 2106 1258 stros
2122 1210 2179 1258 et
2204 1211 2488 1273 antequam
2513 1203 2778 1274 Pelagiani
2797 1219 3055 1274 apparere
3079 1206 3387 1274 coepissent,
3415 1221 3546 1261 con-
3599 1255 3606 1262 .

1964 1294 2192 1363 scriptos
2217 1303 2272 1350 et
2300 1295 2472 1351 editos
2496 1337 2512 1362 ,
2539 1303 2594 1350 et
2614 1295 2792 1351 videre
2811 1311 2968 1366 quam
2999 1299 3178 1352 multis
3197 1312 3380 1352 eorum
3410 1299 3542 1354 locis

1965 1385 2196 1442 futuram
2227 1388 2525 1444 nescientes
2549 1388 2881 1458 Pelagianam
2909 1388 3152 1444 haeresim
3174 1389 3508 1446 cmdebamus
3525 1431 3543 1456 ,

1967 1477 2306 1548 praedicando
2330 1480 2554 1549 gratiam
2581 1519 2596 1544 ,
2629 1495 2734 1548 qua
2775 1493 2873 1534 uos
2905 1481 3045 1536 Deus
3085 1480 3276 1535 liberat
3313 1496 3343 1534 a
3392 1481 3546 1538 malis

1965 1569 2237 1624 erroribus
2264 1578 2319 1625 et
2343 1569 2584 1625 moribus
2607 1569 2805 1625 nostris
2828 1612 2844 1637 ,
2871 1585 2975 1624 non
3002 1569 3422 1639 praecedentibus
3449 1570 3546 1624 bo-

1965 1661 2051 1715 nis
2079 1661 2283 1716 meritis
2309 1661 2505 1716 nostris
2533 1702 2549 1728 ,
2581 1660 2784 1716 faciens
2812 1661 2913 1716 hoc
2939 1661 3234 1716 secundum
3259 1661 3546 1731 gratuitam

1965 1753 2386 1808 misericordiam
2415 1768 2586 1808 suam.
2613 1753 2765 1819 Quod
2795 1753 3004 1822 plenius
3028 1768 3216 1822 sapere
3241 1754 3377 1823 εαξρί
3405 1754 3455 1808 in
3482 1769 3546 1809 ea

1964 1843 2358 1914 disputatione,
2387 1861 2544 1916 quam
2571 1845 2758 1914 scripsi
2789 1845 2855 1900 ad
2892 1844 3060 1900 beata:
3101 1845 3370 1900 memoria:
3405 1845 3548 1901 Sim-

1967 1939 2250 2008 plicianum
2274 1939 2582 2009 episcopum
2605 1937 3016 1994 Mediolanensis
3041 1938 3291 1992 Ecclesia:
3313 1979 3328 2002 ,
3359 1938 3413 1992 in
3441 1939 3547 1993 mei

1967 2032 2301 2100 episcopatus
2328 2029 2547 2086 exordio
2571 2073 2587 2096 ,
2616 2029 2830 2099 quando
2867 2037 2924 2084 et
2963 2028 3168 2084 initium
3198 2026 3320 2083 fidei
3349 2027 3547 2084 donum

1970 2121 2066 2178 Dei
2096 2137 2216 2178 esse
2243 2122 2508 2193 cognovi,
2539 2131 2595 2178 et
2623 2121 2850 2176 asserui.
3527 2165 3545 2183 ,

2041 2215 2130 2268 53.
2169 2212 2304 2282 Quid
2334 2222 2511 2267 autem
2542 2227 2780 2268 meorum
2809 2211 3184 2280 opusculorum
3226 2209 3552 2282 frequentius

1971 2314 2025 2361 et
2053 2305 2414 2361 delectabilius
2443 2303 2778 2358 innotescere
2804 2301 2973 2371 potuit
2995 2340 3012 2366 ,
3059 2317 3215 2370 quam
3247 2301 3365 2355 libri
3408 2301 3551 2355 Con-

1973 2397 2260 2451 fessionum
2288 2394 2562 2450 mearum?
2584 2394 2716 2449 Cum
2740 2401 2794 2447 et
2823 2392 2968 2462 ipsos
2989 2391 3243 2446 ediderim
3269 2399 3551 2461 antequam

1975 2487 2259 2559 Pelagiana
2287 2486 2510 2540 haeresis
2537 2485 2867 2547 exstitisset;
2898 2483 2949 2536 in
2993 2483 3072 2537 eis
3107 2491 3251 2537 certe
3289 2481 3396 2536 dixi
3442 2481 3554 2536 Deo

1975 2587 2161 2632 nostro
2183 2618 2198 2641 ,
2231 2585 2284 2630 et
2308 2590 2450 2645 smpc
2473 2574 2580 2630 dixi
2607 2593 2622 2629 :
2655 2593 2674 2625 α
2707 2575 2781 2628 Da
2808 2573 2948 2643 quod
2971 2572 3127 2642 jnbcs
3150 2613 3164 2636 ,
3189 2582 3242 2628 et
3260 2573 3386 2642 jubc
3412 2571 3551 2643 quod

1973 2668 2056 2722 vis
2091 2686 2110 2720 ι
2143 2668 2161 2738 (
2192 2666 2304 2721 Lib.
2337 2666 2401 2721 l0
2422 2708 2437 2731 ,
2468 2682 2620 2736 capp.
2647 2665 2714 2720 19
2734 2707 2748 2730 ,
2774 2665 2834 2718 51
2867 2704 2881 2728 ,
2925 2665 2992 2719 57
3025 2666 3062 2730 ).
3089 2663 3218 2730 Quae
3249 2678 3365 2717 mea
3396 2662 3555 2716 verba

1977 2759 2224 2828 Pelagius
2249 2759 2428 2811 Romze
2452 2798 2468 2820 ,
2499 2772 2622 2812 cum
2649 2771 2678 2808 a
2707 2755 2936 2825 quodam
2970 2753 3133 2808 fratre
3159 2765 3214 2808 ct
3241 2752 3559 2823 coepiscopo

1979 2865 2099 2904 meo
2131 2849 2351 2903 fuissent
2381 2863 2446 2901 eo
2490 2854 2756 2918 praesente
2798 2853 3208 2900 commemorata
3237 2886 3253 2906 ,
3287 2843 3425 2899 ferre
3453 2861 3558 2897 non

1985 2939 2153 3010 pomit
2180 2979 2195 3002 ,
2229 2947 2284 2992 et
2307 2937 2681 2992 contradicens
2717 2935 2990 3005 aliquanto
3028 2934 3346 2988 commotius
3370 2974 3385 2998 ,
3425 2947 3561 3002 pene

1979 3044 2101 3083 cum
2129 3043 2194 3082 eo
2220 3027 2308 3096 qui
2337 3027 2422 3080 illa
2453 3033 2964 3080 commemoraverat
2992 3025 3230 3093 litigavit.
3272 3023 3406 3092 Quid
3434 3039 3562 3078 vero

1980 3117 2226 3188 primitus
2250 3125 2305 3172 et
2333 3117 2560 3170 maxime
2591 3117 2730 3170 Deus
2763 3113 2913 3184 jubet
2937 3155 2952 3180 ,
2985 3115 3083 3168 nisi
3117 3122 3174 3167 ut
3200 3113 3479 3167 credamus
3508 3111 3560 3168 in

1982 3233 2102 3273 eum
2127 3217 2150 3270 ‘i
2183 3216 2249 3270 Et
2273 3214 2376 3269 hoc
2401 3229 2530 3284 ergo
2557 3214 2673 3284 ipse
2701 3211 2790 3266 dat
2817 3251 2834 3276 ,
2861 3211 2904 3265 si
2934 3210 3068 3264 bene
3107 3209 3177 3263 illi
3215 3209 3413 3263 dictum
3440 3216 3521 3261 est
3546 3248 3562 3271 ,

1986 3329 2006 3364 ι
2043 3311 2117 3365 Da
2145 3307 2285 3377 quod
2309 3307 2486 3376 jubes.
2518 3324 2537 3358 ι
2570 3305 2634 3358 Et
2661 3307 2713 3357 in
2739 3301 2941 3356 eisdem
2969 3302 3127 3356 etiam
3157 3299 3308 3353 librls
3329 3297 3470 3368 quod
3494 3296 3568 3352 du

1984 3418 2101 3457 mea
2127 3399 2475 3455 conversione
2502 3396 2708 3452 narravi
2741 3393 2895 3467 (Lib.
2917 3394 2982 3459 5,
3021 3409 3172 3463 capp.
3215 3392 3273 3446 ll
3299 3433 3314 3458 ,
3363 3391 3431 3445 l2
3453 3429 3471 3456 ,
3515 3399 3565 3450 et

1986 3495 2076 3550 lib.
2105 3494 2170 3561 9,
2194 3510 2309 3563 cap.
2342 3492 2376 3548 8
2401 3495 2440 3561 ),
2470 3491 2578 3545 Deo
2607 3504 2692 3544 mc
2717 3496 3059 3544 convertente
3099 3485 3165 3540 ad
3212 3501 3328 3540 eam
3369 3475 3523 3539 fidem
3550 3525 3564 3545 .

1987 3601 2145 3657 quam
2165 3581 2463 3637 miserrima
2484 3590 2536 3636 et
2559 3577 2904 3634 furiosissima
2923 3577 3240 3644 loquacitate
3261 3573 3529 3628 vastabam
3549 3614 3566 3640 ,

1990 3691 2167 3730 nonne
2199 3674 2268 3728 ita
2302 3681 2570 3726 narratum
2599 3684 2718 3726 esse
2749 3667 3065 3722 meministis
3087 3708 3103 3732 ,
3133 3673 3190 3720 ut
3228 3662 3565 3720 ostenderem

1990 3781 2077 3820 me
2105 3763 2350 3818 fidelibus
2377 3770 2432 3816 et
2458 3759 2781 3830 quoﬁdianis
2808 3758 2994 3813 matris
3030 3771 3162 3811 mea:
3209 3755 3457 3826 lacrymis
3503 3769 3572 3809 ne

1993 3857 2221 3926 perirem
2269 3853 2431 3908 fuisse
2473 3849 2831 3906 concessum?
2876 3848 2974 3904 Ubi
3026 3847 3206 3918 utique
3251 3845 3569 3917 przedicavi,

1993 3965 2098 4006 non
2127 3949 2298 4004 solum
2324 3962 2540 4002 aversas
2564 3962 2594 4000 a
2626 3955 2771 4001 recta
2799 3945 2900 4001 fide
2923 3986 2938 4011 ,
2982 3944 3078 4000 sed
3121 3943 3372 3998 adversas
3413 3941 3573 3998 etiam

1994 4049 2156 4095 rectre
2184 4038 2340 4102 fidei,
2375 4039 2537 4091 Deum
2565 4051 2658 4090 sua
2687 4036 2853 4106 gratia
2879 4033 2944 4088 ad
2971 4049 3087 4088 eam
3130 4043 3447 4087 convertere
3480 4029 3579 4084 ho-

1997 4135 2198 4190 miuum
2222 4133 2541 4186 voluntates.
2570 4131 2644 4184 De
2665 4128 2978 4200 proficiente
3001 4141 3160 4196 porro
3181 4125 3573 4195 perseverantia

1997 4223 2444 4295 quemadmodum
2477 4222 2639 4275 Deum
2670 4220 2963 4290 rogaverim
2985 4258 3001 4284 ,
3034 4227 3088 4272 et
3123 4217 3271 4272 scitis
3292 4257 3308 4282 ,
3336 4224 3390 4270 et
3425 4223 3578 4286 pote-

2000 4317 2096 4370 stis
2126 4329 2404 4369 recensere
2430 4327 2550 4367 cum
2571 4311 2746 4365 vultis.
2765 4309 2952 4364 Omnia
2982 4309 3158 4378 itaque
3184 4308 3274 4362 Dei
3296 4306 3433 4361 dona
3458 4321 3577 4376 qua:

2004 4405 2056 4459 in
2085 4404 2272 4460 eodem
2305 4417 2468 4472 Opere
2493 4403 2604 4456 sive
2631 4401 2806 4470 optavi
2833 4441 2848 4466 ,
2881 4400 2992 4454 sive
3023 4398 3232 4452 laudavi
3256 4438 3270 4462 ,
3298 4397 3446 4466 quis,
3476 4411 3580 4449 non

2002 4497 2176 4552 dicam
2208 4511 2401 4566 ncgare
2420 4535 2432 4557 ,
2461 4495 2554 4551 scd
2587 4493 2829 4548 dubitare
2856 4492 3042 4546 saltem
3070 4489 3261 4544 audeat
3291 4488 3457 4542 Deum
3483 4486 3582 4541 da—

2006 4601 2180 4646 turum
2208 4603 2267 4643 se
2291 4602 2410 4642 esse
2436 4585 2715 4658 praescisse
2737 4625 2751 4647 ,
2800 4593 2852 4636 et
2891 4582 3082 4652 quibus
3128 4579 3345 4634 daturus
3379 4577 3583 4642 fuerit,

2009 4694 2276 4750 nunquam
2315 4677 2549 4747 potuisse
2593 4672 2841 4729 nescire?
2888 4672 3011 4726 [hec
3051 4680 3134 4724 est
3185 4668 3582 4738 przedestinatio

2009 4772 2285 4827 manifesta
2306 4778 2361 4822 et
2379 4778 2521 4822 certa
2542 4773 2846 4820 sanctorum
2871 4779 2884 4815 :
2905 4775 3060 4830 quam
3083 4767 3264 4830 postea
3280 4755 3587 4826 diligentius

2011 4875 2064 4921 et
2089 4863 2364 4934 Operosius
2389 4900 2405 4926 ,
2435 4873 2554 4913 cum
2575 4857 2685 4927 jam
2711 4862 2894 4910 contra
2934 4853 3246 4921 Pelagianos
3285 4849 3582 4918 disputare-

2013 4973 2133 5015 mus
2157 4998 2172 5023 ,
2200 4954 2486 5012 defendere
2517 4951 2807 5006 necessitas
2830 4947 3101 5016 compulit.
3134 4943 3421 4999 Didicimus
3442 4943 3588 4998 enim

2017 5049 2250 5119 singulas
2277 5057 2512 5116 quasque
2536 5041 2768 5096 hazreses
2797 5037 3038 5093 intulisse
3064 5034 3316 5090 Ecclesia:
3344 5033 3590 5105 proprias

2019 5138 2340 5210 quaestiones
2410 5141 2594 5188 contra
2647 5145 2780 5200 quas
2847 5127 3152 5196 diligentius
3212 5123 3591 5179 defenderetur

2019 5229 2292 5298 Scriptura
2323 5223 2500 5278 divina
2523 5263 2538 5286 ,
2570 5235 2728 5292 quam
2755 5219 2797 5271 si
2829 5217 2970 5271 nulla
3018 5216 3138 5270 talis
3183 5213 3473 5269 necessitas
3501 5228 3596 5268 co-

2021 5328 2186 5393 geret.
2218 5315 2354 5385 Quid
2380 5321 2556 5369 autem
2586 5311 2758 5380 coegit
2787 5309 2900 5363 loca
2940 5307 3331 5377 Scripturarmn
3359 5347 3375 5372 ,
3406 5305 3598 5376 quibus

2026 5406 2418 5482 prmdestinatio
2444 5401 2812 5459 commendata
2837 5407 2918 5454 est
2938 5439 2955 5466 ,
2976 5397 3244 5467 copiosius
3273 5403 3326 5450 et
3349 5395 3600 5450 enuclea-

2029 5502 2132 5556 tius
2158 5499 2260 5554 isto
2288 5506 2472 5551 nostro
2500 5493 2681 5547 labore
2708 5487 2958 5555 defendi,
2997 5488 3102 5542 nisi
3149 5485 3290 5557 quod
3335 5485 3601 5551 Pelagiani

2029 5595 2212 5649 dicunt
2239 5589 2462 5660 gratiam
2511 5585 2604 5640 Dei
2649 5582 2939 5638 secundum
2979 5581 3167 5636 merita
3215 5587 3395 5632 nostra
3441 5573 3602 5630 dari?

2032 5683 2171 5759 quod
2200 5681 2322 5754 quid
2349 5689 2432 5736 est
2456 5676 2596 5733 aliud
2623 5691 2780 5747 quam
2809 5674 2992 5746 gratize
3017 5671 3234 5726 omnino
3259 5666 3514 5738 negatio?

2101 5773 2328 5833 CAPUT
2357 5769 2498 5826 XXI.
2519 5797 2593 5811 -—-
2611 5769 2698 5824 54.
2732 5765 2857 5821 lizcc
2880 5779 3006 5835 ergo
3033 5773 3088 5818 ut
3117 5763 3317 5831 ingrata
3350 5759 3456 5810 Deo
3481 5768 3598 5807 scn-

2039 5868 2203 5927 tentia
2232 5866 2532 5922 destruatur
2555 5903 2571 5932 ,
2594 5859 2839 5934 gratuitis
2862 5857 2952 5914 Dei
2975 5853 3240 5912 beneficiis
3262 5849 3450 5921 quibus
3473 5845 3604 5901 libe-
