4118 6586
514 530 534 583 Ι
545 525 646 581 ΟΞΊ

509 658 691 698 ramur
719 639 932 696 inimica
955 679 970 706 ,
1007 645 1062 694 et
1096 636 1304 690 initium
1353 633 1510 696 ﬁdei,
1545 640 1600 686 et
1640 629 1692 684 in
1735 643 1800 683 ea
1843 641 2012 698 usque
2041 627 2096 680 in

509 734 672 788 ﬁnem
721 728 1174 801 perseverantiam
1221 725 1514 782 secundum
1559 720 1908 791 Scripturas,
1955 717 2098 773 unde

504 827 616 896 jam
647 824 812 878 multa
839 822 1070 878 diximus
1093 861 1110 884 ,
1129 819 1268 875 dona
1297 819 1394 874 Dei
1415 831 1536 872 esse
1562 813 1920 870 defendimus.
1947 812 2096 879 Quo-

509 919 654 972 niam
699 916 742 969 si
789 930 822 972 a
869 913 1024 970 nobis
1069 927 1190 968 esse
1235 910 1460 964 dicimus
1509 907 1714 962 initium
1755 903 1918 968 ﬁdei,
1949 911 2096 957 uteo

505 1017 702 1068 camera
730 1006 821 1062 Dei
843 1005 986 1060 dona
1008 1017 1312 1060 mereamur
1336 1000 1577 1069 accipere
1601 1015 1616 1062 ;
1643 996 1970 1052 concludunt
1993 996 2095 1050 Pe-

507 1101 700 1171 lagiani
724 1139 739 1163 ,
783 1101 1009 1170 gratiam
1049 1097 1140 1152 Dei
1179 1095 1470 1152 secundum
1505 1093 1693 1147 merita
1733 1101 1914 1146 nostra
1955 1088 2091 1145 dan“.

505 1193 658 1261 Quod
681 1193 752 1248 ita
773 1191 1050 1247 exhorruit
1071 1189 1332 1244 catholica
1357 1186 1488 1240 ﬁdes
1504 1227 1517 1247 ,
1533 1193 1590 1238 ut
1606 1183 1846 1238 damnari
1876 1183 2094 1247 timens,

507 1291 608 1342 hoc
637 1286 883 1355 Pelagius
911 1285 1025 1353 ipse
1047 1282 1398 1338 damnaverit.
1439 1280 1677 1349 itemque
1720 1278 1766 1331 si
1809 1278 2036 1332 dicimus
2062 1291 2094 1332 ι

508 1378 662 1433 nobis
687 1393 808 1433 esse
835 1375 1283 1444 perseverantiam
1314 1380 1552 1427 nostram
1579 1413 1595 1438 ,
1635 1385 1744 1424 non
1772 1383 1801 1422 a
1828 1368 2052 1424 Domino
2077 1385 2092 1434 ;

506 1471 831 1542 respondent
859 1470 932 1525 illi
961 1509 980 1535 ,
1011 1469 1082 1524 ita
1111 1483 1210 1522 nos
1231 1483 1262 1521 a
1291 1466 1444 1522 nobis
1467 1465 1668 1519 habere
1693 1463 1900 1517 initium
1927 1461 2050 1516 ﬁdei
2075 1501 2091 1527 ,

505 1567 646 1621 sicut
695 1566 892 1630 (litem,
937 1565 1018 1619 sic
1057 1571 1534 1632 argumentantes,
1577 1558 1746 1612 multo
1785 1557 1952 1627 magis
1995 1569 2094 1610 nos

505 1659 706 1714 habere
731 1675 760 1712 a
789 1657 943 1713 nobis
965 1655 1091 1712 illud
1115 1655 1323 1710 initium
1349 1695 1364 1721 ,
1387 1653 1432 1708 si
1459 1668 1488 1706 a
1515 1651 1668 1707 nobis
1690 1651 1948 1706 habemus
1973 1663 2095 1718 per-

505 1766 726 1806 manere
745 1763 911 1820 usque
935 1749 988 1803 in
1009 1748 1168 1803 ﬁnem
1195 1789 1209 1812 ,
1233 1761 1358 1802 cum
1379 1744 1638 1817 perficere
1659 1759 1818 1814 quam
1841 1740 2096 1796 inchoare

506 1843 575 1896 sit
601 1842 773 1910 majus
799 1857 812 1893 :
841 1854 906 1894 ac
931 1839 1008 1894 sic
1035 1838 1327 1893 identidem
1355 1834 1718 1900 concludunt,
1743 1833 1970 1903 gratiam
1997 1831 2092 1886 Dei

503 1931 795 1988 secundum
834 1931 1024 1986 merita
1065 1937 1246 1983 nostra
1287 1926 1424 1982 dari.
1476 1925 1534 1980 Si
1581 1934 1759 1980 autem
1811 1933 2094 1993 utrumque

505 2022 604 2077 Dei
630 2022 826 2077 donum
853 2031 938 2077 est
963 2063 978 2086 ,
1009 2029 1064 2076 et
1091 2021 1208 2075 haec
1229 2019 1370 2074 Deus
1395 2017 1538 2078 dona
1565 2032 1658 2072 sua
1691 2015 1870 2088 (quod
1897 2027 2093 2084 negare

500 2115 622 2187 quis
647 2115 865 2185 potest?
893 2117 912 2186 )
941 2114 1190 2169 daturum
1220 2127 1278 2168 se
1313 2127 1436 2168 esse
1478 2110 1780 2181 prmscivit;
1809 2105 2092 2179 prta-desti-

500 2207 650 2266 natio
675 2205 1014 2277 praedicanda
1044 2214 1126 2260 est
1153 2247 1168 2268 ,
1201 2211 1258 2258 ut
1285 2201 1457 2274 possit
1482 2217 1606 2256 vera
1635 2200 1728 2255 Dei
1754 2199 1922 2270 gratia
1945 2239 1960 2264 ,
1989 2195 2095 2254 hoc

501 2305 588 2352 εει
612 2339 626 2363 ,
653 2312 772 2367 qua:
797 2311 904 2350 non
933 2295 1224 2352 secundum
1273 2294 1458 2350 merita
1497 2301 1677 2347 nostra
1721 2291 1911 2357 datur,
1941 2289 2092 2345 insu-

500 2390 724 2460 perabili
751 2390 1046 2444 munitione
1071 2387 1306 2443 defendi.

449 2475 458 2480 ’
579 2483 668 2538 55.
712 2483 780 2536 Et
801 2497 902 2552 ego
928 2481 1141 2552 quidem
1172 2482 1222 2534 in
1255 2479 1346 2534 illo
1374 2480 1516 2534 libro
1535 2520 1551 2544 ,
1579 2477 1730 2547 cujus
1756 2484 1839 2532 est
1863 2475 2049 2530 titulus
2073 2516 2089 2543 ,

505 2573 584 2629 De
611 2574 963 2642 Correptione
1001 2583 1054 2627 et
1088 2571 1270 2627 Gratia
1294 2613 1308 2637 ,
1357 2571 1449 2642 qui
1496 2569 1740 2624 sufﬁcere
1773 2585 1879 2623 non
1921 2567 2094 2638 potuit

503 2665 754 2720 omnibus
780 2665 1126 2720 dilectoribus
1155 2664 1352 2718 nostris
1377 2704 1392 2730 ,
1437 2672 1562 2734 puto
1597 2678 1682 2718 me
1729 2663 1799 2716 ita
1847 2661 2092 2732 posuisse

501 2758 699 2812 donum
731 2757 822 2812 Dei
848 2771 964 2811 esse
989 2799 1005 2824 ,
1054 2757 1213 2811 etiam
1255 2770 1603 2826 perseverare
1644 2769 1814 2824 usque
1845 2753 1895 2807 in
1929 2752 2088 2808 ﬁnem

507 2851 526 2920 (
555 2849 632 2904 De
657 2848 980 2918 Correptione
1004 2858 1050 2902 et
1079 2847 1257 2902 Gratia
1281 2890 1297 2915 ,
1325 2865 1378 2902 η.
1409 2847 1477 2903 10
1501 2847 1544 2920 ),
1577 2856 1636 2902 ιιι
1677 2847 1777 2902 hoc
1818 2853 1973 2901 antea
1999 2888 2014 2912 ,
2043 2845 2090 2901 si

500 2957 592 2996 me
617 2955 724 2995 non
753 2939 886 2995 fallit
908 2940 1104 2995 oblivio
1127 2983 1141 3006 ,
1171 2947 1276 2994 tam
1305 2953 1560 3008 expresse
1586 2947 1746 3009 atque
1769 2937 2044 2994 evidenter
2070 2978 2086 3004 ,

503 3033 592 3088 vel
619 3047 882 3103 nusquam
906 3073 920 3098 ,
953 3031 1038 3086 vel
1066 3047 1202 3102 pene
1231 3047 1492 3101 nusquam
1523 3031 1850 3101 scripserim.
1881 3030 1987 3086 Sed
2017 3031 2089 3086 ita

500 3125 606 3179 hoc
633 3138 775 3178 nunc
799 3124 907 3178 dixi
936 3164 950 3188 ,
978 3131 1036 3177 ut
1063 3139 1168 3178 non
1197 3133 1321 3178 ante
1350 3138 1436 3177 me
1467 3137 1625 3177 nemo
1645 3122 1867 3177 dixerit.
1891 3122 2089 3178 Beatus

498 3214 694 3284 quippe
719 3213 1019 3286 Cyprianus
1045 3213 1098 3268 in
1137 3211 1390 3269 Oratione
1433 3213 1707 3268 Dominica
1730 3257 1745 3278 ,
1795 3213 1932 3269 sicut
1974 3213 2088 3284 jam

503 3305 867 3372 ostendimus,
909 3305 1192 3376 petitiones
1239 3312 1450 3361 nostras
1494 3305 1565 3360 ita
1603 3306 1888 3375 exposuit,
1929 3315 1986 3362 ut
2034 3306 2086 3361 in

497 3397 612 3467 ipsa
641 3399 810 3468 prima
838 3399 1096 3468 petitione
1123 3397 1576 3468 perseverantiam
1609 3413 1708 3454 nos
1731 3397 1934 3453 diceret
1963 3413 2087 3469 pos-

495 3507 660 3557 cere;
689 3491 740 3547 id
768 3505 865 3546 nos
893 3505 1050 3546 orare
1077 3505 1328 3546 asserens
1350 3532 1366 3554 ,
1409 3489 1638 3544 dicendo
1663 3533 1678 3556 ,
1726 3489 2088 3560 Sattctiﬁcetur

496 3597 676 3635 nomen
707 3591 846 3635 tuum
875 3579 894 3654 (
921 3581 1111 3635 Matth.
1141 3597 1194 3635 Vt
1221 3620 1236 3646 ,
1264 3578 1362 3651 9),
1393 3595 1512 3635 cum
1537 3579 1647 3650 jam
1677 3580 1730 3634 in
1759 3581 2088 3652 Baptismate

493 3674 808 3728 sanctiﬁcati
838 3673 1128 3738 fuerimus;
1162 3683 1218 3728 ut
1245 3675 1300 3727 in
1337 3689 1404 3728 co
1442 3673 1583 3744 quod
1624 3689 1746 3729 esse
1779 3675 2079 3746 coepimus,

491 3779 918 3836 perseveremus.
957 3765 1187 3822 Videant
1219 3775 1396 3821 tamen
1434 3765 1502 3832 ii,
1549 3765 1741 3836 quibus
1779 3767 2083 3822 amantibus

493 3873 582 3913 me
607 3900 622 3924 ,
651 3857 892 3928 ingratus
915 3873 1033 3913 esse
1059 3871 1168 3912 non
1199 3856 1370 3912 debeo
1394 3899 1408 3921 ,
1437 3856 1526 3926 qui
1555 3867 1752 3926 praeter
1791 3857 1893 3912 hoc
1940 3857 2083 3928 quod

491 3949 546 4004 in
575 3949 926 4018 qumstionem
953 3950 1132 4015 venit,
1162 3949 1338 4003 omnia
1370 3965 1489 4004 mea
1515 3991 1531 4015 ,
1565 3951 1702 4004 sicut
1729 3950 1990 4016 scribitis,
2021 3965 2084 4006 se

492 4041 813 4112 proﬁtentur
856 4041 1105 4112 amplecti
1153 4060 1167 4096 :
1205 4041 1455 4108 videant,
1505 4041 1750 4112 inquam,
1797 4053 1976 4098 utrum
2027 4043 2080 4098 in

489 4132 648 4202 primi
697 4131 816 4186 libri
865 4133 1254 4202 posterioribus
1291 4133 1567 4204 partibus,
1613 4148 1798 4188 eorum
1854 4133 2080 4189 duorum

489 4239 624 4295 quos
681 4224 784 4278 mei
837 4225 1176 4296 episcopatus
1224 4225 1416 4290 initio,
1461 4233 1744 4296 antequam
1800 4225 2080 4296 Pelagiana

490 4317 711 4371 ltreresis
736 4325 1054 4386 appareret,
1087 4317 1153 4372 ad
1191 4317 1592 4386 Simpliciannm
1631 4317 2078 4375 Mediolanensem

488 4409 793 4478 episcopum
843 4408 1072 4478 scripsi,
1115 4409 1432 4464 remanserit
1472 4409 1670 4480 aliquid
1711 4427 1816 4482 quo
1857 4421 2080 4467 vocetur

489 4500 543 4554 in
569 4499 789 4553 dubium
815 4541 828 4563 ,
858 4500 1078 4569 gratiam
1107 4500 1198 4555 Dei
1229 4515 1332 4555 non
1362 4501 1653 4556 secundmn
1684 4504 1867 4557 merita
1897 4511 2078 4558 nostra

487 4591 602 4645 dari
634 4609 648 4645 :
679 4599 732 4644 et
761 4600 937 4644 utrum
971 4591 1038 4646 ibi
1071 4607 1175 4646 non
1215 4593 1345 4646 satis
1383 4593 1585 4664 egerim
1612 4636 1627 4658 ,
1671 4595 1830 4648 etiam
1867 4595 2076 4649 initium

487 4681 610 4736 ﬁdei
637 4695 756 4736 csse.
785 4681 983 4736 donum
1016 4682 1106 4737 Dei
1137 4701 1150 4736 :
1179 4691 1234 4738 et
1263 4692 1438 4738 utrum
1465 4699 1529 4739 ex
1571 4683 1636 4740 iis
1664 4700 1782 4756 quas
1822 4685 1892 4742 ibi
1935 4686 2074 4741 dicta

483 4781 648 4839 sunt,
677 4789 780 4829 non
808 4785 1200 4846 consequenter
1219 4777 1462 4846 eluceat,
1491 4779 1590 4834 etsi
1621 4793 1726 4834 non
1754 4781 1822 4835 sit
1851 4797 2074 4851 expres-

481 4882 600 4922 sum
631 4909 645 4934 ,
677 4871 836 4924 etiam
865 4883 1037 4941 usque
1065 4871 1116 4926 in
1147 4871 1306 4926 ﬁnem
1336 4875 1787 4942 perseverantiam
1825 4877 2072 4932 nonnisi

481 4963 550 5016 ab
569 4975 638 5038 eo
663 4961 847 5017 donari
873 5006 888 5030 ,
921 4966 1008 5034 qui
1037 4981 1134 5020 nos
1164 4966 1563 5035 praedestinavit
1589 4967 1640 5022 in
1667 4983 1820 5024 suum
1849 4985 2071 5042 regnum

481 5061 538 5107 et
561 5052 804 5122 gloriam.
842 5055 1044 5110 Deinde
1074 5057 1241 5126 ipsam
1272 5057 1550 5126 epistolam
1579 5101 1594 5123 ,
1621 5075 1778 5129 quam
1804 5061 1914 5131 jam
1937 5077 2070 5118 con-

481 5153 560 5198 tra
593 5143 902 5214 Pelagianos
923 5145 989 5199 ad
1017 5155 1254 5202 sanctum
1279 5148 1553 5202 Paulimnn
1580 5148 1838 5204 Nolanum
1861 5153 2070 5220 episco-

481 5249 606 5304 pum
638 5233 736 5288 feci
759 5276 772 5298 .
801 5234 886 5288 cui
913 5235 1151 5304 epistolm
1179 5237 1548 5292 contradicere
1571 5240 1730 5294 modo
1750 5229 2027 5311 coeperunt
2049 5284 2065 5312 ,

481 5339 661 5379 nonne
686 5333 809 5379 ante
835 5340 1005 5380 annos
1046 5327 1305 5396 plurimos
1341 5328 1529 5383 edidi?
1583 5330 1712 5384 Eam
1744 5347 1955 5403 quoque
1985 5333 2070 5388 in-

485 5416 755 5485 spiciant,
787 5433 941 5486 quam
987 5417 1106 5472 dedi
1155 5419 1220 5473 ad
1267 5421 1471 5475 Sixtum
1518 5421 1773 5478 Romanae
1819 5425 2068 5484 Ecclesiae

486 5505 856 5576 presbyterum
883 5549 897 5573 ,
940 5509 1152 5577 quando
1181 5511 1437 5568 adversus
1463 5513 1777 5586 Pelagianos
1806 5521 2066 5579 acerrima

481 5595 873 5652 conflictatione
901 5601 1259 5668 certavimus;
1287 5614 1342 5658 et
1372 5606 1526 5661 talem
1559 5609 1822 5678 reperient
1846 5654 1861 5677 ,
1893 5615 2065 5684 qualis

483 5689 571 5743 illa
597 5697 681 5743 est
707 5689 772 5744 ad
802 5689 1101 5748 Paulinum.
1131 5693 1283 5750 Unde
1310 5698 1550 5756 recolant
1573 5741 1590 5768 ,
1611 5702 1868 5760 adversus
1897 5709 2067 5764 luere-

481 5781 582 5836 sim
609 5781 943 5854 Pelagianam
962 5783 1071 5854 jam
1093 5795 1217 5844 ante
1243 5790 1442 5864 aliquot
1469 5808 1637 5849 annos
1660 5798 1758 5852 ista
1781 5799 1919 5854 dicta
1945 5816 2066 5858 esse

479 5881 640 5942 atque
667 5875 966 5945 conscripta
992 5917 1008 5942 ,
1039 5891 1156 5948 quae
1186 5895 1329 5939 nunc
1348 5882 1428 5937 eis
1450 5882 1734 5955 diSplicere
1762 5889 2061 5948 mirandum

480 5973 582 6018 est.
599 5961 851 6031 Quamvis
873 5967 1140 6026 neminem
1159 5971 1313 6028 velim
1334 5973 1411 6030 sic
1433 5975 1679 6046 amplecti
1701 5977 1883 6036 omnia
1901 5997 2014 6040 mea
2034 6025 2049 6052 ,

1747 514 1804 570 S.
1844 507 2212 568 AUCUSTINI
2251 509 2552 568 EPISCUPI

3649 519 3784 576 1028

2205 637 2262 682 ut
2290 643 2376 684 me
2397 637 2649 700 sequatur
2670 672 2683 696 ,
2709 629 2810 684 nisi
2833 630 2886 684 in
2913 630 2977 686 iis
3005 629 3055 684 in
3082 630 3273 700 quibus
3297 615 3382 686 me
3403 647 3506 686 non
3529 647 3734 691 errasse
3761 637 3774 662 ‘

2203 720 2552 790 perspexerit.
2603 719 2734 774 Nam
2775 729 3053 791 propterea
3101 735 3246 776 nunc
3291 719 3426 776 facio
3475 723 3670 793 libros,
3725 727 3776 782 in

2201 812 2394 880 quibus
2421 812 2674 883 apuscula
2705 827 2824 868 mea
2847 815 3183 869 retractanda
3211 816 3420 886 suscepi
3446 860 3460 884 ,
3491 829 3546 872 ut
3571 834 3667 874 nec
3693 835 3776 876 me

2202 903 2376 972 ipsum
2408 904 2460 958 in
2492 905 2742 960 omnibus
2771 919 2856 960 me
2895 917 3135 962 secutum
3169 906 3338 964 fuisse
3373 909 3728 967 demonstrem
3755 956 3771 980 ,

2203 996 2296 1051 sed
2319 998 2658 1067 proticientcr
2678 1013 2762 1053 me
2783 999 3028 1054 existimo
3047 1001 3155 1055 Deo
3175 1001 3460 1058 miserante
3480 1004 3774 1074 scripsisse,

2201 1107 2308 1146 non
2357 1101 2535 1146 tamen
2585 1107 2613 1145 a
2663 1093 2992 1162 perfectione
3033 1094 3302 1165 cmpisse:
3351 1097 3775 1169 quandoquidem

2201 1184 2540 1252 arrogantius
2567 1183 2754 1255 loqttor
2777 1199 2934 1255 quam
2961 1187 3138 1240 verius
3156 1227 3171 1250 ,
3203 1187 3248 1242 si
3281 1187 3362 1242 vel
3391 1204 3527 1243 nunc
3550 1189 3666 1244 dico
3693 1208 3777 1247 me

2202 1275 2268 1330 ad
2299 1277 2678 1346 perfectionem
2709 1279 2826 1333 sine
2847 1279 2954 1334 ullo
2974 1295 3158 1335 errore
3183 1281 3448 1336 scribendi
3473 1283 3579 1351 jam
3603 1283 3651 1337 in
3681 1284 3777 1339 ista

2201 1377 2358 1422 aetate
2383 1370 2612 1424 venisse.
2645 1369 2752 1424 Sed
2784 1372 3004 1426 interest
3033 1381 3288 1441 quantum
3320 1384 3372 1427 et
3403 1375 3454 1427 in
3480 1375 3666 1443 quibus
3694 1393 3778 1430 re-

2201 1459 2301 1514 bus
2349 1469 2592 1524 erretnr;
2643 1471 2698 1517 et
2741 1477 2899 1532 quam
2949 1463 3101 1518 facile
3139 1465 3362 1534 quisque
3397 1467 3658 1537 corrigat,
3698 1469 3777 1523 vel

2201 1561 2394 1620 quanta
2421 1553 2714 1622 pertinacia
2745 1569 2899 1608 suum
2935 1553 3222 1610 defendere
3261 1565 3483 1612 conetur
3524 1573 3776 1614 errorem.

2203 1643 2364 1699 Bome
2391 1645 2588 1716 quippe
2616 1647 2727 1716 spei
2757 1657 2838 1701 cst
2867 1645 3029 1702 homo
3049 1689 3064 1714 ,
3098 1648 3144 1703 si
3169 1665 3290 1703 eum
3317 1649 3394 1704 sic
3421 1651 3776 1720 proficientem

2199 1736 2316 1791 dies
2345 1737 2569 1793 ultimus
2597 1741 2720 1793 vitae
2753 1738 2910 1808 hujus
2951 1741 3252 1806 invenerit,
3296 1751 3352 1796 ut
3393 1743 3704 1813 adjiciantur
3729 1747 3777 1802 ei

2199 1845 2320 1899 qua:
2373 1830 2670 1902 proficienti
2727 1831 3045 1898 defuerunt,
3103 1841 3158 1889 et
3212 1835 3566 1906 perficiendus
3619 1855 3774 1910 quam

2199 1921 2494 1992 puniendus
2522 1923 2699 1993 potius
2719 1923 3010 1993 judicctur.
3405 1964 3436 1989 ρ,

2271 2011 2359 2068 56.
2401 2011 2658 2080 Quocirca
2689 2055 2702 2078 ,
2753 2015 2796 2068 si
2847 2015 3191 2083 hominibus,
3238 2017 3326 2088 qui
3371 2027 3644 2088 propterea
3691 2038 3778 2078 me

2199 2105 2536 2174 dilexerunt,
2568 2109 2688 2179 quia
2719 2111 2962 2179 pervenit
2989 2113 3054 2164 ad
3081 2126 3173 2166 eos
3195 2155 3211 2178 ,
3241 2121 3520 2182 antequam
3547 2131 3629 2170 me
3656 2115 3778 2170 dili-

2196 2210 2416 2270 gerent,
2447 2199 2621 2271 aliqua
2650 2203 2752 2256 mei
2785 2203 2983 2259 laboris
3013 2205 3209 2260 utilitas
3231 2249 3245 2271 ,
3279 2207 3402 2262 nolo
3431 2208 3659 2265 existere
3689 2211 3776 2266 in-

2197 2303 2380 2363 gratus
2411 2311 2424 2348 :
2455 2303 2654 2364 quanto
2681 2295 2850 2365 magis
2879 2296 2989 2352 Deo
3013 2339 3028 2360 ,
3064 2313 3220 2364 quem
3261 2313 3363 2352 non
3397 2298 3768 2370 diligeremus,

2199 2383 2300 2438 nisi
2333 2383 2480 2453 prius
2509 2383 2781 2438 dilexissrt
2807 2401 2904 2440 nos
2928 2428 2942 2452 ,
2974 2396 3027 2440 et
3058 2385 3274 2442 fecisset
3302 2388 3581 2444 dilectores
3607 2405 3730 2446 suos
3751 2393 3777 2446 ?

2197 2477 2450 2544 quoniam
2478 2473 2710 2530 Charitas
2737 2491 2800 2531 ex
2833 2477 2949 2546 ipso
2987 2487 3069 2532 est
3112 2477 3353 2550 (lloau.
3385 2495 3455 2546 tv,
3487 2481 3518 2534 7
3547 2481 3563 2552 )
3598 2499 3610 2536 :
3642 2486 3778 2540 sicut

2195 2564 2444 2620 dixerunt
2468 2582 2604 2636 quos
2633 2567 2754 2622 fecit
2779 2583 2999 2638 magnos
3024 2609 3037 2630 .
3086 2585 3189 2623 non
3236 2570 3406 2624 solum
3443 2582 3704 2626 amatores
3727 2573 3768 2638 ’,

2197 2673 2378 2712 verum
2405 2659 2564 2713 etiam
2591 2659 2970 2730 praedicatores
2993 2675 3139 2714 suos.
3181 2659 3316 2728 Quid
3353 2671 3435 2716 est
3473 2673 3646 2716 autem
3691 2663 3774 2718 in-

2196 2749 2430 2821 gratius,
2467 2765 2626 2820 quam
2673 2767 2865 2820 negare
2910 2754 3076 2823 ipsam
3118 2756 3340 2824 gratiam
3381 2755 3510 2820 Dei,
3550 2756 3774 2810 dicendo

2195 2857 2312 2896 eam
2342 2841 2632 2896 secundum
2661 2844 2846 2897 merita
2875 2853 3054 2899 nostra
3078 2844 3232 2900 dari?
3259 2845 3409 2916 Quod
3457 2847 3508 2901 in
3545 2847 3776 2917 Pelagia-

2197 2935 2281 2990 nis
2311 2934 2443 2991 ﬁdes
2469 2935 2734 2991 catholica
2759 2937 3036 2993 exhorruit
3062 2981 3075 3002 ,
3107 2937 3247 3010 quod
3271 2939 3370 3009 ipsi
3398 2935 3608 3010 Pelagio
3633 2940 3774 3012 capia

2195 3027 2302 3082 tale
2328 3027 2530 3083 crimen
2560 3029 2757 3098 objecit
2787 3048 2800 3084 :
2828 3029 2968 3100 quod
2998 3030 3110 3100 ipse
3137 3031 3380 3102 Pelagius
3400 3073 3413 3098 ,
3439 3047 3541 3086 non
3563 3032 3770 3104 quidem

2193 3134 2377 3176 amore
2426 3122 2666 3176 veritatis
2717 3121 2853 3190 Dei,
2904 3123 2998 3179 sed
3041 3134 3216 3180 tamen
3262 3143 3372 3181 sua:
3423 3127 3771 3186 damnationis

2195 3209 2386 3266 timore
2413 3211 2706 3268 damnavit.
2734 3213 2988 3286 Quisquis
3017 3225 3193 3270 autem
3224 3215 3403 3272 dicere
3431 3220 3644 3288 gratiam
3677 3217 3770 3274 Dei

2191 3303 2486 3358 secundum
2513 3303 2700 3359 merita
2727 3313 2909 3361 nostra
2938 3306 3050 3361 dari
3078 3349 3093 3374 ,
3116 3307 3254 3363 sicut
3282 3309 3575 3366 catholicus
3605 3309 3772 3366 ﬁdelis

2191 3397 2483 3464 exhorret;
2526 3413 2626 3454 nec
2667 3399 2834 3470 ipsam
2880 3400 3038 3456 ﬁdem
3085 3401 3360 3458 subtrahat
3407 3403 3502 3459 Dei
3547 3403 3770 3475 gratim,

2190 3503 2292 3560 qua
2321 3487 2782 3544 'miscricordiam
2819 3499 3136 3548 consecutus
3173 3503 3256 3548 est
3291 3502 3346 3548 ut
3373 3493 3546 3550 fidelis
3587 3506 3768 3550 esset:

2189 3597 2252 3636 ac
2277 3597 2374 3653 per
2399 3579 2499 3638 hoc
2523 3584 2708 3654 gratiae
2739 3585 2830 3639 Dei
2861 3585 3058 3640 tribuat
3088 3588 3529 3660 perseverantiam
3558 3603 3770 3660 quoque

2189 3687 2361 3742 usque
2407 3672 2459 3726 in
2513 3673 2710 3737 ﬁnem,
2767 3690 2870 3745 qua
2922 3675 3342 3732 miscricordiam
3390 3681 3768 3748 Consequitur,

2188 3777 2345 3833 quam
2377 3763 2545 3833 poscit
2579 3765 2855 3836 quotidie,
2899 3781 2966 3822 ne
3007 3765 3264 3822 inferatur
3308 3770 3361 3822 in
3402 3772 3766 3825 tentationcm.

2188 3855 2333 3911 Inter
2361 3856 2566 3912 initium
2592 3867 2774 3913 autem
2801 3859 2919 3914 ﬁdei
2944 3868 2996 3914 et
3019 3861 3393 3931 perfectionem
3424 3877 3770 3932 perseveran-

2189 3949 2275 4004 tia:
2293 3991 2309 4016 ,
2339 3949 2515 4004 media
2537 3960 2662 4005 sunt
2687 3951 2776 4006 illa
2798 3994 2812 4020 ,
2844 3953 3032 4022 quibus
3059 3963 3203 4008 recte
3228 3953 3455 4010 vivimus
3479 3997 3492 4018 ,
3518 3971 3635 4026 quae
3663 3956 3766 4026 ips:

2187 4043 2347 4098 etiam
2386 4042 2573 4098 donari
2614 4043 2769 4099 nobis
2810 4059 2839 4098 a
2879 4045 2990 4100 Deo
3029 4045 3132 4101 ﬁde
3177 4045 3493 4116 impetrante
3536 4062 3766 4103 censen-

2189 4133 2344 4190 tiunt.
2389 4134 2516 4190 Haec
2557 4146 2736 4190 autem
2784 4137 2998 4204 omnia,
3036 4137 3242 4194 initium
3291 4139 3492 4195 scilicet
3533 4139 3682 4202 ﬁdei.
3711 4149 3768 4198 et

2185 4233 2376 4280 ca‘tera
2411 4229 2650 4296 usque-in
2682 4228 2838 4283 ﬁnem
2867 4230 3006 4285 dona
3035 4246 3128 4285 sua
3156 4271 3171 4297 ,
3209 4231 3350 4288 Dcus
3376 4233 3678 4304 largiturum
3711 4249 3774 4290 se

2184 4317 2386 4371 vocatis
2411 4319 2521 4371 suis
2545 4333 2666 4376 esse
2691 4321 2974 4389 prarscivit.
3015 4321 3203 4376 Nimiae
3227 4323 3250 4353 ⁸
3277 4323 3434 4392 igitur
3456 4325 3756 4378 contentio-

2185 4407 2267 4462 nis
2288 4417 2398 4473 est,
2427 4409 2876 4478 pranlestiuationi
2913 4413 3280 4470 contradicere
3299 4457 3312 4482 ,
3339 4416 3420 4470 vel
3448 4413 3512 4472 de
3548 4414 3763 4487 pranle-

2181 4497 2471 4555 stinatione
2498 4499 2762 4558 dubitare.

2251 4588 2478 4646 CAPUT
2504 4590 2669 4646 XXII.
2695 4623 2768 4633 —
2794 4592 2882 4648 57.
2923 4593 3054 4660 Qua:
3092 4603 3267 4652 tamen
3300 4611 3403 4652 non
3439 4597 3506 4652 ita
3549 4599 3764 4672 populis

2179 4679 2515 4750 prmdicanda
2546 4691 2660 4746 est,
2692 4692 2748 4738 ut
2774 4683 2914 4754 apud
2958 4685 3255 4756 imperitam
3285 4689 3367 4742 vel
3396 4688 3642 4744 tardioris
3667 4691 3758 4744 in-

2181 4770 2484 4840 telligentiae
2515 4771 2904 4830 multitudinem
2935 4775 3178 4848 redargui
3204 4778 3429 4848 quodam
3461 4782 3616 4835 modo
3641 4781 3764 4852 ipsa

2178 4875 2274 4916 sua
2302 4861 2674 4930 praedicatione
2704 4865 2978 4922 videatur:
3004 4867 3140 4922 sicut
3183 4869 3424 4940 redargui
3455 4871 3661 4928 videtur
3703 4885 3764 4928 et

2177 4955 2508 5025 prmscientia
2539 4957 2636 5012 Dei
2664 4957 2841 5029 (quam
2871 4967 3017 5016 certe
3044 4977 3238 5031 negare
3269 4979 3371 5017 non
3401 4971 3678 5034 possunt),
3710 4968 3762 5026 si

2176 5048 2386 5103 dicatur
2425 5049 2761 5126 hominibus,
2799 5070 2819 5104 ι
2851 5051 2974 5108 Sive
3018 5055 3272 5120 ourratis,
3303 5057 3414 5111 sive
3455 5055 3762 5126 dormiatis,

2176 5141 2316 5212 quod
2343 5158 2437 5196 vos
2463 5120 2735 5214 przcscivit
2759 5145 2846 5215 qui
2879 5145 2988 5202 falli
3019 5163 3124 5202 non
3159 5158 3366 5218 potest,
3395 5149 3495 5205 hoc
3521 5151 3690 5206 eritis.
3731 5172 3756 5204 ι

2176 5232 2355 5288 Dolosi
2383 5245 2561 5289 autem
2591 5237 2674 5291 vel
2705 5237 2934 5308 imperiti
2959 5237 3148 5294 medici
3171 5249 3246 5294 cst
3267 5282 3282 5304 ,
3307 5243 3463 5294 etiam
3487 5243 3611 5297 utile
3637 5258 3758 5295 me-

2174 5323 2529 5380 dicamentum
2553 5327 2632 5384 sic
2650 5327 2892 5399 alligare,
2917 5339 3084 5384 utaut
3111 5347 3214 5385 non
3249 5331 3438 5402 prosit,
3475 5343 3565 5387 aut
3589 5333 3762 5395 obsit.

2171 5415 2277 5472 Sed
2307 5417 2590 5472 dicendum
2638 5429 2754 5488 est,
2794 5419 2882 5476 Sic
2923 5422 3156 5490 currite,
3189 5431 3246 5477 ut
3291 5425 3760 5496 comprehendatis

2172 5505 2358 5576 (lCor.
2403 5524 2477 5574 ιι,
2508 5508 2632 5581 24),
2675 5521 2833 5582 atque
2877 5521 2935 5567 ut
2981 5513 3095 5584 ipso
3137 5529 3296 5570 cursu
3351 5529 3527 5571 vestro
3559 5517 3625 5571 ita
3654 5533 3758 5574 Vos

2169 5611 2290 5654 esse
2321 5602 2672 5670 praecognitos
2697 5604 2970 5672 noveritis,
3004 5617 3060 5660 ut
3092 5605 3324 5678 legitime
3343 5609 3661 5665 currcrctis:
3695 5621 3756 5668 et

2231 5745 2252 5812 ξ
2285 5749 2360 5812 sic
2383 5757 2486 5799 uss.
2522 5757 2575 5802 At
2597 5751 2734 5812 editi,
2769 5766 2954 5807 errare.

2233 5810 2254 5872 ξ
2287 5810 2434 5872 editio
2459 5819 2553 5872 Fr,
2576 5810 2806 5866 oratores.

2219 5871 2264 5982 ὦ
2539 5869 2845 5994 signarunt
2869 5879 2960 5930 hoc
2990 5887 3042 5932 et
3063 5884 3278 5946 l‘roxinw
3298 5891 3465 5946 postea
3489 5883 3612 5950 loco,
3636 5901 3750 5951 pro-

2267 5971 2280 5992 ,
2439 5973 2446 5981 .
2657 5975 2669 5986 .
2843 5985 2851 5994 ,

2169 5945 2280 5998 qua,
2321 5945 2517 5994 uanent,
2539 5949 2669 5997 qmn.

2237 5998 2258 6030 δ
2291 5996 2572 6055 auallicusis
2595 6007 2697 6064 Ms,
2720 5985 2944 6054 inindt'te.
