4140 6528
374 448 515 506 1029

382 562 430 617 si
456 565 563 632 quo”
587 560 692 618 alio
718 559 880 616 modo
924 559 1017 616 Dei
1060 560 1394 630 praescientia
1439 558 1712 631 praedicari
1747 564 1960 629 potest,

374 663 438 707 ut
466 651 700 708 hominis
725 651 952 722 segnitia
980 649 1303 720 repellatur.

445 745 537 801 58.
590 745 843 812 Quamvis
882 758 1012 813 ergo
1062 742 1135 796 ita
1178 757 1237 796 se
1266 740 1457 794 habeat
1502 740 1570 796 de
1612 739 1962 810 praedestina-

1340 440 1347 443 '
1394 442 1597 502 LIBER
1639 442 1728 501 DE
1768 443 1946 501 nono
1984 443 2601 525 rnasevsuanpaz.

3520 459 3663 513 1υῦολ

2072 556 2194 612 hinc
2238 558 2690 629 intelligeremus,
2738 562 2880 633 quod
2935 561 3049 634 ipse
3097 564 3259 620 etiam
3302 565 3647 624 iuﬁdelibus'

2066 647 2228 705 donet
2267 658 2321 704 ut
2347 650 2587 722 credant,
2619 660 2674 708 et
2701 654 2941 709 volentes
2969 670 3036 711 ex
3068 655 3373 713 nolentibus
3405 658 3585 716 faciat.

2135 738 2224 795 6|.
2252 740 2370 797 1am
2398 757 2526 799 vero
2554 744 2695 813 quod
2736 744 2840 801 illis
2868 745 3045 802 verbis
3087 749 3449 814 connectitur,
3480 751 3646 806 miror

377 837 522 893 tione
550 835 768 892 deﬁnita
803 834 1067 891 sententia
1093 831 1378 886 voluntatis
1402 830 1536 898 Dei,
1575 840 1633 885 ut
1662 830 1749 885 alii
1777 846 1845 885 ex
1882 829 1963 885 inc
2063 830 2106 885 si
2137 830 2243 885 ullo
2296 832 2456 890 modo
2498 843 2676 903 potest
2696 834 2747 890 in
2796 835 2996 908 populo
3041 836 3334 893 christiano
3360 841 3645 911 quisquam

376 928 664 994 ﬁdelitate,
707 931 923 996 accepta
967 924 1240 980 voluntate
1283 922 1600 985 obediendi,
1644 929 1960 975 convertan-

374 1032 464 1076 tur
485 1020 554 1076 ad
598 1019 757 1075 ﬁdem
781 1061 798 1088 ,
842 1017 926 1073 vel
958 1024 1301 1088 perseverent
1343 1016 1395 1070 in
1437 1013 1574 1079 ﬁde;
1617 1012 1796 1068 curteri
1832 1026 1960 1067 vero

372 1113 463 1181 qui
492 1114 546 1167 in
594 1120 933 1183 peccatorum
962 1110 1342 1165 damnabilium
1373 1107 1729 1164 delectatione
1775 1121 1960 1161 remo-

372 1211 580 1268 rantur,
610 1202 656 1256 si
700 1210 757 1257 et
799 1201 898 1271 ipsi
928 1201 1289 1272 praedestinati
1334 1207 1495 1265 sunt,
1545 1198 1668 1253 ideo
1719 1196 1958 1253 nondum

366 1303 763 1362 surrexerunt,
820 1295 941 1364 quia
988 1293 1225 1348 nondum
1264 1307 1358 1348 eos
1411 1292 1732 1360 adjutorium
1772 1290 1961 1360 gratiae

372 1387 679 1442 miserantis
703 1385 876 1442 erexit
906 1402 920 1439 :
950 1384 997 1440 si
1025 1384 1114 1456 qui
1143 1384 1289 1439 enim
1318 1382 1553 1438 nondum
1594 1388 1719 1437 sunt
1761 1379 1957 1448 vocati,

366 1492 509 1548 quos
546 1477 715 1549 gratia
756 1491 851 1532 sua
897 1475 1292 1547 praedestinavit
1341 1474 1646 1545 eligendos,
1696 1472 1961 1543 accipient

361 1568 613 1623 eamdem
640 1568 863 1638 gratiam
886 1609 903 1633 ,
928 1581 1029 1637 qua
1061 1566 1217 1622 electi
1238 1580 1359 1620 esse
1387 1566 1406 1598 ³
1430 1564 1595 1620 velint
1622 1571 1676 1619 et
1713 1563 1864 1629 sint;
1913 1563 1960 1617 si

370 1659 464 1729 qui
490 1668 668 1714 autem
704 1658 960 1713 obediunt
982 1698 997 1724 ,
1026 1657 1121 1713 sed
1150 1658 1204 1713 in
1233 1672 1454 1725 regnum
1482 1656 1597 1726 ejus
1645 1662 1702 1712 et
1735 1655 1957 1726 gloriam

371 1750 736 1820 praedestinati
766 1766 871 1805 non
913 1757 1071 1815 sunt,
1122 1749 1443 1819 temporales
1472 1755 1616 1810 sunt,
1654 1762 1754 1802 nec
1784 1761 1955 1815 usque

370 1843 425 1897 in
452 1843 610 1898 ﬁnem
634 1841 689 1896 in
715 1841 900 1897 eadem
922 1840 1223 1896 obedientia
1251 1838 1641 1908 permanebunt
1667 1854 1682 1890 :
1710 1834 1957 1906 quamvis

367 1946 500 2004 ergo
530 1935 643 1989 haec
670 1948 794 1988 vera
824 1933 963 1999 sint,
1003 1947 1113 1987 non
1156 1942 1335 1986 nanien
1379 1931 1485 1985 isto
1534 1929 1694 1985 modo
1733 1927 1959 1985 dicenda

369 2033 495 2080 sunt
518 2024 856 2080 audientibus
876 2023 1076 2087 multis,
1102 2034 1162 2077 ut
1187 2037 1366 2077 sermo
1387 2022 1454 2077 ad
1474 2024 1619 2093 ipsos
1645 2022 1804 2077 etiam
1824 2035 1960 2078 con-

365 2126 630 2180 vertatur,
683 2115 866 2184 eisque
913 2114 1159 2169 dicantur
1198 2113 1289 2168 illa
1338 2113 1561 2168 istorum
1607 2112 1957 2181 verbahquze

368 2205 563 2260 vestris
588 2205 779 2260 litteris
810 2204 1097 2270 indidistis,
1121 2215 1174 2259 et
1200 2219 1320 2274 quae
1355 2204 1602 2274 superius
1622 2201 1914 2272 interposui
1939 2218 1953 2257 :

376 2316 398 2350 ι
433 2297 507 2352 Ita
534 2312 593 2352 se
619 2296 778 2351 habet
804 2296 872 2351 de
918 2295 1388 2366 pra‘destinatione
1429 2295 1650 2351 deﬁnita
1689 2294 1955 2349 sententia

369 2388 655 2442 voluntatis
677 2387 813 2451 Dei,
846 2395 905 2440 ut
951 2386 1040 2440 atii
1079 2401 1145 2440 ex
1176 2386 1328 2441 vobis
1351 2386 1423 2442 de
1472 2385 1818 2446 inﬁdelitate,
1865 2398 1957 2440 ac-

360 2486 524 2546 cepta
553 2476 832 2531 obedieudi
862 2475 1160 2541 voluntate,
1184 2475 1442 2531 veneritis
1465 2475 1533 2529 ad
1564 2474 1743 2529 ﬁdem.
1773 2491 1792 2524 ι
1819 2471 1959 2539 Quid

369 2581 505 2636 opus
534 2575 618 2621 est
659 2566 796 2628 dici,
853 2583 873 2617 ε
907 2564 997 2620 alii
1026 2581 1094 2620 ex
1126 2564 1316 2619 vobis?
1343 2582 1365 2617 ι
1412 2563 1469 2620 Si
1512 2565 1656 2620 enim
1702 2563 1958 2619 Ecclesizn

371 2657 464 2711 Dei
494 2657 780 2727 loquimur,
807 2656 852 2712 si
878 2655 1218 2713 credentibus
1247 2656 1537 2726 loquimur,
1575 2670 1672 2711 cur
1695 2655 1832 2709 alios
1859 2668 1957 2710 eo-

369 2765 489 2804 rum
518 2749 582 2803 ad
613 2748 770 2803 ﬁdem
798 2748 1011 2804 venisse
1033 2747 1295 2814 dicentes,
1339 2747 1554 2803 caneris
1580 2747 1755 2802 facere
1779 2744 1961 2801 videa-

369 2858 491 2898 tnur
527 2840 810 2911 injuriam;
840 2854 963 2895 eum
1007 2841 1276 2910 possimus
1299 2838 1677 2909 congruentius
1723 2837 1955 2893 dicere:

373 2933 448 2988 Ita
468 2948 526 2988 se
557 2932 714 2987 habet
741 2931 808 2987 de
836 2931 1303 3001 prtedestinatione
1334 2930 1552 2985 deﬁnita
1578 2929 1841 2983 sententia
1858 2943 1957 2983 vo-

372 3024 592 3079 luntatis
621 3022 736 3089 Dei,
767 3031 827 3077 ut
858 3036 923 3076 ex
956 3019 1267 3076 inﬁdelitate
1294 3020 1548 3075 veneritis
1572 3018 1638 3073 ad
1679 3018 1839 3074 ﬁdem
1865 3032 1960 3073 ae-

371 3128 526 3186 eepta
556 3114 829 3170 voluntate
867 3111 1150 3168 obediendi
1171 3151 1190 3181 ,
1220 3119 1274 3167 et
1300 3120 1519 3180 accepta
1557 3109 1957 3180 perseverantia

371 3205 729 3279 permaneatis
757 3207 811 3258 in
841 3203 984 3258 (ide?

442 3299 531 3355 59.
562 3297 670 3353 Nec
698 3295 825 3352 illud
845 3294 989 3367 quod
1014 3293 1274 3365 sequitur,
1298 3299 1385 3348 est
1405 3291 1624 3347 omnino
1646 3289 1954 3358 dicendum,

371 3389 423 3446 id
444 3398 530 3445 est
555 3405 572 3442 :
607 3406 626 3439 ι
656 3388 849 3442 Caetcri
874 3400 1006 3441 vero
1034 3386 1121 3455 qui
1154 3384 1207 3438 in
1234 3392 1572 3454 peccatorum
1601 3382 1963 3437 delectatione

371 3479 753 3545 remoramini,
776 3477 899 3532 ideo
936 3476 1169 3531 nondum
1199 3474 1531 3542 surrexistis,
1558 3472 1684 3544 quia
1728 3472 1955 3528 necdum

372 3590 468 3628 vos
490 3571 813 3642 adjutorium
851 3569 1037 3640 gratia;
1081 3566 1392 3622 miserantis
1419 3565 1611 3621 erexit.
1642 3582 1661 3618 ι
1696 3562 1832 3619 Cum
1859 3563 1956 3619 be-

373 3679 441 3720 ne
472 3672 527 3719 et
553 3660 932 3717 convenienter
952 3657 1056 3713 dici
1084 3656 1254 3728 possit
1270 3664 1325 3711 et
1346 3654 1563 3722 debeat,
1588 3654 1644 3710 Si
1666 3655 1754 3725 qui
1779 3662 1958 3709 autem

372 3756 544 3812 adhuc
576 3755 627 3809 in
652 3762 992 3825 peccatorum
1009 3749 1385 3805 damnabilium
1410 3748 1760 3804 delectatione
1781 3762 1960 3803 remo-

373 3848 566 3903 ramiui
602 3889 619 3913 ,
678 3844 1063 3916 apprehendite
1120 3842 1524 3898 saluberrimam
1576 3840 1956 3911 disciplinam:

374 3939 518 4010 quod
550 3948 728 3992 tamen
777 3951 896 3991 cum
944 3933 1211 4000 feceritis,
1255 3933 1418 3987 nolite
1470 3931 1653 3987 extolli
1699 3929 1849 4001 quasi
1892 3929 1961 3985 de

374 4033 627 4100 operibus
656 4026 882 4093 vestris,
908 4034 999 4080 aut
1025 4023 1241 4096 gloriari
1279 4022 1430 4092 quasi
1464 4022 1563 4076 hoc
1594 4037 1700 4075 non
1727 4035 1960 4090 accepe-

376 4124 531 4190 ritis;
563 4122 705 4178 Deus
724 4130 809 4176 est
843 4119 985 4175 enim
1012 4118 1101 4189 qui
1128 4126 1383 4188 operatur
1408 4115 1459 4169 in
1486 4113 1637 4169 vobis
1659 4122 1713 4167 et
1743 4112 1879 4167 velle
1905 4118 1962 4167 et

374 4216 608 4286 operari,
638 4231 733 4285 pro
781 4213 918 4268 bona
965 4207 1522 4280 voluntatetPhilipp.
1581 4223 1636 4272 ιι,
1697 4206 1813 4277 15);
1844 4215 1900 4262 et
1928 4220 1958 4259 a

375 4311 600 4366 Domino
627 4322 843 4380 gressus
865 4305 1027 4360 vestri
1069 4304 1388 4374 diriguntur,
1427 4314 1487 4357 ut
1513 4301 1633 4372 ejus
1660 4301 1798 4355 viam
1828 4299 1953 4354 veli-

378 4401 444 4455 tis
487 4399 657 4472 (Psat.
692 4414 878 4462 xxxvr,
919 4396 1013 4469 25)
1047 4395 1154 4452 :de
1208 4395 1326 4464 ipso
1370 4404 1549 4448 autem
1573 4408 1733 4448 cursu
1777 4400 1959 4447 vestro

378 4492 520 4546 bono
556 4499 811 4559 rectoque
844 4487 1137 4542 condiscite
1181 4499 1277 4540 vos
1322 4483 1389 4539 ad
1435 4481 1960 4554 praedestinationem

377 4581 569 4636 divina:
593 4579 778 4649 gratia:
800 4577 1090 4646 pertinere.

449 4669 696 4727 60.1mm
725 4666 865 4737 quod
895 4666 1152 4734 sequitur,
1183 4672 1241 4719 et
1265 4662 1479 4729 dicitur,
1518 4681 1536 4714 ι
1570 4661 1958 4717 Verumtamen

377 4761 422 4816 si
449 4761 537 4833 qui
567 4760 696 4815 estis
731 4755 965 4811 nondum
993 4754 1185 4818 vocati,
1212 4768 1348 4823 quos
1391 4753 1560 4822 gratia
1604 4765 1697 4805 sua
1745 4750 1957 4821 praede-

379 4850 659 4907 stinaverit
684 4845 990 4919 eligendos,
1019 4843 1291 4912 accipietis
1316 4841 1557 4896 eamdem
1581 4841 1826 4912 gratiam,
1857 4854 1962 4909 qua

381 4945 554 4999 velitis
576 4951 630 4997 et
655 4940 774 4995 sitis
801 4938 954 4993 electi
981 4954 994 4991 :
1032 4954 1052 4990 i
1084 4935 1270 4990 durius
1297 4934 1490 4987 dicitur
1525 4947 1683 5002 quam
1722 4931 1824 4986 dici
1855 4945 1955 5001 po-

382 5046 506 5102 test,
542 5034 588 5089 si
640 5047 737 5087 nos
784 5045 888 5085 non
933 5026 1257 5098 quibuslibet
1287 5023 1591 5078 hominibus
1637 5021 1812 5092 loqui,
1863 5021 1960 5076 sed

381 5128 575 5183 Christi
601 5125 857 5180 Ecclesiae
885 5121 1203 5192 cogitemus.
1239 5117 1351 5172 Cur
1376 5116 1518 5170 enim
1549 5128 1654 5169 non
1689 5112 1864 5182 potius
1891 5112 1961 5166 ita

380 5221 613 5275 dicitur:
644 5217 711 5271 Et
747 5215 794 5269 si
822 5214 913 5283 qui
956 5222 1083 5266 sunt
1120 5207 1357 5264 nondum
1390 5204 1597 5269 vocati,
1645 5218 1741 5273 pro
1787 5204 1867 5257 eis
1903 5210 1963 5257 ut

382 5317 636 5364 vocentur
677 5303 926 5359 oremus"
975 5300 1241 5357 Fortassis
1285 5298 1427 5353 enim
1483 5297 1564 5350 sic
1602 5293 1963 5364 prmdestinati

384 5406 538 5465 sunt,
584 5406 643 5451 ut
682 5394 878 5448 nostris
927 5391 1255 5445 orationibus
1297 5386 1681 5448 concedantur,
1722 5393 1777 5440 et
1817 5398 1963 5438 acet-

385 5492 530 5562 piant
557 5485 797 5544 eamdem
827 5482 1072 5552 gratiam,
1101 5495 1202 5550 qua
1249 5478 1415 5532 velint
1454 5487 1614 5546 atque
1663 5474 1964 5530 elﬁeiantur

384 5580 563 5636 eiecti.
595 5577 734 5632 Deus
760 5573 905 5629 enim
945 5572 1033 5640 qui
1063 5570 1240 5624 omnia
1286 5584 1405 5638 qum
1436 5565 1831 5637 prwdestinavit
1865 5565 1967 5619 im-

386 5675 568 5747 plevit,
597 5672 716 5727 ideo
737 5675 795 5723 et
822 5680 919 5738 pro
949 5663 1179 5718 inimicis
1206 5660 1328 5716 ﬁdei
1367 5674 1525 5714 orare
1551 5672 1648 5713 nos
1679 5657 1877 5723 voluit;
1907 5664 1966 5711 ut

386 5847 741 5961 cmtrverttum,
779 5854 908 5904 esse,
950 5840 1042 5891 hoc
1082 5836 1186 5891 loco
1226 5834 1377 5887 abfuit
1409 5837 1457 5886 in
1478 5841 1652 5887 vetere
1688 5833 1967 5885 corbeiensi

478 5924 569 5960 tce.
1914 5920 1923 5925 “

478 5920 569 5960 ιω.
1914 5920 1923 5925 “

2064 920 2308 979 inﬁrmus
2356 927 2619 995 patienter
2666 927 2880 996 audire,
2921 944 3042 984 cum
3072 929 3270 985 dicitur
3296 930 3376 986 eis
3405 948 3419 986 :
3458 950 3478 983 σ
3510 932 3647 988 Etsi

2060 1015 2149 1085 qui
2180 1015 2428 1082 obeditis,
2458 1018 2502 1072 si
2534 1019 2893 1088 prtedestinati
2918 1022 3049 1076 estis
3076 1022 3350 1092 rejiciendi
3371 1065 3385 1089 ,
3430 1025 3643 1081 subtra-

2068 1105 2264 1161 hentur
2291 1107 2577 1164 obediendi
2608 1110 2785 1177 vires,
2836 1122 2892 1166 ut
2940 1111 3159 1169 obedire
3207 1115 3449 1169 cessetis.
3484 1134 3505 1169 ι
3536 1114 3650 1171 Hoc

2060 1198 2201 1251 enim
2229 1197 2439 1266 dicere,
2467 1200 2594 1270 quid
2628 1200 2837 1256 videtur
2860 1200 3005 1257 aliud
3029 1217 3150 1259 esse
3172 1244 3188 1267 ,
3236 1220 3396 1277 quam
3421 1206 3649 1262 maledi-

2059 1303 2184 1344 cere
2204 1331 2218 1355 ,
2249 1298 2342 1344 aut
2366 1291 2503 1346 mala
2527 1291 2756 1363 quodam
2806 1294 2965 1348 modo
2993 1295 3347 1365 prophetare?
3373 1295 3477 1352 Sed
3516 1296 3564 1351 si
3588 1309 3643 1352 et

2059 1381 2128 1437 de
2147 1381 2213 1438 iis
2240 1384 2330 1452 qui
2360 1397 2463 1438 non
2487 1394 2836 1454 perseverant
2856 1427 2871 1449 .
2897 1387 3095 1456 aliquid
3124 1388 3294 1458 placet
3311 1389 3493 1445 dicere
3512 1429 3527 1455 ,
3554 1391 3638 1445 vel

2059 1489 2282 1530 necesse
2318 1485 2433 1540 est;
2478 1490 2575 1530 cur
2614 1492 2718 1531 non
2764 1478 2940 1548 potius
2969 1479 3041 1532 ita
3098 1479 3288 1535 saltem
3339 1480 3556 1547 dicitur,
3588 1492 3647 1536 ut

2061 1567 2219 1639 paulo
2247 1575 2369 1623 ante
2397 1584 2427 1623 a
2454 1582 2541 1624 me
2560 1568 2761 1625 dictum
2790 1578 2873 1624 est
2900 1587 2915 1625 :
2952 1570 3219 1641 primum,
3251 1580 3309 1627 ut
3338 1587 3443 1628 non
3474 1573 3543 1629 de
3569 1573 3650 1644 ip-

2059 1658 2167 1723 sis,
2201 1658 2290 1729 qui
2312 1659 2365 1713 in
2397 1659 2593 1729 populo
2624 1660 2878 1725 audiunt,
2926 1661 3028 1715 hoc
3047 1660 3275 1727 dicatur,
3310 1662 3406 1717 sed
3432 1662 3499 1717 de
3524 1662 3644 1718 aliis

2058 1748 2125 1802 ad
2148 1748 2325 1819 ipsos;
2358 1749 2410 1804 id
2440 1757 2543 1816 est,
2576 1760 2632 1805 ut
2654 1766 2760 1806 non
2788 1751 3020 1817 dicatur,
3064 1770 3085 1805 ι
3115 1751 3171 1807 Si
3201 1753 3290 1823 qui
3321 1752 3572 1821 obeditis,
3600 1755 3646 1809 si

2057 1838 2423 1908 przedestinati
2449 1841 2579 1897 estis
2606 1841 2917 1910 rejiciendi:
2954 1861 2974 1896 ι
3004 1842 3130 1908 sed,
3162 1841 3217 1898 Si
3238 1843 3327 1913 qui
3353 1842 3644 1912 obediunt;
3741 1886 3744 1889 η

2057 1936 2111 1982 et
2135 1936 2331 1983 caetera
2362 1944 2456 1998 per
2480 1930 2629 1986 verbi
2658 1946 2936 2002 personam
2988 1930 3198 1987 tertiam
3223 1974 3239 1998 ,
3287 1949 3391 1987 non
3419 1948 3514 2003 per
3540 1948 3634 1989 se-

2056 2016 2284 2072 cundam
2313 2018 2377 2071 η
2404 2019 2510 2075 lies
2533 2019 2675 2074 enim
2711 2034 2817 2075 non
2839 2021 3119 2093 optabilis,
3150 2020 3243 2076 sed
3275 2020 3646 2077 abominabilis

2055 2105 2274 2175 dicitur,
2302 2116 2358 2164 et
2386 2109 2670 2166 durissime
2711 2119 2869 2181 atque
2906 2111 3244 2166 odiosissime
3273 2111 3424 2182 quasi
3462 2111 3516 2167 in
3542 2127 3644 2167 au-

2054 2197 2314 2254 dientium
2355 2200 2583 2257 frontem
2632 2202 3003 2273 compellando
3029 2203 3053 2236 ⁹
3093 2203 3385 2270 colliditur,
3434 2206 3646 2276 quando

2056 2289 2145 2358 qui
2173 2290 2251 2344 eis
2278 2290 2511 2360 loquitur
2526 2290 2570 2357 ’⁵,
2594 2292 2751 2356 dicit,
2791 2311 2811 2345 ε
2842 2293 2908 2348 Ει
2931 2293 2975 2347 si
2997 2294 3086 2363 qui
3117 2294 3247 2349 estis
3275 2294 3365 2365 qui
3390 2294 3642 2360 obeditis,

2057 2379 2101 2433 si
2128 2379 2487 2449 prtedestinati
2513 2383 2643 2438 estis
2667 2383 2963 2451 rejiciendi,
3001 2384 3383 2440 subtrahentur
3401 2385 3651 2441 obedien-

2055 2468 2111 2524 di
2142 2472 2284 2527 vires
2305 2514 2321 2540 ,
2353 2482 2410 2526 ut
2438 2472 2661 2529 obedire
2683 2476 2930 2530 eessetis.
2970 2493 2993 2527 ι
3025 2474 3161 2543 Quid
3191 2476 3333 2530 enim
3364 2478 3647 2532 sententia:

2058 2560 2299 2630 deperit,
2352 2563 2396 2617 si
2437 2563 2508 2618 ita
2538 2563 2748 2619 dicatur
2770 2582 2783 2618 :
2805 2562 2862 2621 Si
2891 2566 2981 2636 qui
3018 2572 3198 2621 autem
3245 2565 3518 2632 obediunt,
3549 2566 3647 2623 sed

2058 2654 2112 2708 in
2143 2669 2363 2725 regnum
2393 2656 2510 2725 ejus
2545 2665 2600 2712 et
2649 2657 2872 2728 gloriam
2930 2657 3296 2728 przedestinati
3347 2673 3454 2714 non
3497 2668 3644 2724 sunt,

2061 2747 2380 2816 temporales
2408 2756 2553 2815 sunt,
2588 2764 2687 2804 nec
2716 2764 2884 2820 usque
2913 2750 2965 2804 in
2998 2750 3160 2805 linem
3209 2751 3263 2806 in
3292 2751 3480 2807 eadem
3509 2751 3646 2807 obe-

2057 2835 2255 2892 dientia
2281 2839 2708 2908 permanebunt?
2745 2840 2933 2895 Nonne
2961 2850 3017 2896 et
3040 2842 3220 2898 verius
3261 2842 3452 2898 eadem
3481 2857 3570 2898 res
3595 2852 3650 2898 et

2058 2930 2437 2998 congruentius
2467 2929 2684 2998 dicitur,
2708 2941 2892 2986 utnon
2920 2932 3049 3002 ipsis
3078 2942 3280 2988 tantum
3312 2933 3509 2989 malum
3535 2944 3651 2989 tan-

2058 3032 2217 3089 quam
2244 3029 2430 3090 optare
2470 3020 2765 3088 videamur,
2796 3022 2893 3078 sed
2941 3022 3012 3078 de
3062 3023 3184 3079 aliis
3232 3023 3454 3091 referre,
3505 3025 3648 3097 quod

2058 3110 2296 3178 oderint,
2343 3126 2442 3167 nec
2468 3112 2535 3167 ad
2584 3128 2644 3169 se
2691 3115 3005 3170 existiment
3043 3115 3341 3187 pertinere,
3383 3116 3650 3187 sperando

2057 3201 2367 3272 orandoque
2393 3203 2661 3259 meliora?
2691 3204 2785 3259 lllo
2814 3215 2992 3260 autem
3033 3205 3192 3261 modo
3210 3248 3227 3273 ,
3250 3221 3355 3278 quo
3382 3205 3435 3263 id
3461 3207 3645 3263 dicen-

2057 3290 2184 3346 dum
2236 3301 2441 3361 putant,
2492 3293 2679 3348 cadent
2730 3295 2995 3349 sententia
3041 3295 3245 3351 eisdem
3293 3312 3430 3366 pene
3470 3297 3649 3353 verbis

2058 3382 2219 3439 etiam
2257 3382 2325 3438 de
2363 3385 2694 3453 przeseientia
2739 3384 2872 3453 Dei,
2916 3401 3074 3456 quam
3116 3395 3261 3441 certe
3299 3402 3496 3457 negare
3533 3403 3648 3443 non

2058 3482 2299 3543 possunt,
2335 3474 2661 3544 pronuntiari
2710 3485 2921 3545 potest,
2960 3483 3017 3530 ut
3062 3476 3294 3544 dicatur,
3330 3495 3350 3528 α
3389 3478 3526 3532 Etsi
3555 3481 3647 3548 qui

2058 3565 2316 3633 obeditis,
2363 3565 2406 3621 si
2440 3567 2664 3636 pnesciti
2695 3568 2826 3623 estis
2857 3568 3130 3636 rejiciendi
3150 3608 3165 3633 ,
3213 3568 3432 3625 obedire
3462 3583 3645 3624 cessa-

2057 3656 2200 3711 bitis.
2241 3674 2259 3709 ι
2293 3655 2496 3725 Nempe
2542 3660 2643 3712 hoc
2688 3658 3025 3713 verissimum
3076 3657 3297 3713 est:i:a
3343 3672 3513 3725 sane,
3550 3660 3645 3715 sed

2060 3749 2534 3819 improbissimum,
2577 3750 3119 3820 importunissimum,
3168 3749 3647 3821 incongruentisst-

2060 3856 2234 3907 mum;
2266 3858 2375 3897 non
2404 3843 2537 3897 falso
2572 3844 2806 3914 eloquio,
2835 3839 2933 3899 sed
2972 3857 3082 3897 non
3111 3841 3402 3898 salubriter
3436 3842 3645 3898 valetu-

2058 3934 2169 3989 dini
2196 3933 2440 3990 bumana:
2465 3933 2788 3989 inﬁrmitatis
2814 3932 3080 4004 apposito.

2130 4026 2219 4084 62.
2280 4028 2432 4083 Illum
2493 4027 2656 4082 etiam
2696 4025 2934 4092 modum,
2966 4040 3073 4098 quo
3127 4023 3384 4080 utendum
3426 4038 3547 4081 esse
3592 4024 3646 4080 in

2061 4119 2543 4190 praedestinationis
2570 4120 2945 4190 praedicatione
2971 4132 3073 4174 nos
3098 4117 3362 4184 diximus,
3397 4116 3634 4187 loquenti

2059 4209 2197 4280 apud
2228 4210 2477 4280 populum
2504 4225 2609 4264 non
2630 4204 2879 4266 existimo
2899 4208 3096 4265 debere
3117 4206 3388 4271 sufﬁcere,
3417 4206 3519 4262 nisi
3544 4206 3646 4262 hoc

2061 4302 2146 4357 vel
2172 4299 2474 4372 bujusmodi
2506 4299 2705 4371 aliquid
2753 4298 2948 4366 addat,
3001 4306 3059 4353 ut
3110 4299 3297 4353 dicat:
3330 4296 3438 4352 Vos
3465 4297 3647 4367 itaque

2060 4394 2221 4449 etiam
2252 4394 2421 4463 ipsam
2446 4391 2728 4448 obedicndi
2771 4392 3222 4462 perseverantiam
3277 4404 3309 4444 a
3360 4388 3522 4446 Patre
3561 4389 3636 4443 ln-

2061 4486 2297 4552 minum,
2330 4501 2359 4539 a
2389 4500 2495 4556 quo
2540 4483 2819 4540 descendit
2861 4498 3021 4539 omne
3058 4483 3238 4538 datum
3287 4482 3546 4552 optimum
3591 4490 3647 4537 et

2061 4592 2220 4632 omne
2268 4576 2466 4631 donum
2492 4575 2784 4646 perfectum
2829 4573 3040 4645 (Jacobi
3060 4588 3099 4640 ι,
3130 4572 3263 4645 l7),
3295 4586 3515 4642 sperare
3544 4570 3644 4625 de-

2063 4667 2220 4724 betis.
2249 4676 2304 4722 et
2331 4667 2657 4737 quotidianis
2699 4666 3028 4721 orationibus
3065 4678 3323 4734 poscere,
3355 4673 3516 4733 atque
3542 4662 3645 4716 hoc

2061 4757 2306 4813 faciendo
2334 4756 2604 4811 conlidere
2623 4796 2641 4821 ,
2688 4770 2795 4810 non
2823 4769 2919 4809 vos
2965 4768 3084 4808 esse
3113 4769 3142 4807 a
3174 4751 3646 4822 prmdestinatione

2063 4847 2242 4917 populi
2280 4844 2396 4915 ejus
2424 4845 2661 4908 alienos;
2692 4844 2813 4914 quia
2855 4845 3015 4899 etiam
3046 4843 3149 4897 hoc
3184 4850 3241 4896 ut
3271 4840 3498 4908 faciatis,
3529 4841 3645 4909 ipse

2062 4938 2302 5008 largitur.
2330 4935 2482 4990 Absit
2504 4944 2680 4990 autem
2708 4950 2738 4988 a
2763 4933 2915 4988 vobis
2936 4974 2950 4996 ,
2984 4931 3103 4988 ideo
3130 4932 3423 5002 desperare
3449 4931 3516 4986 de
3543 4929 3642 4984 Oo-

2063 5030 2173 5093 bis,
2206 5028 2454 5100 quoniam
2490 5042 2637 5097 spem
2665 5035 2894 5081 vestram
2922 5025 2975 5079 in
3007 5027 3124 5095 ipso
3146 5024 3343 5078 habere
3357 5023 3640 5095 jubemini,

2064 5139 2170 5178 non
2200 5122 2252 5176 in
2279 5121 2449 5175 vobis.
2480 5117 2786 5175 Maledictus
2810 5117 2951 5172 enim
2973 5116 3147 5171 omnis
3184 5116 3273 5185 qui
3294 5129 3444 5185 spem
3476 5114 3642 5170 habet

2127 5338 2143 5371 ¹
2178 5344 2358 5386 Omnes
2376 5340 2504 5390 Mss...
2531 5329 2772 5390 ﬁdelibus.

2126 5400 2148 5431 ι
2184 5382 2364 5446 natri-
2418 5382 2469 5444 et
2494 5382 2661 5457 ilures
2703 5400 2830 5457 Mss,
2874 5400 2965 5453 per
2995 5385 3129 5439 ret-bi
3163 5398 3413 5452 personam
3453 5382 3645 5437 tertiam

2063 5459 2317 5516 dicantur,
2339 5469 2432 5506 non
2454 5454 2541 5519 per
2572 5454 2851 5519 secludunt.

2128 5505 2368 5570 ishis;
2393 5505 2467 5566 Er:
2494 5525 2545 5566 et
2565 5524 2670 5565 Mss.
2693 5515 2840 5563 t‘tditio
2863 5525 2981 5563 vero
2999 5518 3131 5570 t.ov.,
3148 5506 3493 5571 compellenda,
3508 5505 3643 5571 quod

2066 5591 2226 5633 tamen
2252 5576 2848 5644 Iro,‘rompetlando,_non
2890 5580 3030 5644 recte
3067 5572 3293 5644 substitni
3325 5572 3538 5644 monent
3561 5574 3642 5644 to-

2067 5628 2410 5695 iisi's'éhée’s'm
2454 5628 2839 5689 adnotationibus
2880 5635 2940 5685 ad
2984 5635 3111 5683 hunc
3149 5633 3305 5683 locum
3330 5644 3399 5695 μ
3437 5628 3645 5690 uestiat

2071 5692 2277 5762 (enim,
2303 5720 2327 5750 ι
2372 5702 2540 5759 aiunt,
2567 5718 2590 5748 ι
2610 5699 2669 5748 ad
2711 5697 3035 5762 elocutionem
3072 5707 3160 5757 per
3180 5692 3441 5744 secundam
3476 5701 3646 5752 perso-

2072 5785 2095 5817 (
2117 5780 2244 5830 nam,
2265 5759 2361 5830 qua
2387 5770 2655 5830 prasentes
2675 5759 3149 5830 compellabapturas

2127 5812 2310 5939 figuli,
2328 5812 2521 5937 ῇιεξιηαο
2535 5824 2640 5890 quis
2669 5822 2741 5875 eis
2777 5812 2945 5885 quibus
2968 5815 3193 5883 loquitur.
3218 5822 3274 5867 At
3302 5820 3430 5873 um,
3453 5812 3648 5887 quando

2127 5904 2149 5939 1
2173 5904 2241 5939 αδ
2280 5903 2388 5939 οίιεα
2412 5902 2486 5938 ur.

2067 5890 2150 5953 qui
2173 5889 2241 5941 eis
2265 5888 2486 5950 loqidtur.
