4118 6540
481 441 615 499 1051

478 553 534 608 in
561 548 777 606 homine
794 545 1002 620 (Jerent.
1036 541 1253 616 xvtt,5)
1287 551 1378 598 :et
1395 541 1593 595 bonum
1619 507 1700 593 est
1726 534 2068 592 conﬁderein

483 642 707 699 Domino
723 654 878 710 quam
894 634 1164 692 conﬁdere
1181 634 1234 688 in
1251 633 1466 688 homine
1484 628 1652 702 (Psal.
1671 643 1834 692 cxvn,
1849 625 1930 696 8);
1950 624 2071 696 quia

481 737 620 792 beati
635 748 821 790 omnes
833 733 918 802 qui
938 728 1213 785 conﬁdunt
1234 727 1284 781 in
1301 741 1447 782 eum.
1469 723 1615 778 lianc
1632 735 1782 791 spem
1804 727 2072 785 tenentes,

483 827 677 882 servile
707 823 930 877 Domino
963 820 1014 874 in
1047 819 1257 882 timore,
1280 826 1333 870 et
1360 813 1621 870 exsultate
1647 811 1695 865 ci
1718 825 1840 865 cum
1869 818 2072 864 tremo-

482 934 543 973 re
574 914 744 989 (Psal.
773 930 829 978 ιι,
865 913 953 976 15,
989 907 1076 982 Η)
1102 927 1116 964 :
1146 907 1394 979 quoniam
1417 905 1483 959 de
1510 903 1614 957 vita
1647 911 1844 956 teterna
1873 941 1888 966 ,
1913 913 2073 970 quam

487 1010 609 1065 ﬁliis
637 1003 1003 1078 promissionis
1055 999 1301 1071 promisit
1343 1011 1448 1051 non
1505 992 1736 1050 mendax
1783 991 1922 1046 Deus
1950 998 2076 1044 ante

489 1112 732 1170 tempora
762 1108 983 1162 mterna,
1015 1108 1172 1148 nemo
1201 1099 1374 1162 potest
1397 1103 1517 1144 esse
1542 1100 1784 1158 securus,
1815 1084 1917 1138 nisi
1947 1097 2077 1138 con-

491 1200 758 1246 summata
785 1185 946 1241 fuerit
975 1185 1076 1238 ista
1103 1183 1208 1236 vita
1231 1224 1245 1246 ,
1271 1196 1390 1250 qua:
1421 1177 1644 1233 tentatio
1669 1183 1753 1232 est
1779 1189 1942 1246 super
1971 1183 2077 1228 ter-

487 1299 600 1337 ram
635 1279 754 1353 (Job
796 1294 890 1345 vn,
921 1276 974 1348 l)
1009 1274 1141 1330 :srd
1192 1272 1348 1328 faciet
1399 1285 1498 1325 nos
1557 1269 1575 1302 ³
1634 1280 1978 1339 perseverare
2022 1265 2078 1318 in

487 1389 547 1430 se
590 1387 759 1442 usque
815 1371 865 1424 in
919 1369 1034 1436 ejus
1088 1367 1211 1421 vita:
1262 1364 1456 1427 ﬁnem,
1509 1361 1594 1416 cui
1652 1359 1888 1430 quotidie
1941 1357 2079 1412 dici-

489 1483 643 1532 mus,
687 1463 769 1519 Ne
803 1480 894 1518 nos
922 1461 1110 1534 inferas
1147 1459 1202 1512 in
1235 1457 1566 1512 tentationem
1594 1451 1806 1524 (Matth.
1853 1465 1930 1514 vr,
1965 1447 2078 1520 15).

489 1557 618 1614 llzee
647 1565 805 1626 atque
825 1551 1126 1622 hujusmodi
1154 1565 1274 1604 cum
1306 1548 1574 1610 dicuntur,
1601 1543 1714 1599 sive
1731 1539 1916 1612 paucis
1934 1539 2082 1596 chri-

493 1648 678 1704 stianis
695 1647 806 1701 sive
827 1641 1147 1699 multitudini
1169 1638 1443 1702 Ecclesite,
1462 1651 1560 1691 cur
1579 1635 1863 1690 metuimus
1879 1639 2086 1686 sancto-

490 1757 608 1796 rum
632 1735 1151 1808 praedestinationem
1185 1742 1240 1788 et
1263 1747 1443 1786 veram
1475 1729 1566 1784 Dei
1595 1727 1817 1797 gratiam
1843 1766 1858 1787 ,
1893 1723 1948 1779 id
1969 1731 2073 1788 est,

489 1846 610 1900 quae
637 1845 742 1884 non
786 1826 1077 1882 secundum
1125 1824 1312 1880 merita
1361 1830 1542 1876 nostra
1578 1819 1752 1882 datur,
1803 1817 1941 1872 sicut
1964 1830 2082 1871 eam

491 1928 676 1976 sancta
701 1919 973 1988 Scriptura
995 1915 1266 1987 prmdicat,
1289 1914 1580 1984 praedicare
1595 1912 1618 1965 ?
1635 1911 1714 1966 An
1738 1925 1864 1964 vero
1895 1909 2087 1962 timen—

490 2012 618 2066 dum
641 2019 745 2077 est,
771 2025 838 2064 ne
880 2017 1008 2064 tunc
1033 2008 1101 2062 de
1130 2024 1189 2062 se
1215 2006 1376 2060 homo
1406 2005 1676 2073 desperet,
1701 2000 1914 2072 quando
1953 2013 2081 2068 spes

490 2103 611 2172 ejus
647 2099 889 2172 ponenda
923 2099 1321 2154 demonstratur
1347 2097 1398 2150 in
1445 2096 1586 2160 Deo,
1632 2108 1736 2148 non
1769 2099 1945 2146 autem
1989 2089 2086 2144 de-

489 2203 764 2266 speraret,
794 2195 838 2249 si
865 2209 981 2249 eam
1010 2196 1060 2247 in
1083 2207 1144 2249 se
1168 2193 1284 2263 ipso
1309 2189 1725 2261 superbissimus
1747 2195 1803 2242 et
1826 2183 2084 2240 infelicis-

490 2287 661 2343 simus
678 2287 701 2320 ¹
733 2284 995 2354 poneret?

562 2378 796 2435 CAPUT
835 2376 1029 2433 XXIII.
1051 2407 1124 2418 --
1144 2375 1233 2432 6'5.
1262 2375 1438 2446 Atque
1461 2374 1664 2430 utinam
1703 2370 1838 2426 tardi
1867 2367 2032 2424 corde
2060 2367 2084 2400 ³

493 2478 551 2525 ει
590 2469 811 2535 inﬁrmi,
839 2469 926 2539 qui
981 2483 1087 2523 non
1147 2473 1397 2539 possunt,
1454 2465 1538 2520 vel
1580 2463 1818 2518 nondum
1859 2467 2085 2532 possunt

494 2559 807 2628 Scriptnras
846 2557 932 2613 vel
983 2573 1166 2614 earum
1214 2555 1579 2626 expositiones
1622 2553 1959 2624 intelligere,
2009 2551 2086 2606 sic

493 2649 743 2706 audirent
769 2650 852 2704 vel
881 2665 984 2703 non
1012 2649 1262 2704 audirent
1292 2647 1344 2701 in
1393 2647 1493 2701 hac
1521 2645 1814 2716 qumstioue
1845 2643 2086 2713 disputa-

495 2742 670 2797 tiones
706 2750 917 2794 nostras
937 2781 952 2806 ,
987 2747 1050 2794 ut
1079 2739 1245 2808 magis
1276 2737 1612 2792 intuerentur
1637 2734 1911 2790 orationes
1937 2747 2084 2798 suas,

495 2847 630 2903 quas
663 2846 877 2900 semper
909 2829 1094 2884 habuit
1136 2838 1190 2885 et
1230 2827 1447 2882 habebit
1473 2826 1714 2880 Ecclesia
1757 2824 1824 2878 ab
1849 2823 2087 2880 exordiis

503 2924 641 2989 suis,
667 2921 839 2976 donec
868 2921 1081 2975 finiatur
1123 2919 1226 2974 hoc
1263 2918 1540 2973 steculum.
1590 2918 1664 2972 De
1689 2915 1790 2970 hac
1817 2916 1960 2970 enim
1990 2929 2082 2982 re,

497 3030 659 3086 quam
691 3029 831 3069 nunc
862 3013 1122 3069 adversus
1163 3026 1330 3066 novos
1361 3009 1662 3072 luereticos,
1708 3023 1813 3063 non
1844 3021 2080 3062 comme-

499 3122 713 3161 morare
744 3115 968 3170 tantum,
1007 3103 1100 3160 sed
1124 3103 1280 3173 plane
1307 3101 1441 3156 tueri
1469 3107 1524 3156 et
1551 3099 1832 3154 defensare
1856 3096 2089 3168 compel-

498 3197 677 3264 limur,
711 3211 980 3267 nunquam
1008 3196 1174 3250 tacuit
1199 3194 1250 3248 in
1284 3193 1532 3264 precibus
1553 3192 1684 3258 suis,
1711 3189 1811 3246 etsi
1845 3190 2090 3260 aliquan-

496 3287 570 3344 do
598 3289 651 3342 itt
693 3288 1031 3343 sermonibus
1069 3282 1428 3342 exserendam
1469 3283 1614 3338 nullo
1639 3289 1859 3353 urgente
1897 3281 2090 3336 adver—

497 3378 640 3434 sario
674 3394 780 3432 non
827 3377 1052 3449 putavit.
1083 3376 1307 3445 Quando
1333 3375 1476 3430 enim
1529 3390 1633 3428 non
1680 3383 1888 3428 oratum
1921 3381 2002 3427 est
2031 3371 2086 3426 in

501 3472 737 3528 Ecclesia
766 3487 860 3542 pro
892 3471 1196 3525 inﬁdelibus
1223 3478 1383 3540 atque
1412 3466 1640 3522 inimicis
1668 3467 1785 3535 ejus
1824 3473 1885 3519 ut
1910 3463 2094 3520 crede-

499 3566 652 3621 rent?
679 3565 900 3633 Quando
926 3565 1100 3619 ﬁdelis
1141 3563 1422 3633 quisquam
1465 3561 1718 3623 amicum,
1759 3543 2085 3628 proximum,

499 3658 782 3728 conjugem
805 3656 988 3712 habuit
1016 3655 1306 3722 inﬁdelent,
1327 3664 1382 3708 et
1407 3669 1511 3707 non
1539 3651 1586 3707 ei
1611 3651 1796 3722 petivit
1815 3665 1844 3703 a
1867 3649 2093 3704 Domino

502 3758 735 3804 mentem
757 3748 1094 3802 obedientem
1127 3745 1180 3800 in
1225 3744 1574 3799 christianam
1606 3741 1806 3797 ﬁdem?
1831 3739 1962 3808 Quis
1999 3755 2094 3794 au-

503 3851 613 3897 tem
644 3839 745 3895 sibi
775 3855 1006 3908 unquam
1042 3854 1147 3891 non
1171 3837 1369 3900 oravit,
1402 3845 1460 3889 ut
1489 3835 1540 3888 in
1565 3834 1795 3889 Domino
1823 3846 2096 3899 permane-

503 3931 618 3987 ret?
641 3933 746 3985 Aut
771 3931 890 4000 quis
921 3927 1258 3984 sacerdotem
1286 3941 1448 3995 super
1483 3924 1670 3980 ﬁdeles
1701 3923 1984 3978 Dominum
2015 3922 2098 3976 in-

503 4035 806 4088 vocantem,
847 4021 892 4075 si
932 4019 1148 4091 quando
1195 4019 1351 4085 dixit,
1397 4019 1470 4072 Da
1502 4018 1628 4080 illis,
1661 4015 1913 4081 Domine,
1954 4015 2006 4068 in
2045 4023 2096 4070 te

507 4129 870 4185 perseverare
901 4128 1070 4182 usque
1113 4113 1164 4165 in
1199 4112 1391 4174 linem;
1425 4125 1532 4164 non
1563 4109 1734 4162 solum
1763 4121 1892 4162 voce
1934 4120 2098 4161 ausus

505 4217 611 4272 est,
658 4207 752 4264 sed
793 4207 982 4260 saltem
1027 4203 1350 4275 cogitatione
1391 4199 1822 4270 reprehendere;
1878 4214 1942 4254 ac
1989 4213 2096 4252 non

507 4303 686 4376 potius
702 4317 862 4371 super
889 4300 1004 4370 ejus
1035 4298 1196 4352 talem
1221 4295 1652 4350 benedictionem
1679 4335 1694 4358 ,
1718 4302 1774 4349 et
1799 4291 1962 4348 corde
1987 4306 2100 4346 cre-

506 4397 669 4450 dente
693 4393 756 4450 ct'
784 4409 879 4448 ore
903 4392 1193 4447 conﬁtente
1231 4389 1524 4459 respondit,
1555 4391 1725 4442 Amen
1753 4403 1767 4440 :
1801 4403 1922 4442 eum
1953 4385 2096 4441 aliud

509 4489 564 4543 in
593 4487 702 4556 ipsa
723 4486 964 4540 oratione
989 4483 1256 4538 dominica
1283 4499 1388 4536 non
1419 4490 1575 4536 orent
1605 4480 1789 4535 ﬁdeles
1808 4519 1825 4545 ,
1854 4477 2096 4534 dicentes

511 4578 744 4634 maxime
764 4575 914 4638 illud,
954 4573 1037 4628 Ne
1061 4589 1152 4628 nos
1181 4574 1370 4644 inferas
1415 4573 1466 4626 in
1508 4571 1831 4624 tentationem
1851 4585 1872 4634 ,'
1909 4569 2008 4624 nisi
2042 4577 2100 4624 ιιι

513 4671 567 4726 in
608 4677 792 4725 sancta
824 4666 1130 4722 obedientia
1171 4666 1549 4735 perseverent?
1573 4663 1725 4719 Sicut
1761 4677 1891 4734 ergo
1920 4663 1972 4718 in
2013 4662 2098 4716 his

509 4760 862 4826 orationibus,
891 4759 962 4813 ita
990 4767 1044 4814 ει
1065 4757 1118 4812 in
1148 4757 1246 4811 hac
1278 4755 1380 4812 ﬁde
1427 4767 1546 4811 nata
1586 4766 1690 4821 est,
1719 4763 1774 4810 et
1798 4755 2012 4820 crescit,
2045 4763 2100 4809 ει

511 4854 680 4910 crevit
709 4852 962 4918 Ecclesia,
1013 4866 1116 4922 qua
1167 4849 1270 4905 ﬁde
1310 4849 1550 4906 creditur
1603 4848 1828 4920 gratiam
1857 4847 1951 4903 Dei
1993 4861 2097 4902 non

513 4943 807 5000 secundum
837 4943 1028 4998 merita
1060 4941 1434 5011 accipientium
1475 4941 1611 4996 dari.
1657 4938 2099 5009 Quandoquidem

514 5049 622 5088 non
652 5041 830 5088 oraret
851 5031 1093 5087 Ecclesia
1121 5041 1178 5085 ut
1219 5031 1440 5086 daretur
1465 5029 1769 5084 inﬁdelibus
1809 5027 1960 5093 ﬁdes,
1999 5028 2101 5082 nisi

517 5123 686 5178 Deum
712 5122 959 5179 crederet
981 5131 1036 5176 et
1062 5135 1280 5176 aversas
1327 5130 1382 5176 et
1430 5119 1685 5174 adversas
1717 5118 1992 5194 hominum
2033 5117 2101 5171 ad

515 5230 577 5270 se
603 5223 919 5269 convertere
944 5213 1280 5267 voluntates:
1308 5226 1408 5265 nec
1433 5219 1614 5265 oraret
1639 5208 1878 5264 Ecclesia
1905 5217 1962 5262 ut
1991 5223 2104 5277 per-

515 5313 792 5360 severaret
821 5303 876 5357 in
901 5301 1004 5357 ﬁde
1027 5302 1251 5366 Christi,
1282 5317 1390 5357 non
1415 5301 1635 5370 decepta
1653 5300 1734 5355 vel
1765 5300 1898 5354 victa
1929 5307 2104 5353 tenta-

519 5395 752 5451 tionihus
774 5393 978 5460 mundi,
1002 5394 1104 5448 nisi
1133 5393 1385 5449 crederet
1417 5393 1697 5448 Dominum
1728 5392 1806 5448 sic
1849 5393 1900 5446 in
1948 5399 2105 5462 pote-

519 5495 660 5544 state
689 5486 888 5542 habere
915 5501 1010 5540 cor
1034 5495 1299 5552 nostrum,
1324 5493 1380 5540 ut
1409 5484 1603 5539 bonum
1633 5483 1773 5553 quod
1813 5499 1917 5539 non
1951 5493 2104 5538 tene-

533 5595 654 5634 mus
679 5577 783 5634 nisi
810 5577 1022 5649 propria
1041 5575 1336 5640 voluntate,
1369 5589 1474 5629 non
1497 5583 1673 5630 tamen
1703 5583 1978 5631 teneamus
2000 5575 2104 5630 nisi

521 5669 716 5741 ipsein
756 5669 912 5725 nobis
949 5677 1203 5738 operetur
1244 5676 1299 5724 et
1325 5666 1485 5723 velle.
1513 5665 1645 5724 Nam
1676 5669 1721 5724 si
1749 5669 1864 5726 hate
1892 5668 1960 5724 ab
1987 5669 2104 5740 ipso

585 5781 601 5813 ι
637 5780 843 5832 Vaticani
866 5786 992 5837 tttss.,
1018 5791 1113 5829 ros.

580 5843 602 5905 ξ
631 5845 754 5905 Tres
775 5849 902 5899 Mss,
928 5839 1308 5905 inﬁdelissimns.

583 5903 606 5938 ³
639 5904 806 5954 t-tures
827 5911 953 5968 Mss,
977 5903 1297 5956 tarrticordes.

1685 425 1742 483 S.
1787 420 2152 484 AUGUSTINI
2191 418 2496 477 EPISCOPI

3623 423 3764 480 1032

2180 531 2400 604 quidem
2431 529 2604 602 poscit
2621 529 2856 586 Ecclesia
2876 570 2892 598 ,
2921 528 3016 587 sed
3045 546 3076 586 a
3097 545 3154 586 se
3179 530 3292 602 ipsa
3317 532 3418 590 sibi
3441 534 3554 590 dari
3579 548 3758 606 putat;

2181 643 2286 682 non
2314 641 2468 682 veras
2487 667 2502 693 ,
2547 625 2642 680 sed
2675 623 3060 695 perfunctorias
3088 627 3358 682 orationes
3389 628 3548 684 habet
3579 633 3756 700 :quod

2180 717 2318 772 absit
2340 733 2370 771 a
2401 717 2574 772 nobis.
2599 716 2727 782 Quis
2743 717 2888 772 enim
2915 717 3178 772 veraciter
3201 729 3399 789 gemat,
3441 721 3758 776 desiderans

2179 809 2424 877 accipere
2451 807 2590 876 quod
2619 815 2738 861 orat
2755 823 2787 862 a
2812 807 3057 874 Domino,
3084 809 3130 863 si
3161 809 3261 864 hoc
3287 825 3318 865 a
3341 826 3401 866 se
3437 812 3552 882 ipso
3589 827 3647 868 se
3669 828 3758 868 su-

2181 914 2329 954 mere
2357 898 2652 964 existimet,
2683 913 2788 952 non
2813 897 2882 952 ab
2908 898 3034 952 illo?
3125 927 3160 958 te

2253 993 2342 1047 64.
2373 992 2696 1059 Praesertim,
2719 991 2968 1062 quoniam
2993 991 3115 1063 quid
3143 1008 3362 1058 oremus,
3389 995 3516 1050 sicut
3542 1004 3765 1067 Oportet,

2183 1084 2464 1146 nescimus;
2501 1087 2589 1136 sed
2615 1084 2722 1152 ipse
2756 1082 3001 1152 Spiritus,
3031 1083 3104 1136 ait
3147 1086 3450 1154 Apostolus,
3483 1087 3766 1157 interpellat

2185 1192 2276 1244 pro
2297 1175 2473 1229 nabis‘
2504 1175 2768 1245 gemitibus
2787 1173 3222 1248 inenarrabilibus.
3255 1174 3354 1242 Qui
3372 1177 3502 1230 enim
3517 1188 3767 1232 scrutatur

2185 1269 2360 1333 corda,
2399 1269 2489 1321 scit
2531 1266 2652 1337 quid
2692 1267 2857 1336 sapiat
2893 1266 3138 1337 Spiritus,
3161 1268 3282 1337 quia
3306 1268 3578 1322 secundum
3607 1268 3764 1322 Deum

2184 1357 2470 1424 interpellat
2495 1373 2586 1428 pro
2614 1358 2801 1410 sanctis
2831 1355 2848 1427 (
2871 1355 3023 1410 Rom.
3051 1373 3162 1422 vnl,
3187 1357 3278 1424 26,
3305 1357 3372 1412 Ξῖ
3398 1359 3438 1428 ).
3488 1359 3622 1426 Quid
3661 1371 3765 1426 est,

2185 1451 2296 1521 ipse
2309 1449 2536 1520 Spiritus
2561 1449 2867 1520 interpellat,
2887 1448 3010 1516 nisi,
3043 1448 3382 1519 Interpellare
3403 1450 3546 1516 facit,
3571 1453 3768 1524 gemiti-

2185 1541 2277 1596 bus
2319 1541 2759 1606 inenarrabilibus,
2806 1541 2899 1596 sed
2936 1541 3245 1606 vcraeibus,
3293 1544 3542 1613 quoniam
3577 1545 3770 1600 veritas

2187 1645 2270 1690 est
2299 1632 2566 1701 Spiritus?
2614 1632 2732 1703 Ipse
2770 1643 2852 1688 cst
2891 1632 3032 1687 enim
3076 1633 3144 1688 de
3189 1649 3296 1704 quo
3320 1635 3424 1689 alio
3454 1636 3569 1690 loco
3603 1635 3772 1691 dicit:

2191 1725 2332 1780 Misit
2361 1723 2502 1778 Deus
2531 1725 2788 1794 Spiritum
2815 1723 2938 1778 Filii
2964 1726 3042 1780 sui
3066 1726 3116 1779 in
3143 1727 3298 1780 corda
3322 1738 3514 1795 nostra,
3543 1730 3770 1783 claman-

2189 1826 2308 1884 tem,
2343 1818 2500 1883 Abba,
2534 1817 2689 1872 Pater
2714 1818 2732 1890 (
2755 1816 2922 1872 Galat.
2955 1835 3026 1884 tv,
3050 1817 3138 1890 6).
3181 1818 3250 1874 Et
3275 1820 3360 1874 hic
3383 1821 3506 1892 quid
3536 1832 3636 1889 est,
3665 1825 3772 1878 cla-

2187 1920 2428 1974 mantem,
2457 1909 2582 1974 nisi,
2610 1909 2852 1965 Clamare
2878 1909 3188 1977 facientem;
3219 1921 3370 1982 tropo
3395 1913 3485 1968 illo
3509 1929 3615 1984 quo
3637 1915 3772 1970 dici-

2188 2019 2308 2058 mus
2333 2003 2510 2058 Ianum
2536 2003 2700 2066 diem,
2729 2003 2818 2074 qui
2841 2003 2998 2058 ltetos
3026 2003 3183 2059 facit?
3224 2004 3374 2073 Quod
3401 2007 3524 2061 alibi
3552 2008 3776 2064 manife-

2187 2103 2314 2158 stat,
2347 2095 2433 2151 ubi
2465 2095 2593 2150 dicit
2619 2113 2634 2151 :
2669 2094 2790 2150 Non
2817 2095 2947 2149 enim
2973 2097 3234 2167 accepistis
3265 2097 3497 2168 spiritum
3529 2100 3774 2155 servitutis

2188 2186 2369 2240 iterant
2397 2186 2449 2240 in
2476 2185 2654 2240 timore
2675 2200 2696 2251 ,'
2733 2185 2825 2241 sed
2847 2187 3108 2258 accepistis
3135 2187 3385 2257 Spiritum
3407 2183 3689 2259 adoptionis
3709 2191 3775 2260 [i-

2189 2277 2394 2344 liorutn,
2417 2277 2470 2330 in
2489 2294 2589 2348 quo
2615 2277 2916 2344 clamamus,
2945 2279 3102 2344 Abba,
3137 2277 3294 2333 Pater
3321 2278 3340 2348 (
3361 2277 3488 2334 lium
3512 2296 3621 2349 VIII,
3645 2281 3772 2354 l5).

2191 2367 2267 2424 Ibi
2289 2368 2442 2435 dixit,
2467 2370 2768 2423 clamantem
2782 2384 2804 2434 ,'
2831 2369 2917 2424 hic
2941 2385 3088 2438 vero,
3113 2371 3166 2424 in
3195 2388 3293 2440 quo
3314 2372 3587 2428 clamamus
3617 2390 3636 2428 :
3657 2390 3776 2446 ape-

2189 2459 2336 2515 riens
2363 2459 2608 2516 videlicet
2651 2460 2919 2532 quomodo
2960 2462 3176 2530 dixerit,
3213 2462 3532 2529 clamantem,
3574 2465 3624 2520 id
3667 2475 3773 2532 est,

2189 2552 2448 2623 sicutjam
2467 2553 2960 2623 exposui,clatnare
2977 2554 3274 2612 facientem.
3299 2555 3395 2612 Ubi
3414 2557 3770 2628 intelligimus,

2189 2654 2244 2700 et
2271 2643 2370 2700 hoc
2392 2645 2562 2714 ipsum
2587 2659 2707 2701 esse
2725 2646 2925 2702 donum
2951 2647 3060 2712 Dei,
3086 2655 3148 2702 ut
3165 2649 3340 2704 veraci
3362 2650 3525 2706 corde
3549 2661 3600 2706 ει
3618 2653 3774 2722 spiri-

2191 2739 2404 2794 tualiter
2416 2737 2709 2794 clamemus
2733 2738 2798 2794 ad
2829 2740 3014 2796 Deum.
3043 2741 3333 2796 Attendant
3357 2758 3486 2814 ergo
3507 2745 3774 2815 quomodo

2192 2828 2558 2899 falluntur,qui
2583 2839 2764 2899 putant
2783 2846 2940 2886 essea
2957 2832 3129 2899 nobis,
3147 2847 3249 2886 non
3271 2833 3384 2889 dari
3411 2835 3578 2900 nobis,
3603 2845 3661 2890 ut
3681 2851 3774 2906 pe-

2193 2929 2388 2988 tamus,
2405 2937 2726 2992 qu:eramus,
2753 2922 3118 2992 pulsentus:et
3145 2923 3242 2979 hoc
3270 2940 3391 2982 esse
3415 2925 3617 2994 dicunt,
3635 2927 3776 2998 quod

2195 3013 2360 3084 gratia
2388 3013 2707 3084 praeeeditur
2725 3015 2916 3070 merito
2935 3025 3139 3083 nostro,
3169 3025 3225 3070 ut
3249 3029 3502 3087 sequatur
3525 3018 3628 3086 illa,
3653 3034 3774 3074 cum

2192 3103 2481 3174 accipimus
2517 3113 2780 3174 petentes,
2809 3113 2864 3160 et
2914 3105 3212 3162 invenimus
3255 3117 3571 3176 (ιιιωιειιιεε,
3601 3111 3776 3181 aperi—

2195 3203 2386 3265 turque
2415 3195 2784 3265 pulsantibus:
2810 3211 2909 3252 nec
2933 3197 3122 3252 volunt
3155 3198 3446 3270 intelligere
3480 3201 3636 3256 etiam
3675 3201 3778 3256 hoc

2193 3284 2358 3340 divini
2405 3287 2640 3340 muneris
2679 3289 2818 3352 esse,
2861 3295 2918 3342 ut
2960 3302 3191 3354 oremus,
3233 3287 3335 3343 hoc
3377 3298 3479 3357 est,
3515 3301 3778 3361 petamus,

2194 3393 2518 3450 quaaramns,
2549 3389 2709 3449 atque
2737 3380 3028 3448 pulsemus.
3068 3382 3380 3451 Accepimus
3400 3383 3420 3414 ²
3446 3383 3588 3438 enim
3615 3383 3783 3454 Spiri-

2198 3479 2308 3524 tum
2359 3469 2661 3550 adoptionis
2708 3469 2954 3536 ﬁliorum,
2990 3471 3043 3525 in
3097 3487 3204 3542 quo
3252 3473 3560 3539 clamamus,
3603 3475 3776 3542 Abba,

2197 3562 2376 3617 Pater.
2418 3562 2569 3630 Quod
2619 3563 2748 3617 vidit
2799 3571 2854 3618 et
2891 3563 3080 3618 beatus
3129 3563 3460 3619 Ambrosius.
3509 3566 3597 3620 Ait
3634 3566 3780 3620 enim

2198 3653 2308 3728 (In
2363 3654 2638 3710 Comment.
2683 3671 2836 3725 super
2872 3653 3089 3728 Isaiam)
3131 3672 3146 3710 τ
3192 3674 3211 3708 ι
3261 3656 3326 3710 Et
3377 3672 3534 3712 orare
3571 3658 3736 3713 Deum
3765 3701 3779 3723 ,

2197 3747 2381 3816 gratim
2421 3747 2712 3816 spiritualis
2763 3757 2848 3803 est
2895 3765 2909 3802 :
2956 3749 3096 3803 sicut
3139 3749 3392 3819 scriptum
3437 3760 3555 3817 est,
3613 3750 3780 3806 Nemo

2199 3840 2350 3904 dicit,
2397 3837 2646 3894 Dominus
2680 3839 2853 3906 Jesus,
2899 3841 2998 3894 nisi
3039 3841 3092 3895 in
3119 3840 3316 3912 Spiritu
3357 3852 3558 3896 sanctos
3595 3843 3634 3912 (Ι
3659 3843 3780 3898 Cor.

2199 3947 2293 3996 ιιι,
2326 3931 2404 4004 5).

2271 4020 2364 4076 65.
2411 4021 2536 4076 ΙΙεεε
2563 4021 2720 4092 igitur
2739 4039 2857 4093 qua:
2878 4025 3048 4094 poscit
3071 4039 3099 4078 a
3125 4025 3368 4091 Domino,
3395 4033 3450 4080 et
3480 4039 3690 4095 semper
3713 4043 3782 4082 ex

2201 4128 2306 4183 quo
2335 4127 2456 4168 esse
2484 4114 2666 4183 coepit,
2711 4117 2954 4186 poposcit
2986 4115 3220 4171 Ecclesia
3241 4161 3258 4182 ,
3303 4117 3374 4172 ita
3416 4119 3550 4173 Deus
3585 4118 3784 4174 vocatis

2201 4205 2312 4259 suis
2341 4204 2583 4259 daturum
2607 4221 2665 4261 se
2685 4221 2803 4261 esse
2831 4207 3114 4276 prsescivit,
3129 4216 3187 4261 ut
3215 4207 3267 4262 in
3295 4207 3405 4278 ipsa
3438 4208 3782 4278 prmdestina-

2204 4299 2348 4353 ti0ue
2379 4298 2488 4368 jam
2526 4297 2732 4354 dederit
2765 4316 2778 4352 :
2809 4299 3262 4370 quod‘Apostolus
3299 4302 3414 4356 sine
3444 4302 3784 4372 ambiguitate

2202 4391 2434 4446 declarat
2486 4391 2739 4447 Scribens
2767 4391 2962 4463 quippe
2993 4393 3058 4447 ad
3096 4393 3430 4448 Timotheum
3455 4392 3772 4457 :Collubora,

2203 4483 2394 4554 inquit,
2423 4484 2696 4556 Evangelia
2721 4485 2994 4538 secundum
3023 4485 3252 4539 virtutem
3279 4484 3371 4538 Dei
3397 4486 3558 4540 salvos
3585 4501 3673 4539 nos
3701 4489 3784 4553 [tt-

2203 4577 2398 4644 cientis,
2425 4587 2472 4630 et
2502 4576 2724 4630 vocantis
2751 4578 3008 4630 vocatione
3031 4593 3124 4630 sua
3147 4587 3350 4644 sancta;
3377 4595 3478 4632 non
3507 4579 3780 4632 secundum

2205 4686 2358 4740 opera
2383 4679 2572 4732 nostra,
2601 4670 2688 4724 scd
2733 4669 3008 4723 secundum
3047 4679 3193 4724 suum
3231 4671 3541 4740 propositum
3578 4678 3621 4724 et
3657 4686 3783 4740 gra-

2207 4761 2348 4824 tiam,
2379 4776 2493 4830 quaz
2519 4761 2638 4814 data
2660 4769 2732 4816 est
2758 4761 2898 4816 nobis
2925 4762 2978 4815 in
3013 4761 3210 4816 Christo
3249 4760 3373 4816 Iesu
3409 4771 3523 4816 ante
3561 4771 3786 4832 tempora

2205 4864 2414 4920 (eterna,
2445 4853 2764 4924 manifestata
2786 4862 2950 4907 autem
2976 4869 3109 4908 nunc
3137 4870 3224 4925 per
3251 4853 3515 4908 adventum
3553 4853 3788 4908 Salvato-

2207 4946 2277 5000 ris
2306 4947 2463 4999 nostri
2483 4944 2606 4999 Jesu
2626 4945 2815 5000 Christi
2843 4944 2907 5016 (ll
2935 4943 3064 4998 Tim.
3093 4961 3130 5012 ι,
3151 4943 3315 5016 8-10).
3341 4944 3430 5000 Ille
3455 4945 3628 5016 itaque
3643 4943 3792 4999 dieztt

2208 5039 2499 5094 Eeclesiam
2527 5035 2811 5108 aliquando
2849 5037 2902 5091 itt
2941 5035 3044 5091 ﬁde
3070 5051 3163 5092 sua
3191 5051 3294 5090 non
3319 5035 3568 5091 habuisse
3591 5035 3792 5090 verita-

2211 5139 2318 5184 tem
2349 5127 2828 5198 praedestinationis
2851 5127 3007 5198 hujus
3032 5137 3084 5182 et
3107 5127 3290 5199 gratia:
3308 5170 3324 5194 ,
3352 5143 3469 5198 qua:
3495 5141 3634 5182 nunc
3661 5141 3796 5182 eon-

2209 5229 2287 5275 tra
2315 5235 2482 5274 novos
2511 5219 2790 5274 haereticos
2813 5234 2940 5274 cura
2969 5219 3301 5291 diligentiore
3329 5219 3660 5275 defenditur:
3681 5219 3798 5286 ille,

2211 5312 2445 5381 inquam,
2487 5311 2587 5365 hoc
2627 5311 2788 5376 dicat,
2828 5311 2918 5381 qui
2957 5311 3134 5367 dicere
3159 5313 3320 5368 audet
3355 5313 3634 5383 aliquando
3675 5329 3786 5368 eatr

2211 5420 2316 5459 non
2343 5419 2545 5469 orasse,
2573 5403 2658 5458 vel
2685 5419 2789 5458 non
2810 5405 3070 5459 veraciter
3087 5419 3290 5472 orasse,
3306 5406 3416 5460 sive
3437 5413 3496 5460 ut
3514 5405 3800 5462 crederent

2211 5495 2474 5560 inﬁdeles,
2497 5497 2608 5549 sive
2635 5505 2692 5550 ιιι
2719 5505 3122 5565 perseverarent
3161 5497 3361 5552 lideles.
3409 5497 3538 5564 Qua:
3579 5497 3715 5552 bona
3745 5499 3796 5552 si

2210 5603 2424 5660 semper
2449 5587 2638 5655 oravit,
2665 5601 2880 5659 semper
2902 5599 2962 5643 ea
2994 5587 3088 5644 Dei
3110 5586 3250 5644 dona
3274 5601 3394 5644 esse
3421 5587 3599 5660 utique
3618 5587 3802 5644 credi-

2275 5785 2309 5850 t,
2341 5791 2520 5833 Omnes
2568 5789 2673 5853 uss.
2699 5817 2716 5842 ,
2753 5779 3024 5847 interpellat
3064 5781 3313 5847 gemitibus
3353 5781 3754 5838 matarrabt‘tibus
3773 5795 3800 5849 ,-

2217 5843 2411 5902 Omisso,
2433 5855 2523 5906 pro
2543 5843 2692 5894 nobis.

2278 5909 2299 5938 ²
2332 5907 2402 5957 διε
2425 5905 2528 5956 stas.
2555 5907 2688 5970 t-lditi,
2712 5905 2991 5972 accipimus.
