4140 6508
1467 221 1540 274 ,ν

349 351 486 411 1033

342 470 452 530 dit;
484 481 583 526 nec
607 466 676 525 ab
700 465 794 524 illo
813 478 934 523 esse
957 464 1278 537 prtecognita
1305 481 1538 537 unquam
1560 465 1608 520 ei
1635 479 1830 537 negare
1853 463 1930 517 fas

343 561 462 618 fuit.
506 565 582 618 Ac
618 577 716 633 per
748 559 852 615 hoc
886 558 1368 630 praedestinationis
1405 557 1563 628 hujus
1602 555 1782 622 fidem,
1812 568 1932 624 qua:

342 664 526 713 contra
557 669 727 710 novos
762 652 1044 708 haereticos
1091 665 1226 706 nova
1261 649 1616 705 sollicitudine
1652 662 1794 704 nunc
1839 645 1934 701 de-

346 748 601 812 fenditur,
631 761 904 817 nunquam
937 745 1170 802 Ecclesia
1203 744 1399 800 Christi
1424 761 1529 801 non
1557 742 1762 815 habuit.

411 839 640 895 CAPUT
694 837 886 893 XXIV.
914 867 984 877 —
1011 836 1100 892 66.
1141 835 1246 892 Sed
1275 835 1401 907 quid
1427 837 1614 908 plura?
1657 834 1798 890 Satis
1835 832 1932 888 do-

341 933 518 988 Cuisse
545 946 632 986 me
656 930 926 996 existimo,
949 929 1035 985 vel
1076 931 1252 1001 potius
1282 930 1399 1000 plus
1423 945 1580 1000 quam
1613 929 1764 995 satis,
1793 927 1944 1004 dona

347 1023 441 1078 Dei
476 1037 618 1088 esse,
647 1031 702 1078 et
733 1022 968 1092 incipere
1003 1021 1055 1075 in
1099 1021 1380 1076 Dominum
1411 1021 1648 1086 credere,
1677 1029 1733 1075 et
1763 1032 1933 1089 usque

341 1113 394 1170 in
429 1114 586 1170 finem
618 1114 670 1168 in
700 1114 926 1168 Domino
949 1129 1283 1183 permanere.
1305 1112 1512 1168 Caetera
1540 1127 1668 1168 vero
1696 1113 1834 1167 bona
1865 1109 1930 1166 ad

344 1207 510 1262 vitam
569 1207 732 1276 piam,
781 1222 884 1277 qua
938 1207 1079 1261 Deus
1131 1215 1276 1261 recte
1325 1205 1538 1271 colitur,
1591 1202 1928 1274 pertinentia,

341 1300 500 1356 etiam
549 1299 647 1371 ipsi
695 1309 914 1370 propter
951 1315 1085 1370 quos
1115 1298 1234 1353 hme
1263 1298 1487 1367 agimus,
1522 1297 1613 1352 Dei
1644 1297 1782 1351 dona
1809 1310 1930 1351 esse

340 1391 663 1447 concedunt.
708 1390 896 1448 Omnia
936 1406 1095 1462 porro
1121 1390 1259 1446 dona
1288 1405 1403 1456 sua,
1435 1398 1486 1444 et
1511 1389 1703 1460 quibus
1722 1403 1782 1443 ea
1812 1386 1928 1442 fue-

339 1492 423 1538 rat
451 1484 756 1555 largiturus,
813 1484 978 1539 Deum
1021 1483 1298 1553 przcscisse
1325 1497 1521 1553 negare
1550 1495 1656 1535 non
1681 1487 1924 1550 possunt.

341 1573 492 1629 Sicut
521 1589 649 1645 ergo
674 1582 866 1630 cmtcra
894 1573 1228 1643 praedicanda
1254 1582 1412 1636 sunt,
1446 1581 1502 1626 ut
1527 1572 1616 1642 qui
1645 1586 1707 1626 ea
1735 1566 1928 1640 pracdi-

340 1672 449 1728 eat,
477 1663 792 1720 obcdienter
813 1664 1086 1729 audiatur;
1115 1664 1186 1718 ita
1217 1645 1611 1733 praedestinatio
1638 1661 1930 1732 pra-dican-

340 1754 406 1808 da
435 1764 517 1811 est
541 1796 556 1823 ,
593 1764 652 1811 ut
679 1755 768 1826 qui
794 1755 1110 1811 obedienter
1135 1754 1250 1810 lucc
1277 1753 1444 1820 audit,
1476 1768 1581 1807 non
1608 1751 1661 1807 in
1688 1751 1926 1816 homine,

339 1865 405 1905 ac
439 1865 536 1921 per
567 1850 670 1905 hoc
696 1863 798 1905 nec
827 1849 880 1904 in
907 1864 967 1904 se
997 1848 1134 1918 ipso,
1165 1847 1258 1902 sed
1287 1847 1339 1901 in
1372 1845 1600 1901 Domino
1624 1844 1883 1916 glorietur
1913 1861 1928 1899 :

339 1944 463 2014 quia
501 1951 556 1999 et
595 1942 698 2000 hoc
741 1942 837 1998 Dei
881 1950 1206 2012 praeceptum
1235 1948 1349 2006 est;
1379 1947 1435 1995 et
1469 1939 1570 1994 hoe
1605 1945 1927 2010 prznccptum

339 2036 654 2092 oltcdicntcr
677 2035 880 2098 audire,
910 2033 962 2090 id
989 2043 1092 2100 est,
1119 2043 1176 2088 ut
1213 2033 1302 2104 qui
1333 2032 1601 2104 gloriatur,
1628 2031 1680 2086 in
1708 2029 1929 2085 Domino

340 2129 583 2205 glorietur
609 2127 668 2198 (l
699 2126 818 2182 Cor.
853 2142 890 2192 ι,
915 2125 977 2182 51
1003 2126 1048 2199 ),
1082 2124 1329 2180 similiter
1365 2133 1421 2178 ut
1452 2133 1676 2189 caetera,
1711 2121 1803 2176 Dei
1833 2121 1929 2176 do-

345 2234 472 2274 num
503 2229 606 2274 est.
638 2218 791 2287 Quod
821 2217 1020 2272 donum
1046 2217 1134 2288 qui
1162 2231 1276 2286 non
1297 2215 1477 2282 habet,
1510 2230 1614 2271 non
1644 2213 1830 2270 duhito
1849 2213 1928 2268 di-

339 2328 484 2380 cere,
510 2313 610 2367 alia
633 2326 984 2384 quzccumque
1012 2311 1190 2376 habet,
1221 2311 1451 2366 inaniter
1482 2308 1660 2365 habet.
1692 2307 1805 2363 Hoc
1829 2306 1930 2362 Pc-

341 2406 556 2476 lagiani,
581 2413 848 2475 optamus,
889 2413 947 2458 ut
993 2403 1256 2468 habeant;
1306 2401 1394 2456 isti
1439 2409 1616 2456 autem
1659 2398 1827 2454 nostri
1871 2407 1928 2452 ιιι

340 2497 549 2568 plenius
579 2495 828 2551 habeant.
857 2493 972 2549 Non
1001 2493 1178 2565 itaque
1210 2492 1377 2548 simus
1406 2492 1457 2547 in
1484 2488 1929 2562 disputationibus

341 2586 598 2657 prompti,
627 2595 681 2640 et
700 2585 750 2640 in
773 2583 1102 2640 orationibus
1125 2583 1281 2654 pigri.
1305 2568 1556 2648 Oremus,
1572 2578 1926 2646 dilectissimi,

338 2691 580 2746 oremus,
611 2685 671 2731 ut
709 2676 848 2732 Deus
883 2675 1068 2746 gratiae
1103 2673 1196 2730 det
1233 2673 1394 2730 etiam
1435 2672 1664 2729 inimicis
1696 2670 1926 2737 nostris,

339 2767 680 2838 maximeque
719 2765 970 2821 fratribus
1011 2773 1066 2821 et
1099 2764 1444 2822 dilectoribus
1485 2767 1702 2826 nostris.
1731 2763 1928 2819 intelli-

338 2874 466 2931 gere
484 2868 537 2915 et
562 2857 827 2926 confiteri,
845 2865 966 2930 post
989 2857 1256 2929 ingentem
1277 2866 1335 2914 et
1358 2856 1677 2912 inell‘ahilem
1696 2855 1926 2920 ruinam,

339 2967 448 3021 qua
472 2951 526 3005 in
547 2965 656 3006 uno
681 2965 868 3006 omnes
890 2949 1199 3016 cecidimus,
1223 2950 1493 3004 neminem
1515 2947 1614 3004 nisi
1635 2949 1802 3019 gratia
1834 2946 1928 3003 Dei

343 3041 592 3109 liberari;
639 3057 864 3112 eamque
894 3056 1001 3096 non
1022 3040 1313 3097 secundum
1343 3041 1533 3096 merita
1559 3037 1931 3109 accipientium

343 3146 594 3206 tanquam
622 3133 855 3190 debitam
884 3133 1032 3189 reddi
1050 3175 1065 3198 ,
1097 3132 1190 3189 sed
1218 3141 1465 3203 tanquam
1495 3145 1674 3188 veram
1704 3127 1928 3203 gratiam

345 3226 506 3282 nullis
528 3225 733 3281 meritis
761 3223 1184 3296 praecedentibus
1207 3224 1373 3295 gratis
1398 3221 1536 3279 dari.

417 3317 509 3374 67.
556 3317 768 3372 Nullum
812 3325 989 3372 autem
1029 3323 1113 3372 est
1156 3315 1411 3370 illustrius
1452 3311 1932 3386 prmdestinationis

343 3410 646 3481 exemplum
674 3426 831 3480 quam
863 3413 977 3480 ipse
995 3409 1149 3465 Iesus
1177 3426 1192 3463 :
1220 3409 1362 3466 unde
1401 3418 1458 3466 et
1499 3410 1550 3464 in
1593 3408 1766 3480 primo
1793 3409 1934 3466 libro

343 3503 452 3574 jam
478 3501 742 3573 disputavi
770 3501 874 3568 (De
900 3501 1356 3556 Pra'destinatione
1383 3499 1706 3567 Sam-torum,
1729 3518 1818 3556 nn.
1839 3499 1929 3568 50,

323 3597 458 3666 5|),
486 3602 542 3651 et
571 3596 620 3654 in
650 3594 939 3665 hujusfine
966 3593 1340 3650 commendare
1367 3592 1538 3664 delegi
1563 3592 1798 3649 :nullum
1829 3601 1932 3660 est,

347 3687 585 3757 inquam,
624 3685 878 3742 illustrius
918 3685 1400 3755 prmdestinationis
1444 3685 1745 3757 exemplum
1773 3701 1934 3758 quam

347 3778 462 3849 ipse
491 3779 767 3834 Mediator.
811 3777 1062 3849 Quisquis
1101 3777 1271 3834 fidelis
1297 3777 1410 3833 vult
1433 3793 1550 3834 eam
1581 3777 1716 3834 bene
1743 3777 1938 3834 intelli-

321 3887 495 3942 gere,
535 3871 775 3927 attendat
826 3871 1020 3942 ipsum,
1069 3870 1333 3942 atquein
1383 3871 1474 3926 illo
1517 3871 1748 3926 inveniat
1787 3878 1844 3926 et
1879 3884 1938 3924 se

350 3965 524 4036 ipsum
557 3985 570 4020 :
603 3965 794 4032 fidelis,
842 3965 1054 4036 inquam
1079 4003 1096 4032 ,
1135 3963 1224 4035 qui
1264 3963 1314 4018 in
1359 3979 1426 4019 eo
1470 3977 1651 4019 veram
1695 3973 1936 4018 naturam

317 4099 320 4103 .
348 4057 522 4114 credit
543 4066 600 4113 et
625 4057 910 4112 confitetur
937 4055 1242 4121 humanam,
1259 4053 1324 4124 id
1351 4061 1434 4110 est
1454 4061 1722 4121 nostram,
1749 4069 1939 4124 quam-

350 4150 434 4205 vis
460 4148 799 4220 singulariter
817 4146 1141 4218 suscipiente
1165 4146 1273 4201 Deo
1294 4144 1492 4211 Verbo,
1521 4143 1573 4198 in
1605 4143 1818 4199 unicum
1851 4143 1940 4198 Fi-

353 4240 482 4296 lium
516 4241 607 4297 Dei
627 4241 987 4306 sublimatam,
1009 4240 1089 4306 ita
1117 4247 1176 4294 ut
1200 4238 1290 4310 qui
1315 4237 1547 4308 suscepit
1577 4236 1790 4308 etquod
1817 4252 1939 4292 sus-

319 4381 322 4384 .
355 4332 500 4402 cepit
540 4348 643 4387 una
687 4340 829 4388 esset
865 4331 920 4386 in
963 4331 1220 4386 Trinitate
1257 4342 1505 4400 persona.
1557 4327 1742 4399 Neque
1798 4327 1941 4383 enim

355 4425 572 4480 homine
599 4432 872 4494 assumpto
899 4423 1226 4494 quaternitas
1255 4421 1391 4477 facta
1417 4431 1534 4490 est,
1577 4420 1671 4477 sed
1711 4420 1944 4475 Trinitas

356 4514 572 4578 mansit,
596 4513 962 4583 assumptione
982 4514 1069 4568 illa
1093 4512 1429 4568 inclfabiliter
1449 4511 1678 4567 faciente
1701 4526 1944 4582 personae

357 4604 516 4659 unius
571 4604 622 4658 in
670 4603 780 4658 Deo
820 4611 874 4657 ct
915 4603 1131 4658 homine
1177 4603 1478 4658 veritatem.
1527 4602 1790 4669 Quoniam
1836 4617 1944 4658 non

1377 347 1576 406 LIBER
1617 346 1706 403 DE
1744 344 1926 402 DONO
1966 339 2584 398 PERSEVERANTIE.

3487 343 3627 402 lOSl

2043 477 2208 532 Deum
2237 485 2440 533 tantum
2461 477 2690 533 dicimus
2712 475 3002 543 Christum,
3033 478 3166 534 sicut
3198 479 3433 537 hmretici
3463 481 3629 540 Mani-

2040 569 2213 634 ehaei;
2261 584 2360 625 nee
2408 569 2677 626 hominem
2722 579 2948 637 tantum,
2987 571 3126 628 sicut
3165 572 3399 630 haeretici
3441 574 3632 632 Photi-

2041 660 2214 726 niani;
2243 675 2342 717 nec
2363 661 2433 716 ita
2458 662 2748 727 hominem,
2773 670 2832 717 ut
2857 662 3055 734 aliquid
3077 663 3253 718 minus
3275 664 3465 720 habeat
3487 667 3628 736 quod

2039 752 2106 806 ad
2135 752 2421 808 humanam
2451 763 2658 810 certum
2686 763 2769 810 est
2794 755 3066 827 pertinere
3085 765 3348 818 naturam.
3373 759 3486 815 sive
3508 757 3624 814 ani-

2041 859 2182 897 mam
2229 843 2344 900 sive
2381 844 2434 898 in
2471 845 2584 916 ipsa
2627 847 2803 900 anima
2850 856 3084 901 mentem
3127 849 3472 912 rationalem,
3517 851 3633 905 sive

1996 997 2002 1004 _
2039 948 2278 1001 carnem,
2313 950 2416 991 non
2442 935 2510 991 de
2531 935 2724 993 femina
2747 946 3033 1009 sumptam,
3060 938 3154 993 sed
3187 938 3376 994 factam
3403 941 3473 997 de
3499 942 3633 997 Ver-

2043 1026 2111 1080 bo
2140 1026 2192 1080 in
2220 1041 2436 1082 carnem
2455 1043 2717 1084 converso
2739 1038 2902 1101 atque
2927 1039 3160 1097 mutato;
3192 1047 3311 1102 qua:
3330 1032 3509 1088 omnia
3532 1034 3630 1089 tria

2040 1116 2171 1174 falsa
2198 1127 2253 1174 et
2269 1133 2424 1189 vana,
2449 1120 2819 1178 hzcreticorum
2843 1122 3338 1192 Apollinaristarum
3367 1133 3474 1182 tres
3505 1141 3629 1194 par-

2039 1219 2119 1266 tes
2163 1213 2341 1267 varias
2377 1212 2720 1284 diversasque
2755 1213 2996 1270 fecerunt
3027 1233 3044 1270 :
3075 1215 3168 1271 sed
3204 1215 3431 1272 dicimus
3467 1217 3628 1274 Chri~

2038 1308 2178 1355 stum
2206 1301 2373 1359 Deum
2403 1318 2605 1368 verum,
2635 1313 2814 1359 natum
2845 1304 2911 1360 de
2943 1305 3052 1360 Deo
3080 1307 3236 1362 Patre
3265 1308 3382 1364 sine
3416 1310 3525 1365 ullo
3551 1310 3632 1364 in-

2039 1391 2133 1446 itio
2157 1393 2439 1463 temporis;
2461 1393 2814 1466 eumdemque
2835 1395 3107 1452 hominem
3129 1413 3337 1464 verum,
3361 1407 3538 1454 natum
3563 1400 3631 1456 de

2041 1482 2255 1538 homine
2295 1493 2468 1539 matre
2508 1494 2652 1540 certa
2697 1486 3024 1556 plenitudine
3050 1489 3336 1560 temporis;
3378 1505 3478 1546 nee
3513 1492 3632 1560 ejus

2039 1571 2447 1642 humanitatem,
2479 1589 2580 1645 qua
2603 1575 2781 1630 minor
2807 1585 2888 1632 est
2913 1576 3070 1633 Patre
3087 1578 3128 1641 ¹,
3160 1578 3402 1635 minuere
3428 1580 3628 1652 aliquid

2036 1662 2153 1731 ejus
2193 1662 2512 1733 divinitati‘,
2555 1682 2658 1738 qua
2703 1669 2920 1738 atqualis
2966 1678 3047 1724 est
3091 1670 3254 1724 Patri.
3305 1671 3416 1728 lloe
3449 1681 3628 1729 autent

2037 1764 2321 1827 utrumque
2351 1772 2490 1813 unus
2517 1767 2598 1814 est
2628 1757 2905 1828 Christus,
2934 1761 3026 1832 qui
3059 1769 3112 1816 et
3140 1762 3431 1818 secundum
3463 1766 3627 1821 Demu

2035 1849 2314 1906 verissime
2336 1850 2489 1916 dixit,
2522 1850 2634 1923 Ego
2661 1861 2706 1906 et
2737 1850 2895 1907 Pater
2939 1869 3098 1907 unum
3140 1871 3312 1910 sumus
3354 1854 3534 1928 (Ιοαη.
3566 1873 3626 1922 x,

2035 1942 2126 2014 30)
2158 1959 2172 1998 :
2199 1951 2254 1998 et
2299 1943 2596 1999 secundum
2636 1944 2906 2001 hominem
2947 1946 3227 2003 verissime
3271 1947 3424 2012 dixit,
3471 1947 3626 2003 Pater

2035 2034 2200 2104 major
2229 2051 2308 2088 me
2335 2044 2408 2089 est
2441 2035 2567 2106 (Id.
2593 2051 2700 2101 xlv,
2727 2035 2858 2107 28).
2905 2036 3007 2106 Qui
3048 2053 3177 2108 ergo
3217 2037 3359 2093 hune
3396 2037 3525 2095 fecit
3556 2055 3626 2096 ex

2034 2124 2240 2180 semine
2283 2125 2445 2181 David
2494 2126 2765 2182 hominem
2805 2127 3031 2198 justum,
3061 2129 3148 2199 qui
3187 2141 3456 2200 nunquam
3485 2139 3629 2186 esset

2036 2214 2265 2285 injustus
2293 2215 2409 2271 sine
2437 2216 2543 2270 ullo
2569 2218 2763 2272 merito
2788 2218 3141 2288 prmccdcntis
3164 2218 3454 2276 voluntatis
3476 2219 3624 2290 ejus;

2036 2306 2148 2375 ipse
2163 2321 2232 2362 ex
2255 2306 2469 2376 illjllSlis
2490 2308 2615 2363 facit
2629 2307 2822 2379 justos,
2842 2309 2958 2365 sine
2979 2309 3086 2365 ullo
3107 2310 3298 2366 merito
3322 2310 3629 2380 pmvccdcn-

2036 2399 2103 2454 tis
2126 2399 2414 2455 voluntatis
2451 2400 2711 2471 ipsorum,
2751 2410 2810 2457 ut
2846 2401 2937 2459 ille
2971 2413 3146 2476 caput,
3172 2403 3226 2458 hi
3256 2405 3494 2461 membra
3519 2405 3630 2460 sint

2034 2490 2171 2562 ejus.
2213 2491 2314 2562 Qui
2361 2507 2492 2565 ergo
2536 2493 2663 2550 fecit
2701 2495 2850 2552 illum
2895 2493 3188 2563 hominem,
3220 2497 3337 2554 sine
3365 2498 3489 2554 ullis
3509 2498 3628 2570 ejus

2034 2582 2460 2654 prmcedentibus
2487 2579 2690 2640 meritis
2708 2627 2724 2652 ,
2757 2585 2962 2642 nullum
2987 2587 3130 2658 quod
3157 2587 3204 2642 ei
3230 2587 3590 2646 dimitteretur
3607 2632 3626 2656 ,

2034 2673 2118 2729 vel
2157 2674 2364 2748 origine
2402 2676 2634 2744 trahere,
2659 2677 2743 2735 vel
2769 2678 3042 2736 voluntate
3081 2691 3392 2751 perpetrare
3431 2697 3626 2752 pecca-

2037 2772 2179 2832 tum;
2232 2765 2346 2837 ipse
2381 2767 2546 2824 nullis
2589 2783 2775 2824 eorum
2819 2769 3242 2840 prmcedentibus
3270 2771 3476 2828 meritis
3505 2771 3633 2829 facit

2035 2860 2318 2917 credentes
2344 2863 2396 2916 in
2425 2877 2571 2932 eum,
2599 2863 2793 2934 quibus
2832 2863 3064 2920 dimittat
3105 2880 3265 2921 omne
3303 2874 3580 2938 peceatum
3611 2883 3625 2918 :

2036 2952 2128 3025 qui
2154 2953 2280 3010 fecit
2303 2954 2453 3011 illum
2483 2956 2661 3023 talem,
2683 2964 2742 3011 ut
2762 2971 3030 3029 nunquam
3052 2957 3299 3012 habuerit
3324 2957 3630 3014 habiturus-

2036 3060 2142 3118 que
2171 3045 2244 3102 sit
2265 3047 2592 3102 voluntatem
2646 3048 2873 3114 malam;
2925 3048 3040 3119 ipse
3091 3049 3218 3104 facit
3264 3049 3316 3104 in
3369 3050 3627 3107 membris

2037 3138 2154 3209 ejus
2179 3153 2246 3194 ex
2271 3138 2410 3194 mala
2437 3139 2710 3194 voluntate
2743 3138 2959 3194 bonam.
3005 3140 3073 3196 Et
3111 3139 3260 3195 illum
3297 3156 3425 3212 ergo
3447 3150 3504 3197 et
3525 3157 3626 3197 nos

2041 3229 2462 3301 praedestinavit;
2502 3229 2623 3302 quia
2649 3237 2705 3285 et
2735 3230 2786 3284 in
2815 3230 2907 3286 illo
2932 3238 2988 3286 ut
3011 3237 3154 3287 esset
3181 3239 3340 3301 caput
3365 3240 3628 3299 nostrum,

2040 3329 2096 3377 et
2133 3321 2186 3376 in
2224 3321 2378 3376 nobis
2416 3330 2473 3376 ut
2507 3321 2623 3392 ejus
2645 3336 2840 3392 corpus
2869 3337 3132 3390 essemus,
3163 3337 3268 3377 non
3299 3338 3628 3393 przccessura

2040 3411 2230 3468 merita
2259 3422 2461 3480 nostra,
2489 3412 2591 3474 sed,
2607 3427 2770 3484 opera
2799 3427 2894 3468 sua
2925 3413 3098 3469 futura
3127 3413 3414 3485 pratseivit.

2111 3502 2201 3558 68.
2246 3502 2344 3569 Qui
2388 3503 2570 3573 legunt
2604 3502 2741 3568 haec,
2772 3504 2816 3557 si
2845 3503 3166 3574 intelligunt,
3195 3513 3352 3573 agant
3379 3503 3490 3559 Deo
3511 3518 3635 3575 gra-

2042 3593 2144 3649 tias
2175 3611 2190 3648 :
2218 3594 2307 3665 qui
2335 3603 2514 3649 autem
2554 3609 2660 3650 non
2696 3594 3016 3665 intelligunt,
3042 3603 3199 3649 orent
3237 3603 3294 3649 ut
3331 3609 3516 3650 eorum
3544 3594 3634 3650 ille

2041 3685 2109 3740 sit
2133 3685 2322 3741 doctor
2349 3685 2573 3741 interior
2595 3725 2612 3752 ,
2639 3701 2670 3740 a
2693 3685 2849 3756 cujus
2875 3684 3010 3741 facie
3039 3693 3121 3741 est
3147 3685 3369 3740 scientia
3394 3693 3450 3741 et
3477 3685 3635 3741 intel-

2043 3778 2212 3833 lectus
2241 3775 2422 3852 (Prov.
2445 3794 2504 3842 ll,
2526 3795 2626 3834 sec.
2649 3777 2839 3848 LXX).
2869 3778 2971 3844 Qui
2990 3791 3118 3833 vero
3142 3792 3323 3834 errare
3347 3793 3433 3833 me
3447 3777 3633 3833 existi-

2043 3881 2212 3940 mant,
2243 3873 2400 3928 etiam
2447 3882 2606 3944 atque
2645 3873 2807 3928 etiam
2848 3871 3132 3944 diligenter
3168 3888 3287 3943 qua:
3326 3881 3453 3928 sunt
3494 3872 3634 3928 dicta

2045 3963 2404 4030 considerent,
2434 3978 2501 4019 ne
2523 3963 2762 4020 fortassis
2793 3963 2892 4034 ipsi
2920 3972 3121 4020 errent.
3168 3963 3282 4034 Ego
3304 3974 3482 4019 autem
3511 3979 3635 4020 cum

2047 4071 2144 4126 per
2171 4069 2267 4111 eos
2299 4055 2388 4126 qui
2419 4069 2568 4111 meos
2593 4055 2806 4111 labores
2831 4054 3034 4126 legunt,
3065 4069 3172 4110 non
3199 4054 3373 4109 solum
3399 4052 3632 4122 doctior,

2047 4161 2232 4202 verum
2277 4145 2438 4201 etiam
2476 4145 2811 4202 emendatior
2847 4147 2937 4212 lio,
2971 4145 3256 4217 propitium
3297 4144 3429 4200 mihi
3468 4145 3634 4201 Deum

2047 4252 2281 4309 agnosco
2306 4255 2320 4292 :
2347 4247 2403 4294 et
2439 4237 2543 4294 hoc
2584 4255 2681 4310 per
2721 4238 2979 4295 Ecclesia:
3003 4237 3251 4294 doctores
3278 4239 3508 4294 maxime
3535 4253 3635 4294 ex-

2049 4337 2260 4399 specto;
2301 4329 2347 4383 si
2389 4337 2443 4384 et
2481 4329 2534 4384 in
2575 4329 2812 4400 ipsorum
2839 4344 3028 4386 manus
3054 4329 3215 4396 venit,
3244 4328 3637 4402 diguanturque

2051 4434 2212 4476 nosse
2239 4418 2381 4491 quod
2401 4419 2598 4505 scribo.

2117 4553 2133 4584 ¹
2168 4559 2348 4602 Omnes
2366 4559 2498 4613 Itss.,
2520 4565 2617 4615 qua
2636 4565 2793 4615 major
2811 4559 2881 4604 est
2907 4559 3065 4604 Pater.

2115 4615 2136 4646 ³
2168 4615 2242 4664 sic
2263 4621 2369 4664 uss.
2390 4612 2865 4674 Editi,dirt°nilatem.

1141 4789 1474 4845 Fuceenruss
1502 4789 1551 4843 in
1576 4789 1678 4844 fine
1707 4789 1824 4844 libri
1855 4789 1923 4845 de
1952 4789 2318 4844 lnearnatione
2340 4799 2393 4845 et
2417 4789 2597 4845 Gratia
2627 4791 2687 4844 D.
2711 4790 2774 4846 N.
2804 4790 2854 4845 J.

434 4909 574 4964 Deus
602 4906 692 4977 qui
724 4903 994 4960 hominem
1020 4903 1278 4967 condidit,
1310 4903 1422 4972 ipse
1445 4899 1913 4971 praedestinatione
1933 4913 2025 4954 sua
2048 4909 2102 4956 et
2121 4901 2318 4956 donum
2341 4901 2740 4959 illuminatiouis
2762 4902 2829 4958 ad
2850 4900 3198 4967 credendum,
3228 4913 3278 4957 et
3301 4903 3498 4959 donum
3522 4920 3643 4974 per-

363 5001 679 5058 severantiae
709 4997 774 5052 ad
811 4995 1193 5066 proficiendum
1219 5006 1380 5064 atque
1409 4991 1850 5064 permanendum,
1883 5002 1936 5047 ct
1963 4991 2160 5047 donum
2182 4993 2584 5063 glorificationis
2604 4993 2670 5049 ad
2699 4993 3046 5066 regnandum,
3076 4994 3267 5064 quibus
3295 4995 3425 5052 dare
3454 4997 3638 5061 voluit,

319 5097 322 5100 ’
364 5081 682 5164 prmparavit
705 5080 948 5161 {quippe
978 5106 1081 5144 non
1112 5089 1265 5144 aliter
1292 5088 1497 5158 perlicit
1526 5088 1578 5143 in
1607 5102 1768 5155 opere
1787 5129 1802 5155 ,
1833 5101 1994 5160 quam
2023 5088 2074 5143 iu
2105 5101 2199 5142 sua
2226 5089 2547 5158 sempiterna
2579 5097 2739 5158 atque
2764 5087 3180 5143 ineommutabili
3220 5088 3381 5146 habet
3419 5089 3646 5160 disposi-

361 5191 476 5238 tum
506 5183 795 5237 voluntate.
830 5180 995 5250 Cujus
1020 5178 1500 5249 przcdestinatiouis
1524 5178 1823 5244 veritatem,
1853 5193 1954 5250 qua
1979 5193 2076 5234 nos
2101 5189 2224 5234 ante
2248 5179 2430 5234 mundi
2459 5179 2890 5235 constitutionem
2921 5178 3321 5249 praedestinatos
3351 5181 3403 5236 in
3427 5179 3645 5240 Christo

364 5284 587 5330 testatur
615 5275 919 5345 Apostolus,
948 5275 992 5330 si
1018 5273 1135 5344 quis
1161 5272 1421 5329 detrectat
1445 5272 1622 5328 cordis
1647 5272 1959 5328 credulitate
1983 5272 2224 5342 recipere
2243 5315 2260 5339 ,
2297 5273 2378 5328 vel
2403 5274 2512 5329 oris
2536 5272 2872 5328 confessione
2898 5272 3154 5342 proferre,
3182 5273 3226 5328 si
3251 5283 3376 5331 ante
3401 5275 3644 5334 ultimum

366 5366 508 5422 diem
533 5365 655 5420 vita:
683 5361 964 5438 praesentis
989 5406 1005 5430 ,
1036 5364 1322 5434 impietatis
1351 5379 1460 5419 sua:
1485 5362 1893 5430 contumaciam,
1921 5379 2024 5434 qua
2053 5363 2165 5418 Deo
2190 5365 2310 5419 vivo
2338 5373 2393 5420 et
2415 5379 2545 5421 vero
2571 5364 2786 5420 rebellis
2815 5365 3042 5430 obsistit,
3065 5381 3170 5420 non
3199 5366 3481 5435 abjecerit;
3531 5385 3646 5426 ma-

367 5459 616 5514 nifestum
661 5467 742 5512 est
777 5471 900 5511 eum
939 5471 1044 5510 non
1078 5456 1345 5526 pertinere
1369 5454 1433 5510 ad
1465 5471 1651 5511 eorum
1683 5470 1984 5516 numerum.
2017 5470 2151 5526 quos
2183 5455 2322 5510 Deus
2348 5455 2400 5510 in
2428 5455 2639 5511 Christo
2665 5464 2787 5511 aute
2809 5455 2990 5510 mundi
3017 5456 3445 5514 constitutionem
3483 5463 3647 5530 gratis

323 5546 327 5550 ’
366 5553 528 5623 elegit
565 5561 619 5607 et
668 5549 1064 5622 prmdestiuavit
1104 5549 1170 5602 ad
1213 5563 1452 5618 regnum.
1507 5549 1610 5604 Pro
1646 5548 1837 5619 quibus
1885 5558 2061 5603 tamen
2109 5562 2208 5604 nec
2247 5548 2418 5602 oratio
2456 5546 2692 5622 fidelium
2736 5547 2896 5602 debet
2942 5547 3226 5614 desistere,
3270 5562 3372 5604 nec
3411 5549 3648 5606 charitas

367 5645 652 5716 aliquando
694 5653 940 5712 torpere;
991 5649 1048 5695 ut
1093 5641 1236 5695 Deus
1285 5642 1364 5694 eis
1399 5641 1622 5709 gratiam
1665 5655 1777 5695 sua:
1818 5639 2221 5695 illuminatiouis
2259 5638 2443 5706 donet,
2467 5625 2590 5710 ‘per
2630 5655 2791 5710 quam
2830 5640 2882 5694 in
2931 5639 3060 5710 ipsis
3097 5652 3279 5694 semen
3318 5639 3482 5696 divini
3529 5655 3652 5697 ser.

371 5741 548 5796 monis
575 5736 874 5800 fruetilicet,
908 5734 996 5804 qui
1027 5733 1220 5789 frustra
1251 5731 1604 5789 exterioribus
1629 5732 1847 5789 auribus
1876 5741 2049 5798 sonat,
2075 5731 2177 5789 nisi
2208 5731 2346 5788 Deus
2373 5731 2631 5804 spirituali
2661 5746 2882 5788 munere
2904 5730 3144 5787 auditum
3168 5729 3399 5786 hominis
3422 5730 3645 5792 interioo

371 5829 450 5888 ris
474 5831 678 5902 aperiat
1024 5897 1038 5902 _
2754 5883 2760 5888 ,
3305 5853 3320 5879 ρ

626 5912 896 5972 Panos.
935 5897 1122 5973 XCV.
2781 5911 3279 5990 (Treanta-trait.)
