4118 6570
486 408 615 463 1035
1490 401 1861 460 ADMONITIO
1901 400 1966 457 IN
2005 400 2112 458 OPI

2120 401 2179 459 IS
2214 399 2704 459 IMPERFECTUM
3619 400 3746 457 1036

646 520 722 576 Ex
747 520 938 577 eodem
967 520 1246 593 Fuigentio
1267 520 1542 577 ADBIANUB
1570 519 1709 589 Papa
1736 518 1778 584 l,
1807 518 1858 573 in
1892 516 2126 588 Epistola
2154 516 2219 572 ad
2243 516 2469 589 Egilam,
2492 526 2546 572 et
2571 516 2623 572 in
2645 515 2879 588 Epistula
2908 513 2975 571 ad
3004 516 3282 588 episcopos
3308 515 3591 589 llispauim.

544 636 721 707 Opera
751 635 1131 691 misericordiae
1166 650 1230 691 ac
1261 634 1482 705 justitire
1512 634 1828 706 prteparavit
1856 633 1996 688 Deus
2028 633 2079 685 in
2106 631 2405 687 aeternitate
2430 629 2978 686 incommutaliilitatis
3002 645 3146 695 sum;
3192 640 3246 686 et
3282 631 3422 686 sicut
3458 630 3746 688 futurorum

477 743 700 798 operum
723 742 938 783 suorum
966 742 1235 799 nunquam
1269 725 1367 782 fuit
1392 726 1625 798 ignarus,
1654 726 1731 781 sic
1757 726 1808 780 in
1839 722 2148 779 earumdem
2171 738 2392 793 operum
2426 723 2812 795 prmparatione
2851 737 3121 793 nunquam
3159 721 3505 794 improvidus.
3548 723 3752 793 Praepa-

479 822 616 875 ravit
634 836 763 891 ergo
785 820 1142 892 justiﬁcandis
1163 820 1468 877 hominibus
1483 820 1691 885 merita,
1716 818 2037 890 praeparavit
2063 818 2249 875 iisdem
2276 817 2637 890 glorificandis
2661 827 2716 874 et
2742 819 2980 888 prrcmia.
3008 818 3160 875 Malis
3180 833 3309 875 vero
3325 833 3429 876 non
3448 821 3753 891 prteparavit

481 913 783 968 voluntates
810 914 998 979 malas,
1030 920 1121 969 aut
1145 927 1306 983 opera
1337 912 1496 975 maia,
1525 911 1618 967 sed
1650 911 1967 982 prmparavit
1990 910 2070 967 eis
2090 910 2234 982 justa
2264 919 2316 967 et
2340 920 2541 966 aeterna
2570 910 2848 982 supplicia.
2874 910 3001 966 Hmc
3026 920 3109 966 est
3132 920 3333 968 aeterna
3366 912 3751 983 prtedestinatio

480 1001 777 1076 futurorum
820 1016 1043 1073 operum
1087 1002 1206 1070 Dei,
1252 1017 1411 1074 quam
1463 1002 1602 1057 sicut
1645 1002 1799 1058 nobis
1848 1002 2139 1073 apostolica
2185 1002 2425 1059 doctrina
2477 1016 2691 1073 semper
2736 1002 2993 1059 insinuari
3038 1004 3429 1076 cognoscimus,
3477 1007 3554 1061 sic
3597 1005 3753 1061 etiam

482 1095 801 1152 fitlucialiter
850 1094 1241 1167 prmdicamus,
1292 1105 1398 1152 etc.
1449 1094 1717 1150 Tenentur
1766 1110 1895 1167 ergo
1940 1093 2425 1165 praedestinationis
2468 1095 2662 1150 veritas
2710 1109 2739 1148 a
2786 1092 3034 1150 fidelibus
3079 1095 3287 1151 cunctis
3315 1113 3329 1150 :
3361 1097 3481 1168 quia
3524 1096 3754 1168 quisquis

479 1187 718 1243 divinum
752 1201 856 1242 non
884 1187 1058 1243 credit
1091 1187 1144 1242 in
1180 1186 1283 1242 hac
1327 1185 1798 1257 pmdestinatione
1832 1187 2133 1254 consilium,
2157 1201 2264 1242 non
2293 1188 2567 1258 perveniet
2601 1187 2667 1242 ad
2701 1186 2990 1258 gloriosum
3016 1186 3255 1257 ejusdem
3285 1188 3756 1259 praedestinationis

480 1278 753 1336 ell‘cctum.

1198 1830 1505 1877 CONTRA
1577 1831 1987 1879 SECUNDAM
2051 1835 2360 1882 JULIANI
2443 1834 3050 1882 R‘BSPONSIONEM.

1934 1946 2304 2004 QWE?

572 1401 748 1409 .-ν---ι
764 1400 903 1409 ...κ
922 1406 928 1409 _
946 1401 1041 1409 ..α
1068 1399 2501 1409 ._.....__.__.______._________.___
2522 1399 2747 1408 ...-
3180 1401 3197 1407 -
3230 1400 3389 1407 __._
3409 1401 3426 1406 _
3448 1400 3541 1406 ...-

558 2062 905 2118 Pervenimus
935 2061 1148 2118 tandem
1175 2061 1241 2118 ad
1271 2063 1512 2119 ultimum
1543 2064 1820 2136 Augustini
1851 2080 2006 2135 opus,
2041 2066 2094 2121 in
2118 2080 2223 2136 quo
2249 2065 2435 2123 beatus
2460 2068 2646 2138 gratim
2671 2065 2865 2122 Christi
2896 2065 3108 2133 vindex,
3139 2065 3264 2122 dum
3293 2065 3524 2124 haeretici
3552 2066 3746 2124 Juliani

484 2173 606 2213 cum
632 2157 806 2213 denuo
834 2156 1194 2229 aggredieutis
1235 2157 1491 2229 impetum
1522 2159 1858 2230 comprimit,
1907 2159 2144 2215 nondum
2172 2159 2420 2216 absoluto
2453 2160 2641 2217 eodem
2670 2175 2863 2231 Opere,
2892 2170 3067 2217 morte
3095 2168 3402 2231 occupatur,
3433 2170 3487 2216 et
3521 2177 3551 2217 e
3580 2160 3753 2217 medio

484 2249 778 2306 certamine
804 2248 872 2304 ad
899 2248 1301 2320 percipiendam
1329 2263 1585 2305 coronam
1612 2259 1832 2306 vocatur
1861 2251 1913 2305 in
1941 2251 2160 2307 ccelum.
2194 2250 2393 2307 Verum
2426 2260 2713 2323 antequam
2753 2262 2950 2309 nostra:
2992 2252 3044 2307 in
3084 2251 3136 2308 id
3162 2252 3339 2324 operis
3366 2252 3758 2309 observationes

486 2350 873 2415 proponantur,
903 2340 1042 2396 haud
1070 2342 1168 2398 abs
1196 2356 1255 2397 re
1296 2339 1486 2409 fuerit,
1523 2342 1690 2414 ipsius
1723 2342 1951 2410 Juliani,
1992 2343 2203 2414 patroni
2234 2343 2533 2415 Pelagianae
2564 2340 2839 2401 hmreseos'
2870 2353 3065 2417 prteter
3098 2354 3322 2402 cmteros
3359 2345 3592 2403 ardentis
3613 2356 3666 2403 et
3688 2347 3761 2401 fa.

486 2435 654 2503 mosi,
699 2442 858 2504 atque
893 2434 1032 2489 inter
1059 2433 1338 2505 Augustini
1366 2434 1701 2492 adversarios
1734 2435 2138 2491 insolentissimi
2162 2477 2178 2503 ,
2216 2450 2386 2508 genus
2425 2446 2479 2493 et
2517 2452 2697 2495 mores
2736 2437 2953 2505 dicere,
2997 2436 3239 2510 factaque
3280 2453 3378 2496 seu
3418 2439 3611 2511 scripta
3646 2439 3763 2510 ejus

454 2541 462 2551 '
488 2542 790 2583 recensere.

1580 2620 1667 2677 DE
1704 2620 1991 2679 ΙΠΠΑΝο
2030 2622 2120 2678 ΕΤ
2156 2622 2322 2681 EJUS
2360 2623 2683 2682 SCRIPTIS.

561 2736 801 2793 Julianus
826 2749 955 2806 ergo
977 2734 1210 2790 Mentore
1238 2751 1301 2791 ac
1325 2736 1557 2805 Juliana,
1579 2746 1810 2810 utroque
1833 2747 2055 2810 parente
2079 2738 2147 2795 ab
2167 2738 2418 2810 opinione
2441 2741 2653 2811 pietatis
2677 2742 2845 2807 claro,
2873 2749 3163 2812 prognatus
3188 2749 3290 2797 est.
3316 2740 3599 2798 Memorem
3625 2750 3767 2797 certe

394 2870 403 2885 μ
497 2830 693 2885 Marius
722 2830 982 2885 Mercator
1007 2828 1060 2885 in
1084 2829 1509 2886 Contmonitorio
1542 2831 1974 2887 subnotationum
2005 2832 2056 2888 in
2095 2832 2292 2904 scripta
2316 2833 2514 2890 Juliani
2533 2876 2549 2901 ,
2587 2853 2606 2887 α
2631 2842 2828 2890 sanetae
2853 2848 2916 2889 ac
2943 2833 3114 2889 beatm
3150 2833 3533 2890 recordationis
3557 2835 3766 2905 episco-

503 2937 627 2992 pum
649 2962 664 2985 ,
693 2940 715 2974 ι
759 2920 1024 2979 lulianum
1067 2929 1245 2977 autem
1279 2922 1531 2979 Memoris
1559 2924 1869 2996 conjugem,
1916 2943 1936 2977 ι
1966 2925 2270 2995 primariam
2311 2926 2559 2982 feminam
2588 2944 2609 2980 ι
2644 2934 2829 2995 vocat,
2876 2944 2897 2979 ‹
2924 2941 3025 2998 qua
3057 2925 3219 2993 nihil,
3250 2945 3271 2980 ι
3315 2927 3421 2994 ait,
3457 2944 3478 2979 ι
3503 2926 3767 2982 honestius

495 3016 634 3070 inter
660 3013 1117 3070 reverentissimas
1159 3023 1432 3070 mtronas
1462 3015 1738 3071 invenias:
1769 3036 1789 3069 ι
1820 3027 1981 3087 atque
2005 3032 2132 3073 mox
2158 3016 2226 3074 de
2249 3018 2482 3075 Memore
2507 3018 2665 3074 simul
2691 3034 2754 3075 ac
2787 3019 2995 3075 Juliana
3020 3018 3272 3088 loquens,
3304 3036 3326 3070 ι
3351 3018 3441 3089 qui
3468 3027 3705 3083 sanctos,
3740 3035 3761 3069 ο

488 3106 694 3179 inquit,
728 3124 748 3158 ι
778 3105 987 3161 illorum
1008 3104 1291 3161 hominum
1321 3120 1520 3174 mores,
1552 3115 1793 3163 sanctam
1822 3108 2018 3176 vitam,
2049 3108 2456 3183 institutumque
2485 3111 2729 3167 noverint
2762 3130 2781 3164 ι
2809 3110 3017 3181 (Infra,
3048 3109 3284 3183 Appeud.
3324 3118 3467 3182 parte
3489 3108 3581 3183 2).
3609 3108 3758 3163 Illum

499 3202 671 3272 ipsum
699 3199 893 3255 lnliani
935 3208 1136 3270 patrem
1171 3199 1331 3255 etiam
1370 3199 1647 3257 nobilitate
1672 3201 1885 3274 generis
1924 3203 2271 3273 conspicuum
2303 3202 2495 3269 fuisse,
2541 3203 2897 3276 Hieronymus
2928 3202 3232 3275 Vignierius
3268 3202 3321 3258 in
3352 3201 3666 3258 Prmfatione
3701 3201 3767 3256 ad

492 3296 859 3368 imperfectum
884 3297 1030 3366 Opus
1060 3295 1370 3366 Augustini,
1404 3310 1470 3351 ex
1500 3296 1696 3353 inedita
1740 3298 1968 3369 quadam
1998 3296 2261 3369 Fulgentii
2300 3298 2589 3369 scriptione
2613 3299 2808 3370 prodit.
2837 3297 2967 3354 [nde
3004 3312 3133 3353 vero
3163 3312 3267 3353 non
3298 3297 3472 3353 minus
3495 3311 3772 3352 commen-

438 3379 443 3383 ’
490 3390 701 3448 dandus
730 3389 869 3446 idem
904 3388 1127 3455 Memor,
1159 3388 1301 3458 quod
1330 3389 1629 3460 Augustino
1659 3389 1890 3445 amicitia
1919 3398 1973 3446 et
2001 3390 2301 3446 litterarum
2326 3389 2504 3447 officio
2530 3390 2848 3462 eoujunctus
2876 3390 3034 3446 fuerit
3059 3406 3073 3444 :
3101 3388 3169 3445 de
3192 3404 3299 3460 quo
3332 3397 3546 3445 sanctus
3572 3388 3774 3444 Doctor

491 3490 546 3545 in
572 3487 709 3544 libro
739 3488 911 3558 primo
939 3494 1128 3541 contra
1155 3485 1422 3542 Iulianum
1441 3524 1459 3553 ,
1505 3503 1526 3539 ι
1551 3486 1666 3558 Ego
1694 3494 1841 3543 certe
1867 3485 2039 3542 beatae
2067 3487 2344 3543 memoriae
2384 3486 2638 3543 Memoris
2678 3485 2844 3557 patris
2874 3484 2948 3540 tui
2976 3498 3083 3539 non
3123 3484 3424 3551 immemor,
3453 3482 3543 3554 qui
3565 3496 3773 3538 mecum

490 3597 599 3638 non
630 3596 851 3652 parvam
884 3580 1074 3635 inierat
1102 3577 1391 3634 amicitiam
1415 3578 1682 3650 colloquio
1713 3578 2031 3646 litterarum,
2062 3587 2222 3650 teque
2250 3579 2422 3650 ipsum
2449 3578 2581 3634 mihi
2606 3578 2981 3635 charissimam
3012 3576 3213 3633 fecerat
3235 3595 3255 3629 ι
3280 3574 3495 3649 (Supra,
3511 3572 3777 3631 contrJu-

491 3675 641 3740 (ian,
674 3673 759 3728 lib.
792 3674 844 3739 1,
876 3690 929 3728 n.
960 3671 1071 3745 12).
1125 3672 1311 3727 Exstat
1334 3672 1497 3727 etiam
1534 3687 1677 3729 nunc
1716 3672 1914 3743 scripta
1941 3672 2163 3728 Memori
2185 3673 2429 3743 epistola,
2458 3673 2600 3729 inter
2624 3670 3036 3742 Augustinianas
3056 3669 3248 3726 ordine
3268 3669 3556 3726 centesima
3583 3667 3773 3739 prima.

490 3765 779 3824 Memorem
813 3764 1069 3836 Uglzcllus
1091 3764 1357 3835 Capuanis
1381 3764 1670 3837 episcopis,
1699 3764 2106 3837 haudquaquam
2132 3774 2309 3822 tamen
2338 3764 2447 3821 ulla
2474 3765 2665 3821 idonea
2691 3764 3007 3820 auctoritate
3032 3761 3219 3829 fretus,
3248 3761 3775 3835 adjungit,-proximo

494 3866 614 3930 post
640 3857 977 3913 Vincentium
1004 3857 1147 3926 loco,
1182 3857 1275 3929 qui
1303 3857 1616 3914 Vincentius
1646 3874 1712 3914 ex
1736 3857 2013 3913 Athanasii
2044 3858 2264 3914 historia
2288 3858 2616 3929 percelebris
2640 3865 2743 3925 est,
2770 3872 2893 3914 eum
2921 3870 3230 3913 recensens.

556 3948 730 4006 Natus
754 3957 838 4005 est
863 3949 1106 4004 Julianus
1131 3948 1184 4003 in
1215 3950 1405 4019 Apulia
1425 3990 1442 4017 ,
1472 3958 1607 4006 teste
1634 3950 1929 4021 Augustino
1958 3948 2156 4023 (Infra,
2190 3950 2372 4023 Operis
2397 3952 2603 4023 imperi.
2633 3950 2723 4006 lib.
2751 3948 2806 4018 6,
2835 3966 2952 4022 cap.
2982 3947 3111 4022 i8);
3141 3947 3363 4004 forsitan
3395 3947 3645 4014 Eeulani,
3675 3962 3774 4003 seu

492 4043 715 4107 Eclani;
746 4043 791 4098 si
818 4052 994 4098 tamen
1019 4043 1150 4099 urbs
1178 4043 1287 4112 illa,
1315 4044 1426 4114 jam
1452 4044 1575 4099 inde
1599 4059 1631 4099 a
1656 4044 1915 4099 trecentis
1940 4046 2097 4101 annis
2122 4042 2428 4116 Campania:
2456 4044 2664 4101 inclusa
2693 4043 2907 4111 finibus,
2936 4042 3043 4098 hoc
3071 4042 3286 4098 nomine
3308 4041 3582 4098 iocabatur
3600 4041 3776 4096 adhuc

495 4137 548 4192 in
580 4136 801 4213 Apulia,
831 4135 970 4206 quod
1001 4136 1130 4190 olim
1157 4135 1298 4191 inter
1321 4136 1529 4209 Apulia:
1554 4135 1718 4192 urbes
1746 4146 2023 4192 numerata
2056 4136 2261 4193 fuisset.
2291 4136 2494 4193 Memor
2527 4137 2643 4208 ejus
2673 4146 2844 4209 pater,
2873 4150 2974 4207 qua
2999 4146 3113 4192 erat
3139 4134 3340 4208 pietate
3360 4176 3376 4201 ,
3403 4133 3565 4189 filium
3592 4132 3657 4188 ad
3684 4148 3778 4189 ee-

494 4230 712 4288 elesiam
743 4245 900 4301 quam
930 4229 1158 4300 primum
1201 4229 1355 4295 tulit,
1383 4230 1538 4301 eique
1564 4228 1739 4285 adhuc
1762 4228 1951 4286 infanti
1977 4230 2241 4302 ‘Baptismi
2280 4231 2507 4303 gratiam
2537 4230 2652 4286 dari
2681 4229 2851 4287 voluit
2877 4228 3076 4301 (Supra
3116 4237 3293 4284 contra
3316 4226 3517 4281 Julian.
3536 4268 3552 4295 ,
3593 4225 3680 4281 lib.
3719 4227 3774 4289 t,

496 4344 550 4380 η.
572 4324 668 4390 is;
685 4324 845 4396 infra,
876 4322 1058 4395 Operi:
1084 4322 1293 4395 imperf.
1319 4323 1407 4379 lib.
1428 4322 1486 4391 2,
1508 4339 1627 4394 cap.
1654 4322 1735 4393 Ξ),
1761 4340 1781 4376 ι
1806 4324 2051 4380 nesciens
2070 4324 2243 4379 cidem
2265 4324 2447 4395 gratia:
2475 4338 2632 4396 quam
2664 4330 2809 4379 esset
2831 4322 3041 4378 futurus
3056 4321 3293 4391 ingratus
3316 4339 3336 4373 ι
3357 4319 3575 4391 (Supra,
3597 4327 3778 4374 contra

497 4415 724 4482 Iuliam,
757 4415 845 4471 lib.
866 4416 921 4482 6,
954 4416 1150 4487 11.17).
1201 4415 1336 4473 Huic
1375 4416 1617 4472 attribuit
1660 4414 1969 4473 Gennadius
2014 4417 2284 4488 ingenium
2313 4432 2474 4485 acre,
2520 4433 2765 4489 magnam
2792 4431 3062 4472 Sacrorum
3095 4414 3489 4487 Scripturarum
3516 4414 3781 4486 cognitio-

496 4527 652 4579 nem,
685 4520 900 4583 tamque
930 4511 1275 4582 multiplicem
1300 4510 1653 4568 eruditionem
1682 4510 1982 4567 litterarum
2010 4525 2307 4582 grmcarum
2342 4520 2398 4567 et
2426 4512 2737 4577 latinarum,
2769 4519 2828 4566 ut
2849 4508 3110 4573 Julianus,
3138 4509 3444 4581 priusquam
3476 4507 3779 4579 Pelagiana:

495 4604 718 4660 lueresis
746 4603 797 4659 in
827 4618 894 4660 eo
922 4602 1416 4675 deprehenderetur
1449 4603 1718 4675 impietas,
1748 4603 1961 4661 celebre
1986 4603 2088 4660 sibi
2113 4619 2311 4661 nomen
2343 4604 2483 4660 inter
2512 4604 2768 4662 Ecclesia:
2795 4603 3045 4660 doctores
3073 4602 3395 4674 compararit
3419 4600 3626 4674 (Infra,
3657 4601 3782 4670 Ap-

493 4697 649 4772 pend.
678 4704 823 4768 parte
847 4695 927 4768 ἓ).
960 4695 1240 4752 Mercatori
1267 4706 1445 4753 tamen
1471 4694 1615 4752 haud
1645 4696 1840 4766 injuria
1872 4694 2087 4762 dicitur,
2120 4712 2142 4748 ί
2168 4695 2385 4752 horrida
2412 4696 2754 4767 loquacitate,
2789 4715 2808 4750 ι
2839 4711 2961 4751 cum
2989 4695 3248 4751 adversus
3277 4694 3630 4766 Augustinum
3654 4692 3782 4747 dis-

491 4798 717 4859 sereret,
754 4807 775 4843 c
803 4796 1084 4860 evagatus,
1115 4787 1375 4846 disertum
1402 4803 1462 4846 se
1486 4789 1658 4862 magis
1694 4797 1963 4846 ostentare
1990 4796 2047 4845 et
2068 4788 2293 4844 sciolum
2319 4790 2508 4847 volens
2548 4807 2568 4843 ι
2605 4788 2818 4862 (Ibid)
2842 4789 3022 4861 Ipsum
3055 4790 3216 4845 etiam
3235 4803 3264 4843 a
3294 4788 3556 4860 Prospero
3584 4798 3785 4858 putant

495 4883 831 4954 designatum
864 4880 1030 4937 fuisse
1057 4880 1159 4936 hoc
1187 4880 1475 4950 versiculo,
1506 4880 1598 4953 qui
1627 4880 1784 4937 simul
1812 4889 1868 4938 et
1893 4881 2012 4951 ejus
2033 4879 2370 4951 episcopatus
2395 4879 2572 4937 locum
2590 4922 2606 4948 ,
2644 4888 2698 4938 et
2721 4879 2991 4937 scribendi
3016 4878 3385 4936 characterem
3413 4891 3477 4933 ac
3500 4876 3784 4948 ingenium

493 4976 695 5033 referre
720 4985 879 5047 atque
904 4975 1131 5031 innuero
1154 4973 1367 5030 videtur
1389 4991 1405 5030 :

1224 5064 2113 5130 mhuietnmpsnograuunecorda
2141 5070 2351 5117 tument.

484 5155 659 5222 Quem
683 5168 894 5208 rursum
935 5152 1166 5223 Prosper
1211 5152 1268 5206 in
1293 5149 1562 5207 Chronico
1605 5148 2050 5220 jactantissimum
2093 5149 2361 5222 Pelagiani
2398 5150 2600 5207 erroris
2641 5157 2967 5207 assertorem
3010 5146 3242 5219 appellat
3294 5145 3507 5219 (Ibid).
3543 5144 3794 5203 Sanctus

491 5261 706 5318 quoque
727 5245 1058 5317 Augustinus
1079 5244 1257 5316 ipsum
1285 5243 1482 5300 merito
1506 5242 1628 5314 jure
1668 5242 1910 5299 nominat
1927 5241 2180 5311 juvenem
2222 5241 2769 5300 confidentisssimum
2794 5241 3018 5315 (Supra,
3044 5248 3220 5296 contra
3255 5238 3542 5305 lulianum,
3580 5238 3667 5293 lib.
3705 5236 3786 5303 2,

492 5356 550 5394 η.
574 5336 695 5409 ω»
721 5344 881 5408 atque
921 5351 1044 5392 eum
1070 5335 1273 5407 lingua,
1302 5349 1466 5406 quam
1503 5343 1686 5391 mente
1712 5333 1882 5404 magis
1898 5334 2131 5391 valuisse
2155 5335 2349 5392 asserit
2386 5333 2583 5408 (Infra,
2608 5335 2792 5408 Operi:
2818 5334 3039 5405 Imperf.
3072 5333 3161 5388 lib.
3188 5333 3245 5401 ὅ,
3267 5348 3383 5404 cap.
3416 5330 3507 5403 52)
3534 5347 3549 5385 :
3589 5345 3621 5386 a
3659 5344 3791 5401 quo

486 5436 551 5486 et
575 5428 788 5493 dicitur,
814 5444 836 5481 r
866 5426 922 5483 in
947 5426 1307 5499 disputatione
1357 5425 1782 5499 loquacissimus,
1838 5426 1893 5482 in
1949 5428 2295 5487 contentione
2340 5428 2876 5497 calumniosissimtts,
2904 5426 2958 5483 in
2988 5424 3322 5498 professione
3345 5422 3721 5481 fallacissimus
3760 5440 3784 5473 ι

495 5519 660 5595 (Ibid.
687 5519 777 5576 lib.
807 5520 861 5586 ι,
883 5536 999 5591 cap.
1019 5518 1138 5589 50).
2348 5538 2349 5541 η

565 5610 701 5669 Cum
726 5619 884 5667 atate
899 5609 1009 5681 jam
1033 5607 1216 5666 adulta
1237 5618 1402 5678 esset,
1430 5611 1481 5667 ei
1509 5619 1661 5683 pater
1683 5626 1906 5668 uxorem
1928 5611 2111 5681 dedit;
2161 5622 2491 5686 testaturque
2519 5614 2763 5686 pluribus
2788 5614 2920 5671 locis
2949 5611 3273 5685 Augustinus
3316 5611 3464 5667 illum
3500 5608 3789 5681 conjugali

492 5701 710 5758 vinculo
730 5699 896 5757 fuisse
921 5698 1235 5755 adstrictum
1261 5698 1481 5771 (Supra,
1503 5709 1678 5757 contra
1698 5698 1995 5771 lulianum,
2043 5703 2134 5759 lib.
2163 5704 2220 5770 5,
2242 5722 2334 5761 nn.
2354 5705 2447 5771 28,
2474 5704 2566 5774 46,
2589 5705 2825 5777 passim).
2865 5703 3161 5763 Fatendum
3185 5711 3270 5760 est
3295 5711 3462 5770 certe,
3497 5716 3618 5757 cum
3650 5699 3790 5770 ejus

493 5788 693 5848 familia
721 5787 1169 5847 necessitudinem
1199 5788 1423 5845 Paulino
1452 5791 1705 5863 episcopo
1724 5791 1943 5851 Nolensi
1968 5793 2337 5851 intercessisse
2383 5796 2541 5868 longe
2564 5796 2954 5863 arctissimam;
2983 5793 3412 5867 quandoquidem
3463 5793 3550 5849 hic
3595 5806 3656 5848 se
3685 5791 3797 5847 inn

497 5881 717 5950 dignum
750 5879 971 5937 minimo
999 5876 1222 5959 putavit,
1252 5879 1466 5950 nuptias
1486 5881 1631 5966 illius
1659 5883 1747 5955 pio
1774 5884 2137 5956 epithalamio,
2163 5885 2304 5957 quod
2334 5886 2474 5944 inter
2509 5887 2675 5959 ipsius
2725 5902 2888 5960 opera
2915 5886 3176 5967 hodieque
3221 5886 3433 5957 legitur,
3465 5883 3789 5950 celebrare.
