4118 6520
358 381 494 438 ιοδτ
1212 375 1478 432 comas
1518 371 1882 430 SECUNDAM
1921 370 2180 430 JULIANI
2225 368 2766 438 nesrouswueu.
3500 370 3636 430 less

356 496 411 550 lu
440 495 541 550 hoc
567 495 655 550 ille
686 503 794 550 tum
821 494 1108 559 Julianum,
1136 506 1293 563 quem
1320 503 1541 560 puerum
1558 486 1731 543 adhuc
1751 494 1924 553 vocat,
1950 494 2060 542 tum
2077 486 2193 542 Jam
2222 499 2440 540 uxorem
2462 483 2575 554 ejus
2598 481 2862 551 hortatur,
2888 479 3104 554 dignam
3125 480 3414 557 episcopali
3464 483 3627 559 duino

354 585 671 641 modestiam
696 595 752 642 et
781 585 834 641 in
861 584 1161 655 nuptiarum
1190 580 1549 646 solemnitate,
1572 579 1700 634 etin
1725 586 1837 634 toto
1858 579 1979 635 vitae
1995 575 2262 633 curriculo
2279 583 2601 633 conservent
2627 619 2640 631 .
2666 574 2794 645 quin
2816 574 2976 629 etiam
3000 574 3129 641 illis,
3157 574 3234 630 uti
3272 575 3633 653 virginitatem

354 679 533 733 colant
560 687 889 749 perpetuam,
930 683 1197 746 precatur.
1230 671 1501 729 Poematis
1545 671 1596 725 in
1652 671 1804 727 libris
1828 669 2147 741 quibusdam
2189 668 2347 725 editis
2393 667 2577 723 titulus
2612 676 2736 723 est:
2777 686 2797 721 ι
2822 666 3238 737 Epithalamium
3266 668 3317 722 in
3358 667 3628 739 Julianum

352 767 587 838 e;.isc0pi
617 767 864 823 Memoris
897 766 1083 832 filium,
1110 772 1164 821 et
1191 764 1310 820 Jam
1333 761 1687 818 clarissimam
1716 760 1971 817 feminam
2014 775 2234 817 uxorem
2262 760 2399 831 ejus.
2434 780 2453 812 ι
2480 758 2617 815 Hinc
2645 758 2945 830 Vignierius
2983 757 3178 816 Juliani
3219 774 3447 833 uxorem
3485 759 3631 816 anti-

350 877 454 929 qua
476 869 529 916 et
555 858 822 915 consulari
851 857 1127 913 nobilitate
1149 855 1484 928 splendidam
1507 852 1671 910 fuisse
1687 853 1994 920 contendit;
2018 861 2180 925 atque
2210 851 2277 908 ad
2299 852 2541 908 eamdem
2579 852 2698 907 Jam
2723 851 2891 908 refert
2911 852 3036 908 illud
3062 868 3128 908 ex
3160 852 3361 910 inedito
3403 852 3635 923 quodam

352 948 617 1020 Fulgi-ntii
645 964 806 1018 opere
831 947 1231 1003 testimonium:
1266 965 1287 999 ι
1318 945 1430 1002 Nec
1455 946 1528 1001 illi
1566 944 1867 1002 sufﬁciebat
1903 952 2139 1015 paterna:
2195 942 2485 1011 nobilitati,
2536 942 2878 1000 IEmiliorum
2922 943 3091 1000 fasces
3130 943 3469 1011 admovisse,
3500 958 3638 1017 quos

352 1038 543 1094 haeresi
566 1037 833 1110 degenere
863 1036 1087 1109 turpiter
1112 1037 1418 1093 maculavit.
1456 1055 1477 1089 ι
1506 1035 1748 1091 interfuit
1787 1050 1978 1105 reapse
2024 1036 2224 1106 nuptiis
2261 1035 2546 1106 episcopus
2581 1034 2796 1105 quidam
2846 1036 3064 1092 nomine
3091 1034 3345 1099 Emilins
3367 1054 3383 1091 :
3406 1044 3464 1092 at
3513 1051 3636 1105 eum

348 1129 426 1185 Jze
454 1137 685 1201 patrem,
717 1128 860 1199 quod
891 1129 1191 1201 Vignierius
1243 1129 1447 1200 primus
1471 1128 1721 1193 asseruit,
1749 1127 1996 1182 Paulinus
2034 1143 2141 1182 non
2170 1126 2299 1183 dicit
2338 1127 2642 1193 exstitisse;
2682 1138 2844 1199 atque
2872 1127 2975 1184 hoc
3003 1128 3122 1199 ipso
3154 1128 3297 1200 quod
3334 1141 3442 1197 non
3484 1126 3638 1194 dicit,

347 1227 719 1291 argumentum
750 1220 800 1273 in
828 1222 1154 1276 Contrarium
1175 1228 1379 1290 partem
1408 1217 1735 1289 suppeditat.
1767 1218 1904 1287 Quin
1930 1225 1988 1274 et
2006 1218 2203 1288 saepius
2234 1218 2504 1275 Julianum
2533 1218 2758 1291 ejusque
2806 1219 3086 1291 conjugem
3107 1220 3342 1291 appellat
3382 1238 3403 1287 ᾳ
3436 1219 3637 1277 Μθωοα

345 1310 422 1365 ris
447 1320 619 1375 natos,
652 1330 671 1363 ι
700 1321 793 1366 aut
825 1330 843 1363 ι
880 1312 1129 1366 Memoris
1157 1312 1377 1367 domum
1406 1330 1420 1366 :
1448 1330 1468 1365 ι
1502 1311 1644 1366 unde
1669 1309 1809 1366 haud
1833 1311 2011 1381 inepte
2034 1312 2275 1383 colligas,
2306 1310 2611 1378 Emilium,
2637 1312 2681 1367 si
2725 1312 2940 1383 quidem
2974 1313 3291 1379 alterutrum
3322 1313 3639 1385 cognatione

346 1402 601 1474 attigerit,
626 1418 731 1458 non
757 1403 857 1459 nisu
888 1404 939 1459 in
958 1412 1165 1459 remoto
1184 1403 1350 1474 gradu
1377 1403 1635 1474 attigisse.
1658 1402 1920 1458 Observat
1940 1402 2213 1469 Paulinus,
2243 1402 2534 1460 Memorem
2562 1402 2801 1484 functum
2826 1420 2948 1463 esse
2986 1405 3163 1462 officio
3183 1420 3282 1462 suo
3307 1421 3433 1478 erga
3460 1404 3634 1475 Emi-

349 1494 499 1562 lium,
533 1493 659 1550 dum
689 1495 806 1550 illos
831 1496 1005 1552 eidem
1038 1495 1089 1549 in
1122 1510 1312 1550 manus
1342 1495 1580 1562 tradidit,
1612 1494 1704 1567 qui
1728 1495 1920 1567 jugans
1964 1497 2137 1566 capita
2163 1495 2445 1552 amborum
2470 1497 2571 1553 sub
2597 1511 2729 1568 pace
2772 1497 2935 1569 jugali
2961 1514 3124 1556 manu
3160 1513 3276 1556 sua-
3296 1498 3550 1570 obnupsit
3576 1508 3633 1555 et

346 1585 589 1640 oratione
618 1587 967 1643 consecravit.
997 1585 1103 1641 Nos
1130 1585 1346 1658 quidem
1376 1586 1529 1657 fugit,
1562 1585 1836 1641 idcircone
1864 1586 1966 1642 hoc
1986 1587 2302 1657 obsequium
2328 1588 2457 1643 velit
2493 1602 2520 1642 a
2547 1588 2784 1645 Memore
2816 1588 3012 1648 deferri
3042 1590 3346 1662 oportuisse
3389 1589 3633 1655 IEmilio.

345 1673 488 1742 quod
510 1675 648 1745 apud
681 1673 821 1731 hunc
868 1676 1066 1747 nuptia:
1109 1676 1529 1741 celebrarentur,
1560 1691 1630 1731 an
1656 1691 1783 1733 vero
1814 1685 2033 1747 propter
2074 1678 2169 1733 viri
2213 1693 2475 1735 summam
2518 1681 2940 1737 venerationem.
2973 1682 3127 1740 Hunc
3166 1683 3312 1741 enim
3353 1681 3633 1749 Emilium

348 1765 591 1838 depingit
621 1776 869 1839 tanquam
898 1767 1094 1824 Juliani
1124 1776 1180 1824 et
1208 1768 1285 1824 Jac
1308 1776 1468 1840 atque
1488 1769 1656 1841 ipsius
1676 1769 1929 1825 Memoris
1957 1779 2182 1841 patrem,
2217 1786 2281 1827 ac
2326 1771 2499 1827 virum
2526 1772 2612 1829 cui
2644 1774 2858 1845 propria
2907 1775 3076 1831 virtus
3126 1776 3382 1839 eximium
3429 1775 3633 1833 cultum

353 1855 854 1928 observantiamque
880 1865 1179 1929 pepererat.
1212 1858 1340 1915 inde
1369 1867 1469 1924 est,
1504 1859 1645 1930 quod
1671 1859 1918 1916 eumdem
1950 1859 2043 1916 illu
2068 1878 2097 1914 ιι
2129 1860 2403 1918 Ᾰέιηίιὶιιω
2423 1876 2544 1922 esse
2568 1872 2864 1932 autument,
2890 1866 2981 1939 qui
3019 1880 3141 1925 cum
3172 1867 3291 1925 aliis
3335 1866 3547 1929 duobus
3562 1868 3632 1927 ab

356 1945 594 2002 llonorio
622 1955 676 2003 et
697 1947 1002 2004 Occidentis
1027 1949 1294 2021 episcopis
1318 1950 1385 2005 ad
1416 1950 1701 2005 Arcadium
1730 1951 1783 2006 in
1823 1950 2045 2009 Joannis
2084 1952 2450 2024 Chrysostomi
2475 1969 2635 2015 causa
2664 1955 2963 2017 destinatus
2988 1998 3007 2026 ,
3056 1958 3381 2021 confessoris
3421 1959 3635 2016 titulum

347 2052 489 2092 anno
514 2038 1042 2110 quadringentesimo
1070 2049 1224 2097 sexto
1240 2042 1534 2111 promeruit
1563 2039 1864 2111 (Baronius,
1895 2041 1965 2096 ad
1992 2057 2153 2097 annos
2177 2043 2302 2105 403,
2344 2042 2494 2118 406);
2543 2046 2633 2118 qui
2678 2054 2781 2113 cla
2821 2047 3181 2123 Metapltrastc
3218 2049 3412 2117 dicitur
3451 2049 3635 2119 Bene-

350 2140 614 2186 ventanus
639 2132 943 2203 episeopus.
972 2131 1080 2189 Cur
1099 2142 1277 2190 autem
1301 2133 1553 2189 Paulinus
1580 2134 1630 2188 in
1649 2134 1995 2205 epithalamio
2020 2134 2092 2190 ita
2111 2137 2386 2203 cecinerit,

1026 2255 1197 2313 Surge,
1222 2255 1417 2309 Memor,
1449 2261 1691 2313 venerare
1713 2255 1921 2313 patrem,
1944 2250 2272 2313 complectere
2296 2250 2530 2305 fratrem:

1149 2318 1247 2375 tino
1269 2318 1530 2375 utrumque
1553 2312 1640 2363 tibi
1664 2312 1843 2362 numen
1866 2314 1916 2361 in
1938 2312 2126 2364 £milio
2147 2323 2220 2364 est

1056 2372 1220 2435 Junior
1244 2379 1297 2423 et
1316 2372 1483 2435 senior
1515 2382 1691 2423 Memor
1708 2381 1820 2435 est;
1848 2382 1942 2435 etc.

1060 2432 1204 2483 Filius
1226 2441 1319 2492 est,
1349 2434 1600 2498 fraterque
1630 2432 1844 2485 Memor:
1866 2434 2057 2486 laetatur
2078 2436 2252 2488 adesse

1116 2503 1425 2547 Communem
1453 2499 1650 2548 sibimet
1680 2498 2063 2562 pignoribusque
2085 2505 2301 2562 patrem;

354 2595 496 2652 haud
523 2596 652 2653 satis
679 2598 1016 2667 assequimur
1050 2616 1064 2654 :
1094 2598 1195 2654 nisi
1227 2598 1362 2655 forte
1405 2598 1704 2655 credendus
1734 2600 1804 2655 sit
1834 2600 2037 2655 Memor
2063 2600 2319 2671 dignitate
2356 2602 2566 2674 quidem
2605 2603 2788 2673 senior
2814 2613 2872 2662 et
2891 2603 3080 2676 frater,
3129 2607 3253 2678 quia
3303 2608 3636 2681 episcopus:

348 2705 548 2760 genere
574 2699 751 2746 autem
777 2700 867 2746 aut
888 2700 1045 2747 (etate
1063 2690 1204 2746 filius
1229 2690 1506 2762 aejunior,
1540 2692 1663 2762 quia
1691 2691 1760 2747 ab
1789 2691 2010 2747 IEmilio
2033 2693 2264 2763 genitus,
2308 2693 2391 2749 vel
2432 2707 2500 2749 eo
2540 2692 2734 2751 saltem
2779 2695 3048 2765 posterius
3095 2704 3273 2753 natus.
3314 2696 3447 2755 Nam
3484 2698 3629 2771 quod

347 2782 535 2837 scribit
579 2782 816 2838 Joannes
857 2782 1167 2851 Garnerius,
1218 2782 1490 2841 Emilium
1535 2793 1785 2855 tanquam
1835 2785 2268 2842 Beneventanum
2314 2788 2610 2843 antistitem
2658 2787 2910 2845 Memoris
2936 2788 3104 2846 fuisse
3154 2790 3624 2862 metropolitanum

350 2872 546 2943 (Super
567 2889 682 2942 cap.
711 2873 745 2927 4
769 2872 1170 2928 subnotatiouum
1201 2873 1501 2930 Mercatoris
1527 2874 1581 2929 in
1608 2873 1769 2946 Jul.);
1800 2884 1986 2931 contra
2008 2873 2215 2947 Ughelli
2237 2884 2292 2931 et
2309 2875 2660 2947 Geographitn
2701 2891 2870 2934 sacrze
2890 2879 3199 2937 testimonio
3216 2888 3428 2941 consul
3451 2912 3488 2948 ,-
3517 2897 3632 2943 tne-

354 2965 624 3034 tropoleos
653 2964 964 3036 dignitatem
1005 2974 1130 3021 tunc
1157 2966 1413 3035 temporis
1432 2980 1597 3036 penes
1622 2967 1984 3024 Beneventum
2028 2983 2133 3024 non
2161 2967 2345 3025 fuisse.
2378 2968 2488 3025 Nec
2528 2969 2689 3026 etiam
2743 2970 3067 3031 arbitramur
3116 2973 3327 3043 defendi
3376 2990 3537 3046 posse
3578 2975 3634 3035 id

354 3055 497 3126 quod
523 3055 685 3123 idem,
714 3054 991 3111 Emilium
1018 3057 1129 3127 jam
1155 3057 1259 3111 vita
1284 3057 1518 3112 functum
1547 3059 1751 3127 poetica
1801 3057 2031 3125 fictione,
2063 3074 2184 3130 qua:
2214 3059 2287 3114 illi
2320 3060 2525 3116 videtur
2571 3060 2860 3119 admodum
2902 3064 3203 3135 ingeniosa,
3253 3064 3435 3127 induci
3478 3081 3635 3143 asse-

356 3155 506 3202 verat
534 3146 623 3217 (ln
655 3147 870 3202 Hercul.
900 3147 1099 3203 dissert.
1134 3148 1186 3214 f,
1220 3164 1335 3217 cap.
1363 3147 1417 3214 6,
1435 3148 1500 3202 de
1525 3146 1785 3219 Juliano).

424 3239 541 3315 Jam
571 3256 700 3298 vero
729 3250 1034 3313 cooptatum
1061 3241 1200 3297 inter
1219 3240 1444 3297 clericos
1467 3240 1757 3305 Julianum,
1785 3249 1840 3297 et
1864 3241 1929 3296 ad
1958 3236 2197 3298 Lectoris
2227 3256 2440 3312 munus,
2471 3243 2777 3315 priusquam
2820 3243 3125 3317 conjugium
3158 3246 3341 3312 itaret,
3373 3245 3635 3307 adscitum

353 3348 497 3402 csse,
528 3334 684 3391 docet
711 3335 961 3391 Paulinus
983 3336 1095 3389 istis
1127 3335 1179 3389 in
1210 3333 1553 3404 epithalamio
1582 3335 1827 3389 versibus
1863 3352 1874 3387 :

1033 3446 1247 3495 clericus
1277 3458 1483 3497 uxorem
1504 3446 1688 3496 Christo
1708 3451 1934 3496 eomente
1962 3445 2189 3495 detoram

1158 3508 1349 3570 Diligat,
1374 3515 1426 3557 et
1445 3506 1691 3570 pulchram
1714 3506 1900 3570 lumine
1921 3508 2080 3557 cordis
2101 3512 2233 3557 amet
2254 3519 2268 3554 :

1035 3568 1318 3632 auxilioque
1344 3570 1434 3632 viri
1446 3568 1610 3632 divino
1632 3580 1839 3632 munere
1865 3568 2042 3632 factam

1159 3630 1326 3681 Lector
1348 3630 1536 3681 emlesti
1557 3630 1710 3680 discat
1729 3630 1792 3679 ab
1824 3631 2040 3681 historia.

431 3739 510 3790 Ah
534 3737 633 3792 hoc
659 3736 899 3793 Lectoris
936 3735 1105 3807 gradu
1129 3735 1195 3790 ad
1218 3735 1458 3790 altiorem
1490 3743 1764 3805 promotus
1795 3732 1912 3801 fuit,
1945 3748 2009 3789 ac
2035 3734 2152 3789 sive
2176 3748 2307 3789 uxor
2324 3744 2528 3789 natura:
2548 3733 2657 3805 jam
2680 3724 3060 3803 concessisset,
3108 3737 3222 3794 sive
3251 3746 3474 3808 uterque
3498 3753 3633 3793 con-

360 3828 635 3883 tinentiam
664 3836 962 3893 servarent,
992 3826 1137 3882 illum
1164 3837 1366 3882 certmn
1395 3835 1476 3882 est
1502 3825 1682 3882 officio
1723 3825 2034 3880 diaconatus
2080 3839 2222 3879 anno
2264 3839 2425 3896 supra
2473 3826 3057 3897 quadringentesimum
3104 3836 3294 3885 octavo
3337 3829 3422 3885 vel
3467 3845 3633 3895 nono,

358 3933 465 3989 quo
493 3920 628 3990 patri
652 3920 767 3990 ejus
796 3917 1123 3991 Augustinus
1153 3917 1386 3990 scripsit,
1416 3917 1810 3973 adolescentem
1841 3916 2015 3971 adhuc
2045 3915 2282 3971 functum
2310 3914 2493 3987 fuisse.
2524 3917 2581 3972 in
2603 3916 2691 3975 illa
2719 3919 3010 3974 centesima
3038 3920 3208 3990 prima
3236 3921 3462 3991 epistola
3506 3937 3638 3977 san-

361 4025 476 4069 cxus
508 4013 706 4068 Prmsul
736 4012 1062 4083 singularem
1092 4011 1295 4083 pra:th
1319 4011 1400 4066 sui
1456 4010 1506 4065 in
1538 4008 1807 4066 Julianum
1832 4007 1993 4065 studii
2019 4008 2492 4079 significationem;
2522 4011 2744 4082 ejusque
2768 4020 2972 4082 patrem
3004 4021 3175 4085 rogat,
3202 4010 3270 4069 ad
3297 4027 3357 4070 se
3406 4013 3554 4070 illum
3585 4016 3639 4070 in

359 4105 572 4177 aliquod
602 4116 809 4176 tempus
834 4106 1015 4162 venire
1039 4106 1245 4178 jnheat.
3294 4097 3305 4103 ’

433 4198 669 4269 Denique
694 4197 835 4254 idem
861 4197 1105 4254 Julianus
1133 4198 1183 4252 in
1204 4195 1559 4268 episcopalem
1587 4194 1829 4253 ordinem
1856 4202 2072 4251 evectus
2098 4193 2214 4249 fuit.
2256 4194 2387 4255 Nam
2406 4195 2529 4251 licet
2554 4196 2880 4267 Augustinus
2908 4212 3030 4253 eum
3080 4210 3225 4269 smpc
3249 4199 3446 4269 saepius
3474 4199 3640 4257 ﬁlium

361 4302 533 4359 vocet,
567 4291 620 4346 in
647 4306 715 4348 eo
736 4299 913 4348 tamen
944 4289 1202 4347 honorem
1231 4288 1473 4361 agnoscit
1497 4288 1854 4359 episcopatus,
1889 4301 2010 4341 cum
2040 4286 2272 4359 erumpit
2299 4285 2355 4343 in
2388 4287 2529 4342 illam
2558 4287 3004 4359 exclamationem
3039 4305 3052 4344 :
3087 4305 3107 4341 ι
3149 4287 3196 4345 0
3235 4287 3463 4349 frontem
3504 4306 3643 4361 qua-

362 4383 717 4454 liumcumque
741 4382 1114 4455 episcoporum
1142 4400 1163 4435 ι
1200 4381 1420 4454 (Supra,
1449 4388 1627 4435 contra
1661 4375 1953 4445 Julianum,
2000 4376 2089 4445 lib.
2132 4376 2185 4451 4,
2217 4376 2413 4449 η..57)ῑ
2438 4378 2516 4433 Ac
2551 4387 2809 4450 prmtcrea
2855 4377 3136 4453 epistolam
3187 4376 3256 4434 ad
3294 4378 3643 4436 Thessaloni-

360 4490 574 4531 censem
606 4475 896 4530 antistitem
921 4473 1114 4530 Juliani
1139 4473 1305 4528 solius
1336 4486 1440 4527 non
1465 4484 1607 4535 esse,
1634 4468 1730 4526 sed
1766 4468 1867 4540 ipsi
1892 4484 2015 4524 cum
2049 4467 2295 4539 plurimis
2319 4468 2616 4540 Pelagianis
2639 4470 2904 4542 episcopis
2928 4484 3269 4526 communem
3316 4469 3446 4527 dicit
3487 4472 3507 4543 (
3529 4471 3643 4528 Su-

361 4585 472 4636 pra,
500 4577 676 4623 contra
700 4566 843 4622 Duas
865 4565 1124 4639 Epistolas
1156 4564 1573 4635 Pelagianorum,
1604 4560 1693 4616 lib.
1724 4561 1778 4625 2,
1803 4578 1857 4616 η.
1890 4561 1963 4632 f).
1986 4559 2123 4629 Quin
2149 4559 2310 4615 etiam
2350 4560 2464 4629 ipse
2497 4559 2738 4615 Julianus
2768 4559 3118 4616 Turbantium
3155 4560 3465 4632 episcopum
3490 4604 3506 4631 ,
3540 4548 3643 4618 icui

363 4658 589 4727 primum
619 4673 775 4714 suum
803 4672 935 4728 opus
965 4656 1018 4711 in
1042 4654 1394 4729 Augustinum
1424 4651 1767 4725 nuncupavit,
1795 4650 2013 4707 fratrem
2045 4650 2283 4705 nominat
2327 4648 2520 4723 (Infra,
2547 4649 2728 4719 Operi:
2752 4651 3031 4724 imperfect.
3064 4650 3155 4706 lib.
3184 4652 3236 4717 l,
3261 4668 3378 4723 cap.
3407 4651 3481 4724 l).
3510 4653 3646 4709 Pro-

360 4765 484 4821 sper
503 4751 556 4807 in
588 4749 851 4808 Chronico
868 4748 937 4815 ad
963 4763 1161 4804 annum
1188 4745 1767 4819 quadringentesimum
1799 4742 2127 4815 trigesimum
2151 4756 2349 4796 nonum
2376 4741 2618 4797 meminit
2645 4742 2985 4817 episcopatus
3034 4741 3208 4798 eidem
3258 4740 3468 4798 Juliano
3490 4784 3507 4812 ,
3540 4757 3644 4801 nec

361 4845 577 4901 dubium
606 4844 733 4916 quin
760 4852 977 4914 propter
1002 4841 1271 4906 heresim,
1302 4837 1501 4895 dudum
1526 4837 1695 4907 erepti
1727 4834 1922 4907 (Infra,
1948 4833 2185 4906 Append.
2213 4843 2357 4905 parte
2372 4832 2451 4904 2).

431 4934 921 4991 Ordinaveratenm
950 4931 1289 4988 Innocentius
1316 4928 1356 4995 Ι,
1398 4928 1473 4983 ιιιί
1506 4928 1767 4983 Mercator
1812 4927 1864 4979 in
1909 4923 2329 4981 Commonitorio
2357 4933 2541 4991 contra
2588 4923 2903 4996 Pelagianos
2921 4925 3105 4981 scribit
3147 4924 3331 4999 (Ibid).
3374 4924 3471 4983 Cui
3510 4942 3643 4985 vero

366 5025 615 5082 Ecclesia:
640 5026 923 5098 pratl’eetus
946 5024 1130 5091 fuerit,
1152 5020 1418 5078 dissensio
1436 5030 1553 5076 erat
1578 5016 1863 5088 aliquando
1886 5018 2025 5072 inter
2048 5016 2305 5085 eruditos,
2330 5032 2449 5071 eum
2470 5016 2520 5071 in
2542 5014 2801 5073 Gennadii
2824 5017 2961 5072 libro
2981 5017 3049 5075 de
3081 5018 3442 5090 Scriptoribus
3461 5022 3646 5078 cccle-

366 5116 593 5172 siasticis
624 5136 643 5171 ι
675 5118 957 5193 episcopus
983 5135 1002 5171 ι
1035 5117 1306 5173 diceretur
1332 5132 1351 5166 ι
1386 5113 1690 5184 Capuanus;
1725 5128 1745 5162 ι
1776 5110 1827 5165 in
1858 5109 2106 5179 Prosperi
2131 5117 2310 5171 autem
2336 5106 2621 5174 Chronico,
2648 5126 2668 5161 ι
2697 5107 2939 5165 Julianus
2969 5110 3348 5178 Atellanensis;
3379 5130 3400 5166 ι
3430 5113 3503 5170 ‘in
3530 5115 3638 5187 epi:

366 5208 502 5263 stola
536 5209 673 5264 Petri
703 5210 913 5267 diaconi
940 5208 1005 5265 ad
1030 5208 1308 5264 Africanos
1333 5205 1615 5276 episcopos
1641 5204 1692 5257 in
1731 5201 1974 5258 Sardinia
2000 5200 2235 5283 essules,
2270 5219 2289 5253 ι
2318 5200 2562 5257 Julianus
2591 5200 2918 5269 Edaneusis;
2951 5221 2969 5255 ο
3002 5201 3057 5258 in
3093 5201 3293 5259 Gelasii
3335 5219 3488 5277 papae
3538 5204 3637 5264 dc-

367 5308 514 5355 creto
543 5302 606 5358 de
633 5300 906 5370 scripturis
931 5299 1269 5372 apocryphis,
1305 5315 1325 5349 ι
1350 5295 1658 5353 Celanensis
1689 5313 1707 5347 ι
1735 5293 2034 5365 legeretur:
2063 5307 2168 5364 quo
2188 5292 2346 5347 etiam
2369 5291 2666 5363 posteriore
2692 5290 2848 5346 titulo
2873 5306 2905 5347 a
2945 5291 3108 5357 Beda,
3156 5293 3472 5352 Praefatione
3517 5295 3640 5353 libri

368 5390 526 5463 primi
547 5394 597 5445 in
622 5391 838 5447 Cantica
862 5393 1212 5457 canticorum,
1234 5390 1482 5446 donatur.
1512 5386 1744 5443 Tametsi
1782 5399 1940 5440 voces
1965 5384 2092 5451 ilhc,
2128 5402 2147 5437 ι
2176 5382 2371 5439 Juliani
2415 5382 2731 5439 Celanensis
2768 5382 3003 5455 episcopi
3044 5402 3072 5438 a
3095 5385 3406 5457 Campania,
3437 5406 3458 5442 ι
3514 5389 3640 5459 qui-

368 5488 465 5543 bus
492 5484 630 5557 Beda
664 5486 848 5552 utitur,
877 5485 1120 5541 absolute
1149 5486 1354 5555 possint
1382 5485 1451 5557 ita
1474 5480 1689 5552 exponi,
1717 5490 1775 5535 ut
1813 5479 2078 5535 Julianum
2101 5489 2218 5534 ortu
2248 5476 2459 5548 quidem
2507 5477 2858 5534 Celanensem
2889 5519 2904 5545 ,
2946 5479 3235 5551 episcopali
3281 5494 3458 5539 autem
3508 5482 3642 5539 sede

369 5555 694 5654 campanum
718 5577 883 5636 fuisse
907 5578 1207 5651 significent
1240 5596 1255 5633 :
1283 5555 1724 5653 quemadmodum
1740 5589 1866 5645 cum
1894 5589 2014 5630 cum
2043 5573 2272 5645 Prosper
2297 5571 2713 5638 Atellanensem,
2744 5571 2932 5629 Petrus
2978 5572 3234 5631 diaconus
3277 5575 3641 5653 Edaneusem,

369 5676 610 5734 Gelasius
627 5673 977 5731 Celanensem
1004 5670 1264 5736 nominat,
1296 5669 1679 5741 appellationes
1706 5668 1834 5735 istas
1861 5666 1928 5722 de
1954 5666 2114 5721 natali
2138 5666 2253 5736 ejus
2280 5664 2417 5729 loco,
2438 5663 2658 5735 perinde
2686 5675 2845 5736 atque
2868 5663 2938 5721 de
2988 5665 3298 5741 episcopali,
3329 5660 3516 5722 liceret
3553 5666 3640 5721 in-

372 5771 649 5842 terpretari
680 5788 695 5825 :
721 5777 884 5840 atque
907 5766 979 5824 ita
1025 5763 1309 5838 quominus
1333 5762 1538 5820 sedisse
1564 5776 1684 5837 eum
1719 5760 1913 5832 Capua:
1934 5758 2295 5825 crederemus,
2330 5756 2460 5812 nihil
2512 5765 2753 5822 vetaret;
2803 5756 2904 5813 nisi
2932 5757 3269 5815 observatum
3308 5766 3451 5814 esset
3500 5755 3641 5826 apud

371 5863 701 5923 Gennadium
738 5861 792 5918 in
844 5857 1237 5932 prohatioribus
1277 5853 1668 5929 manuscriptis,
1708 5853 1856 5911 velut
1886 5852 1938 5908 in
1968 5866 2034 5907 eo
2084 5866 2242 5922 quem
2284 5850 2335 5904 in
2363 5848 2669 5922 Appenzlice
2708 5849 3001 5920 sequimur,
3031 5847 3404 5919 antiquissimo
3451 5860 3639 5901 exeni-
