4118 6522
557 336 696 420 1059
1557 357 1929 416 ADMONITIO
1969 357 2032 413 ιδ
2073 358 2183 415 om

2200 359 2247 416 iS
2287 347 2774 450 litrsnrscruu
2804 363 2858 413 ’μ
2957 367 2973 402 -υ
3691 341 3826 426 ,1οω

553 467 1040 541 plariCorbeiensi,
1074 468 1274 524 nullum
1300 469 1364 525 de
1404 469 1596 524 Juliani
1649 472 1956 542 episcopatu
1995 471 2215 526 verbum
2248 471 2486 542 reperiri.
2521 453 2611 546 Sic
2637 459 2797 542 porro
2827 470 2986 544 etiam
3020 471 3278 546 Prosperi
3303 471 3612 540 ,editiones
3639 453 3808 530 recens

553 564 741 629 tiores,
783 577 882 633 pro
908 562 1258 626 Atellanensi,
1293 562 1645 617 Eelanensctn
1665 578 1731 618 ex
1759 562 1999 618 melioris
2030 574 2170 617 nota:
2211 542 2594 640 manuscriptfis
2621 547 2967 640 substituunt.
3005 563 3172 631 Quam
3199 563 3410 635 quidem
3446 563 3805 621 correctionem

555 653 685 709 nihil
713 661 949 707 moratus
972 651 1159 707 Petrus
1189 651 1498 706 Franciscus
1524 650 1842 717 Cltillletius,
1872 651 2095 720 primam
2125 652 2372 723 Prosperi
2400 640 2683 728 lectionem
2703 640 2814 708 alia
2841 655 3101 722 potiorem
3124 669 3262 729 esse,
3300 670 3363 710 ac
3391 671 3519 713 vere
3561 655 3802 711 Juliannm

554 745 765 812 Atell'r,
797 759 916 813 qum
947 743 998 797 in
1026 743 1244 798 urbibus
1264 743 1567 812 Campania:
1595 742 1723 797 olim
1749 742 2138 807 celebrabatur,
2170 752 2228 798 et
2277 757 2308 798 e
2341 729 2691 818 cujus—ruinis
2711 746 2731 796 ζ
2746 743 2947 798 Aversa
2971 745 3329 814 postmodum
3385 730 3524 802 inter
3553 745 3802 818 Neapolim

553 836 894 905 Capuamque
913 835 1139 889 excitata
1167 843 1267 900 est,
1291 833 1472 889 sedem
1496 833 1729 888 tenuisse
1757 833 1922 888 voluit
1942 833 1960 904 (
1979 832 2274 904 Chimetius,‘
2301 834 2354 888 in
2386 818 2800 888 Pauliuo'illust:
2843 834 3066 910 parte_2,
3099 835 3316 908 cap..29
3339 834 3382 907 ).
3414 838 3481 892 At.
3516 825 3802 906 controverg

555 928 691 983 siam
717 925 918 982 decidit
948 925 1145 980 Marius
1180 925 1443 980 Mercator
1472 923 1666 980 Juliani
1692 924 1912 995 aequalis
1937 934 1990 980 et
2017 924 2259 991 tumulus,
2286 912 2777 1004 ejusqué'gentilis;
2804 911 2936 981 dum
2955 927 3133 1004 verbis
3163 929 3438 999 conceptis
3484 917 3654 999 ipsum
3699 931 3809 984 alias

554 1019 860 1090 episcopum
889 1015 1260 1083 Eelanensem,
1289 1015 1420 1069 alias
1442 1013 1818 1085 exepiscOpum
1837 1013 2016 1085 oppidi
2053 1000 2566 1071 Eclanensis‘voc-a’t
2596 1003 2797 1088 (Iitfra;
2817 1000 3055 1088 Append.
3089 1030 3233 1095 parte
3253 1019 3310 1092 2)
3343 1037 3357 1074 :
3387 1035 3494 1091 quo
3530 1034 3649 1076 cum
3690 1022 3808 1084 Mer;

554 1119 737 1167 calore
762 1109 818 1164 Ρ(
840 1117 978 1163 trum
1006 1107 1311 1175 diaconum,
1339 1105 1635 1174 Gelasium,
1667 1120 1730 1162 ac
1751 1106 1971 1174 Bedam,
1997 1122 2100 1163 una
2125 1116 2322 1163 mutata
2349 1107 2432 1163 vel
2457 1109 2789 1180 transposita
2819 1109 2995 1166 littera
3031 1111 3340 1181 conciliare,
3383 1128 3490 1168 non
3535 1114 3605 1168 ita
3653 1115 3808 1187 magni

555 1203 750 1272 negotii
781 1201 958 1259 fuerit.

2377 1205 2382 1212 ι
2469 1211 2480 1220 .
2529 1202 2574 1217 Ι».

2280 1231 2284 1242 ι
2337 1241 2390 1262 .¹
2446 1245 2454 1250 .
2495 1242 2502 1248 .
2692 1224 2720 1268 ,ξ
2806 1230 2848 1253 L..
2924 1248 2931 1256 .
3031 1229 3092 1254 ι.ι
3151 1247 3258 1257 ._...
3649 1235 3673 1240 ”
3755 1233 3801 1262 ’ἶ

629 1295 815 1351 Isthmo
840 1302 1015 1350 autem
1044 1292 1230 1347 civitas
1259 1291 1524 1364 quondam
1552 1292 1692 1349 clara
1713 1334 1727 1357 ,
1763 1307 1902 1348 nunc
1925 1292 2092 1348 ruinis
2119 1292 2232 1348 suis
2265 1281 2766 1372 sepulta-{antiquis
2793 1294 3087 1351 Eeulanum
3117 1295 3230 1352 sive
3261 1297 3513 1354 Eclanum
3557 1298 3695 1355 dicta
3722 1310 3810 1356 est;

558 1390 730 1444 Posita
758 1397 872 1442 erat
898 1389 950 1441 in
982 1386 1216 1456 Hirpinis
1245 1385 1296 1440 in
1336 1385 1578 1453 nlteriori
1604 1386 1905 1456 principatu
1926 1427 1940 1451 ,
1973 1401 2003 1441 a
2031 1367 2683 1464 Benevento"q'uiu'deeim
2712 1386 2947 1462 millibus
2971 1387 3174 1442 distans
3194 1430 3210 1455 ,
3237 1397 3422 1446 versus
3450 1391 3804 1454 Euro-notum;

556 1479 691 1534 Sunt
713 1477 802 1548 qui
830 1484 1016 1547 putent
1035 1475 1274 1531 eamdem
1304 1485 1486 1545 postea
1513 1474 1977 1545 Quintodecimutn
2007 1476 2792 1550 appellatam,;ueciio_n.nOstra
2827 1478 2925 1534 hac
2954 1482 3208 1535 memoria
3235 1481 3353 1551 ejus
3377 1482 3569 1540 rudera
3591 1481 3809 1554 Qtlmdahl

555 1585 618 1625 ac
647 1569 935 1640 parietiuas
960 1581 1124 1638 prope
1150 1567 1473 1622 Mirabellam
1495 1566 1752 1639 conspici.
1777 1566 2108 1638 Episcopalis
2133 1566 3122 1649 sedesEclanp'Ereqttentutn;italice
3140 1569 3414 1642 'Frigento,
3443 1589 3538 1628 seu
3567 1572 3810 1639 Fricmto,

555 1663 810 1717 translata
839 1661 953 1715 fuit.
985 1659 1342 1730 Frequentum
1373 1673 1503 1714 vero
1530 1659 1684 1714 nonis
1722 1659 1876 1714 maiis
1903 1659 2027 1714 anni
2067 1675 2228 1730 supra
2248 1644 2612 1738 mille-simum:
2640 1659 3497 1734 quadringentesitni'sexagesimi
3527 1665 3700 1735 ‘quinti
3726 1658 3806 1721 aut

553 1755 690 1809 sexti
722 1753 1046 1808 Abelliuensi
1074 1751 1406 1822 episcopatui
1432 1751 1772 1822 conjunclum
1803 1759 1903 1807 est.
1936 1743 2636 1829 Regionem-ha_nc‘tfadut'tt
2661 1751 3160 1822 quondam'Apnli.e
3189 1754 3442 1826 limitibus
3470 1756 3818 1829 comprehen-_

553 1861 668 1900 sam
693 1845 879 1912 fuisse,
899 1853 952 1898 at
968 1858 1095 1898 vero
1119 1843 1424 1914 Campania:
1449 1843 1740 1900 accessisse
1755 1843 1866 1914 jam
1891 1843 2014 1900 inde
2039 1844 2106 1899 ab
2124 1841 2692 1918 Adriaui'tempdribus
2709 1844 2891 1915 (Naris
2909 1845 3194 1913 {Historiae
3212 1848 3401 1919 Pelag.
3421 1839 3545 1905 lib.'l
3559 1893 3575 1917 ,
3589 1866 3700 1921 cap.
3714 1850 3817 1922 18).

542 1951 546 1962 '
626 1938 943 1994 Parentibus
967 1936 1260 1992 demortuis
1286 1936 1451 2008 (quod
1479 1951 1710 2007 quonam
1735 1951 1878 1992 anno
1901 1936 2209 2007 contigerit;
2241 1930 2750 2016 infett‘i_§e.ntispiam
2779 1937 2919 2008 fuit),
2948 1937 3700 2005 Julianus'duarum"soror'um
3728 1943 3814 1998 cit?

554 2045 668 2085 ratn
693 2045 814 2085 cum
842 2029 1200 2099 suscepisset,
1231 2043 1296 2084 eo
1324 2043 1546 2084 munere
1568 2043 1669 2084 nec
1694 2027 1794 2084 sibi
1817 2043 1917 2084 nec
1945 2028 2049 2085 illis
2078 2022 2370 2097 honorifice
2389 2023 2705 2100 perfunctus
2731 2040 2834 2086 est.
2866 2050 2885 2083 ι
2913 2030 3197 2098 Novimus,
3224 2029 3555 2102 novimus,»
3589 2035 3662 2090 ait
3689 2036 3815 2092 Mer-

553 2131 740 2185 cator,
779 2139 797 2174 t
831 2120 954 2191 quid
987 2119 1080 2175 tibi
1113 2134 1215 2175 una
1238 2134 1423 2174 earum
1444 2160 1458 2186 ,
1485 2134 1604 2175 cum
1627 2127 1684 2175 tu
1708 2119 1866 2174 nimis
1894 2133 2113 2175 severus
2143 2112 2820 2197 in'ejusritinam'pudoris
2846 2122 3190 2193 insm‘geres',‘
3214 2123 3604 2195 objecerit,'vel
3633 2116 3815 2197 expro-

557 2213 826 2279 braverit;
856 2221 1015 2282 atque
1045 2219 1099 2267 tu
1129 2219 1308 2266 mutus
1338 2209 1478 2266 illico
1503 2225 1610 2267 non
1629 2226 1790 2267 ausus
1815 2225 1873 2266 es
1902 2210 2124 2266 ulterius
2152 2196 2402 2289 ceu-surae.
2420 2202 2522 2290 tuae
2551 2211 2685 2268 ttllas
2709 2211 2876 2267 dolori
2907 2212 3023 2283 ejus
3049 2212 3250 2294 inferre
3276 2214 3543 2270 molestias
3578 2235 3596 2269 ι
3636 2196 3818 2290 (Infra,

557 2303 792 2377 Append.
843 2313 987 2375 parte
1029 2302 1124 2374 2).
1177 2301 1382 2373 Nempe
1434 2300 1555 2358 lidei
1607 2301 2004 2374 corruptionem
2059 2295 2312 2379 continuo
2351 2307 2612 2375 morum,
2663 2310 2718 2356 ut
2780 2301 2949 2368 solet,
3000 2303 3050 2358 in
3090 2302 3300 2382 Juliano
3339 2315 3520 2362 secula
3556 2297 3825 2378 corruptio

558 2404 662 2450 est.
2034 2416 2041 2424 '
2112 2431 2132 2437 -
2175 2425 2184 2433 ι

2225 2391 2233 2397 ο
2351 2396 2363 2404 ,
2451 2391 2456 2396 ι
2699 2395 2704 2400 .
2825 2390 2835 2400 ι
2883 2397 2886 2400 .
2963 2397 2966 2402 ,
3027 2394 3030 2396 -
3095 2391 3108 2403 κ
3411 2398 3413 2400 .

2034 2416 2041 2424 ⁶
2112 2431 2132 2437 _
2175 2425 2184 2433 ς
2874 2433 2879 2438 .

2197 2455 2231 2462 ,,,
2330 2456 2332 2458 .
2371 2455 2378 2463 ,
2407 2452 2422 2464 ο
2484 2453 2508 2459 ..
2571 2438 2577 2446 ⁸
2852 2458 2858 2464 ,
2915 2445 2918 2448 ί
3046 2455 3052 2460 .
3094 2445 3103 2465 ι

628 2486 746 2554 Quo
771 2484 858 2541 ille
883 2493 1124 2556 tempore
1147 2484 1292 2540 virus
1317 2482 1615 2555 Pelagianae
1639 2483 1909 2540 hazreseos
1933 2499 2126 2556 sugere
2149 2487 2394 2564 emperit,
2419 2483 2635 2542 minime
2649 2495 3003 2557 compertum.
3029 2487 3168 2544 Beda
3195 2487 3410 2545 doctum
3436 2504 3558 2546 cum
3579 2505 3606 2544 a
3628 2490 3830 2563 Pelagio

563 2597 586 2628 ‹
624 2577 900 2648 puerulum
922 2594 948 2629 τ
976 2576 1171 2644 adhuc,
1199 2585 1255 2633 et
1277 2576 1344 2632 ab
1371 2576 1488 2647 ipso
1517 2593 1537 2629 ι
1569 2575 1718 2646 quasi
1744 2575 1796 2631 in
1825 2590 2049 2632 caverna
2075 2576 2282 2632 'colubri
2311 2577 2574 2648 regulum,
2606 2587 2775 2632 i‘cum
2803 2568 2942 2634 anno
2965 2578 3160 2640 Christi
3191 2579 3828 2653 quadringentesimode-

553 2671 705 2724 cimo
745 2669 935 2739 quinto
958 2667 1197 2737 dialogos
1237 2682 1365 2724 suos
1407 2666 1669 2723 adversus
1697 2666 2011 2738 Pelagianos
2038 2666 2391 2738 Hieronymus
2420 2667 2610 2740 edebat
2630 2707 2669 2738 ,,
2692 2668 2949 2747 nutritum
2990 2685 3112 2726 esse
3151 2670 3333 2726 scribit
3357 2669 3699 2745 (Ibid.).,Sed
3718 2671 3828 2728 haec

566 2761 724 2818 Beda:
754 2761 911 2818 verba
945 2760 990 2816 si
1018 2774 1203 2831 presse
1228 2767 1388 2832 atque
1417 2759 1482 2815 ad
1515 2759 1695 2830 apices
1721 2759 2033 2828 exposueris
2051 2779 2070 2827 ,'
2096 2759 2252 2830 plane
2282 2759 2414 2815 falsa
2439 2759 2677 2830 reperies
2709 2778 2724 2816 :
2768 2760 3031 2835 siquidem
3063 2761 3238 2824 multo,
3259 2754 3392 2818 ante
3420 2760 3831 2830 annumﬁhristi

559 2851 1138 2924 quadringentesimum
1163 2851 1427 2906 decimum
1442 2849 1683 2922 quintum
1700 2847 1942 2905 Julianus
1963 2849 2205 2919 pueritiae
2224 2864 2394 2906 annos
2419 2859 2759 2924 excesserat;
2783 2865 2958 2922 neque
2979 2853 3390 2921 verisimile,est_.
3415 2868 3559 2933 eum,
3581 2852 3835 2935 nisifor’te

535 2942 538 2948 ’
556 2948 700 3005 idem
721 2949 834 3019 ipse
852 2950 921 3004 sit
940 2949 1028 3020 qui
1050 2947 1323 3003 Annianus
1339 2946 1797 3018 pscudodiaconus
1814 2931 2206 3022 Celedensisab
2220 2944 2544 3017 Hieronymo
2563 2955 2801 3021 vocat-ur,
2813 2955 2951 3022 tunc
2969 2947 3222 3018 temporis
3241 2948 3292 3004 in
3315 2931 3610 3014 Palaestina,
3630 2931 3715 3022 ubi
3734 2931 3835 3022 Pe-

559 3040 726 3112 lagius
747 3018 846 3096 hoc
861 3018 1002 3094 anno
1014 3037 1264 3108 degebat,
1287 3037 1572 3093 exstitisse.
1589 3038 1659 3091 At
1671 3035 1840 3106 potuit
1858 3044 2036 3091 mutua
2056 3018 2230 3106 aliqua
2254 3035 2392 3092 inter
2408 3050 2503 3094 eos
2517 3018 2749 3107 cognitio
2763 3018 2950 3093 Roma:
2967 3038 3112 3094 nasci
3126 3047 3256 3116 ante
3274 3018 3836 3111 annumquadringen-

560 3132 806 3187 tesitnum
825 3137 1092 3196 octavum,
1110 3138 1200 3184 aut
1219 3126 1795 3199 quadringentesimum
1813 3125 2225 3204 decitnum,quo
2243 3139 2385 3181 anno
2403 3126 2566 3182 exivit
2584 3142 2650 3182 ex
2667 3126 2809 3184 Urbe
2826 3127 3089 3204 Pelagius.
3113 3130 3444 3200 Atqueidem
3468 3131 3583 3201 ipse
3601 3130 3837 3186 Julianus

558 3221 695 3276 forte
716 3235 820 3276 non
842 3219 1108 3276 immerito
1126 3217 1434 3274 censebitur
1451 3232 1515 3273 ex
1538 3216 1640 3272 illis
1662 3215 1846 3282 fuisse,
1865 3216 1932 3272 de
1951 3203 2149 3287 quibus.
2162 3227 2305 3271 anno
2319 3216 2513 3273 Christi
2530 3203 3049 3290 quadringentesimo
3069 3220 3278 3276 decimo
3297 3223 3544 3293 septimo,
3568 3224 3742 3278 statim
3766 3225 3836 3278 ab

558 3312 846 3370 Innocentii
864 3325 1015 3384 papa:
1031 3309 1198 3376 obitu,
1218 3309 1545 3381 Augustinus
1564 3307 1630 3364 ad
1651 3307 1929 3384 Paulinum
1950 3307 2196 3377 scripsit;
2221 3306 2416 3378 quique
2429 3307 2672 3364 dicebant
2689 3309 2844 3390 citius
2863 3325 2923 3390 se
2941 3310 3241 3368 defecturos
3260 3327 3290 3367 a
3309 3313 3537 3385 Pelagio,
3556 3329 3712 3390 quam
3725 3314 3841 3381 ori.

555 3405 730 3475 ginale
755 3412 1026 3475 peccatum
1044 3401 1347 3475 agnituros:
1375 3414 1674 3472 quanquam
1695 3415 1761 3454 ex
1781 3397 1994 3468 civitate
2011 3397 2233 3465 Nolensi
2243 3413 2362 3454 esse
2378 3397 2477 3454 hos
2497 3388 2792 3478 Augustino
2814 3387 3270 3480 nuntiatumesset
3293 3399 3482 3476 (Epist.
3509 3404 3628 3470 186,
3647 3387 3699 3458 it.
3722 3403 3840 3476 29).

561 3497 697 3553 Dicit
719 3496 824 3552 alio
849 3496 967 3552 loco
989 3503 1206 3550 sanctus
1231 3494 1426 3548 Doctor
1449 3490 1740 3554 Julianum,
1769 3490 1814 3546 si
1839 3489 2376 3572 Romanze'Ecclesize
2404 3490 2774 3561 prmsidentem
2791 3480 3008 3547 beatum
3036 3493 3399 3550 Innocentium
3425 3494 3607 3550 audire
3636 3495 3841 3551 voluis-

556 3599 670 3657 set,
691 3589 802 3661 jam
831 3597 956 3643 tunc
985 3586 1335 3658 periculosam
1364 3583 1691 3656 iuventutem
1718 3597 1868 3638 suam
1909 3568 2437 3662 Pelagiginis‘laq'ueis
2466 3577 2848 3663 expediturum
2869 3575 3035 3667 fuisse
3063 3572 3258 3656 (Supra
3278 3627 3292 3653 ,
3325 3595 3502 3639 contra
3528 3584 3797 3640 lulianum
3825 3629 3844 3651 ,

557 3681 650 3738 lib.
679 3682 735 3749 1,
761 3698 814 3735 n.
846 3677 955 3752 15).
984 3678 1140 3744 Eum,
1168 3674 1345 3748 quoad
1366 3682 1692 3730 memoratus
1711 3673 1946 3754 pontifex
1975 3672 2124 3756 vixit,
2145 3672 2462 3756 catholicam
2485 3673 3112 3756 sententiam‘retinuisse
3139 3683 3363 3731 testatur
3390 3675 3650 3756 Mercator
3673 3692 3702 3750 :_
3720 3693 3847 3747 quze

553 3791 646 3830 res
669 3789 736 3830 eo
761 3772 1042 3830 commode
1068 3778 1242 3842 potest
1264 3767 1491 3837 referri,
1527 3767 1668 3838 quod
1695 3766 1836 3822 idem
1873 3753 2274 3846 auctog'eodem
2305 3754 2425 3846 loco
2465 3765 2627 3831 dicit,
2659 3753 2926 3822 Julianum
2953 3782 2984 3846 ar
3001 3753 3385 3846 communione
3421 3753 3737 3836 lnnocentii,
3772 3785 3845 3846 ne

556 3863 821 3920 damnatis
843 3861 1057 3933 quidem
1088 3859 1304 3930 Pelagio
1331 3869 1388 3915 et
1413 3856 1669 3914 Calestio
1696 3857 2014 3932 recessisse,
2043 3843 2148 3938 sed.
2159 3856 2264 3937 ipsi
2296 3843 2482 3935 eorum
2512 3856 2810 3936 damnaturi
2843 3845 3106 3938 usquead
3134 3843 3249 3929 ejus
3276 3869 3499 3916 mortem
3517 3843 3841 3938 communi—

555 3968 712 4010 casse
741 3951 946 4024 (Infra,
977 3949 1212 4021 Appena.
1243 3957 1386 4020 parte
1410 3947 1494 4019 2).
1517 3945 1620 4004 Sed
1648 3961 1770 4002 eum
1800 3955 1974 4016 tamen
2002 3935 2288 4028 Superstite
2314 3945 2497 4026 adhuc)
2515 3935 2828 4028 Innocentio
2854 3935 3102 4004 ltzeresim
3132 3950 3434 4022 amplexum
3464 3935 3603 4020 esse,
3636 3953 3843 4028 liquido

556 4023 795 4103 declarat
818 4041 1144 4113 Augustinus
1182 4039 1288 4096 illis
1317 4038 1445 4109 ipsis
1473 4038 1651 4094 verbis
1675 4054 1689 4090 :
1733 4055 1752 4090 ‹
1791 4036 1910 4092 Jam
1935 4035 2059 4092 tunc
2089 4023 2442 4106 periculosam
2467 4023 2801 4108 iuventutem
2832 4047 2974 4094 tuam
3002 4029 3308 4120 Pelagianis,
3327 4026 3788 4120 laqtteisexuisses
3817 4064 3840 4097 ι

559 4140 578 4211 (
610 4137 816 4208 Supra,
847 4143 1024 4190 contra
1046 4130 1314 4188 Iulianum
1336 4172 1351 4198 ,
1383 4129 1472 4186 lib.
1499 4130 1552 4196 1,
1581 4146 1635 4184 η.
1665 4129 1732 4184 15
1757 4128 1800 4202 ).
1835 4128 2185 4206 Νθνιτθμινίρξί

2225 4129 2563 4205 ηειίιιιοωιιωη
2593 4127 3006 4201 paraltigismum
3025 4173 3038 4196 ,
3068 4145 3174 4202 quo
3202 4119 3385 4188 Romae
3409 4117 3538 4188 cum
3558 4117 3851 4206 prmeipuis

557 4227 803 4286 factionis
831 4225 1054 4298 ducibus
1080 4239 1261 4295 agens,
1291 4238 1323 4278 a
1346 4221 1650 4278 rudioribus
1675 4217 1963 4292 conabatur
1988 4218 2327 4304 extorquere,
2363 4227 2420 4274 ut
2447 4219 2667 4297 originis
2695 4219 2906 4291 culpam
2937 4235 3142 4278 merum
3170 4231 3528 4280 commentum
3556 4239 3670 4280 esse
3697 4224 3847 4280 fate-

557 4329 742 4378 rentur
771 4317 976 4393 (lnfra,
1017 4315 1250 4387 Append.
1295 4323 1436 4386 parte
1461 4312 1554 4387 2);
1598 4310 1761 4384 quod,
1799 4310 2021 4386 Joannis
2044 4301 2304 4366 ’Garnerii
2344 4309 2580 4394 judicio,
2605 4309 2689 4397 'in‘
2714 4325 2913 4366 annum
2954 4311 3531 4383 quadringentesimum
3571 4308 3851 4372 decimum

557 4413 842 4484 septimum
882 4408 1144 4480 quadrare
1169 4413 1347 4480 potest
1381 4403 1716 4480 (Carnarius,
1745 4403 1801 4457 in
1842 4401 2064 4485 ﬂerent.
2098 4400 2301 4480 disarm.
2331 4402 2358 4456 1
2383 4442 2398 4468 ,
2429 4400 2641 4486 εᾳρζιϐ,
2675 4401 2738 4484 de
2772 4399 3034 4477 Iuliano).
3075 4403 3131 4460 Si
3166 4403 3498 4480 definitiones
3524 4406 3668 4466 illas.
3701 4421 3855 4477 quas

556 4481 694 4562 libro
721 4503 790 4561 de
813 4499 1148 4558 Perfectioue
1172 4497 1392 4568 justitia:
1420 4495 1655 4552 hominis
1678 4493 1870 4550 refellit
1896 4481 2239 4580 Auﬁstinus,
2277 4481 2461 4548 eidem
2476 4481 2600 4578 nos,
2629 4481 3018 4575 utiGarnerius
3043 4504 3260 4562 censet,
3290 4489 3526 4552 tribuere
3555 4504 3854 4567 oporteat;

555 4597 777 4655 dubium
804 4609 910 4651 non
937 4593 1041 4649 erit
1065 4591 1190 4662 quin
1213 4589 1324 4661 jam
1352 4589 1475 4645 inde
1501 4588 1568 4644 ab
1594 4602 1736 4641 anno
1765 4583 2286 4661 quadringentesimo
2311 4583 2522 4639 decimo
2547 4584 2734 4655 quinto
2758 4585 3028 4656 perfectus
3067 4586 3227 4642 fuerit
3253 4583 3582 4657 Pelagianus.
3617 4586 3758 4642 Illud
3791 4588 3857 4644 in

553 4689 802 4748 confesso
825 4693 938 4752 est,
967 4682 1232 4740 damnatis
1269 4697 1300 4736 a
1325 4679 1542 4736 Zosimo
1569 4693 1702 4751 papa
1729 4691 1871 4732 anno
1908 4663 2431 4754 quadringentesimo
2457 4674 2667 4730 decimo
2709 4683 2898 4731 octavo
2927 4675 3225 4746 Pelagianis
3249 4718 3265 4743 ,
3295 4675 3540 4733 eumdem
3563 4675 3857 4732 lulianum

553 4780 890 4837 subscribere
918 4772 1239 4846 pontiﬁciam
1265 4771 1585 4827 sententiam
1615 4768 1849 4824 noluisse
1867 4807 1881 4832 ,
1911 4765 2172 4842 atqueob
2201 4780 2320 4821 eam
2345 4779 2459 4820 rem
2496 4765 2563 4821 ab
2589 4765 2682 4821 illo
2710 4764 2966 4837 dignitate
2992 4765 3276 4836 Spoliatum
3305 4766 3488 4835 fuisse,
3512 4775 3566 4823 et
3589 4783 3651 4822 ex
3681 4765 3862 4823 Italia

553 4874 783 4944 ejectum
811 4867 990 4942 (Infra
1007 4907 1024 4934 ,
1051 4863 1285 4936 Append.
1315 4873 1458 4934 parte
1481 4860 1559 4934 2).
1589 4855 1723 4916 Huic
1747 4859 1847 4930 ipsi
1876 4856 2112 4930 pontifici
2143 4855 2293 4912 binas
2316 4869 2477 4926 super
2497 4855 2882 4926 questionibus
2910 4855 2979 4912 de
3000 4856 3170 4928 gratia
3195 4858 3450 4928 epistolas
3473 4855 3681 4913 dedisse
3708 4873 3863 4913 eum

553 4965 850 5034 reperimus
875 4959 1051 5035 (Infra
1070 4998 1084 5021 ,
1120 4955 1302 5027 Operi:
1331 4954 1535 5026 imperf.
1564 4951 1653 5007 lib.
1688 4953 1740 5018 1,
1771 4967 1887 5021 cap.
1915 4948 2030 5022 18).

626 5060 982 5130 Hieronymus
1020 5056 1320 5129 Vignierius
1359 5053 1544 5124 primis
1571 5049 1897 5121 temporibus
1933 5046 2202 5104 haereseos
2239 5045 2432 5104 Juliani
2461 5045 2696 5117 assignat
2735 5045 2788 5101 id
2821 5045 2962 5118 quod
2987 5045 3148 5102 habet
3179 5045 3516 5113 Gennadius,
3545 5046 3687 5102 illum
3748 5061 3872 5118 per

553 5153 748 5210 tamem
773 5162 933 5224 atque
958 5159 1248 5222 egestatem
1275 5147 1540 5220 publicam
1579 5144 1898 5216 pauperibus
1927 5143 2228 5214 dilargitum
2258 5157 2380 5199 esse
2408 5157 2531 5198 suas
2552 5141 2832 5199 facultates
2851 5184 2866 5209 ,
2893 5151 2946 5198 et
2976 5143 3139 5199 haece
3164 5143 3437 5199 charitatis
3470 5145 3645 5214 specie
3667 5159 3869 5214 quam

553 5245 814 5314 plurimos
839 5242 904 5296 ad
933 5256 1083 5296 suam
1116 5239 1361 5295 hmresim
1383 5280 1398 5305 ,
1435 5236 1664 5312 maxime
1693 5251 1757 5290 ex
1780 5249 1978 5305 genere
2003 5249 2186 5288 eorum
2226 5233 2318 5304 qui
2350 5233 2530 5303 pietati
2564 5230 2884 5288 addictiores
2913 5233 3258 5298 videbantur,
3290 5234 3594 5304 adjunxisse
3619 5232 3820 5305 (Infra
3848 5276 3872 5298 ,

553 5333 789 5404 Append.
823 5340 967 5402 parte
985 5330 1062 5399 2).
1090 5329 1201 5396 Qua
1233 5328 1302 5383 de
1332 5343 1391 5382 re
1433 5327 1486 5382 id
1522 5325 1675 5380 nobis
1717 5339 1878 5379 unum
1908 5325 2192 5380 observare
2231 5323 2393 5391 licet,
2426 5323 2478 5378 in
2521 5331 2792 5395 postremo
2815 5339 2914 5380 suo
2940 5339 3103 5395 opere
3131 5325 3398 5381 affirmare
3437 5325 3812 5396 Augustinum
3844 5368 3870 5392 ,

555 5424 705 5479 illum
735 5439 764 5477 a
795 5421 1004 5477 miseris
1033 5436 1165 5490 quos
1191 5419 1495 5487 deceperat,
1525 5418 1754 5480 otiosum
1784 5416 1850 5470 ali
1881 5414 2087 5485 (Infra,
2124 5413 2305 5488 Operi;
2329 5415 2530 5487 imperi.
2563 5415 2651 5468 lib.
2679 5413 2736 5481 2,
2765 5431 2883 5485 cap.
2912 5414 3003 5486 51)
3029 5432 3044 5480 ;
3078 5429 3174 5470 nec
3205 5430 3360 5486 posse
3389 5417 3560 5486 ipsum
3591 5415 3876 5470 scriben-

535 5513 636 5569 dis
661 5528 724 5569 ac
744 5509 1004 5568 dictandis
1027 5508 1179 5566 libris
1202 5522 1412 5572 vacare,
1428 5508 1471 5562 si
1499 5505 1668 5562 nolint
1693 5505 1938 5561 homines
1963 5507 2010 5561 ei
2038 5507 2235 5561 victum
2257 5505 2669 5561 subministrare
2692 5515 3042 5578 sumptusque
3066 5518 3419 5578 congruentes
3447 5507 3631 5578 (Ibid,
3658 5506 3763 5561 lib.
3795 5508 3873 5574 5,

553 5621 704 5677 capp.
737 5605 791 5672 1,
818 5603 910 5676 Η)
935 5619 950 5658 :
981 5600 1124 5674 quod
1149 5598 1364 5672 quidem
1389 5613 1511 5655 eum
1538 5608 1664 5654 tunc
1690 5599 1832 5653 nullo
1859 5609 2117 5668 proventu
2144 5611 2242 5653 suo
2273 5596 2356 5652 vel
2380 5596 2639 5653 fructibus
2665 5596 2881 5664 vixisse,
2910 5597 3040 5654 satis
3061 5598 3337 5670 designat;
3365 5613 3470 5654 non
3500 5610 3677 5654 tamen
3706 5597 3879 5654 inde

552 5700 830 5770 quisquam
857 5694 1102 5765 colligat,
1135 5691 1430 5766 Augustino
1460 5691 1791 5762 exploratum
1824 5688 2008 5754 fuisse,
2041 5689 2190 5744 illum
2217 5687 2541 5758 impendisse
2563 5689 2764 5756 omnia,
2790 5703 2900 5761 quo
2925 5689 3201 5760 penuriam
3230 5690 3458 5745 alienam
3485 5690 3711 5745 levaret.

623 5795 812 5858 Anno,
839 5799 898 5846 ut
919 5786 1136 5860 quidem
1173 5784 1407 5850 videtur,
1439 5782 1961 5859 quadringentesimo
1999 5781 2206 5836 decimo
2235 5793 2412 5847 nono,
2444 5781 2488 5835 is
2528 5795 2629 5836 una
2658 5795 2780 5836 cum
2819 5779 2940 5836 aliis
2981 5781 3218 5854 ejusdem
3264 5791 3421 5837 secta:
3454 5779 3728 5854 episcopis
3787 5779 3880 5835 ad

551 5881 749 5957 Rufum
780 5879 1309 5953 Thessalonicensem
1332 5876 1629 5962 antistitem
1656 5873 1902 5942 scripsit;
1937 5885 2142 5928 necnon
2172 5869 2396 5930 Romam
2426 5871 2492 5928 ad
2521 5865 2742 5940 amicos,
2772 5880 2827 5927 ut
2855 5871 2909 5927 in
2937 5885 3119 5929 errore
3143 5871 3262 5927 illos
3289 5871 3651 5936 confirmaret,
3683 5868 3878 5927 litte-
