4118 6532
302 504 308 510 -
369 498 496 585 ton
533 498 538 501 ‘
1258 496 1537 587 congrua.
1565 495 1932 586 saansaan
1970 495 2235 554 suum
2275 494 2694 554 RESPONSION
2707 496 2820 553 su.
3509 499 3644 556 mis

367 610 620 668 rasinisit
644 628 657 665 :
687 609 787 667 sub
809 609 949 682 quod
973 609 1132 666 etiam
1155 618 1363 681 tempus
1386 609 1921 682 prioremAugnstini
1945 609 2136 666 librum
2167 607 2234 664 dc
2261 606 2465 680 Nuptiis
2490 617 2547 664 et
2570 608 3009 680 Concupiscentia
3033 618 3260 680 quatuor
3281 609 3643 669 voluminibus

367 704 612 762 refellere
636 714 859 759 conatus
887 713 990 759 est.
1505 693 1508 695 λ
1578 723 1584 726 ~

370 830 380 838 -
435 795 567 852 Cum
595 793 975 866 posteas'ohim
993 801 1209 869 vertere
1232 802 1376 850 esset
1393 803 1630 871 coactus,
1653 793 1818 848 maria
1843 802 1898 850 et
1925 801 2094 849 terras
2116 806 2236 848 cum
2262 791 2462 848 erroris
2487 791 2570 848 sui
2593 792 2754 849 sociis
2778 800 2832 848 et
2855 791 3074 864 collegis
3101 796 3430 866 peragravit;
3457 794 3649 851 Orien-

367 897 472 944 tem
491 929 506 952 ,
539 887 590 942 id
619 895 734 952 est,
765 885 944 942 Asiam
975 885 1246 961 minorem.
1262 885 1545 965 lustravit;
1576 894 1630 940 et
1656 883 1867 940 tandem
1901 884 1952 939 in
1971 881 2154 938 Cilicia
2184 882 2323 955 apud
2348 881 2687 940 Theodorum
2713 883 3140 954 Mopsuestenum
3167 900 3324 956 quem
3348 885 3648 956 Pelagiana:

366 979 584 1034 heresis
607 991 759 1048 teque
785 985 1058 1047 parentem
1089 991 1152 1032 ac
1179 976 1508 1050 Nestoriaure
1532 977 1769 1043 faciunt,
1801 975 1981 1046 quiete
2009 975 2261 1030 nonnulla
2292 974 2492 1046 potitus
2527 986 2628 1030 est.
2664 974 2774 1030 Illic
2800 975 2934 1030 alios
2963 983 3085 1031 octo
3112 976 3276 1031 libros
3310 977 3362 1032 in
3393 979 3644 1047 Augusti-

365 1083 493 1124 num
519 1065 781 1122 condidit.
812 1065 918 1121 Sed
942 1081 1115 1137 neque
1137 1066 1558 1134 dubitaverimus
1577 1066 1706 1137 quin
1732 1065 1832 1138 ipsi
1860 1064 2164 1132 Theodoro,
2197 1073 2254 1121 ut
2278 1065 2534 1121 adversus
2557 1066 2832 1138 originalis
2859 1069 3061 1138 peccati
3087 1076 3386 1124 assertores
3411 1070 3646 1140 quinque

364 1172 493 1214 suos
521 1157 690 1213 libros
711 1157 998 1220 emitteret,
1026 1166 1212 1213 auctor
1230 1155 1412 1238 fuerit.
1435 1157 1814 1238 Verumtamen
1842 1173 1874 1212 e
1891 1153 2077 1211 Cilicia
2096 1155 2312 1211 vixdum
2329 1158 2664 1225 excesserat,
2679 1172 2802 1213 cum
2832 1159 2880 1214 ei
2907 1157 3220 1216 Theodorus
3246 1160 3331 1216 ille
3353 1161 3406 1215 in
3427 1161 3649 1232 provin-

362 1249 485 1306 ciali
530 1247 738 1322 synodo
774 1248 1129 1307 anathematis
1155 1258 1354 1317 'notam
1399 1249 1608 1328 inussit
1629 1248 1838 1321 (Infra,
1859 1247 2101 1320 Append.
2131 1256 2274 1319 parte
2295 1247 2374 1321 2).
2403 1247 2607 1304 Italiam
2651 1265 2794 1306 anno
2831 1251 3358 1324 quadringentesimo
3385 1253 3646 1326 vigesimo

363 1341 539 1412 primo
572 1355 679 1413 quo
706 1340 928 1414 Alypius
956 1341 1238 1413 episcopus
1274 1339 1673 1422 sexAugustini
1703 1340 1870 1397 libros
1910 1339 2168 1396 adversus
2211 1338 2459 1396 eumdem
2491 1340 2618 1397 illuc
2645 1341 2866 1410 detulit,
2887 1342 2999 1414 jam
3030 1345 3316 1416 reliquerat
3351 1362 3365 1400 :
3399 1345 3646 1419 quando-

361 1431 762 1502 quidem,_cum
797 1440 920 1488 octo
947 1446 1074 1488 suos
1096 1430 1152 1488 in
1175 1439 1417 1488 sanctum
1445 1432 1729 1490 Doctorem
1767 1429 1962 1499 edidit,
1991 1429 2213 1488 omnino
2258 1429 2328 1488 de
2374 1429 2548 1489 isthoc
2596 1432 2739 1490 illius
2779 1449 2945 1506 opere
2988 1435 3120 1492 nihil
3163 1437 3403 1495 audierat
3446 1437 3644 1512 (Infra,

367 1522 551 1596 Opm's
573 1523 778 1596 nuper].
809 1523 899 1580 lib.
924 1523 980 1590 ι,
1007 1540 1124 1596 cap.
1152 1523 1265 1596 '58).
1285 1585 1298 1591 η
1345 1543 1384 1592 ξ
1415 1571 1476 1590 υ,

436 1616 566 1688 Ejus
589 1616 915 1672 mentionem
936 1631 1004 1674 ex
1035 1631 1141 1687 quo
1166 1615 1412 1688 migravit
1428 1629 1460 1673 e
1484 1615 1670 1672 Cilicia
1686 1615 1740 1672 in
1759 1628 1959 1671 annum
1982 1627 2150 1685 usque
2169 1613 2751 1686 quadringentesimum
2779 1615 3094 1688 vigesimum
3115 1625 3360 1674 octavum
3383 1633 3645 1690 nusquam

365 1709 681 1780 reperimus.
710 1709 780 1764 At
805 1706 1020 1778 ponitur
1041 1707 1283 1764 Julianus
1307 1707 1470 1778 veluti
1507 1707 1624 1778 dux,
1642 1722 1707 1764 ac
1735 1705 2035 1779 primipilus
2059 1720 2246 1762 eorum
2269 1705 2673 1777 episcoporum,
2714 1705 2806 1778 qui
2835 1705 2906 1762 ob
2939 1715 3188 1779 negatum
3223 1707 3483 1779 originale
3517 1722 3648 1778 pec-

365 1809 542 1855 catum
566 1797 746 1856 officio
771 1797 1018 1865 abdicati,
1045 1785 1604 1879 Nestoriipraasidium
1629 1797 1845 1855 circiter
1870 1797 2045 1868 ipsum
2073 1810 2274 1851 annum
2305 1794 2886 1867 quadringentesimum
2913 1796 3227 1867 vigesimum
3268 1805 3515 1852 octavum
3546 1797 3650 1852 im-

367 1891 663 1962 plorarunt.
689 1889 824 1947 Hinc
851 1889 1133 1959 Mercator,
1157 1889 1476 1959 Praefatione
1499 1889 1568 1946 ad
1591 1889 1823 1946 Nestorii
1842 1887 2100 1946 adversus
2123 1887 2462 1959 Pelagianam
2484 1887 2731 1943 haeresim
2755 1903 3032 1946 sermones
3059 1907 3073 1944 :
3103 1907 3123 1941 ι
3154 1887 3350 1944 Contra
3373 1889 3594 1961 Pelagii,
3625 1909 3644 1943 ι

363 1983 478 2051 ait,
515 2001 536 2038 ι
565 1997 663 2040 seu
686 1982 927 2040 leestii
957 1997 1173 2054 pravam
1197 1992 1253 2038 et
1277 1982 1495 2054 impiam
1522 1981 1888 2038 definitionem
1913 1981 2157 2052 quamvis
2184 1989 2330 2037 recte
2353 1980 2578 2037 sentiret
2601 1988 2654 2037 et
2677 1979 2895 2037 doceret
2925 1999 2944 2034 ι
2977 1980 3281 2048 Nestorius;
3316 1999 3336 2034 ι
3375 1979 3650 2037 Julianum

372 2085 552 2134 tamen
578 2077 956 2148 exepiseopum
987 2075 1362 2148 Eclanensem,
1388 2091 1511 2132 cum
1543 2075 1890 2148 participibus
1918 2073 2030 2130 suis
2048 2115 2063 2140 ,
2091 2072 2242 2144 cujus
2270 2071 2490 2129 haeresis
2515 2072 2825 2145 signiferum
2853 2083 2908 2129 et
2936 2073 3340 2143 antesignanum
3367 2114 3381 2139 ,
3411 2073 3544 2128 olim
3583 2073 3651 2128 ab

369 2167 662 2237 apostolica
685 2149 949 2232 sententia
973 2153 1380 2240 exauctoratum.
1398 2174 1559 2237 atque
1585 2165 1907 2236 depositum,
1935 2163 1988 2218 in
2011 2163 2300 2219 amicitiam
2325 2163 2538 2219 interim
2562 2164 2770 2219 censuit
2789 2163 3210 2235 suscipiendum,
3239 2179 3390 2234 spem
3411 2165 3460 2220 ei
3484 2164 3646 2220 abso-

367 2253 586 2312 lutionis
612 2256 928 2327 promittens
953 2273 967 2312 :
995 2257 1167 2327 ipsum
1194 2271 1406 2331 quoque
1431 2255 1742 2312 leestium
1766 2254 1959 2310 litteris
1977 2253 2110 2322 suis,
2141 2269 2366 2324 quarum
2390 2254 2633 2324 exempla
2661 2253 3014 2323 subdidimus,
3038 2255 3342 2310 consolatus
3368 2263 3468 2310 est.
3495 2254 3645 2324 Quod

365 2356 547 2414 utrum
575 2347 776 2404 malitia
805 2363 874 2404 an
900 2348 1146 2419 vecordia
1173 2348 1381 2430 fecerit,
1406 2364 1509 2404 non
1537 2347 1688 2404 facile
1712 2347 1859 2403 nosci
1888 2354 2062 2418 potest
2088 2363 2102 2400 :
2131 2354 2192 2401 ut
2216 2354 2400 2402 contra
2429 2361 2654 2417 quorum
2683 2346 2934 2402 distortas
2964 2347 3276 2414 sententias,
3309 2355 3502 2418 praeter
3523 2363 3649 2417 pro-

371 2439 538 2508 priam
565 2439 890 2511 impietatem
916 2456 1035 2511 quae
1062 2439 1212 2496 illum
1238 2439 1304 2514 ad
1330 2439 1727 2495 damnationem
1753 2452 1920 2508 usque
1945 2435 2224 2508 perduxit,
2248 2437 2548 2493 rectissime
2584 2436 2849 2493 sentiebat
2873 2445 2929 2494 et
2957 2436 3216 2505 docebat,
3245 2452 3340 2493 eos
3368 2446 3420 2492 et
3449 2437 3653 2492 amicos

365 2530 612 2597 haberet,
638 2539 693 2587 et
717 2547 815 2602 spe
837 2546 988 2604 vana:
1011 2531 1376 2608 promissionis
1407 2530 1662 2606 fovendos
1685 2537 1741 2585 et
1763 2527 2035 2584 lactandos
2055 2536 2296 2599 putaret;
2325 2527 2522 2598 quique
2549 2543 2672 2583 cum
2695 2536 2920 2598 patrono
2941 2536 3237 2585 memorato
3258 2528 3309 2583 in
3337 2526 3649 2600 Ephesiensi

366 2622 596 2692 concilio
620 2638 650 2677 a
681 2621 922 2680 ducentis
943 2624 1273 2700 septuaginta
1297 2630 1361 2699 et
1377 2629 1605 2701 quatuor
1623 2619 1890 2693 episcopis
1912 2619 2103 2676 iterum
2131 2619 2434 2690 iterumque
2458 2618 2692 2674 damnati
2718 2627 2861 2676 sunt.
2892 2638 2912 2673 ι
2940 2619 3204 2677 (ἔπιθι-ατη
3232 2619 3391 2676 iidem
3418 2620 3653 2676 haeretici

369 2727 467 2783 per
494 2712 796 2785 Nestorium
816 2714 1091 2790 consequi
1126 2701 1460 2791 nequaquam
1498 2713 1748 2779 valuere,
1779 2721 1838 2768 ut
1877 2726 1943 2768 ne
1983 2710 2446 2782 Constantinopoli
2484 2719 2753 2782 praecepto
2781 2711 3116 2783 imperatoris
3141 2711 3470 2781 Theodosii,
3511 2711 3656 2769 unde

368 2804 608 2868 Julianus
634 2791 794 2861 etiam
825 2806 971 2877 prius
988 2806 1252 2878 _Ca:lestio
1281 2805 1484 2876 ejectus
1505 2813 1608 2872 est,
1636 2804 1986 2878 pellerentur.
2017 2801 2164 2859 Idem
2192 2801 2435 2859 Julianus
2462 2817 2566 2860 non
2593 2803 2765 2859 solum
2794 2807 2847 2859 In
2877 2812 3102 2875 utraque
3127 2802 3357 2860 Nestorii
3381 2802 3448 2859 ad
3472 2802 3653 2860 Coele-

373 2896 572 2950 stinum
612 2896 836 2967 cpistola
873 2896 1173 2974 Pelagianis
1201 2889 1320 2971 aliis
1361 2896 1629 2967 episcOpis
1654 2895 1722 2952 de
1765 2893 2054 2950 Occidente
2093 2891 2280 2964 ejectis
2320 2893 2691 2964 prmmittitur,
2723 2893 2820 2950 sed
2845 2893 3090 2972 similiter
3129 2903 3248 2964 post
3289 2894 3557 2967 Pelagium
3601 2903 3658 2950 et

369 2984 680 3057 leestinm
717 2975 1268 3065 primus'nominalur
1294 2986 1435 3065 inter
1473 2987 1709 3057 insignes
1737 2986 1859 3042 illos
1885 2985 2230 3056 Pelagianos,
2260 2999 2488 3056 quorum
2511 2983 2782 3041 damnatio
2822 3001 2965 3043 anno
3003 2985 3530 3058 quadringentesimo
3559 2987 3656 3041 tri-

371 3074 576 3144 gesimo
603 3075 778 3146 primo
801 3075 854 3131 in
883 3063 1386 3148 Ephesina'sjno'do
1414 3076 1548 3132 lecta
1574 3086 1660 3132 est
1685 3087 1740 3134 et
1765 3074 2080 3132 conﬁrmata
2106 3073 2304 3148 (Infra,
2337 3075 2572 3147 Append.
2605 3085 2750 3147 parte
2774 3075 2860 3148 2).

368 3233 376 3244 .
454 3185 605 3245 Haud
636 3189 818 3265 multo.
831 3197 974 3260 post,
1001 3189 1108 3254 sub,
1127 3190 1439 3261 pontiﬁcatu
1461 3187 1594 3246 Sixti
1625 3187 1720 3258 IlI,
1751 3197 1807 3245 et
1831 3203 1995 3256 anno,
2025 3189 2072 3245 si
2096 3189 2348 3260 Prosperi
2374 3187 2646 3246 Chronico
2666 3189 2924 3247 debeatur
2953 3191 3105 3261 fides,
3136 3193 3659 3266 quadringentesimo

369 3280 650 3352 trigesimo
665 3296 831 3358 nono,
861 3281 1302 3344 Ecclesiaevariis
1324 3281 1536 3338 artibus
1566 3281 1862 3353 imponere,
1890 3289 2052 3353 atque
2075 3282 2129 3337 in
2155 3282 2272 3353 ejus
2295 3283 2726 3339 communionem
2753 3281 2882 3339 falsa
2908 3285 3088 3357 specie
3103 3285 3494 3343 emendationis
3524 3287 3660 3344 irre-

373 3381 616 3447 perecst.
635 3373 874 3450 molitus,
905 3383 963 3429 ut
983 3373 1343 3445 episcopalem
1367 3373 1703 3446 dignitatem,
1728 3387 1835 3444 qua
1862 3386 1922 3428 se
1940 3371 2143 3431 tamdiu
2162 3381 2382 3428 exutum
2406 3373 2641 3440 dolebat,
2664 3375 2948 3446 reciperet.
2978 3375 3084 3434 Sed
3105 3376 3379 3435 Romanus
3398 3377 3656 3449 pontifex,

376 3465 574 3522 Leonis
615 3465 828 3546 diaconi
866 3465 1035 3538 (illius
1063 3465 1207 3523 haud
1230 3465 1405 3528 dubie
1441 3466 1534 3537 qui
1571 3465 1748 3522 eidem
1791 3465 1845 3522 in
1874 3463 2168 3538 apostolica
2199 3464 2340 3522 Sede
2371 3465 2654 3537 successit)
2677 3466 2892 3522 hortatu
2922 3468 3226 3536 roboratus,
3258 3469 3529 3542 vigilantia
3559 3486 3657 3527 sua

375 3559 533 3616 istius
551 3558 767 3616 fraudes
789 3558 1006 3637 retexit,
1033 3559 1116 3616 eis
1141 3559 1349 3616 fortiter
1374 3559 1649 3624 occurrit,
1672 3557 1893 3616 nefariis
1919 3557 2038 3629 ejus
2079 3557 2318 3614 consiliis
2354 3557 2530 3613 aditus
2569 3572 2757 3615 omnes
2795 3559 3126 3626 interclusit,
3158 3560 3462 3632 rejectaque
3481 3561 3660 3632 fallaci

375 3653 532 3710 bestia
551 3655 828 3723 universos
865 3653 1571 3734 catholicarcommunionis
1584 3652 1901 3710 exhilaravit
1935 3651 2148 3724 (lbid.).
2184 3650 2431 3708 Affirmat
2461 3651 2821 3724 Hieronymus
2846 3651 3183 3724 Vignicrius,
3213 3653 3316 3709 sibi
3347 3665 3660 3726 argumenta

375 3759 518 3813 esse,
547 3745 740 3816 quibus
769 3745 1153 3825 persuadeatur
1176 3745 1450 3802 Julianum
1476 3759 1544 3801 ex
1580 3744 1733 3801 Italia
1774 3757 1960 3800 rursus
1998 3741 2183 3814 fugere
2217 3758 2250 3799 a
2288 3742 2439 3800 Sixto
2461 3758 2596 3815 papa
2624 3751 2871 3800 coactum
2892 3787 2908 3813 ,
2941 3743 2993 3799 in
3035 3743 3386 3825 Lerinensem
3431 3746 3658 3802 insulam

367 3838 616 3916 venisse,
640 3837 728 3894 ubi
757 3853 880 3896 cum
909 3853 1006 3910 per
1030 3821 1235 3910 aliquot
1254 3851 1467 3894 menses
1492 3845 1817 3905 moraretur,
1840 3851 1870 3891 a
1901 3835 2123 3901 Fausto,
2156 3835 2446 3908 Regiorum
2469 3846 2652 3907 postea
2679 3837 2955 3910 episcopo,
2989 3821 3264 3908 exceptus,
3295 3837 3468 3895 eidem
3493 3839 3663 3894 haere-

377 3929 454 3984 sis
473 3944 585 3984 sua:
608 3930 753 3984 virus
781 3929 1084 4009 propinavit
1159 3929 1332 3998 Quod,
1360 3929 1436 3984 ait
1464 3929 1786 4000 Vignierius,
1810 3944 1903 3982 suo
1924 3929 2034 3983 loco
2057 3929 2304 3991 dicemus,
2336 3929 2380 3982 si
2400 3927 2539 3982 Deus
2558 3929 2686 3983 uires
2706 3937 2753 3983 et
2778 3945 2942 3984 annos
2965 3929 3220 3996 suffecerit
3240 3972 3255 3997 ,
3288 3931 3440 4002 idque
3470 3934 3664 3986 caeteris

379 4021 754 4090 probationibus
789 4032 892 4077 tam
933 4036 998 4076 ea;
1028 4019 1302 4100 algentia
1322 4060 1337 4086 ,
1369 4036 1523 4090 quam
1553 4036 1617 4075 ea:
1638 4019 1755 4074 aliis
1773 4060 1790 4087 ,
1817 4019 2064 4091 pluraque
2099 4018 2154 4072 id
2189 4019 2387 4091 generis
2429 4033 2544 4092 qua:
2573 4020 2758 4074 multos
2796 4019 2987 4087 latent,
3014 4037 3294 4076 asseremus
3321 4020 3660 4094 (Viguierias,

381 4113 597 4187 l’twfat.
623 4116 678 4170 in
701 4114 842 4187 Opus
868 4117 1216 4188 imperfectum
1246 4114 1290 4188 ).
1323 4114 1405 4170 Ad
1444 4114 1559 4170 haec
1606 4115 1862 4185 Vignierii
1890 4113 2050 4170 verba
2079 4112 2314 4169 Joannes
2351 4113 2685 4180 Garnerius;
2714 4111 2964 4186 Intelligit
2990 4125 3191 4182 autem,
3225 4115 3415 4188 inquit,
3444 4117 3521 4170 vir
3541 4133 3662 4171 eru-

364 4206 520 4262 ditus
543 4208 746 4263 nomine
763 4206 1046 4280 Fulgentii,
1083 4207 1236 4263 libros
1265 4223 1390 4278 quos
1413 4219 1617 4262 sanctus
1658 4207 1746 4262 ille
1781 4207 2044 4278 episcopus
2075 4206 2313 4260 adversus
2337 4205 2386 4260 Γ
2386 4216 2587 4261 austum
2627 4207 2860 4278 scripsit,
2892 4223 3115 4278 quosque
3150 4207 3291 4278 apud
3323 4225 3377 4263 se
3413 4207 3586 4262 habuit
3610 4211 3661 4264 in

365 4304 723 4380 ,manuscripto
748 4300 918 4380 codice
956 4299 1096 4356 idem
1127 4299 1441 4370 Vignierius,
1471 4315 1585 4353 cum
1611 4299 1789 4353 viveret
1818 4295 2120 4368 (Garnerius
2139 4333 2157 4363 ,~
2177 4299 2231 4352 in
2262 4297 2313 4351 Μ
2319 4307 2477 4352 ercat.
2501 4297 2702 4352 dissert.
2735 4299 2786 4363 1,
2813 4315 2928 4369 cap.
2955 4299 3008 4365 6,
3041 4297 3105 4352 de
3125 4297 3388 4369 Juliano).

453 4374 615 4452 sm;
631 4396 737 4451 vita
768 4374 950 4452 functo
974 4394 1120 4450 illum
1159 4394 1383 4450 rediisse
1408 4393 1461 4449 in
1505 4393 1710 4449 Italiam
1735 4433 1752 4460 ,
1778 4391 1923 4448 unde
1965 4393 2155 4447 iterum
2185 4406 2215 4446 a
2237 4391 2420 4448 Leone
2454 4406 2587 4462 papa
2629 4391 2816 4464 pulsus
2841 4390 3032 4458 fuerit,
3066 4391 3191 4448 hinc
3213 4392 3340 4447 licet
3366 4392 3655 4464 conjicere,

383 4489 525 4560 quod
563 4488 801 4560 ejusdem
825 4489 1081 4562 temporis
1109 4498 1294 4544 auctor
1315 4487 1368 4542 in
1385 4487 1524 4543 libro
1553 4487 1621 4543 de
1638 4485 2088 4543 Promissionibus
2125 4494 2180 4540 et
2205 4484 2646 4540 Prmdictionibus
2682 4485 2812 4552 Dei,
2842 4492 2998 4555 parte
3023 4495 3242 4556 quarta,
3275 4487 3447 4556 capite
3485 4496 3662 4551 sexto,

366 4580 694 4652 Pelagianos
737 4589 783 4634 et
822 4579 1040 4633 maxime
1064 4577 1332 4633 Julianum
1361 4591 1392 4631 a
1419 4578 1577 4633 beato
1617 4575 1868 4644 pontifice
1893 4575 2134 4630 contritas
2159 4574 2324 4630 fuisse
2363 4574 2569 4645 prodat.
2601 4573 2761 4629 Addit
2785 4573 3091 4646 Vignierius
3127 4574 3460 4645 hunc‘lpsum
3493 4575 3665 4629 infeli-

366 4671 876 4740 .cen_t,,luereticum,
906 4659 1028 4741 past
1051 4670 1238 4740 longas
1263 4668 1363 4724 hac
1389 4668 1509 4724 illac
1530 4668 1848 4736 errationes,
1875 4667 1946 4723 ob
1964 4682 2095 4739 quas
2125 4683 2239 4721 eum
2269 4665 2569 4739 Fulgentius
2587 4709 2602 4736 ,
2630 4675 2689 4722 ut
2716 4666 2864 4732 dicit,
2889 4667 3103 4722 alterum
3129 4667 3288 4732 Cain,
3320 4657 3415 4721 hoc
3443 4676 3516 4722 est
3542 4684 3663 4737 pro-

367 4767 570 4838 pagant
598 4771 645 4816 et
661 4761 807 4824 omni
834 4749 1243 4839 loco'cxtorrem,
1274 4744 1522 4830 appellat,
1545 4759 1714 4814 ultimi
1744 4757 1958 4814 demum
1985 4757 2208 4829 perfugii
2237 4757 2356 4813 Ioco
2381 4759 2612 4814 viculum
2638 4757 2920 4829 quemdam
2950 4759 3001 4812 in
3025 4757 3200 4814 Sicilia
3230 4758 3536 4823 incoluisse,
3568 4759 3658 4814 ubi

388 4870 498 4909 sita:
520 4862 684 4912 secta:
713 4851 960 4922 homines
987 4850 1216 4907 docebat
1237 4851 1460 4916 litteras,
1491 4849 1662 4906 factus
1688 4866 1755 4905 ex
1781 4849 2033 4920 episcopo
2060 4847 2445 4920 ludimagister.
2479 4849 2624 4905 Ilanc
2658 4850 2734 4905 illi
2772 4850 3176 4920 occupationem
3201 4891 3216 4916 ,
3248 4851 3400 4921 quasi
3421 4853 3663 4906 omnium

390 4927 1033 5028 maximecongruentem
1063 4941 1257 5017 etejus
1279 4943 1331 4998 in
1363 4941 1523 4998 hasce
1545 4941 1854 5013 disciplinas
1881 4941 2076 5008 studio,
2106 4949 2161 4996 et
2180 4955 2331 4996 vana:
2354 4942 2535 5012 gloria:
2559 4957 2717 5014 quam
2739 4958 2804 4998 ex
2833 4957 3016 4998 earum
3046 4943 3349 5014 cognitione
3379 4944 3664 5014 captabat,

392 5045 516 5090 ante
541 5037 742 5092 multos
765 5049 934 5091 annos
960 5035 1318 5090 destinaverat
1346 5032 1675 5104 Augustinus
1699 5031 1720 5105 (
1746 5030 1917 5102 Infra,
1945 5031 2126 5104 Operis
2154 5033 2358 5104 imperi.
2386 5033 2474 5087 lib.
2500 5032 2557 5099 2,
2586 5049 2702 5104 cap.
2736 5031 2850 5106 5i).

466 5125 578 5180 Huc
601 5126 783 5196 adjicit
812 5125 1133 5197 Vignierius,
1169 5135 1450 5196 postquam
1482 5124 1527 5179 is
1553 5123 1750 5180 ibidem
1777 5123 1957 5180 vivere
1975 5123 2241 5190 desiisset,
2267 5123 2580 5195 Pelagianos
2601 5125 2804 5181 tumqu
2831 5125 2948 5197 ejus
2972 5125 3076 5182 hoc
3098 5125 3328 5198 elogium
3356 5127 3668 5198 scripsisse:

401 5209 525 5269 Ueir.
550 5216 601 5268 in
629 5231 752 5285 pace
779 5215 987 5291 quiescit
1011 5214 1256 5270 Julianus
1293 5215 1560 5287 episcopus
1598 5215 1893 5270 catholicus.
1926 5214 2078 5284 Quod
2125 5213 2453 5286 epitaphium
2481 5230 2602 5272 cum
2641 5231 2784 5271 nono
2818 5217 3014 5274 smculo
3049 5218 3212 5274 etiam
3234 5226 3344 5274 tum
3375 5221 3666 5292 legeretur,

396 5305 608 5377 quidam
634 5306 1176 5378 Semipeiagianorum
1200 5307 1508 5379 dogmatum
1533 5305 1773 5362 fautores
1795 5307 1938 5362 illius
1958 5308 2271 5363 memoriam
2315 5306 2596 5363 restituere
2617 5309 2792 5363 conati
2824 5318 2966 5364 sunt.
2997 5311 3066 5366 At
3086 5311 3519 5368 demonstrarunt
3543 5329 3668 5368 eru-

396 5395 492 5450 diti
519 5395 782 5472 antistites
807 5395 1199 5474 Catholicorum
1229 5412 1426 5456 nomen
1452 5412 1721 5467 nunquam
1743 5412 1848 5452 non
1870 5412 2158 5468 usurpasse
2181 5397 2530 5468 Pelagianos;
2558 5413 2622 5454 ac
2647 5399 2870 5469 proinde
2896 5401 3027 5456 nihil
3063 5401 3352 5473 prohibere
3369 5404 3672 5476 hujusmodi

401 5484 636 5551 titulum,
659 5484 945 5565 quominus
967 5485 1055 5540 ille
1083 5485 1135 5541 in
1166 5486 1358 5542 haeresi
1385 5501 1478 5542 sua
1491 5496 1728 5542 mortuus
1741 5487 2016 5542 habeatur.
2043 5486 2205 5553 Obiit,
2225 5496 2283 5542 ut
2302 5488 2488 5544 scribit
2508 5488 2832 5557 Gennadius,
2861 5491 3156 5562 imperante
3178 5493 3551 5551 Valentiniano
3580 5495 3671 5562 lll,

399 5575 694 5658 Constantii
733 5573 876 5640 lilio,
920 5585 974 5654 et
1025 5577 1102 5632 sic
1141 5587 1264 5631 ante
1291 5592 1488 5632 annum
1518 5578 1716 5634 Christi
1759 5577 2339 5650 quadringentesimum
2379 5580 2873 5653 quinquagesimum
2913 5566 3403 5658 quintum.(lnfra,
3436 5587 3668 5658 Appmd.

404 5676 544 5736 parte
569 5665 649 5738 2).
680 5666 926 5721 Attamen
958 5680 1124 5736 usque
1147 5665 1214 5721 ad
1238 5676 1448 5723 aetatem
1479 5668 1738 5742 Fulgentii
1769 5671 1938 5742 (juxta
1960 5671 2174 5726 Petrum
2221 5670 2563 5728 Franciscum
2587 5671 2912 5731 Chiflletium
2937 5719 2952 5745 ,
2983 5693 3122 5733 anno
3147 5677 3670 5749 quadringentesimo

402 5760 737 5843 Sexagesimo
757 5759 983 5843 septimo
1005 5759 1135 5826 nati,
1163 5768 1218 5814 et
1254 5773 1393 5814 anno
1428 5762 1848 5832 quingentesimo
1886 5764 2114 5834 septimo
2159 5764 2208 5818 in
2253 5765 2560 5836 episcopum
2596 5769 2892 5826 consecrati
2932 5765 3284 5842 [Chi/ﬂentis,
3315 5767 3437 5824 Not.
3470 5770 3519 5824 in
3543 5767 3670 5823 Ful-

405 5854 558 5924 gentii
589 5852 776 5936 Vitam,
798 5871 916 5926 pag.
940 5852 1090 5926 555])
1117 5853 1276 5909 vitam
1299 5853 1613 5924 produxisse
1631 5857 1906 5913 contendit
1932 5857 2250 5928 Vignierius.

411 6025 414 6028 ἢ
478 5941 688 6006 Gelasio
715 5943 912 6032 Sedcm
941 5944 1286 6018 apostolicam
1315 5953 1549 6018 tenente,
1581 5945 1809 6006 Joannes
1831 5947 2220 6007 Alexandrinus
2249 5951 2568 6024 patriarcha,
2599 5963 2708 6011 uta
2739 5953 2927 6012 Pbotio
2954 5961 3167 6012 notatur
3196 5951 3371 6025 (Infra
3387 5995 3411 6024 ,ι
3433 5954 3667 6034 Apparet.
