4118 6540
533 463 696 540 .iots
1577 473 1942 538 aestuante
1982 471 2046 552 tu
2083 477 2260 536 OPUS
2299 473 2788 540 lltPERFECTUlt
3691 485 3812 540 mn

547 605 692 669 parte
714 597 792 670 2),
821 593 1102 654 anathema
1132 595 1387 653 leestio
1413 611 1476 653 ac
1493 595 1706 652 Julian'o
1736 596 2098 667 pronuntiavit
2131 613 2144 649 :
2169 595 2417 666 idemque
2454 595 2577 652 fecit
2607 597 2658 652 in
2697 611 2791 652 sua
2835 595 2900 651 ad
2929 595 3262 666 Fulgentinm
3291 603 3344 648 et
3387 594 3516 649 alios
3545 609 3608 650 ex
3645 597 3808 652 Africa

545 693 830 764 episcopos
855 693 1070 748 exsules
1097 691 1320 762 epistola
1349 691 1536 747 Petrus
1561 690 1836 746 diaconus.

622 777 774 856 Quod
803 777 870 842 ad
895 785 1090 842 Juliani
1112 785 1307 855 scripta
1335 779 1537 854 spectat
1562 826 1575 849 ,
1604 789 1910 854 quanquam
1933 796 2053 836 eum
2083 781 2227 837 dicat
2263 780 2601 850 Gennadius,
2629 783 2921 854 priusquam
2941 780 3244 852 impietatem
3271 778 3470 852 Pelagii
3497 781 3549 834 in
3569 797 3622 835 se
3649 785 3810 852 aperi-

545 891 640 948 ret,
667 867 860 938 clarum
885 873 936 934 in
957 877 1244 934 doctoribus
1269 873 1511 932 Ecclesia:
1549 875 1705 947 fuisse
1729 873 1922 947 (Infra,
1948 873 2182 946 Append.
2231 885 2374 945 parte
2395 875 2485 948 2);
2515 881 2748 932 attamen
2778 875 2919 946 quod
2943 890 3036 944 per
3055 873 3108 929 id
3141 873 3394 943 temporis
3417 873 3468 926 iu
3497 873 3663 930 lucem
3694 875 3798 930 edi-

545 975 704 1041 derit,
735 974 866 1030 nihil
886 973 1144 1028 hactenus
1169 979 1440 1041 repertum
1470 979 1571 1026 est.
1595 969 1700 1026 Sed
1725 985 1788 1024 ex
1819 981 1925 1039 quo
1953 967 2090 1023 hanc
2121 967 2367 1025 hazresim
2399 971 2572 1041 palam
2615 969 2853 1041 profiteri
2879 968 3042 1038 ccepit
3063 1010 3078 1032 ,
3105 967 3237 1022 alios
3257 967 3470 1036 scriptis
3487 968 3593 1022 suis
3617 968 3672 1022 in
3701 968 3804 1037 ejus

548 1049 766 1140 laqueos
809 1063 1062 1122 inducere
1092 1073 1368 1136 nunquam
1396 1057 1620 1118 destitit.
1655 1053 1729 1116 Ea
1754 1060 1822 1116 de
1841 1075 1998 1116 causa
2021 1059 2242 1114 Zosimo
2271 1075 2420 1130 papa:
2445 1060 2578 1116 duas
2605 1060 2860 1131 epistolas
2902 1073 3042 1114 anno
3070 1057 3592 1129 quadringentesimo
3615 1059 3810 1114 decimo

545 1155 732 1216 octavo
752 1159 963 1214 dit-erit.
1003 1145 1202 1213 Deinde
1241 1163 1362 1213 cum
1393 1143 1720 1226 Augustinus
1751 1151 1946 1208 librum
1985 1151 2052 1206 de
2097 1149 2304 1222 Nuptiis
2345 1155 2400 1207 et
2436 1151 2882 1221 Concupiscentia
2921 1151 3148 1220 primum
3174 1147 3240 1204 ad
3275 1149 3540 1204 Valerium
3569 1152 3804 1204 comitem

544 1243 866 1322 scripsisset,
893 1249 1033 1304 idem
1055 1239 1296 1304 Julianus
1337 1247 1562 1317 quatuor
1603 1243 1801 1309 libros,
1825 1241 2018 1314 quibus
2059 1242 2206 1297 illum
2249 1242 2460 1297 unicum
2503 1240 2783 1308 refutaret,
2807 1240 2873 1296 ad
2913 1239 3262 1296 'l‘urbautium
3289 1239 3594 1309 episcopum
3635 1241 3806 1294 edidit.

545 1337 732 1409 Porro,
763 1351 886 1398 eum
912 1349 1162 1410 excerpta
1182 1353 1244 1395 ex
1287 1337 1390 1393 hoc
1413 1335 1607 1392 Juliani
1635 1349 1795 1405 Opere
1823 1331 2014 1388 tradita
2057 1340 2239 1388 essent
2265 1331 2495 1400 Valerio,
2525 1333 2612 1388 hic
2639 1332 2933 1403 Augustino
2975 1330 3286 1400 perferenda
3327 1329 3413 1384 illa
3443 1332 3666 1394 curavit,
3699 1335 3806 1399 qui-

543 1439 642 1492 lius
670 1427 886 1492 sanctus
915 1427 1109 1489 Doctor
1132 1431 1310 1488 statim
1337 1427 1612 1500 respondit
1639 1423 1782 1482 edito
1825 1425 1995 1480 altero
2035 1423 2276 1494 ejusdem
2305 1425 2440 1480 tituli
2467 1467 2482 1491 ,
2509 1439 2618 1495 quo
2637 1425 2906 1495 superior,
2939 1423 2989 1478 id
3019 1433 3122 1488 est,-
3155 1423 3222 1478 de
3242 1423 3446 1492 Nuptiis
3471 1435 3522 1477 et
3543 1423 3800 1492 Concupi-

542 1531 744 1588 scentia
763 1530 902 1585 libro
920 1528 1154 1584 secundo
1178 1545 1191 1581 :
1223 1535 1276 1582 et
1303 1523 1492 1580 eodem
1518 1531 1756 1591 tempore
1785 1520 2088 1589 composuit
2111 1527 2338 1588 quatuor
2358 1532 2484 1573 suos
2516 1518 2688 1572 libros
2711 1517 2778 1572 ad
2805 1513 3163 1580 Bonifacium,
3197 1509 3252 1570 ut
3276 1515 3406 1570 duas
3431 1515 3689 1586 Epistolas
3719 1518 3804 1571 Pe-

543 1615 872 1693 lagianorum
905 1661 919 1684 ,
948 1615 1079 1688 quas
1121 1615 1261 1672 idem
1305 1613 1452 1686 ipse,
1483 1619 1541 1667 ut
1577 1607 1822 1677 videtur,
1870 1593 2114 1665 Julianus
2149 1609 2412 1664 continuo
2461 1615 2583 1678 post
2627 1609 2876 1664 emissam
2913 1609 3137 1693 primam
3173 1607 3238 1661 ad
3275 1619 3408 1677 upus
3439 1607 3506 1662 de
3541 1608 3806 1678 Nuptiist-t

539 1691 980 1782 Cdttcupisccntia
1007 1713 1410 1782 responsionem
1442 1711 1771 1781 scripserat,
1805 1705 2114 1762 retunderet
2145 1723 2158 1760 :
2193 1703 2514 1776 tandemque
2557 1713 2776 1774 accepta
2797 1703 2886 1758 illa
2915 1703 3081 1772 prima
3108 1691 3302 1757 Iuliani
3332 1701 3677 1771 responsione
3695 1717 3804 1772 qtlzc

539 1805 690 1862 libris
716 1814 942 1877 quatuor
961 1807 1260 1875 constabat,
1284 1822 1402 1862 eam
1431 1805 1630 1876 ingenti
1662 1817 1826 1874 Opere
1845 1843 1860 1868 ,
1889 1799 2028 1871 quod
2068 1799 2122 1854 in
2149 1814 2243 1854 sex
2273 1799 2438 1854 libros
2469 1797 2696 1868 partitus
2720 1797 2828 1862 est’,
2861 1795 3067 1852 revicit.
3101 1793 3303 1850 Interea
3335 1809 3462 1848 vero
3481 1811 3598 1850 cum
3626 1811 3802 1850 secuti--

534 1897 635 1952 dus
657 1893 792 1952 liber
815 1893 882 1952 de
907 1895 1116 1968 Nuptiis
1144 1905 1198 1953 et
1233 1894 1673 1968 Concupiscentia
1715 1891 1985 1948 incidisset
2019 1891 2070 1944 in
2113 1903 2299 1944 manus
2337 1889 2530 1945 Juliani
2551 1928 2567 1956 ,
2599 1888 2688 1943 hic
2715 1887 2880 1942 libros
2909 1895 3032 1941 octo
3073 1885 3334 1940 adversus
3371 1902 3532 1940 unum
3573 1887 3726 1940 istum
3756 1888 3802 1942 in

533 1987 726 2054 aciem,
753 1983 812 2043 ut
831 1988 910 2044 sie
931 1987 1192 2053 dicamus,
1217 1987 1422 2055 eduxit,
1456 2001 1588 2057 quos
1618 1983 1943 2056 Augustinus
1985 1982 2171 2037 ultimo
2201 1995 2297 2037 suo
2320 1995 2505 2052 opere,
2535 1981 2602 2036 de
2634 1995 2739 2050 quo
2767 1993 2885 2034 mox
2915 1977 3108 2034 dicturi
3139 1993 3343 2045 sumus,
3373 1975 3685 2050 proﬂigavit.
3716 1979 3804 2035 Vi-

532 2073 773 2148 gnierius
803 2079 1066 2152 Fuigentii
1095 2097 1157 2136 ex
1192 2081 1393 2136 inedito
1414 2079 1642 2151 quodam
1669 2095 1830 2150 Opere
1873 2076 2240 2148 profert-lianc
2273 2077 2324 2130 in
2365 2091 2481 2131 rem
2509 2075 2675 2130 verba
2701 2074 2790 2130 illa
2821 2093 2834 2128 :
2871 2073 2980 2129 Nec
3009 2074 3086 2128 illi
3113 2073 3382 2144 sufﬁciebat
3414 2083 3634 2143 paterna:
3665 2076 3802 2129 nobi-

532 2169 700 2236 litati,
726 2159 1062 2224 )Emiliorum’
1092 2175 1254 2242 fasces
1276 2169 1588 2234 admovisse,
1619 2177 1742 2240 quos
1781 2167 1960 2222 Itazrcsi
2004 2167 2246 2236 degenere
2272 2167 2486 2234 turpiter
2523 2165 2813 2220 maculavit.
2845 2163 3106 2220 Seniorem
3149 2167 3521 2236 Augustinum,
3549 2177 3600 2220 ut
3625 2167 3807 2220 clarior

532 2257 674 2331 fieret
693 2304 708 2330 ,
731 2263 950 2336 juvenili
974 2263 1142 2318 calore
1165 2281 1448 2334 aggressus,
1483 2263 1570 2317 sed
1599 2279 1852 2333 repressus
1877 2303 1891 2326 ,
1923 2269 2114 2314 tantant
2145 2259 2239 2314 sibi
2264 2259 2550 2312 conciliavit
2574 2275 2662 2328 per
2691 2257 2860 2312 orbem
2890 2269 3138 2311 terrarum
3172 2257 3428 2324 invidiam,
3461 2269 3696 2329 quantum
3721 2261 3808 2314 sibi

530 2355 672 2424 apud
699 2359 871 2409 omnes
894 2359 1133 2408 Statuerat
1162 2359 1326 2427 facere
1344 2355 1672 2418 claritatem;
1699 2363 1745 2407 et
1773 2351 1909 2422 quod
1936 2355 1988 2405 in
2018 2351 2330 2406 occasionem
2371 2348 2602 2420 gloriola:
2641 2351 2960 2418 arripuerat,
2991 2347 3332 2402 subsannante
3365 2348 3582 2404 Domino
3619 2365 3808 2405 versum

531 2458 604 2504 est
631 2447 683 2501 in
710 2445 1036 2519 approbriuni
1066 2433 1408 2519 (Vignierius,
1439 2447 1659 2520 Prtefat.
1692 2447 1744 2500 in
1780 2445 1920 2517 Opus
1949 2442 2346 2516 imperfectum).

603 2537 869 2594 Przeterea
893 2537 1043 2595 libris
1068 2537 1220 2596 istius
1252 2539 1486 2597 hmrctiei
1517 2547 1832 2594 annumerat
1860 2537 1999 2593 Beda
2027 2535 2484 2592 Commentarium
2507 2533 2772 2606 quoddam
2801 2537 2854 2590 in
2875 2534 3113 2602 Cantica,
3136 2533 3221 2590 cu'i
3245 2541 3499 2588 tractatus
3521 2535 3806 2605 praemitte-

533 2623 712 2694 batnr,
745 2623 869 2686 ideo
894 2627 1180 2700 inscriptus
1207 2625 1271 2685 de
1297 2629 1500 2698 Amore,
1528 2625 1648 2702 quia
1675 2629 1876 2685 amoris
1899 2627 2038 2684 sacri
2064 2631 2126 2682 ac
2151 2625 2364 2698 profani
2391 2627 2442 2681 in
2470 2641 2536 2682 eo
2561 2625 2848 2681 discrimen
2876 2627 3088 2698 aperire
3109 2621 3484 2682 destinaverat.
3517 2625 3619 2680 Sed
3650 2641 3768 2680 eum
3789 2669 3810 2692 ,

539 2713 665 2774 αυὶῆ
697 2719 826 2776 illud
850 2723 1148 2793 argumenti
1173 2723 1402 2780 tractare
1427 2721 1486 2780 Sc
1503 2721 1642 2780 velle
1663 2721 1965 2784 simulabat,
1987 2719 2262 2774 firmanda:
2286 2735 2395 2774 sum
2413 2719 2602 2774 haeresi
2627 2719 2896 2774 laborasse
2925 2727 3196 2775 asseverat
3223 2719 3362 2775 Beda
3393 2737 3406 2773 :
3437 2720 3524 2790 qui
3551 2729 3604 2774 et
3631 2721 3812 2774 varios

530 2797 678 2866 locus
710 2809 817 2868 tum
846 2813 914 2869 ex
948 2799 1051 2870 hoc
1077 2815 1322 2880 tractatu,
1356 2817 1466 2870 tum
1495 2831 1560 2870 ex
1591 2813 1799 2885 reliquo
1827 2810 2228 2868 Commentario
2248 2809 2411 2866 refert
2438 2819 2491 2865 et
2521 2809 2754 2876 refellit;
2777 2810 3040 2880 simulque
3068 2821 3270 2878 monet,
3301 2811 3417 2866 inec
3455 2811 3664 2865 nonnisi
3689 2827 3804 2866 ma-

528 2897 633 2973 gna
659 2899 892 2960 adhibita
923 2907 1171 2962 cautione
1193 2897 1416 2978 legenda
1442 2907 1562 2963 esse
1582 2948 1596 2972 ,
1625 2903 1714 2960 aut
1743 2905 1919 2976 potius
1945 2902 2166 2958 omnino
2195 2917 2300 2956 non
2331 2901 2576 2974 legenda.
2605 2899 2842 2957 Meminit
2870 2913 3126 2971 praeterea
3169 2902 3440 2972 cujusdam
3463 2901 3803 2958 Commenta-

530 2989 712 3062 tionis,
744 2991 848 3067 qua
876 2995 966 3052 ille
995 2995 1060 3053 de
1085 2995 1230 3053 Bono
1255 2999 1551 3054 constantia:
1575 2997 1879 3068 disputabat
1909 2996 2106 3070 (Infra,
2135 2995 2370 3067 Append.
2396 3005 2538 3066 parte
2559 2993 2638 3068 2).
2663 2995 2795 3051 Nam
2817 2997 3094 3066 epistolam
3120 2997 3184 3052 ad
3211 2995 3617 3064 Demetriadem,
3649 3015 3808 3069 quam

528 3087 702 3143 cidem
731 3089 820 3145 ille
847 3089 1134 3160 adjudicat,
1165 3092 1330 3162 ipsius
1356 3107 1476 3148 esse
1501 3089 1697 3161 Pelagii
1729 3091 1780 3145 in
1810 3089 2057 3145 confesso
2082 3097 2183 3145 est.

595 3175 862 3236 lulianum
914 3197 1125 3254 quoque
1161 3183 1321 3241 tradit
1358 3181 1554 3242 Marius
1595 3183 1854 3242 Mercator
1883 3183 1972 3256 (In
2018 3183 2217 3238 subnot.
2264 3199 2380 3253 cap.
2405 3183 2483 3254 6),
2517 3185 2752 3254 pluribus
2773 3185 2824 3240 id
2853 3185 3001 3240 libris
3025 3185 3328 3242 defendisse
3351 3229 3366 3255 ,
3393 3189 3533 3258 quod
3563 3189 3806 3259 Pelagius

524 3269 934 3346 dogmatizabat,
961 3275 1250 3344 hominem,
1284 3279 1329 3334 si
1359 3277 1535 3344 vellet,
1561 3279 1677 3334 sine
1693 3287 1912 3348 peccato
1937 3289 2055 3332 esse
2085 3281 2262 3346 potse.
2307 3275 2422 3342 Qua
2445 3282 2620 3332 tamen
2645 3275 2710 3331 de
2730 3291 2788 3332 re
2813 3276 3055 3332 Julianus
3077 3278 3128 3332 in
3149 3279 3259 3334 suis
3284 3279 3452 3347 libris,
3477 3281 3563 3350 qui
3589 3281 3810 3350 quidem

521 3365 756 3433 distent,
790 3369 961 3423 rarius
991 3369 1243 3440 loquitur.
1277 3367 1342 3425 Et
1373 3367 1497 3426 hinc
1517 3379 1805 3442 auguratnr
1827 3369 2062 3424 Joannes
2099 3367 2392 3423 Garnerius
2415 3367 2549 3423 alios
2578 3367 2726 3423 illum
2771 3365 2990 3424 forsitan
3021 3369 3254 3426 edidisse
3279 3387 3292 3423 :
3321 3385 3432 3442 quo
3455 3373 3612 3427 etiam
3642 3389 3808 3442 argu.

523 3457 707 3516 mento
727 3461 1010 3519 adducitur
1041 3473 1096 3519 ut
1123 3461 1463 3520 definitiones
1485 3465 1624 3532 illas,
1654 3477 1786 3534 quas
1813 3464 1864 3517 in
1897 3463 2032 3516 libro
2051 3459 2116 3516 de
2144 3457 2482 3517 Perfeetione
2505 3463 2723 3532 justitia:
2743 3461 2974 3517 hominis
2989 3464 3229 3518 confutat
3254 3465 3597 3535 Augustinus,
3621 3465 3800 3522 eidem

521 3551 904 3612 adscribendas
931 3565 1099 3626 putet.
1128 3547 1510 3612 Verumtamen
1539 3555 1882 3627 Pelagianum
1915 3553 2082 3608 hocce
2109 3551 2358 3622 placitum
2378 3567 2444 3608 eo
2473 3553 2590 3608 Solo
2615 3555 2799 3609 nititur
2819 3553 3164 3609 fundamento
3187 3595 3204 3621 ,
3229 3555 3372 3625 quod
3409 3555 3496 3610 ille
3523 3555 3806 3612 haereticus

497 3653 766 3720 naturam
789 3648 1079 3702 etiamnum
1125 3659 1276 3718 aeque
1303 3647 1530 3703 validam
1554 3655 1712 3718 atque
1737 3661 1926 3702 sanam
1950 3659 2073 3700 esse
2097 3643 2148 3698 in
2177 3643 2425 3698 omnibus
2445 3641 2772 3708 hominibus,
2795 3653 2954 3716 atque
2981 3644 3032 3698 in
3057 3643 3226 3700 Adam
3256 3644 3375 3714 fuit,
3403 3647 3756 3702 contendebat
3787 3667 3804 3704 :

519 3741 575 3797 in
605 3751 710 3811 quo
736 3739 1117 3811 propugnando
1141 3749 1426 3812 perpetuus
1454 3752 1536 3796 est
1562 3737 1822 3797 Julianus.

597 3835 730 3889 lltii'c
750 3831 972 3903 insuper
991 3833 1284 3890 Garnerins
1313 3829 1402 3906 (In
1429 3831 1642 3889 Hercul.
1677 3835 1874 3890 dissert.
1909 3835 1962 3900 5,
1996 3845 2040 3890 et
2071 3837 2120 3888 in
2147 3834 2369 3903 append.
2394 3833 2462 3888 ad
2481 3833 2682 3886 dissert.
2715 3834 2781 3896 6,
2817 3851 2931 3903 cap.
2959 3833 3012 3904 4)
3045 3833 3229 3889 tribuit
3249 3835 3464 3888 latinam
3487 3877 3500 3902 ,
3525 3849 3680 3906 quam
3707 3835 3804 3890 Ja-

522 3925 691 3992 cobus
719 3927 1036 3986 Sirmondus
1065 3947 1129 3985 ex
1152 3929 1384 4001 antiquis
1409 3927 1682 3986 codicibus
1704 3929 1864 3992 eruit,
1899 3929 2390 3997 interpretationem
2423 3927 2584 3982 libelli
2617 3925 2758 3988 ﬁdei,
2785 3943 2816 3981 a
2847 3927 3338 3984 [lulinol’altestinm
3359 3929 3640 3998 provincia:
3669 3945 3806 3999 pre-

519 4023 743 4093 sbytero
766 4038 939 4094 graece
965 4023 1167 4094 scripti.
1196 4023 1369 4079 Alium
1393 4023 1571 4079 itidem
1602 4021 1722 4078 fidei
1749 4021 1983 4077 libellum
2051 4019 2243 4092 (Infra,
2273 4019 2505 4091 Append.
2537 4035 2619 4092 pm
2634 4029 2679 4073 te
2711 4018 2769 4090 ‘2)
2803 4020 2965 4076 latine
2993 4019 3344 4089 compositum
3366 4062 3379 4084 ,
3410 4029 3464 4074 et
3491 4020 3554 4074 ad
3581 4033 3808 4090 aposto-

521 4113 679 4168 licam
711 4112 904 4169 Sedem
935 4115 1196 4171 directum
1239 4115 1456 4170 nomine
1495 4117 1864 4186 episc0p0rum
1910 4115 2110 4184 aliquot
2147 4113 2628 4179 ltetcrodoxorum,
2664 4113 2752 4184 qui
2781 4114 2982 4184 Pelagii
3033 4129 3096 4170 ac
3121 4113 3359 4170 Ctelestii
3403 4113 3802 4172 damnationem

518 4205 858 4262 subscribere
884 4207 1238 4264 detrectantes
1261 4219 1548 4279 provocant
1575 4209 1640 4263 ad
1671 4207 1960 4278 plenariam
1989 4203 2251 4278 synodum
2278 4249 2291 4272 ,
2319 4205 2492 4260 eidem
2515 4207 2718 4260 auctori
2746 4205 2980 4272 Juliano,
3011 4206 3152 4261 haud
3191 4207 3395 4262 levibus
3431 4208 3686 4278 impulsus
3711 4227 3804 4264 ra-

520 4297 777 4364 tionibus,
806 4300 1062 4371 assignat.
1091 4299 1221 4371 Ejus
1251 4299 1482 4371 denique
1509 4301 1686 4356 stilum
1719 4315 1825 4356 non
1855 4300 2030 4354 minus
2057 4297 2294 4354 referunt
2325 4298 2556 4353 humilia:
2583 4297 2804 4353 Joannis
2830 4297 3196 4370 Chrysostomi
3223 4299 3464 4370 quaedam
3491 4319 3520 4356 e
3539 4315 3714 4371 graeco
3743 4303 3808 4358 in

516 4387 738 4443 latinum
761 4389 1049 4460 interprete
1069 4391 1315 4448 Anniane
1340 4391 1624 4447 translatae.
1665 4391 1955 4447 Enimvero
1998 4407 2101 4446 non
2145 4391 2316 4445 solum
2367 4405 2591 4460 pronum
2627 4387 3162 4446 fuit::manucusibns
3211 4393 3264 4445 in
3309 4393 3540 4446 auctoris
3579 4395 3806 4450 nomine

515 4479 643 4546 labi,
677 4489 735 4536 ut
760 4491 1007 4552 corrupta
1054 4499 1149 4554 per
1174 4497 1265 4538 eos
1309 4483 1509 4556 syllaba
1545 4485 1714 4553 prima
1758 4482 1992 4552 prodiret
2033 4497 2098 4538 ex
2143 4481 2354 4538 Juliano
2398 4482 2710 4535 Annianus:
2744 4482 2836 4537 sed
2865 4482 3022 4536 etiam
3051 4481 3246 4537 Juliani
3271 4483 3536 4554 ingenium
3577 4486 3626 4539 in
3657 4501 3804 4556 prie-

517 4569 702 4627 missis
725 4569 792 4627 ad
822 4573 1036 4628 easdem
1071 4573 1314 4629 homilias
1347 4575 1588 4647 epistolis
1614 4575 2013 4646 nuncupatoriis
2036 4615 2050 4640 ,
2075 4575 2367 4630 sententias
2408 4581 2464 4629 et
2497 4573 2740 4644 proprias
2773 4574 2938 4644 ipsius
2963 4573 3226 4630 dictiones
3255 4577 3430 4632 inesse
3451 4579 3806 4634 observamus

515 4663 710 4738 (Infra,
737 4663 972 4737 Append.
1007 4677 1149 4740 parte
1174 4667 1226 4734 Ξ,
1255 4669 1317 4723 de
1354 4667 1587 4722 Anniana
1619 4667 2026 4738 pseudodiacono
2071 4666 2378 4738 Celctlcnsi).
2411 4667 2488 4721 Ad
2535 4669 2668 4728 lucc.
2696 4669 2832 4722 sicut
2865 4667 3224 4740 Hieronymus
3258 4669 3324 4724 de
3369 4670 3806 4740 pseudodiacono

513 4753 796 4812 Celedensi
827 4747 1074 4816 Anniano
1104 4761 1333 4826 dicebat,
1357 4758 1712 4830 Capiosissime
1737 4761 1961 4830 pascitur
1983 4800 1998 4822 ,
2023 4769 2077 4812 ut
2122 4759 2302 4812 aliena:
2343 4759 2668 4827 blasphemia:
2707 4759 2855 4812 verba
2885 4759 3067 4830 frivola
3096 4760 3434 4815 submmistrct
3455 4760 3642 4833 (Ibid.)
3675 4782 3690 4819 :
3717 4765 3808 4821 sic

517 4851 849 4921 Augustinus
869 4851 921 4907 in
935 4853 1280 4924 subsequenti
1311 4867 1474 4924 opere
1498 4853 1776 4924 aliquoties
1797 4852 2030 4924 objectat
2054 4847 2284 4920 Juliano,
2317 4853 2458 4923 pasci
2491 4853 2662 4923 ipsum
2686 4869 2715 4908 a
2741 4853 2977 4924 deceptis
3000 4855 3227 4920 miseris,
3253 4865 3311 4912 ut
3340 4857 3489 4914 libris
3515 4875 3610 4929 pro
3631 4861 3806 4917 Pela—

505 4941 662 5004 giana
683 4939 878 4999 interest
905 4943 1203 5001 scribendis
1221 4951 1374 5000 vacet
1403 4939 1594 5016 (Infra,
1629 4945 1810 5014 Operis
1831 4945 2032 5015 imperi.
2059 4941 2146 4998 lib.
2171 4943 2228 5012 2,
2254 4961 2368 5016 cap.
2401 4945 2492 5012 5|,
2517 4955 2564 5000 et
2590 4945 2676 5000 lib.
2708 4947 2759 5012 5,
2793 4963 2942 5017 capp.
2981 4949 3030 5010 i,
3062 4948 3174 5018 4-4).

1719 5081 1806 5136 DE
1843 5079 1925 5138 SU
1935 5081 2336 5150 BSEQUENTE
2373 5081 2618 5139 OPERE.

579 5213 695 5270 Jam
724 5225 848 5273 ante
879 5221 1176 5276 notavimus
1205 5264 1220 5290 ,
1249 5222 1458 5276 emissis
1482 5235 1510 5274 a
1538 5211 1748 5275 Juliano
1778 5235 1872 5290 pro
1915 5220 2262 5291 responsione
2299 5219 2364 5275 ad
2411 5221 2638 5290 primum
2679 5221 2873 5276 librum
2913 5221 2980 5277 de
3005 5221 3219 5294 Nuptiis
3253 5233 3307 5278 et
3341 5223 3806 5295 Concupiscentia

503 5319 732 5380 quatuor
756 5309 924 5376 libris,
957 5313 1197 5382 quasdam
1223 5323 1288 5370 ex
1311 5313 1502 5369 horum
1526 5315 1699 5384 primo
1725 5323 1976 5384 excerpta
2003 5323 2246 5369 sanctum
2269 5315 2550 5371 Ductorem
2577 5315 2812 5370 secundo
2833 5331 2930 5372 suo
2956 5315 3021 5372 de
3041 5317 3250 5388 Nuptiis
3273 5329 3326 5374 ct
3346 5319 3810 5390 Concupiscentia

506 5399 792 5467 refutasse,
823 5417 886 5457 ac
911 5413 1094 5472 postea
1134 5405 1290 5460 simul
1332 5415 1559 5476 quatuor
1591 5405 1807 5462 eosdem
1849 5405 2014 5461 libros
2055 5405 2346 5476 dissipasse
2385 5409 2610 5479 pleuiori
2659 5423 2823 5478 Opere
2861 5423 2952 5464 sex
2979 5410 3234 5467 librorum
3262 5421 3444 5467 contra
3487 5412 3804 5470 Julianttm-

503 5489 724 5564 Alypius
753 5494 1044 5551 secundum
1067 5497 1214 5554 illum
1244 5499 1308 5552 de
1328 5498 1538 5568 Nuptiis
1569 5505 1622 5555 et
1649 5499 2092 5569 Concupiscentia
2131 5499 2322 5555 librum
2351 5543 2364 5566 ,
2391 5501 2604 5556 circiter
2633 5517 2832 5556 annum
2873 5501 3066 5558 Christi
3096 5505 3676 5577 quadringentesiunnn
3717 5511 3812 5564 vi-

503 5587 764 5656 gesimum
793 5587 1023 5656 primum
1043 5603 1244 5654 ,secum
1287 5589 1338 5643 in
1371 5589 1571 5645 Italiam
1613 5589 1802 5646 detulit
1829 5589 1988 5660 (Ibid.
2016 5589 2102 5644 lib.
2129 5591 2179 5656 -Ι,
2208 5608 2321 5661 cap.
2355 5593 2430 5660 7).
2469 5591 2618 5646 llunc
2663 5593 2954 5647 secundum
3004 5595 3192 5648 librum
3246 5595 3422 5650 statim
3451 5597 3673 5652 adortus
3705 5609 3812 5654 est

501 5673 743 5730 Julianus
762 5677 928 5733 altera
953 5679 1326 5750 responsione,
1359 5689 1479 5736 cum
1502 5695 1593 5736 sex
1628 5681 1813 5746 libros,
1849 5682 2041 5752 quibus
2069 5681 2238 5751 prima
2280 5697 2375 5738 sua
2408 5685 2686 5752 responsio
2716 5685 2969 5754 dissipata
3001 5685 3172 5742 fuerat
3199 5688 3268 5742 ab
3295 5689 3608 5759 Augustino,
3643 5707 3768 5746 non
3795 5723 3798 5728 -

499 5765 627 5824 dum
657 5767 899 5838 Vidisset,
929 5785 1105 5843 neque
1126 5771 1412 5843 Quidquam
1443 5771 1509 5829 de
1539 5773 1604 5830 iis
1624 5775 1708 5828 vel
1737 5775 2006 5829 auditione
2037 5776 2331 5845 accepisset
2360 5795 2372 5830 :
2406 5777 2834 5848 quandoquidem
2879 5788 3052 5833 utrum
3083 5797 3110 5833 a
3141 5791 3326 5836 sancto
3350 5781 3576 5838 Doctore
3609 5787 3812 5855 prima

499 5858 596 5914 ista
617 5861 892 5932 responsio
919 5866 1057 5921 lecta
1083 5875 1246 5931 esset,
1277 5866 1449 5921 adhuc
1473 5867 1748 5938 ignorabat
1799 5867 1847 5939 (ι
1857 5867 1956 5922 bid.
1991 5867 2083 5921 lib.
2109 5869 2162 5934 4,
2191 5885 2304 5938 cap.
2335 5869 2446 5938 53).
2479 5869 2661 5940 Neque
2687 5885 2814 5925 vero
2845 5873 3037 5926 mirum
3075 5889 3192 5929 esse
3223 5874 3411 5940 debet,
3445 5875 3546 5932 hoc
3574 5879 3646 5934 ita
3679 5881 3808 5936 lia-

497 5951 649 6020 bere;
679 5967 904 6028 namque
929 5965 1042 6016 erat
1071 5955 1310 6013 Julianus
1339 5958 1390 6013 in
1417 5957 1596 6016 Cilicia
1623 6001 1636 6028 ,
1669 5973 1772 6030 quo
1805 5969 2042 6031 tempore
2073 5959 2295 6018 alteram
2331 5977 2478 6020 suam
2521 5964 2924 6036 responsionem
2957 5967 3006 6021 in
3037 5969 3384 6039 Augustinum
3415 5971 3638 6031 molitus
3669 5985 3802 6032 est.
