4118 6590
384 495 519 553 1045
738 498 745 503 ’
1211 502 1480 562 CONTRA
1521 503 1892 563 SECUNDAM
1927 505 2193 565 JULIANI
2231 507 2772 570 RESPONSIONEM.
3510 527 3669 584 1026'

379 610 688 684 Quanquam
714 614 973 674 Mercator
993 616 1043 676 id
1067 617 1167 675 sibi
1187 617 1394 675 videtur
1417 621 1743 692 persuasisse
1758 663 1774 690 ,
1803 622 1857 679 in
1882 622 1985 681 hac
2016 625 2365 696 responsione
2401 626 2799 688 dissimulanter
2823 643 2985 704 agere
3006 631 3275 693 lulianum
3292 678 3309 705 ,
3336 647 3394 694 ut
3423 656 3631 702 memo-

379 713 526 759 ratos
554 720 646 762 sex
670 710 948 783 Augustini
974 711 1139 767 libros
1163 712 1406 784 ignorare
1425 727 1486 771 se
1516 714 1679 787 ﬁngat
1700 714 1897 789 (Infra,
1924 718 2159 790 Append.
2187 729 2330 792 parte
2352 718 2433 795 2).

447 796 560 854 Hac
587 815 716 872 ergo
757 803 1036 873 posteriori
1079 806 1430 876 responsione
1464 805 1705 864 Julianus
1748 817 1872 866 octo
1912 809 2078 867 libros
2118 811 2209 868 uni
2253 812 2531 886 Augustini
2555 813 2731 883 libro,
2753 830 2914 889 quem
2955 833 3057 876 nec
3081 827 3251 878 totum
3289 821 3645 883 insectabatur

377 888 573 988 (Infra,
608 893 787 988 Qpnis
811 896 1013 988 imperf.
1041 897 1130 952 lib.
1151 894 1188 953 2
1208 938 1225 967 ,
1253 913 1372 972 cap.
1400 898 1499 956 l2?
1520 940 1537 968 ,
1560 909 1608 955 et
1633 899 1723 957 lib.
1763 899 1798 959 3
1825 918 1941 974 cap.
1982 900 2110 975 “5)
2133 945 2149 972 ,
2178 905 2458 976 opposuit,
2480 888 2783 979 uagabunda
2807 910 3113 982 loquacitate
3134 929 3235 970 non
3274 916 3527 988 copiam,
3559 923 3646 975 sel

374 982 579 1075 odiosus
606 986 677 1042 eis
696 987 782 1058 qui
805 982 951 1044 rebus
971 988 1272 1047 inluerentes
1294 992 1554 1064 superﬂua
1574 993 1723 1050 verba
1742 1003 2066 1051 contemnunt
2086 995 2273 1069 (lbid.,
2294 996 2384 1054 lib.
2406 998 2462 1065 3,
2489 1015 2607 1071 cap.
2629 1000 2741 1073 20).
2764 997 2871 1059 Sex
2897 1004 3099 1075 primos
3117 1020 3182 1062 ex
3212 982 3474 1066 istis-octo
3494 982 3648 1068 libris

371 1073 427 1129 in
456 1072 837 1146 Augustiniana
860 1078 1181 1139 refutatione
1209 1083 1445 1155 reperies
1475 1101 1489 1139 :
1522 1084 1576 1141 in
1603 1085 1798 1156 quibus
1816 1084 2120 1145 Catholieos
2144 1088 2230 1144 vix
2266 1104 2497 1162 unquam
2524 1091 2677 1148 aliter
2696 1072 2975 1162 nominat,
3006 1112 3165 1167 quam
3191 1098 3562 1158 Tradneianos
3581 1118 3643 1160 ac

369 1167 727 1239 Manicbmos;
759 1174 991 1231 maxime
1016 1192 1145 1233 vero
1172 1186 1417 1234 sanctum
1439 1179 1745 1237 Antistitem
1774 1177 1861 1237 his
1879 1180 2077 1253 ubique
2100 1191 2258 1239 vexat
2284 1184 2540 1241 conviciis
2560 1227 2576 1253 ,
2608 1200 2770 1258 quem
2793 1188 2901 1245 illic
2924 1203 3138 1261 quoque
3167 1200 3491 1250 tractatorem
3518 1194 3644 1253 Pat-

368 1276 487 1317 num
517 1263 570 1336 (1
577 1265 704 1333 bid.,
722 1267 811 1323 lib.
844 1269 898 1336 1,
919 1286 1034 1342 cap.
1056 1268 1135 1343 7),
1159 1270 1412 1328 hominem
1436 1273 1661 1328 omnium
1688 1273 2086 1331 amentissimum
2112 1273 2295 1348 (Ibid.,
2325 1275 2413 1331 lib.
2431 1275 2487 1340 2,
2518 1293 2636 1349 cap.
2659 1277 2753 1350 28)
2785 1286 2840 1335 et
2873 1278 3230 1337 bardissimum
3253 1281 3439 1354 (Ibid,
3464 1284 3555 1340 lib.
3583 1286 3639 1354 ὅ,

365 1370 481 1427 cap.
512 1356 635 1429 M5)
667 1358 894 1426 voeitat;
916 1359 1055 1416 sicut
1082 1371 1137 1418 et
1162 1361 1408 1435 Alypium
1439 1364 1699 1419 aemulam
1745 1373 2065 1435 peccatorum
2082 1367 2191 1438 ejus
2218 1365 2400 1438 (Ibid.,
2433 1368 2523 1422 lib.
2554 1369 2615 1435 1,
2637 1384 2755 1441 cap.
2778 1370 2854 1442 7).
2901 1369 3008 1427 Sed
3046 1371 3419 1429 haereticorum
3444 1385 3641 1431 contu-

366 1444 540 1503 melia:
564 1447 687 1505 ﬁdei
707 1447 1082 1509 defensoribus
1112 1451 1258 1509 laudi
1285 1458 1592 1511 vertuntur.
1622 1453 1832 1511 Dicavit
1857 1455 1996 1512 hanc
2010 1456 2232 1514 alteram
2262 1459 2665 1529 responsionem
2694 1475 2846 1516 suam
2876 1460 3037 1518 Floro
3062 1464 3292 1530 cuidam,
3326 1465 3465 1521 inter
3486 1463 3641 1523 Pela-

364 1551 537 1623 giana;
564 1551 812 1611 factionis
835 1555 1118 1629 episcopos
1141 1553 1364 1624 celebri,
1392 1563 1447 1612 et
1463 1554 1617 1627 cujus
1642 1555 1805 1612 etiam
1829 1563 2080 1613 narratur
2106 1554 2331 1629 insignis
2357 1558 2672 1630 impostura,
2698 1556 2768 1615 ob
2792 1572 2951 1631 quam
2980 1559 3080 1616 sub
3108 1559 3305 1624 Leonis
3332 1558 3641 1632 pontiﬁcatu

361 1657 429 1698 ex
452 1642 599 1700 Italia
620 1646 806 1717 pulsus
824 1646 924 1704 fuit
943 1645 1219 1723 (Prosper,
1245 1648 1310 1704 de
1336 1644 1591 1704 Promiss.
1614 1658 1663 1704 et
1686 1646 1868 1704 Prted.
1901 1656 2050 1721 parte
2070 1648 2125 1718 4,
2158 1664 2275 1721 cap.
2300 1646 2381 1723 6).

431 1737 747 1812 Quanquam
775 1741 1018 1798 videatur
1041 1741 1160 1801 haec
1203 1740 1438 1800 secunda
1462 1740 1658 1799 Iuliani
1683 1739 1962 1814 responsio
1999 1756 2140 1798 anno
2159 1779 2177 1810 ,
2209 1750 2269 1797 ut
2291 1750 2417 1799 ante
2444 1741 2787 1811 dicebamus,
2819 1741 3342 1816 quadringentesimo
3380 1743 3638 1816 vigesimo

358 1830 563 1901 primo,
586 1832 669 1889 vel
704 1849 812 1890 non
838 1835 1006 1892 multo
1045 1842 1166 1907 post
1204 1835 1497 1907 composita
1520 1851 1536 1903 ;
1559 1834 1795 1892 nondum
1821 1841 2002 1890 tamen
2046 1832 2101 1889 in
2142 1848 2332 1890 manus
2377 1841 2597 1890 venerat
2637 1834 2950 1906 Augustini,
2977 1849 3152 1908 neque
3195 1848 3317 1892 cum
3346 1833 3540 1892 librum
3568 1836 3639 1893 de

354 1920 706 1996 Correptione
725 1934 781 1981 et
803 1924 985 1983 Gratia
1004 1925 1217 1999 scripsit
1242 1924 1471 1999 (Confer.
1503 1926 1592 1982 lib.
1631 1925 1693 1981 de
1710 1922 2035 1998 Carreplione
2060 1930 2109 1981 et
2133 1919 2332 1994 Gratia,
2359 1939 2475 1996 cap.
2502 1924 2590 1993 11,
2613 1939 2730 1979 eum
2757 1922 2847 1980 lib.
2876 1924 2913 1982 4
2934 1925 3117 1998 Operis
3143 1926 3349 2001 imperf.
3378 1944 3493 2000 cap.
3516 1926 3632 2003 8b),

356 2030 532 2088 neque
555 2031 675 2074 cum
712 2018 1167 2075 Rctractationum
1207 2018 1500 2076 secundum
1547 2017 1821 2084 absolvit,
1847 2030 1953 2088 quo
1981 2016 2230 2071 nimirum
2264 2015 2321 2073 in
2353 2015 2520 2083 libro,
2544 2016 2719 2090 capite
2757 2017 3089 2090 sexagesimo
3123 2019 3385 2090 septimo,
3413 2028 3639 2077 testatur

355 2102 498 2175 haud
516 2106 656 2163 scire
682 2122 749 2164 an
774 2109 830 2164 in
857 2117 1129 2180 posterum
1156 2109 1314 2166 aliam
1340 2109 1500 2166 ullam
1525 2108 2031 2166 commentationem
2050 2116 2192 2164 esset
2218 2120 2567 2179 aggressurus
2593 2125 2608 2162 :
2633 2108 2762 2180 quin
2788 2108 2947 2165 etiam
2980 2110 3198 2166 tertium
3221 2109 3332 2183 jam
3357 2111 3634 2169 Retracto-

355 2196 559 2253 tionum
588 2198 782 2256 librum
826 2201 1141 2258 moliebatur
1161 2243 1176 2269 ,
1208 2216 1330 2257 cum
1358 2201 1504 2257 illam
1542 2200 1767 2256 necdum
1795 2199 2023 2256 viderat.
2050 2199 2249 2255 Verum
2275 2198 2496 2272 Alypius
2516 2198 2614 2255 sub
2641 2198 2693 2255 id
2735 2200 2990 2273 temporis
3018 2201 3174 2258 tertio
3197 2201 3422 2258 Romam
3451 2204 3632 2275 profeo

351 2298 491 2355 ctus,
517 2303 639 2346 eam
665 2306 761 2348 sua
803 2290 1076 2365 diligentia
1116 2293 1486 2364 transcriptam
1528 2292 1578 2349 ei
1601 2290 1948 2350 deferendam
1985 2293 2191 2348 curavit
2222 2291 2411 2366 (Epist.
2452 2288 2604 2365 22b).
2635 2292 2874 2349 Primum
2908 2292 3122 2364 quidem
3159 2296 3370 2352 nonnisi
3399 2298 3637 2369 quinque

352 2383 559 2453 priores
585 2386 773 2455 libros,
805 2402 873 2444 ne
899 2389 1350 2460 Opportunitatem
1377 2387 1667 2455 amitteret,
1689 2385 1757 2442 ad
1783 2384 1934 2441 illum
1958 2386 2136 2452 misit;
2166 2385 2425 2457 pollicens
2450 2384 2584 2441 alios
2611 2393 2743 2452 tres,
2775 2385 2864 2442 ubi
2890 2386 3121 2456 primum
3160 2389 3408 2459 exscripti
3433 2389 3627 2459 forent,

348 2484 661 2546 secuturos;
683 2494 983 2551 rogansque
1008 2480 1222 2535 interim
1246 2495 1315 2535 ne
1340 2478 1715 2535 refutationem
1736 2476 1950 2548 aggredi
1971 2477 2469 2546 procrastinaretur.
2504 2474 2656 2531 Tunc
2678 2490 2808 2532 vero
2831 2476 3091 2547 temporis
3111 2477 3440 2549 Augustinus
3468 2494 3597 2537 revo
3613 2513 3630 2525 -

346 2567 531 2625 caudis
557 2568 624 2625 ad
652 2584 882 2627 examen
906 2571 1145 2643 epistolis
1169 2587 1233 2629 ac
1260 2571 1598 2628 sermonibus
1624 2570 1735 2626 suis
1767 2585 1984 2641 operam
2012 2567 2206 2637 dabat,
2234 2583 2459 2640 eamque
2484 2584 2764 2626 censuram
2791 2569 3019 2627 ducebat
3042 2572 3302 2645 gravioris
3331 2578 3627 2630 necessita-

346 2659 435 2728 tis,
466 2676 625 2732 quam
648 2670 707 2719 ut
729 2663 1021 2720 omittenda
1046 2663 1333 2720 videretur.
1364 2662 1446 2719 Ad
1471 2662 1609 2732 haec,
1633 2662 1847 2733 ineptia:
1887 2671 1991 2718 tam
2020 2662 2265 2719 absurda:
2286 2662 2339 2717 in
2366 2661 2469 2718 hac
2492 2677 2629 2718 nova
2653 2661 2849 2719 Iuliani
2885 2668 3233 2736 reaponsione
3256 2671 3627 2734 occurrebant,

344 2760 405 2807 ut
428 2752 629 2823 pigeret
657 2754 985 2827 puderetque
1009 2762 1251 2812 sanctum
1288 2755 1574 2811 Doctorem
1612 2754 1681 2810 ad
1715 2770 1807 2810 eas
1843 2754 2189 2826 reSpondere.
2229 2754 2606 2812 Verumtamen
2633 2771 2701 2812 ne
2739 2755 3180 2828 imperitioribus,
3212 2774 3244 2816 a
3269 2760 3459 2832 quibus
3490 2760 3627 2817 forte

346 2842 484 2899 lecta
508 2853 653 2901 esset
670 2845 867 2902 Juliani
891 2847 1189 2918 responsio,
1221 2861 1329 2904 non
1358 2855 1539 2903 autem
1579 2846 1722 2903 illius
1757 2845 2089 2917 deprehensa
2132 2845 2447 2913 inﬁrmitas,
2477 2845 2668 2903 deesse
2706 2846 2976 2904 videretur
2998 2889 3013 2915 ,
3036 2848 3453 2907 confutationem
3488 2851 3628 2909 hanc

344 2936 622 3006 suscipere
646 2946 863 2995 coactus
890 2939 1006 2995 fuit.
1031 2939 1200 2995 Porro
1225 2954 1348 2995 eum
1374 2939 1430 2995 in
1459 2937 1679 2995 modum
1708 2937 1922 2995 Juliano
1943 2936 2250 3008 respondet,
2277 2947 2333 2995 ut
2358 2937 2531 3008 primo
2566 2937 2803 2995 haeretici
2829 2938 2971 2994 illius
3011 2939 3170 2995 verba
3205 2940 3477 3007 exhibeat,
3510 2950 3620 2997 tum

343 3026 412 3082 ad
431 3042 494 3084 ea
519 3029 924 3101 responsionem
949 3044 1123 3096 suam,
1153 3039 1367 3086 servato
1389 3028 1578 3086 eodem
1598 3043 1821 3084 numero
1847 3042 1943 3085 seu
1968 3027 2308 3083 distinctione
2340 3026 2638 3083 librorum:
2670 3027 2744 3083 ita
2770 3027 2963 3099 singuli
2986 3040 3082 3084 sex
3116 3027 3278 3100 hujus
3296 3030 3475 3101 operis
3495 3030 3623 3087 libri

343 3119 583 3191 singulos
608 3136 703 3178 sex
725 3122 889 3180 libros
904 3123 1123 3193 Juliaui,
1146 3138 1212 3181 ex
1235 3134 1357 3180 octo
1376 3121 1623 3181 videlicet
1643 3122 1711 3179 ad
1734 3121 1950 3179 Florum
1968 3121 2178 3193 scriptis
2198 3122 2420 3194 primos,
2443 3136 2564 3180 cum
2586 3123 2867 3196 Augustini
2887 3124 2954 3180 ad
2980 3124 3097 3181 loca
3117 3125 3325 3197 singula
3345 3127 3624 3199 responsis

344 3210 416 3267 ob
441 3210 630 3268 oculos
653 3223 877 3285 ponunt.

414 3304 550 3362 Huic
574 3307 724 3378 operi
750 3307 816 3362 ad
856 3315 1152 3364 extremum
1192 3323 1362 3379 usque
1397 3306 1520 3362 vitae
1563 3305 1810 3377 spiritum
1848 3303 2088 3360 incubuit
2131 3303 2456 3377 Augustinus
2479 3348 2493 3372 ,
2517 3305 2601 3361 cui
2638 3306 2798 3363 etiam
2842 3319 2873 3361 a
2899 3306 3152 3364 Vandalis
3177 3308 3313 3363 intra
3354 3308 3615 3380 Hipponis

342 3397 540 3454 muenia
569 3399 957 3472 circumseptus
984 3400 1243 3457 institisse
1280 3400 1479 3457 dicitur
1505 3415 1536 3454 a
1560 3399 1861 3470 Prospero,
1888 3398 1942 3453 in
1971 3397 2263 3465 Chronico,
2289 3397 2357 3454 ad
2395 3414 2592 3454 annum
2632 3399 3213 3472 quadringentesimum
3253 3402 3606 3474 trigesimum.

341 3491 676 3563 Augustinus,
706 3494 800 3562 ait,
828 3494 1095 3565 episcopus
1114 3511 1205 3566 per
1222 3494 1391 3549 omnia
1419 3492 1865 3548 excellentissimus
1892 3489 2103 3547 moritur
2129 3492 2303 3562 quinto
2322 3488 2564 3548 kalendas
2587 3492 2895 3564 septembris,
2924 3493 3063 3548 libris
3079 3492 3282 3549 Iuliani
3303 3495 3434 3549 inter
3453 3494 3617 3565 inspe-

341 3593 421 3640 tus
444 3584 782 3640 obsidentium
809 3585 1155 3643 l’andalorum
1183 3587 1237 3641 in
1273 3587 1387 3658 ipso
1420 3586 1617 3641 dierum
1644 3601 1851 3640 suorum
1874 3584 1977 3655 ﬁne
2012 3583 2321 3656 respondens
2342 3626 2356 3651 ,
2383 3594 2432 3640 et
2463 3583 2682 3656 gloriose
2717 3586 2772 3641 in
2799 3571 3091 3657 defensione
3120 3586 3410 3643 christiana:
3438 3587 3618 3660 gratiae

338 3693 677 3747 perseverans.
700 3676 808 3735 Sed
836 3678 978 3735 idem
998 3693 1134 3751 opus
1155 3686 1329 3735 morte
1353 3686 1642 3749 occupatus
1674 3675 2043 3748 imperfectum
2090 3676 2392 3747 relinquere
2436 3687 2652 3733 coactus
2680 3686 2763 3734 cst
2783 3721 2798 3746 ,
2828 3677 3275 3749 quemadmodum
3308 3678 3498 3735 Indicis
3523 3679 3606 3734 sui

335 3767 510 3841 capite
532 3778 722 3841 quarto
749 3769 908 3827 tradit
934 3770 1211 3827 Possidius
1234 3769 1291 3826 in
1318 3769 1434 3826 hazc
1454 3767 1617 3825 verba
1647 3786 1659 3823 :
1689 3767 1879 3824 Contra
1903 3766 2176 3823 secundum
2203 3765 2406 3821 Iuliani
2429 3767 2804 3840 responsionem
2835 3768 3182 3840 imperfectum
3214 3767 3374 3838 Opus.
3399 3767 3617 3839 Vignie-

336 3866 449 3924 rius
468 3875 643 3922 tamen
669 3865 966 3939 perfectum
992 3865 1046 3922 id
1082 3874 1372 3935 nuncupat,
1399 3879 1562 3936 seque
1589 3871 1723 3919 teste
1758 3860 1950 3918 asserit
1976 3876 2162 3918 vocem
2199 3861 2549 3932 imperfectum
2579 3861 2632 3915 in
2659 3860 2819 3916 variis
2852 3859 3077 3916 Possidii
3104 3861 3480 3931 manuscriptis
3504 3874 3611 3915 non

336 3958 585 4016 inveniri.
613 3958 763 4017 Hanc
785 3965 965 4015 autem
988 3972 1090 4014 nos
1115 3957 1172 4013 in
1196 3956 1466 4023 omnibus,
1495 3962 1756 4027 quotquot
1777 3952 2124 4023 inspeximus,
2148 3950 2538 4022 exemplaribus
2558 3951 2874 4021 reperimus.
2902 3949 3062 4005 Addit
3088 3950 3197 4018 ille,
3221 3959 3278 4006 ut
3305 3950 3610 4020 opinionem

333 4067 487 4107 suam
522 4059 771 4120 tueatur,
793 4059 946 4107 sexto
978 4049 1116 4105 libro
1158 4058 1279 4120 post
1318 4047 1513 4104 Juliani
1550 4047 1710 4102 verba
1744 4044 2033 4102 clausulam
2064 4043 2297 4114 apponi,
2332 4032 2552 4112 Explicit
2602 4041 2729 4096 liber
2753 4039 2971 4096 Iuliani.
3016 4042 3175 4113 Atqui
3203 4042 3445 4099 eamdem
3472 4040 3612 4096 libro

333 4143 507 4213 primo
541 4118 839 4213 appositam
880 4154 912 4196 a
954 4118 1220 4207 librariis,
1247 4138 1425 4209 ibique
1454 4135 1508 4192 in
1546 4135 1866 4191 Marianensi
1907 4134 2268 4203 manuscripto
2307 4131 2489 4188 codice
2526 4132 2682 4187 nobis
2708 4132 2911 4200 visam,
2940 4147 3038 4187 suo
3078 4132 3197 4188 loco
3229 4131 3606 4188 admonemus.

331 4234 500 4304 Quam
528 4235 635 4292 huc
658 4242 919 4306 praeterea
943 4231 1307 4303 conjecturam
1329 4244 1480 4285 suam
1509 4227 1677 4300 injicit
1697 4225 2020 4298 Vignierius,
2057 4224 2407 4296 Augustinum
2431 4222 2658 4280 fortasse
2683 4223 2820 4280 libro
2844 4239 2943 4280 suo
2962 4230 3114 4280 sexto
3142 4224 3427 4296 septimum
3449 4223 3611 4279 etiam

331 4337 388 4384 et
413 4335 659 4384 octavum
683 4324 879 4383 Juliani
907 4322 1226 4395 compendio
1249 4321 1497 4378 retulisse
1513 4360 1530 4388 ,
1564 4317 1889 4390 superﬂuum
1913 4326 1995 4373 est
2020 4317 2073 4372 in
2106 4331 2170 4372 ea
2195 4315 2502 4380 immorari;
2533 4330 2658 4371 cum
2681 4323 2865 4371 sextus
2895 4316 2996 4371 iste
3015 4313 3153 4371 liber
3178 4329 3279 4372 nec
3306 4316 3378 4371 sit
3396 4315 3608 4371 caeteris

332 4422 561 4495 longior,
595 4436 697 4479 nec
722 4420 919 4493 aliquid
950 4435 1061 4492 pra:
1085 4433 1146 4475 se
1174 4418 1348 4485 ferat,
1376 4415 1520 4488 quod
1551 4415 1730 4486 operis
1757 4411 1988 4469 absoluti
2034 4416 2406 4482 argumentum
2444 4421 2566 4464 esse
2610 4408 2802 4464 valeat.
2831 4407 3014 4480 itaque
3037 4407 3125 4463 ubi
3153 4406 3282 4463 dicit
3308 4406 3572 4464 Mercator
3590 4447 3607 4475 ,

335 4514 689 4588 Augustinum
717 4524 830 4571 octo
851 4513 1149 4585 posteriores
1167 4510 1364 4567 Juliani
1389 4508 1558 4565 libros
1579 4505 1792 4579 singulis
1809 4503 2215 4578 responsionibus
2234 4502 2340 4558 suis
2358 4501 2426 4557 ad
2445 4499 2651 4573 singula
2668 4499 2893 4572 capitula
2902 4498 3138 4572 subjectis
3161 4500 3390 4554 evertisse
3408 4497 3459 4573 (ι
3467 4499 3605 4570 nfra,

334 4605 570 4679 Append.
598 4615 743 4677 parte
766 4605 859 4677 2);
887 4603 1028 4661 haud
1054 4602 1198 4660 aliud
1227 4602 1461 4669 indicat,
1490 4614 1651 4672 quam
1686 4598 1828 4654 illius
1864 4604 2191 4668 postremum
2220 4609 2356 4666 opus
2380 4594 2549 4651 libros
2583 4603 2706 4650 octo
2750 4592 3030 4650 continens
3055 4607 3118 4649 ea
3157 4593 3363 4650 ratione
3394 4606 3515 4650 esse
3534 4593 3605 4648 ab
3696 4634 3700 4638 Α

330 4699 629 4771 Augustino
658 4713 906 4755 eversum
925 4738 940 4763 ,
972 4705 1031 4752 ut
1052 4694 1275 4766 singulae
1314 4692 1695 4763 responsiones
1732 4689 1958 4761 singulis
1998 4687 2243 4760 capitulis
2280 4687 2537 4743 librorum
2571 4686 2660 4758 qui
2685 4684 2984 4741 refutantur
3003 4727 3020 4754 ,
3047 4685 3301 4756 subjectae
3327 4686 3454 4741 sint.
3480 4683 3601 4751 Quo

331 4792 583 4849 nimirum
609 4791 729 4848 loco
748 4789 814 4846 ad
845 4789 958 4861 ipsa
981 4785 1311 4860 praefationis
1331 4783 1732 4856 Augustiniante
1756 4781 1919 4838 verba
1946 4780 2208 4837 Mercator
2234 4778 2441 4834 alludit.
2471 4775 2601 4833 Utut
2627 4784 2728 4844 est,
2757 4791 2879 4833 cum
2903 4787 3061 4833 antea
3088 4776 3196 4832 duo
3224 4784 3426 4832 tantum
3457 4776 3575 4847 prio
3591 4805 3604 4816 -

330 4900 420 4941 res
458 4885 582 4943 libri
620 4884 975 4950 haberentur,
1003 4895 1036 4937 a
1054 4878 1280 4935 Claudio
1311 4875 1565 4933 Menardo
1588 4916 1605 4943 ,
1638 4873 1871 4930 Andium
1910 4879 2238 4943 propraetore
2256 4911 2273 4938 ,
2301 4885 2369 4926 ex
2393 4868 2668 4926 Gallicano
2705 4869 2889 4925 codice
2918 4869 3279 4938 manuscripto
3320 4868 3595 4938 publicati,

330 4994 435 5033 non
464 4978 653 5050 injuria
679 4974 955 5033 contendit
983 4970 1304 5044 Vignierius,
1332 4978 1610 5040 postquam
1636 4964 1871 5038 reliquos
1891 4965 2005 5034 ipse
2026 4972 2255 5034 quatuor
2282 4961 2447 5017 libros
2478 4977 2544 5018 ex
2575 4960 2972 5017 Clarzevallensi
2997 4960 3288 5030 exemplari
3312 4961 3600 5033 supplevit,

340 5084 460 5126 esse
482 5069 597 5140 jam
624 5067 919 5141 perfectum
951 5066 1053 5122 hoc
1080 5077 1237 5135 opus,
1265 5061 1389 5132 quia
1410 5074 1598 5116 revera
1619 5060 1753 5114 ultra
1766 5073 1854 5113 eos
1884 5071 1975 5111 sea:
1999 5054 2152 5110 libros
2181 5054 2234 5108 in
2260 5052 2364 5109 hoc
2386 5067 2550 5124 opere
2577 5069 2681 5108 non
2706 5052 2924 5124 perrexit
2945 5053 3291 5124 Augustinus.

401 5161 610 5233 Agatho
629 5161 860 5233 pontifex
891 5159 1166 5215 Romanus
1184 5172 1254 5214 ex
1276 5156 1413 5212 libro
1449 5153 1606 5222 hujus
1630 5149 1810 5222 operis
1838 5149 2024 5221 quinto
2049 5147 2227 5203 varios
2257 5147 2309 5202 in
2338 5145 2562 5218 epistola
2591 5143 2659 5201 ad
2682 5145 3036 5217 Imperatores
3057 5145 3273 5202 adducit
3299 5147 3445 5203 locos
3465 5189 3482 5216 ,
3512 5149 3604 5220 qui

331 5254 472 5325 apud
497 5263 701 5310 sextam
728 5252 1014 5326 synodum,
1047 5259 1153 5306 act.
1181 5249 1273 5318 10,
1301 5247 1369 5305 ad
1393 5246 1616 5302 latinum
1656 5241 1895 5314 ejusdem
1926 5239 2107 5312 operis
2132 5239 2371 5296 codicem
2407 5239 2460 5294 in
2499 5237 3089 5309 ConstantinOpolitana
3121 5238 3447 5299 bibliotheca
3478 5250 3606 5296 tunc

332 5352 664 5401 asservatum
694 5344 863 5399 exacti
895 5352 1054 5413 atque
1091 5339 1381 5398 examinati
1409 5346 1536 5395 sunt
1567 5334 1725 5409 (Vide
1753 5332 1913 5389 Naris
1937 5373 1952 5398 ,
1972 5332 2196 5403 append.
2233 5331 2303 5386 ad
2342 5330 2628 5387 Historiam
2669 5326 2853 5401 Pelag.
2888 5346 3009 5402 pag.
3053 5331 3198 5400 174).
3228 5329 3435 5386 Citatur
3463 5331 3614 5387 idem

331 5451 468 5510 opus
487 5451 517 5490 a
539 5433 768 5490 Maximo
794 5433 1119 5505 Aquileiensi
1144 5433 1200 5488 in
1225 5428 1575 5487 Lateranensi
1603 5424 1811 5500 synodo
1833 5467 1849 5488 ,
1879 5436 2023 5479 anno
2043 5423 2432 5479 sexcentesimo
2456 5421 2866 5492 quadragesimo
2902 5436 3045 5478 nono
3074 5422 3364 5478 celebrata.
3397 5422 3478 5477 Ex
3507 5423 3603 5479 iis—

331 5529 454 5587 dem
478 5528 630 5584 libris
661 5527 961 5583 tcstimonia
992 5526 1290 5598 protulerat
1314 5524 1545 5594 Prosper
1571 5521 1625 5577 in
1651 5520 1791 5576 libro
1810 5516 2206 5574 Sententiarum
2230 5557 2245 5581 ,
2266 5523 2327 5613 et
2351 5514 2494 5571 Beda
2513 5530 2674 5613 appar
2693 5514 2937 5613 Paulum,
2969 5529 3074 5613 non
3102 5514 3263 5613 modo
3292 5514 3382 5569 ille
3411 5512 3599 5613 vulga-

332 5633 442 5691 tus,
471 5632 631 5694 quem
651 5619 869 5677 Florum
889 5632 1009 5674 esse
1031 5624 1275 5693 constat;
1299 5615 1395 5673 sed
1420 5628 1578 5671 verus
1613 5613 1774 5670 etiam
1800 5620 1855 5666 et
1880 5610 2136 5665 hactenus
2161 5605 2391 5663 ineditus
2408 5647 2424 5673 ,
2454 5605 2615 5678 qném
2643 5607 2697 5663 in
2736 5606 3065 5665 membranis
3107 5606 3381 5663 habemus.
3422 5605 3601 5677 Lupus

332 5731 545 5791 quoque
566 5711 928 5772 Ferrariensis
954 5719 1010 5767 et
1032 5709 1285 5766 Servatus
1306 5709 1486 5781 Lupus
1509 5721 1604 5764 eos
1624 5707 1788 5763 libros
1812 5702 2031 5760 laudant
2056 5702 2109 5758 in
2134 5701 2248 5757 suis
2268 5701 2563 5772 opusculis.

403 5811 689 5867 Librorum
715 5813 892 5863 autem
913 5810 1225 5875 argumenta
1253 5801 1371 5858 haec
1393 5811 1536 5856 sunt.
1564 5798 1621 5854 ln
1645 5798 1838 5870 primo,
1869 5795 2123 5852 refellitur
2150 5794 2347 5849 Juliani
2387 5794 2521 5851 liber
2548 5793 2616 5851 ad
2636 5794 2857 5853 Florum
2883 5794 3109 5865 primus.
3135 5791 3429 5848 Calamam
3457 5804 3597 5859 quas

346 5899 438 5959 ille
463 5900 536 5957 ibi
569 5898 863 5971 Augustino
893 5893 1121 5966 ﬁdeique
1148 5891 1419 5949 catholicae
1448 5899 1724 5962 peccatum
1761 5887 1972 5958 original

1974 5887 2017 5942 lc
2055 5885 2347 5957 conﬁtenti,
2391 5900 2459 5942 ex
2495 5882 2691 5957 triplici
2723 5884 3023 5955 pncsertim
3066 5882 3238 5955 capite
3274 5879 3600 5946 instruebat,

4052 5876 4081 6025 ὲ

4046 6028 4081 6129 ξ
