4118 6536
486 418 624 476 1047
714 414 1082 473 ADMONITIO
1120 415 1183 472 IN
1222 415 1399 474 OPUS
1425 414 1928 486 IMPERFl-LCTUM
1967 415 2237 472 CONTRA
2277 413 2648 473 SECUNDAM
2687 414 2948 474 JULIANI
2992 415 3532 474 RESPONSIONEM.
3621 420 3760 506 i048

490 534 854 590 revincuntur.
888 534 1296 605 Propugnantur
1327 542 1523 589 tentata
1547 534 1616 589 ab
1637 533 1824 590 eodem
1847 533 1962 589 loca
1993 549 2060 589 ex
2090 533 2278 604 primis
2305 531 2542 604 partibus
2571 531 2690 587 libri
2721 531 2942 588 secundi
2964 531 3030 587 de
3053 531 3261 603 Nuptiis
3287 542 3342 588 et
3367 531 3763 604 Concupiscen-

481 628 556 682 tia
581 635 636 682 et
661 643 725 682 ex
749 626 886 682 libro
908 626 1078 696 primo
1101 635 1284 682 contra
1309 626 1449 682 Duas
1472 627 1736 698 Epistolas
1757 625 2182 697 Pelagianorum.
2215 625 2608 697 Scripturarum
2629 624 2790 681 etiam
2816 639 2912 694 pro
2933 623 3100 695 gratia
3126 623 3396 695 quaedam,
3415 641 3550 698 quas
3569 643 3759 682 secun-

488 721 613 776 dutn
640 721 980 791 Pelagianum
1009 719 1202 792 dogma
1229 719 1546 790 exponebat,
1577 719 1926 798 auctoritates
1945 718 2304 774 vindicantur.
2687 793 2690 796 Α
2739 773 2744 780 ,
3061 776 3063 778 _
3215 761 3219 763 .
3773 709 3778 714 ’

557 811 614 868 1η
641 813 900 878 secundo,
931 813 1204 870 excutitur
1234 813 1368 868 liber
1391 812 1588 874 .l-uliani
1615 811 1904 879 secundus,
1935 811 2116 885 dehis
2138 825 2302 882 agens
2332 809 2508 865 verbis
2529 807 2767 892 Apostoli
2797 805 2862 862 ad
2902 806 3192 874 Romanos,
3221 807 3396 878 capite
3420 807 3625 878 quinto,
3657 805 3764 864 Per

482 919 643 960 unum
680 904 932 959 hominem
979 914 1235 975 peccatum
1272 903 1326 957 in
1369 905 1504 957 hunc
1532 899 1778 955 mundum
1822 900 2048 968 intravit,
2077 909 2203 966 etc.,
2233 897 2638 968 ostenditurquc
2683 896 2972 962 lulianum,
3011 897 3290 968 repudiato
3309 896 3574 953 catholico
3601 913 3762 954 sensu

487 989 813 1053 (secundum
833 1013 992 1068 quem
1021 996 1368 1069 Augustinus,
1397 995 1536 1051 libro
1559 993 1796 1049 secundo
1822 991 1890 1049 de
1916 992 2126 1064 Nuptiis
2153 1000 2208 1047 et
2230 979 2896 1060 Concupiscentia,'capite
2926 987 3182 1060 vigesimo
3223 989 3471 1059 septimo,
3503 1004 3565 1045 ea
3601 989 3762 1045 verba

481 1090 554 1147 de
578 1091 708 1147 Ada:
735 1101 952 1162 peccato
979 1089 1322 1162 generatione
1349 1089 1402 1143 in
1424 1103 1612 1144 omnes
1635 1087 1802 1158 ipsius
1832 1094 2080 1158 posteros
2109 1085 2425 1141 transmisso
2445 1082 2748 1154 exposuit),
2773 1081 2970 1136 frustra
3006 1080 3251 1137 laborare
3276 1091 3334 1137 ut
3356 1081 3642 1138 secundum
3664 1082 3764 1137 Pr-

484 1177 746 1250 lagianam
793 1179 1039 1236 haeresim
1081 1179 1149 1235 de
1176 1177 1424 1250 exemplo
1449 1179 1671 1250 peccati,
1705 1193 1810 1234 non
1840 1178 1893 1232 in
1937 1192 2126 1233 omnes
2170 1185 2435 1247 posteros,
2467 1173 2560 1230 sed
2611 1174 2663 1228 in
2718 1181 3004 1244 peccantes
3051 1173 3418 1229 tantummodo
3462 1173 3758 1230 imitatione

485 1271 808 1327 transeuntis
835 1271 1217 1343 intelligantur.
1581 1299 1586 1306 -
3078 1269 3081 1271 ’
3210 1321 3214 1324 _
3301 1332 3303 1334 η

556 1359 615 1415 In
643 1361 822 1429 tertio,
848 1369 1177 1417 monstratur
1199 1359 1471 1416 lulianum
1507 1359 1900 1432 Scripturarum
1939 1359 2279 1427 teStimoniis,
2310 1358 2704 1414 Deutcronomii
2734 1357 2941 1414 scilicet
2979 1360 3151 1430 capite
3181 1359 3438 1431 vigesimo
3464 1369 3676 1431 quarto,
3705 1369 3761 1415 et

482 1448 608 1507 libri
641 1452 846 1523 Regum
867 1453 1042 1524 quarti
1066 1452 1238 1524 capite
1253 1451 1461 1509 decimo
1484 1461 1695 1523 quarto,
1717 1461 1773 1508 et
1799 1451 2092 1508 Ezechielis
2106 1451 2279 1522 capite
2307 1449 2517 1508 decimo
2541 1460 2755 1517 octavo,
2781 1466 3033 1522 perverse
3061 1451 3228 1520 abuti,
3257 1462 3314 1507 ut
3343 1451 3569 1508 suadere
3596 1467 3758 1508 cone-
3793 1479 3796 1482 -

483 1549 590 1608 tur,
622 1552 837 1612 peccata
865 1552 1144 1614 parentum
1176 1543 1294 1598 liliis
1317 1557 1424 1598 non
1450 1558 1481 1598 a
1510 1543 1620 1598 Deo
1649 1543 1754 1598 ulla
1783 1543 2052 1614 imputari.
2091 1540 2268 1614 Ipsum
2293 1542 2485 1599 deinde
2511 1542 2780 1597 incassum
2809 1541 3153 1608 contendere,
3187 1552 3244 1598 ut
3267 1543 3336 1599 ab
3360 1559 3424 1600 eo
3448 1557 3569 1600 sese
3593 1544 3762 1615 expli-

483 1640 574 1688 cet
600 1631 721 1688 loco
750 1632 1004 1704 Epistolas
1027 1633 1093 1688 ad
1112 1633 1387 1702 Hebraaos,
1418 1632 1593 1704 capite
1617 1621 1917 1698 undeCimo,
1952 1649 2047 1703 per
2088 1647 2246 1704 quem
2291 1631 2577 1689 evertenda
2619 1631 2757 1688 foret
2785 1632 3082 1703 responsio,
3112 1647 3215 1704 qua
3258 1633 3326 1707 in
3352 1634 3624 1705 superiore
3659 1649 3759 1689 suo

490 1719 630 1777 libro
660 1731 934 1793 tantopere
955 1722 1254 1789 inculcavit,
1284 1722 1404 1779 ideo
1428 1723 1496 1778 ab
1527 1723 1805 1793 Apostolo,
1836 1722 1902 1778 ad
1933 1722 2227 1790 Romanos,
2251 1723 2424 1794 capite
2451 1723 2659 1793 quinto,
2683 1723 2880 1778 dictum
2903 1739 3040 1791 esse,
3068 1741 3243 1792 unum,
3285 1741 3383 1796 per
3401 1742 3556 1798 quem
3582 1736 3754 1782 trans-

485 1811 596 1874 ivit
615 1824 888 1883 peccatum
909 1856 926 1882 ,
977 1829 1046 1872 ne
1068 1815 1340 1886 generatio
1371 1815 1637 1871 sineretur
1664 1814 1906 1885 intelligi.
1954 1814 2146 1871 Postea
2186 1830 2458 1872 reversum
2484 1815 2551 1871 ad
2582 1815 2723 1872 dicta
2753 1815 2874 1871 ﬁbri
2899 1815 3118 1871 secundi
3146 1817 3214 1873 de
3237 1817 3440 1889 Nuptiis
3467 1827 3520 1875 et
3544 1819 3753 1875 Oeneu»

487 1904 767 1975 piscentia,
791 1906 972 1978 inique
999 1922 1160 1978 agere
1188 1922 1308 1963 cum
1330 1906 1628 1978 Augustino
1655 1906 1904 1963 eumdem
1931 1906 2219 1976 lulianum,
2257 1907 2347 1978 qui
2375 1907 2446 1964 ab
2471 1907 2561 1963 illo
2582 1915 2636 1962 et
2663 1907 2892 1963 hominis
2920 1907 3142 1964 liberum
3167 1909 3466 1977 arbitrium,
3502 1920 3555 1966 et
3584 1910 3751 1966 Deum

483 1997 820 2053 nascentium
845 1987 1174 2070 conditorem
1203 1999 1406 2070 negari,
1428 1998 1604 2056 denuo
1623 1999 1918 2070 queritatur
1941 2017 1956 2054 :
1978 2000 2176 2072 quique
2205 2001 2422 2070 insuper
2448 1988 2571 2056 cum
2598 1999 2742 2056 illius
2767 1999 2924 2057 dictis
2944 1999 3252 2057 lucreticam
3279 2001 3560 2073 quamdam
3590 2003 3754 2059 Mani-

481 2088 619 2144 chari
656 2089 937 2160 epistolam
966 2105 1302 2162 comparans,
1347 2106 1453 2146 non
1479 2091 1582 2146 alia
1612 2106 1770 2162 quam
1813 2107 1934 2164 quae
1974 2092 2112 2162 apud
2155 2091 2504 2148 Manichaaum
2549 2092 2828 2164 leguntur,
2873 2103 3304 2164 argumentorum
3348 2091 3462 2152 vice
3500 2097 3752 2168 objectari

485 2195 516 2236 a
545 2191 731 2238 sancto
761 2183 1021 2252 Doctore,
1061 2184 1128 2241 ab
1155 2198 1325 2255 eoque
1367 2183 1586 2254 perinde
1616 2192 1775 2254 atque
1803 2198 1833 2238 a
1867 2183 2160 2240 Manicbzco
2201 2191 2444 2238 naturam
2480 2181 2768 2238 humanam
2797 2184 2990 2240 malam
3026 2186 3353 2256 pronuntiari
3384 2186 3752 2242 calumniatur.

559 2275 616 2334 ln
641 2289 849 2349 quarto,
876 2281 1045 2352 pergit
1065 2281 1394 2353 Augustinus
1414 2279 1659 2338 refellere
1685 2280 2048 2338 adversarium
2077 2296 2177 2337 suo
2199 2289 2390 2352 quarto
2419 2280 2558 2336 libro
2582 2280 2940 2352 disputantem
2973 2281 3025 2336 in
3049 2297 3110 2339 ea
3135 2281 3274 2337 dicta
3297 2283 3415 2339 libri
3445 2285 3659 2340 secundi
3685 2285 3754 2340 de

479 2366 701 2439 Nuptiis.
718 2379 774 2426 et
796 2370 1257 2443 Concupiscentia,
1287 2387 1407 2443 qua:
1442 2387 1472 2426 a
1510 2372 1685 2442 capite
1726 2386 1918 2442 quarto
1967 2371 2034 2428 ad
2074 2371 2412 2428 undecimum
2457 2371 2997 2442 comprehenduntur.
3037 2369 3528 2444 Concupiscentiam
3578 2375 3754 2430 carnis

388 2536 396 2544 .
424 2542 430 2544 _
481 2461 683 2518 malam
707 2476 850 2530 esse,
881 2479 1056 2536 neque
1082 2463 1283 2521 homini
1307 2463 1474 2520 fuisse
1502 2478 1532 2518 a
1563 2464 1676 2520 Deo
1703 2463 1980 2520 conditore
2002 2464 2244 2529 inditam,
2281 2471 2577 2535 propugnat
2602 2462 2784 2519 doceri
2809 2477 2876 2519 eo
2906 2463 3020 2534 ipso
3047 2461 3184 2530 loco,
3215 2479 3372 2536 quem
3396 2465 3446 2520 in
3478 2464 3612 2520 hanc
3631 2483 3743 2521 rem

423 2542 431 2551 ’
480 2553 730 2610 adhibuit
746 2571 813 2611 ex
839 2555 1060 2612 Joannis
1089 2557 1328 2628 Epistola
1355 2558 1550 2627 prima,
1572 2557 1747 2627 capite
1773 2557 2028 2623 secundo,
2065 2556 2228 2611 Omne
2252 2557 2388 2628 quod
2411 2565 2483 2611 est
2504 2556 2558 2610 in
2587 2555 2797 2621 mundo,
2823 2555 3225 2624 concupiscentia
3251 2553 3421 2611 carnis
3441 2566 3602 2616 est...
3633 2575 3749 2624 qua:

478 2660 584 2700 non
606 2655 679 2700 ut
700 2661 768 2714 ea:
789 2646 961 2714 Patre,
985 2657 1095 2704 etc.
1118 2649 1293 2719 Atque
1313 2647 1465 2706 illam
1487 2647 1699 2719 quidem
1725 2648 1796 2704 ad
1819 2657 2066 2704 naturam
2085 2649 2312 2720 pecoris,
2343 2647 2448 2706 sed.
2463 2647 2529 2703 ad
2553 2647 2718 2719 ipsius
2748 2656 2926 2703 tamen
2959 2663 3168 2719 pceaam
3193 2647 3428 2706 hominis
3457 2651 3746 2720 pertinere.

480 2735 745 2805 Pudorem
773 2739 1134 2796 membrorum
1162 2739 1376 2795 nonnisi
1400 2749 1522 2811 post
1547 2748 1823 2811 peccatum
1849 2740 2108 2796 accidisse
2134 2740 2206 2796 ob
2227 2739 2468 2796 libidinis.
2487 2738 2715 2795 rebelles
2740 2747 2935 2793 motus.
2985 2738 3160 2796 Porro
3201 2755 3270 2794 ne
3309 2740 3360 2793 in
3395 2739 3608 2794 Christo
3645 2741 3749 2795 ulla

480 2843 702 2900 prorsus
723 2829 888 2887 fuisse
917 2839 1130 2903 putetur
1155 2831 1334 2888 carnis
1352 2829 1805 2902 concupiscentia,
1834 2831 1924 2886 hic
1942 2815 2288 2888 vehementer
2311 2838 2482 2886 certat
2506 2838 2694 2890 contra
2716 2827 3012 2885 Iulianum.
3043 2828 3300 2884 Parvulos
3321 2829 3564 2900 originali
3584 2831 3751 2901 culpa:

480 2920 630 2978 nasci
655 2921 937 2993 obnoxios,
965 2939 1072 2981 non
1104 2940 1199 2996 per
1221 2924 1450 2995 propria:
1473 2924 1760 2980 voluntatis
1788 2922 2088 2989 arbitrium,
2120 2921 2215 2978 sed
2255 2937 2350 2994 per
2381 2921 2683 2992 contagium
2716 2921 2916 2992 peccati
2942 2935 2973 2975 a
3001 2919 3172 2991 primo
3215 2933 3435 2991 parente
3475 2921 3756 2978 voluntate

480 3015 775 3071 commissi.
799 3015 1003 3072 Locum
1030 3031 1159 3073 vero
1180 3031 1211 3072 a
1238 3032 1298 3074 se
1322 3032 1387 3073 ex
1413 3016 1700 3088 Sapientia;
1727 3015 1885 3084 libro,
1913 3015 2087 3086 capite
2106 3014 2446 3081 duodecimo,
2479 3015 2780 3084 prolatum,
2823 3013 3064 3081 scilicet,
3097 3013 3217 3068 Non
3255 3015 3494 3085 ignaram
3518 3015 3757 3085 quoniam

479 3123 698 3178 inquam
727 3118 799 3165 est
818 3111 957 3165 natio
981 3111 1207 3176 illorum,
1241 3119 1373 3178 etc.,
1396 3108 1464 3164 ad
1493 3108 1547 3164 id
1568 3109 1727 3165 etiam
1757 3099 2044 3176 valere,'ut
2070 3116 2269 3163 nostrae
2292 3106 2514 3176 originis
2537 3093 2731 3161 vitium.
2751 3105 3166 3161 demonstretur.

556 3199 614 3255 lu
644 3200 850 3271 quinto,
893 3203 1173 3258 confirmat
1203 3201 1527 3274 Augustinus
1558 3209 1614 3258 et
1644 3200 1713 3256 ab
1745 3200 2036 3256 adversarii
2061 3199 2342 3257 calumniis
2373 3198 2606 3255 vindicat
2639 3213 2700 3254 ea
2741 3213 2860 3270 qua:
2899 3197 2952 3252 in
2983 3197 3118 3253 libro
3159 3197 3395 3254 secundo
3434 3197 3501 3254 dc
3542 3197 3763 3271 Nuptiis-

477 3299 534 3348 et
570 3290 1042 3363 Concupiscentia,
1082 3295 1256 3366 capite
1289 3294 1604 3350 duodecimo
1644 3304 1699 3350 et
1743 3294 1943 3365 aliquot
1981 3292 2324 3365 sequentibus
2365 3291 2613 3363 scripsit,
2655 3292 2708 3347 in
2750 3283 2935 3362 primis
2967 3291 3250 3359 videlicet,
3279 3291 3429 3363 quod
3463 3308 3578 3348 eam
3605 3307 3754 3349 com-

477 3383 768 3439 motionem
811 3384 1113 3456 pudendam
1157 3386 1519 3442 membrorum
1566 3400 1674 3441 non
1723 3384 1948 3441 haberet
1995 3392 2181 3440 natura
2208 3397 2358 3450 sana,
2397 3397 2556 3452 quam
2579 3381 2738 3438 habet
2767 3391 2955 3436 natura
2989 3382 3198 3448 vitiata;
3229 3397 3292 3437 ac
3313 3381 3676 3454 pcrhoc'quod
3706 3383 3754 3438 is

475 3475 569 3544 qui
585 3475 709 3532 inde
724 3477 978 3545 nascitur,
1011 3478 1245 3551 indigeat
1263 3478 1490 3535 renasci.
1514 3476 1714 3534 Deinde
1741 3476 1883 3548 quod
1915 3476 1986 3531 ibi
2015 3475 2278 3547 capitibus
2299 3474 2387 3540 14,
2409 3473 2481 3529 20
2501 3483 2554 3529 et
2574 3471 2646 3528 26
2670 3481 2996 3543 conquestus
3022 3481 3123 3535 est,
3153 3471 3416 3528 lulianum
3445 3474 3753 3545 apostolicis

475 3564 689 3622 duobus
709 3568 1052 3637 testimoniis,
1081 3569 1252 3625 lCor.
1283 3584 1352 3623 xv
1382 3576 1438 3624 et
1459 3551 2384 3643 Rom.t,seutentiaqueevangelica
2415 3563 2599 3620 Matth.
2633 3579 2730 3631 vn,
2759 3564 2844 3628 l7,
2866 3578 2961 3618 seu
2982 3579 3077 3628 an,
3101 3563 3190 3628 53,
3224 3579 3499 3634 perperam
3526 3564 3752 3620 abusum

476 3657 771 3727 esse.Quod
791 3661 963 3731 capite
978 3661 1234 3732 vigesimo
1248 3669 1436 3716 octavo
1447 3660 1695 3727 asseruit,
1719 3659 1917 3714 malum
1945 3673 2042 3714 seu
2069 3657 2396 3714 voluntatem
2419 3655 2612 3712 malam
2635 3654 2755 3710 ideo
2771 3670 2834 3710 ex
2853 3668 3015 3725 opere
3045 3655 3136 3710 Dei
3164 3654 3458 3710 bonooriri
3490 3655 3748 3727 potuisse,

481 3750 606 3821 quia
633 3750 802 3822 ipsum
833 3767 1132 3823 quanquam
1161 3753 1383 3820 bonum,
1422 3751 1490 3808 de
1515 3751 1682 3806 nihilo
1709 3749 1906 3806 factum
1931 3758 2037 3816 est,
2081 3765 2195 3806 non
2222 3748 2291 3804 de
2315 3747 2449 3804 Deo.
2484 3748 2562 3803 Ac
2605 3755 2874 3818 postremo
2901 3745 3040 3817 quod
3068 3747 3242 3817 capite
3275 3745 3481 3804 decimo
3521 3747 3750 3820 septimo

482 3839 688 3907 docuit,
717 3841 796 3916 sic
826 3841 994 3897 Deum
1022 3856 1209 3898 creare
1238 3841 1426 3906 malos,
1459 3840 1726 3912 quomodo
1750 3841 1917 3911 pascit
1944 3850 1997 3896 et
2023 3841 2189 3896 nutrit
2218 3839 2408 3895 malos.

562 3932 618 3988 In
649 3943 820 4001 sexto,
850 3934 1083 3991 ostendit
1113 3934 1377 3990 lulianum
1404 3934 1544 3990 libro
1563 3949 1661 3988 suo
1684 3941 1837 3989 sexto
1863 3932 2056 3988 frustra
2085 3947 2323 4005 pugnare
2350 3940 2535 3988 contra
2563 3931 2616 3987 id
2636 3931 2775 4002 quod
2803 3932 2855 3986 in
2891 3931 3126 3988 secundo
3154 3931 3221 3988 de
3247 3931 3451 4002 Nuptiis
3471 3929 3750 4005 etConcn-

481 4022 770 4092 piscentia,
799 4023 973 4094 capite
1013 4023 1286 4095 trigesimo
1322 4031 1532 4094 quarto,
1560 4033 1824 4078 assertum
1861 4033 1965 4092 est,
2006 4023 2135 4079 Adre
2173 4023 2377 4080 scilicet
2404 4032 2624 4093 peccato
2652 4032 2896 4099 naturam
2926 4023 3210 4078 humanam
3245 4023 3408 4080 fuisse
3439 4025 3491 4079 in
3516 4024 3751 4082 deterius

479 4121 878 4178 commutatam,
909 4113 980 4170 ita
1001 4124 1057 4169 ut
1085 4113 1234 4170 facta
1249 4115 1318 4170 sit
1344 4130 1449 4169 non
1476 4115 1648 4170 solum
1671 4113 1960 4184 peccatrix,
1983 4113 2078 4170 sed
2104 4115 2263 4170 etiam
2291 4115 2514 4185 gignens
2542 4114 2794 4184 deinceps
2809 4099 3140 4185 peccatores.
3159 4115 3336 4170 Liberi
3363 4116 3566 4171 arbitrii
3586 4116 3749 4180 vires.

477 4202 676 4272 quibus
698 4203 915 4275 integris
947 4213 1150 4274 poterat
1172 4203 1352 4270 homo,
1374 4213 1430 4260 et
1454 4213 1598 4260 recte
1622 4218 1782 4276 agere
1823 4219 1946 4260 cum
1996 4205 2180 4270 vellet,
2211 4214 2264 4260 et
2295 4221 2398 4259 non
2431 4220 2650 4274 peccare
2675 4205 2719 4260 si
2759 4206 2944 4273 nollet,
2993 4206 3276 4276 peccando
3293 4219 3424 4263 eum:
3454 4207 3748 4278 perdidisse

477 4293 658 4350 docet.
689 4293 836 4350 Illam
861 4304 1039 4352 autem
1065 4295 1328 4366 improbat
1352 4295 1716 4353 deﬁnitionem
1741 4295 2022 4363 libertatis,
2053 4313 2172 4368 qua:
2205 4298 2401 4367 passim
2432 4297 2684 4366 objectari
2709 4297 2777 4352 ab
2818 4297 3129 4354 adversario
3154 4299 3312 4363 solet,
3341 4309 3486 4370 puta,
3515 4318 3536 4352 ι
3565 4300 3752 4357 Ροεεὶπ

480 4385 661 4440 bilitas
684 4387 938 4456 peccandi
957 4397 1012 4443 et
1037 4403 1147 4443 non
1170 4387 1442 4458 peccandi,
1480 4406 1501 4441 ι
1533 4395 1639 4444 etc.
1667 4388 1890 4444 Dolores
1920 4389 2257 4460 parientium,
2301 4389 2503 4460 spinas,
2529 4390 2762 4455 labores,
2790 4390 3037 4456 sudores,
3085 4402 3411 4463 creterasquc
3449 4393 3746 4449 mortalium

385 4531 391 4538 _
478 4489 749 4532 :erumnas
775 4475 962 4545 probat
990 4491 1174 4547 poenas
1195 4491 1316 4532 esse
1345 4478 1546 4548 peccati
1579 4475 1710 4533 :sed
1732 4478 1898 4548 ipsam
1927 4479 1978 4533 in
2006 4479 2194 4549 primis
2215 4488 2439 4534 mortem
2473 4482 2736 4550 pmnalem
2763 4497 2882 4536 esse
2910 4481 3134 4550 homini,
3166 4483 3254 4554 qui
3285 4485 3364 4539 sic
3387 4483 3637 4540 divinitus
3664 4485 3744 4539 in-

481 4563 706 4619 stitutus
728 4565 919 4631 fuerat,
949 4575 1008 4621 ut
1033 4567 1132 4622 nisi
1163 4575 1407 4638 peccaret
1425 4583 1530 4622 non
1557 4577 1871 4623 moreretur.
1903 4569 2160 4624 Extrema
2190 4577 2343 4639 parte
2373 4570 2512 4634 libri,
2541 4571 2929 4641 expositionem
2959 4572 3010 4626 in
3038 4572 3162 4627 illud
3185 4573 3426 4642 Apostoli
3450 4573 3468 4627 ι
3490 4574 3610 4629 Cor.
3643 4591 3742 4641 xv,

481 4655 630 4711 Sicut
651 4656 706 4711 in
732 4656 898 4711 Adam
921 4674 1090 4718 onmes
1117 4659 1418 4726 moriuntur,
1440 4667 1496 4715 et
1522 4659 1576 4714 in
1597 4660 1870 4731 sequentia
1899 4659 2139 4729 ejusdem
2173 4661 2360 4730 capitis
2379 4660 2541 4728 dicta,
2573 4676 2602 4714 a
2629 4660 2839 4717 Juliano
2866 4662 3126 4732 prolatam
3161 4664 3414 4733 expendit
3446 4674 3499 4720 et
3531 4664 3742 4720 refellit.

479 4743 718 4802 Tandem
745 4762 840 4817 per
867 4756 1034 4804 totum
1069 4747 1237 4804 ferme
1260 4748 1452 4804 librum
1477 4748 1666 4820 dogma
1691 4750 2007 4805 catholicum
2039 4749 2106 4806 de
2135 4750 2377 4820 originali
2406 4751 2556 4816 vitio,
2587 4753 2728 4824 quod
2755 4753 2998 4810 Julianus
3023 4753 3092 4809 ad
3121 4755 3464 4811 Manichaeam
3491 4755 3735 4812 hzcresim

481 4835 699 4892 trahere
727 4836 921 4908 ubique
947 4838 1184 4905 enititur,
1211 4853 1316 4893 non
1341 4837 1501 4894 modo
1522 4839 1711 4895 abesse
1741 4839 1896 4910 longe
1920 4841 1987 4896 ab
2012 4840 2099 4895 illa
2125 4840 2339 4908 hazresi,
2367 4841 2459 4896 sed
2485 4843 2645 4898 etiam
2675 4843 2920 4900 haeresim
2941 4846 3086 4901 illam
3113 4845 3445 4902 demonstrat
3472 4864 3742 4918 nunquam

483 4939 512 4978 ιι
542 4924 836 4996 Pelagianis
861 4941 1020 4997 posse
1048 4927 1147 4983 nisi
1172 4927 1420 4985 catholici
1447 4929 1612 5000 ipsius
1630 4929 1893 5000 dogmatis
1920 4931 2118 4988 auxilio
2145 4940 2200 4988 et
2219 4931 2555 5003 professione
2581 4931 2844 5005 superari.

1361 5064 1454 5120 EX
1494 5064 1821 5122 EPISTOLA
1859 5067 2115 5125 CCXXIV
2154 5072 2245 5126 AD
2283 5071 2868 5139 QUODVULTDEUM.

553 5170 868 5238 llespondeo
908 5173 1056 5229 libris
1079 5173 1293 5243 .luliani,
1323 5189 1456 5245 quos
1483 5183 1604 5230 octo
1626 5176 1794 5232 edidit
1835 5187 1956 5249 post
1995 5179 2113 5236 illos
2135 5190 2364 5252 quatuor
2395 5185 2588 5254 quibus
2615 5195 2741 5243 ante
2782 5189 3054 5260 respondi.
3100 5189 3210 5248 Hos
3245 5193 3386 5248 enim
3412 5209 3532 5250 cum
3562 5183 3747 5253 Roma:

481 5260 775 5356 accepisset
799 5261 960 5316 frater
986 5263 1226 5356 Alypius,
1256 5262 1488 5319 nondum
1518 5279 1710 5320 omnes
1738 5265 2118 5338 descripserat,
2140 5285 2261 5327 cum
2295 5273 2527 5330 oblatam
2571 5277 2906 5342 occasionem
2943 5281 3116 5337 noluit
3141 5279 3442 5354 praeterire,
3467 5301 3558 5355 per
3584 5303 3744 5356 quam

483 5349 612 5408 mihi
644 5351 874 5445 quinque
901 5355 1225 5445 transmisit;
1255 5356 1568 5422 promittens
1593 5357 1727 5411 alios
1753 5365 1861 5412 tres
1887 5361 1998 5416 cito
2019 5375 2078 5415 se
2102 5376 2222 5418 esse
2245 5365 2555 5432 missurum,
2577 5379 2632 5423 et
2654 5371 2876 5425 multum
2899 5372 3104 5429 instans
3131 5349 3196 5430 ne
3223 5349 3546 5445 respondere
3565 5349 3746 5436 diﬂ'er-

481 5441 1079 5537 remaCujus-instantia
1107 5452 1338 5537 coactus
1353 5459 1470 5537 sum
1510 5447 1785 5537 remissius
1807 5463 1962 5519 agere
1988 5452 2127 5521 quod
2157 5455 2402 5524 agebam,
2437 5467 2495 5513 ut
2523 5461 2670 5528 operi
2698 5462 2907 5532 utrique
2952 5481 3058 5520 non
3106 5441 3376 5534 deessem,
3407 5446 3495 5525 uni
3532 5470 3741 5537 diebus,

482 5531 636 5629 alteri
660 5531 924 5597 noctibus,
964 5531 1175 5629 quando
1213 5531 1340 5588 mihi
1380 5534 1455 5590 ab
1491 5535 1608 5590 aliis
1641 5540 2076 5608 occupationibus
2123 5542 2248 5600 hinc
2283 5554 2442 5616 atque
2483 5548 2608 5606 hinc
2649 5531 2833 5608 venire
2861 5569 2968 5625 non
3001 5531 3383 5613 desistentibus
3415 5531 3742 5629 parceretur.

401 5653 404 5658 ι
483 5625 717 5724 Agebam
742 5639 872 5724 vero
896 5639 1009 5724 rem
1032 5624 1317 5696 plurimum
1341 5631 1694 5724 necessariam
1722 5648 1735 5684 :
1764 5649 1891 5724 nam
1917 5638 2267 5696 retraetabam
2297 5642 2552 5712 opuscula
2594 5663 2732 5714 mea,
2765 5659 2820 5706 et
2864 5651 2911 5707 si
2955 5653 3081 5721 quid
3111 5654 3164 5709 in
3189 5653 3274 5711 eis
3304 5633 3397 5712 me
3415 5624 3744 5724 iotfenderet,

484 5712 569 5821 rei
591 5713 725 5821 alios
745 5711 1464 5821 offepderepossetxpartim
1483 5721 1942 5821 reprehendendo,
1965 5729 2168 5821 partim
2189 5711 2524 5793 defendendo
2551 5740 2694 5810 quod
2717 5711 2820 5812 legi
2866 5711 3089 5800 deberet
3125 5756 3179 5802 et
3216 5725 3417 5818 posset,
3435 5711 3740 5821 operabar:

487 5805 550 5868 Et
578 5805 683 5861 duo
704 5805 968 5860 volumina
991 5805 1100 5875 jam
1124 5805 1475 5881 absolveram,
1506 5817 1805 5872 retractatis
1831 5819 2081 5880 omnibus
2103 5823 2254 5882 libris
2283 5829 2437 5896 meis,
2469 5805 2696 5901 quorum
2727 5805 3010 5894 numerum
3033 5805 3336 5898 nesciebam.
3363 5860 3377 5896 :
3403 5805 3602 5914 eosque
3630 5842 3739 5902 du-
