4118 6568
474 517 602 577 1031

482 640 1035 670 _______,_______..._...

1048 616 1825 647 ____________________

1148 491 1396 556 UPERIS
1434 482 1845 547 IMPERFECTI
1884 474 2157 536 CONTRA
2199 471 2561 540 JULIANUM,
2600 470 2657 528 S.
2703 466 3071 527 AUGUSTINI

1829 596 3305 626 ____________...._____._———-—

3612 456 3754 515 105‘!

1564 664 2045 785 LIBER
2116 655 2762 767 PRIMUS.

542 870 679 918 libro
698 862 873 913 Juliani
895 858 955 908 ad
971 853 1156 918 Florum
1179 848 1332 918 primo
1352 838 1812 918 respondetu_r._3up

480 895 957 982 ηιιῖἑωέοἱὲἳέιίῖιιῖἷ
973 895 1260 982 'éiitiiiidtis
1291 895 1791 982 instruitI-exhn‘ipl‘ifei

1834 829 1989 893 primo
2009 823 2135 896 libro
2153 819 2388 896 lulianus,
2412 820 2677 896 augustino
2690 818 2942 896 ,‘rtldeique
2963 814 3211 896 catholicae
3226 827 3320 896 qua
3353 819 3601 877 peccatum
3623 808 3766 865 or'zi-

1826 877 2099 956 simium
2120 884 2299 946 capite,
2323 877 2662 956 contendens:
2690 877 2925 956 crinium,
2958 879 3201 956 siquidem
3226 877 3385 956 justus
3408 883 3485 926 est
3506 881 3651 934 Deus,
3670 885 3766 923 non

601 937 1551 1048 ei%“£‘§e“§cat$"iii23itd§§niitts
1586 937 2040 1021 impittarifimi'nde
2059 980 2076 1007 ,
2097 937 2210 995 cum
2244 937 2498 1017 peccatum
2522 943 2639 994 nihil
2674 943 2803 994 aliud
2824 944 2888 993 sit
2911 937 3066 1005 quain
3094 937 3460 990 mla'voluntas
3512 937 3590 986 cui
3634 943 3767 986 esset

1404 1028 1652 1048 ,ιηηηΑ-ι.
1669 1035 1681 1047 .
1708 1031 1803 1048 nnn
1829 1027 1951 1048 omn
1974 1012 2020 1048 in
2040 1007 2354 1048 nascentibus
2372 1017 2485 1048 esse
2507 1015 2785 1048 narratum-
2812 1005 2859 1048 in
2882 1005 3060 1048 auibus
3081 1001 3343 1048 voluntatis
3364 971 3489 1048 usus,
3504 1012 3598 1047 non
3619 998 3767 1048 DOSSit

502 971 631 1043 ςόξὲθ
946 971 1071 1030 qum
1101 971 1551 1042 alienumpat‘mlls
1586 971 1830 1021 imputata.
1855 971 2040 1003 υϐιυυε
2059 980 2076 1007 ν
2097 971 2210 995 cum
2522 971 2639 994 uuln
2674 971 2803 994 iuqu
2824 971 2888 993 au.
2922 971 3066 1005 quam
3096 971 3218 990 III-Ia
3246 971 3460 989 “unum
3512 971 3590 986 νυ·
3635 971 3745 986 νενι-

502 1056 696 1105 ibemm
714 1050 776 1100 ab
790 999 1388 1109 e‘oquodnlmggappemt.
1403 1028 1681 1100 abstinere;
1708 1031 1818 1092 non
1829 1027 1951 1078 ergo
1973 1012 2023 1061 in
2040 1007 2354 1079 nascentibus
2372 1017 2485 1078 esse
2507 1015 2786 1069 peccatum,
2811 1005 2861 1054 in
2918 1005 3060 1053 uibus
3081 1001 3343 1053 voluntatis
3364 971 3489 1049 usus,
3504 1012 3598 1047 non
3722 998 3745 1044 'i

1318 1093 1468 1109 eL-..“
1512 1098 1619 1109 -..η
1641 1083 1818 1109 Immm.
1844 1083 2073 1109 anni-neu
2096 1074 2190 1109 pst-
2223 1080 2272 1109 In
2293 1066 2573 1109 admittendi
2599 1069 2784 1109 nprpnti
2809 1074 2861 1109 et
2881 1019 3151 1109 gtstinendi
3174 1076 3203 1109 a
3225 1071 3424 1109 neemto
3456 1010 3745 1109 losslltmt

714 1066 776 1100 an
1019 1066 1163 1102 ιιιιινσ
1181 1066 1382 1096 αγγυιιιι
1403 1066 1613 1076 ..νυνι----
1629 1066 1651 1071 ν
1668 1066 1681 1082 ,
1710 1066 1739 1068 _-
1751 1066 1761 1068 _
1888 1066 1917 1078 υ
2508 1066 2521 1069 -

481 1114 711 1168 inveniri.
732 1110 966 1163 Tertium,
988 1103 1268 1168 libertatem
1288 1090 1488 1148 arbitrii,
1509 1098 1621 1150 quae
1641 1080 1822 1154 homini
1844 1083 2077 1150 concessa
2096 1074 2190 1128 est,
2223 1068 2273 1117 in
2293 1066 2575 1118 admittendi
2599 1069 2786 1132 peccati
2809 1074 2861 1117 et
2881 1066 2908 1116 a"

1305 1156 1316 1168 -
1340 1153 1498 1168 σιμ-ω-
1532 1157 1699 1168 --ι-...α
1725 1143 1786 1168 ηδ.
1808 1141 1883 1168 Inc
1905 1137 1987 1168 mit
2012 1134 2181 1168 dmnnt
2211 1135 2408 1168 nnnmla
2432 1142 2544 1168 (sese
2585 1128 2834 1168 naturalia-
2877 1136 2908 1168 n

1974 1134 2181 1185 idicunt
2211 1135 2410 1191 peccata
2432 1142 2545 1179 esse
2585 1128 2835 1191 naturalia.

486 1140 1506 1233 δ’ἱῖιέἶὲἶὲὶὲἷᾙᾶίίθῖῐίῆεὶῖἇζειῇὶίιι-ίυιῄ
1528 1140 1703 1233 negari
1724 1143 1787 1191 ab
1808 1140 1973 1233 1.12551:

1276 1232 1281 1233 ν
1312 1230 1323 1233 ,
1560 1216 1607 1233 ,,
1662 1216 1831 1233 mm
1861 1214 1889 1233 η
1924 1213 1952 1233 η

2971 1006 3060 1053 bus
3081 1006 3343 1053 voluntatis
3364 1012 3480 1049 usus
3504 1012 3598 1047 non
3722 1006 3771 1045 'tt

2971 1065 3153 1136 tinendi
3174 1076 3204 1113 a
3225 1071 3424 1136 peccato
3438 1010 3770 1136 _|.ossi_liii[l).t:te

2877 1127 3099 1188 Quaedam
3137 1123 3258 1178 vero
3290 1126 3417 1174 inter
3438 1123 3561 1188 haec,
3582 1128 3682 1171 tum
3706 1133 3768 1188 ex

485 1179 2175 1303 '§i§iiis"éi’&it3tipiéée}iia?tum
2198 1179 2264 1241 ἀι
2300 1191 2460 1263 capite
2480 1191 2697 1242 secundo
2735 1189 2847 1240 libri
2884 1179 3025 1254 primi
3046 1194 3213 1239 contra
3242 1194 3369 1237 Duas
3389 1190 3421 1232 Ε
3437 1183 3619 1233 iistolas
3639 1179 3771 1231 Pela-

528 1302 537 1312 -
727 1311 736 1312 κ
790 1291 1022 1312 “om-
1061 1286 1212 1312 ,ιηηοο
1244 1288 1477 1312 Μρηρρρο
1514 1269 1828 1312 auctoritates
1850 1269 1997 1312 etiam
2015 1292 2032 1312 ,
2054 1264 2167 1312 qua:
2189 1254 2239 1302 in
2269 1251 2559 1305 detensione
2580 1254 2752 1312 gratia:
2780 1252 2866 1303 Dei
2904 1264 2994 1302 nos
3027 1262 3058 1300 a
3079 1250 3317 1301 servitute
3339 1254 3392 1297 et
3422 1199 3771 1296 iidanmatione

511 1311 765 1359 annorum,
788 1311 1024 1345 manu;
1060 1311 1212 1336 unum
1244 1311 1478 1342 ωιτν-ν,
1514 1311 1824 1321 ..ι-ν---η----
1859 1311 1873 1314 -
1890 1311 1899 1313 -
2018 1311 2030 1319 ,

511 1359 745 1412 iberantis
764 1357 988 1412 citantur,
1009 1346 1195 1412 scilicet
1215 1336 1461 1412 Evangelii
1476 1331 1861 1412 ᾷρῃξιὶξξξξξεξι
1876 1327 2050 1388 ΑΡοεω

491 1388 1621 1480 ἓέἂέἕῶἳὲᾝώιᾘ-ἇδὲῐῶἶᾶθφηωῆ
1642 1388 1854 1443 molitur.

574 1507 615 1562 l.
656 1466 932 1561 lucustis.
979 1466 1200 1564 Magnis.
1222 1488 1346 1544 licet
1387 1479 1673 1551 impeditus
1708 1470 2000 1545 angoribus
2025 1466 2041 1498 ¹
2068 1507 2085 1530 ,

498 1614 635 1671 quos
673 1591 898 1652 intuenti
937 1586 1069 1644 mihi
1120 1584 1218 1636 hac
1248 1583 1566 1647 tempestate
1593 1564 1951 1624 Ecclesiarum
1980 1566 2090 1613 sta-

502 1650 631 1671 ν--

502 1702 645 1756 tum,
699 1683 890 1756 partim
937 1673 1229 1746 indignatio
1278 1658 1726 1737 iugerit,partim
1775 1650 2088 1713 miseratio;

504 1799 611 1838 non
662 1777 961 1848 altjeccram
1007 1777 1186 1825 tamen
1216 1754 1586 1835 promissionis
1630 1764 1761 1806 mea:
1792 1744 1986 1809 fidem;
2016 1739 2095 1794 vi-

501 1873 696 1930 delicet
727 1830 801 1924 'ut
827 1865 916 1938 qui
943 1862 1146 1919 fueram
1179 1830 1349 1911 factus
1372 1849 1581 1906 debitor
1594 1845 1639 1911 ί,
1670 1830 1930 1899 solvendo
1957 1846 2093 1904 quo-

503 1982 609 2035 que
630 1978 749 2018 esse
769 1970 1036 2015 curarem.
1063 1951 1196 2008 Nam
1241 1947 1293 2002 in
1318 1943 1467 2000 libris
1489 1952 1624 2012 quos
1649 1934 1717 1991 ad
1746 1932 1963 1988 fratrem
1990 1940 2093 1981 no-

504 2071 676 2115 strum
704 2049 1051 2111 'l‘nrbantium
1081 2044 1412 2115 episcopum,
1432 2035 1605 2090 virum
1626 2039 1822 2098 magno
1841 2022 2096 2079 virtutum

508 2151 716 2221 fulgore
766 2110 1149 2213 conspicuum,
1196 2110 1384 2190 contra
1439 2121 1718 2196 Augustini
1770 2115 1969 2186 scripta
2014 2110 2099 2166 di-

507 2205 647 2297 ctavi
672 2280 688 2306 ,
719 2205 986 2308 pollicitus
1011 2243 1153 2294 sum,
1186 2224 1230 2279 si
1255 2219 1388 2278 nihil
1414 2214 1557 2289 quod
1578 2210 1767 2269 studiis
1792 2205 2101 2265 obsisteret,

507 2330 751 2388 eveniret
776 2319 1133 2387 incommodi,
1166 2324 1510 2371 occursurum
1541 2320 1627 2361 me
1647 2300 1890 2375 protinus
1916 2306 2105 2351 eorum

511 2417 843 2493 argumentis
871 2411 1120 2471 omnibus
1144 2451 1158 2475 ,
1186 2406 1276 2478 qui
1301 2419 1368 2460 ex
1394 2399 1661 2457 sententia
1688 2390 2103 2450 Manichzeorum

515 2477 792 2571 traducem
821 2502 1065 2579 peccati,
1094 2499 1147 2555 id
1182 2477 1303 2561 est,
1334 2492 1537 2549 malum
1575 2483 1818 2544 naturale
1845 2477 2105 2536 defende-

515 2612 638 2662 rent
667 2621 681 2658 :
712 2618 744 2657 a
771 2613 877 2671 quo
909 2610 1028 2654 sum
1071 2592 1328 2647 hactenus
1375 2596 1598 2640 munere
1635 2576 1779 2634 varia
1808 2581 1861 2630 et
1898 2568 2112 2626 indissi-

521 2692 760 2753 mulabili
785 2687 1104 2746 necessitate
1129 2691 1442 2750 suspensus.

596 2788 952 2844 AUGUSTINUS.
980 2777 1195 2835 Utinam
1241 2768 1464 2826 imiteris
1485 2760 1834 2819 Turbantium
1863 2764 1981 2827 post
2023 2753 2110 2807 illa

523 2889 616 2935 tua
642 2877 862 2947 scripta,
894 2880 948 2928 et
970 2879 1087 2941 post
1110 2866 1209 2921 has
1238 2872 1354 2918 tuas
1381 2856 1568 2915 laudes
1588 2895 1602 2920 ,
1624 2851 1818 2923 quibus
1839 2861 1961 2904 eum
1981 2843 2115 2900 dicis

524 2971 699 3025 virum
725 2978 919 3036 magno
955 2961 1207 3016 virtutum
1230 2953 1434 3023 fulgore
1458 2945 1806 3016 cettSpicuum
1829 2982 1844 3006 ,
1876 2954 1907 2993 a
1932 2944 2116 2993 vestro

525 3075 714 3119 errore
755 3027 1060 3114 liberatum!
1096 3050 1429 3117 Responsum
1458 3048 1540 3096 est
1577 3044 1755 3091 autem
1784 3031 1891 3087 illis
1915 3029 2020 3084 tuis
2049 3027 2117 3082 li-

530 3153 646 3209 bris
664 3193 680 3221 ,
710 3158 765 3207 et
788 3148 1209 3204 demonstratum
1238 3136 1369 3203 tibi,
1401 3146 1521 3204 qua:
1547 3124 1810 3185 catholica
1837 3119 2039 3178 lumina
2066 3117 2118 3170 in

531 3253 838 3301 sanctarum
884 3238 1278 3306 Scripturarum
1328 3222 1642 3283 tractatione
1685 3214 1980 3273 clarissima
2018 3209 2122 3265 hoc

527 3333 850 3407 approbrio,
884 3329 938 3385 id
967 3300 1048 3384 est
1075 3367 1091 3393 ,
1120 3319 1533 3381 Manichaeorum
1570 3306 1927 3384 appellatione
1949 3343 1966 3371 ,
1990 3300 2125 3357 offu-

533 3443 689 3486 scare
715 3422 949 3482 coneris.

606 3519 669 3575 Il.
696 3517 816 3575 Jun.
848 3513 1045 3569 Verum
1070 3549 1086 3577 ,
1114 3516 1172 3563 ut
1202 3504 1436 3576 primum
1476 3495 1744 3567 reSpirare
1772 3488 1959 3555 licuit,
1999 3498 2125 3540 con-

534 3612 717 3668 silium
755 3610 1180 3674 emt,quantum
1219 3593 1451 3651 maxime
1491 3587 1703 3644 tulisset
1730 3581 1900 3652 ipsius
1920 3577 2000 3634 rei
2027 3590 2121 3630 na-

538 3715 658 3760 tura
682 3743 697 3765 .
734 3697 967 3755 breviter
994 3691 1258 3764 promissa
1284 3682 1575 3753 complere,
1605 3676 1708 3733 nisi
1748 3686 1835 3729 me
1857 3667 2128 3726 actuosio-

540 3811 658 3852 rem
723 3790 900 3847 denuo
943 3783 1145 3855 ingredi
1200 3773 1526 3849 provinciam
1552 3809 1570 3836 ,
1620 3764 1933 3823 beatissime
1981 3766 2130 3830 pater

548 3886 710 3943 Flore
732 3923 748 3947 ,
770 3879 1033 3935 voluisses
1056 3892 1071 3928 :
1095 3871 1185 3942 qui
1206 3912 1219 3936 ,
1264 3865 1517 3938 quoniam
1560 3867 1766 3916 tantum
1795 3854 1940 3909 vales
1978 3865 2133 3905 reve-

553 3975 728 4034 rentia
754 3966 1052 4028 sanctitatis
1077 4005 1093 4030 ,
1119 3941 1184 4017 ut
1211 3955 1493 4031 pra-ceptis
1532 3951 1636 4008 tuis
1660 3946 1890 4018 segniter
1918 3941 2137 3998 obedire

548 4065 907 4136 irreligiosum
930 4057 1188 4129 judiecm,
1217 4045 1493 4106 obtinuisti
1521 4041 1675 4098 facile
1701 4048 1761 4094 ut
1789 4038 1841 4092 in
1873 4034 2138 4104 longiores

549 4162 665 4216 vias
706 4152 1084 4225 compendium
1114 4145 1258 4200 illius
1279 4184 1294 4208 ,
1333 4152 1491 4211 quam
1531 4135 1797 4203 elegeram
1819 4169 1834 4195 ,
1860 4123 2140 4183 brevitatis

552 4221 918 4309 ostenderem.
938 4236 1355 4305 Favehisitaque
1392 4227 1543 4300 operi
1562 4233 1651 4280 tua
1682 4221 1996 4277 auctoritate
2023 4230 2142 4271 sus-

558 4350 736 4412 cepto,
750 4337 901 4408 cujus
920 4335 989 4389 ob
1005 4332 1107 4386 hoc
1123 4326 1456 4399 potissimum
1475 4332 1665 4374 nomen
1688 4313 1974 4378 inserui,nt
1990 4309 2143 4364 stilus

555 4431 797 4490 securior
824 4436 879 4483 et
919 4423 1137 4480 hilarior
1163 4416 1481 4489 graderetur
1507 4410 1606 4466 sub
1637 4415 1796 4462 tantm
1841 4400 2143 4474 patrocinio

557 4523 841 4598 jussionis.
872 4519 993 4575 Fuit
1021 4515 1179 4586 igitur
1204 4514 1457 4577 concepta
1502 4504 1680 4560 animo
1708 4516 1813 4555 non
1842 4499 2143 4569 imp'irtuna

560 4618 700 4676 ratio
738 4611 1052 4671 brevitatis:
1085 4605 1206 4678 quia
1252 4603 1305 4658 in
1354 4601 1458 4656 illis
1495 4605 1725 4669 quatuor
1765 4592 1915 4646 libris
1954 4596 2145 4644 cuncta

558 4714 672 4769 fere
691 4751 706 4777 ,
737 4723 857 4781 qua:
894 4706 1109 4761 inventa
1138 4714 1167 4754 a
1196 4692 1502 4752 Manichaeis
1529 4684 1813 4759 Augustini
1835 4691 2022 4737 contra
2049 4693 2148 4733 nos

560 4776 774 4862 fuerant
814 4813 910 4855 ore
938 4794 1167 4866 prolata,
1191 4785 1471 4846 catholicae
1507 4779 1630 4836 fidei
1655 4776 1852 4832 veritas
1872 4814 1888 4842 ,
1918 4785 2019 4843 pro
2044 4783 2149 4840 qua

563 4904 620 4951 et
660 4908 781 4950 cum
835 4904 939 4961 qua
969 4883 1195 4941 labentis
1225 4876 1406 4936 mundi
1455 4872 1576 4929 odia
1605 4876 2011 4942 promerentur,
2044 4871 2151 4916 tam

562 4953 1010 5056 disputationibus
1037 4973 1266 5038 invictis,
1290 4983 1450 5041 quam
1478 4979 1647 5022 sacra:
1671 4958 1807 5031 legis
1833 4953 2153 5013 testimoniis

568 5049 774 5134 armata
798 5116 813 5140 ,
844 5071 1201 5144 protriverat,
1252 5077 1353 5119 nec
1382 5058 1670 5132 quidquam
1712 5067 1850 5124 pene
1893 5049 2155 5118 reliquum

566 5178 704 5233 erat,
735 5167 780 5221 si
805 5163 971 5235 :equis
991 5158 1260 5233 judicibus
1286 5163 1587 5209 uteremur.

640 5259 777 5314 Auu.
822 5225 1017 5310 Contra
1064 5259 1183 5303 tuos
1227 5245 1349 5298 illos
1387 5246 1616 5309 quatuor
1651 5232 1820 5288 libros
1854 5244 1946 5284 sex
1978 5225 2097 5282 libri
2126 5239 2155 5278 a

572 5365 659 5403 me
692 5342 878 5415 scripti
915 5348 1058 5396 sunt.
1083 5337 1214 5393 Post
1238 5323 1807 5387 commemorationem
1838 5318 2034 5389 quippe
2058 5314 2156 5368 do-

568 5449 776 5496 ctorum
802 5432 1183 5490 catholicorum
1213 5425 1367 5495 (quos
1389 5416 1706 5473 Manicha'os
1732 5411 1879 5472 facis,
1903 5406 2031 5463 mihi
2062 5404 2161 5459 sub

572 5534 673 5589 hoc
695 5528 919 5586 crimine
942 5517 1240 5593 objiciendo
1269 5512 1411 5585 quod
1441 5510 1518 5566 illi
1546 5509 1599 5564 in
1627 5502 1886 5563 catholica
1919 5497 2160 5555 Ecclesia

570 5624 872 5681 didicerunt
892 5590 1050 5685 atque
1077 5602 1395 5674 docuerunt)
1422 5644 1438 5670 ,
1468 5615 1627 5672 quam
1655 5594 1864 5653 duobus
1899 5590 2163 5664 prioribus

574 5706 931 5771 voluminibus
976 5697 1264 5773 explicavi,
1314 5700 1596 5762 sequentes
1650 5694 1878 5758 quatuor
1926 5680 2166 5753 singulos

640 5894 656 5921 '
697 5881 970 5945 “uniones
987 5883 1039 5929 οι
1057 5884 1162 5928 tres
1175 5871 1283 5945 libri
1303 5857 2109 5945 ιξιὲηειὲἳνέἕίἰὲξὲἲέἓξῖὶτ,ίίτθονίφξθ

642 5952 663 5981 ¹
689 5921 1038 6001 Ῑὶέῦἶιᾶιῖ
1053 5921 1385 6003 promittendo.
1414 5921 1575 5985 Abest,
1602 5921 1931 5987 promittendo,
1960 5934 1986 5970 a
2012 5922 2167 5972 tribus

581 6005 932 6068 nmiuscriptis.

1045 1263 1478 1342 wderitewcar'peria;
1514 1263 1828 1321 auctoritates
1850 1263 1997 1314 etiam
2015 1292 2032 1319 ,
2051 1264 2167 1368 ante

892 1360 967 1368 ὐ
1011 1346 1189 1368 -“²¹²’““⁶
1215 1336 1458 1368 "Mm-nm
1483 1331 1672 1368 Ioannis.
1691 1343 1790 1368 mn-
1808 1332 1861 1368 at
1877 1327 2050 1368 Αῃωω
2093 1313 2156 1364 ad

2189 1254 2239 1302 in
2269 1245 2559 1305 defensione
2580 1254 2752 1318 gratia:
2780 1252 2866 1303 Dei
2886 1245 2994 1318 'nos
3027 1262 3058 1300 a
3079 1250 3317 1318 servitute
3339 1254 3392 1318 et
3411 1245 3775 1318 andaninatione

2173 1321 2404 1366 [temnes
2423 1331 2489 1380 vi,
2510 1307 2690 1379 ‘11:“,
2722 1323 2773 1367 et
2796 1313 3024 1365 secunda:
3055 1311 3274 1376 cpistola:
3314 1308 3372 1359 ad
3409 1307 3707 1357 Timotheum
3723 1319 3774 1365 ιι,

2199 1462 2302 1518 tuis
2353 1463 2574 1534 singulis
2619 1460 2859 1527 reddidi;
2906 1458 3231 1529 redarguens
3280 1454 3524 1509 tenebras
3562 1450 3779 1507 lueresis

2197 1561 2388 1608 vestra:
2408 1554 2526 1608 luce
2563 1552 2841 1608 catholica:
2864 1550 3103 1607 veritatis
3123 1590 3139 1615 ,
3165 1562 3322 1618 quam
3356 1543 3648 1607 deserendo
3669 1556 3777 1595 cae-

2197 1654 2348 1700 cates
2377 1644 2608 1712 insanis,
2636 1653 2691 1700 et
2714 1643 2829 1712 rei,
2861 1643 2931 1699 de
2948 1657 3053 1714 qua
3084 1640 3229 1696 nulla
3256 1652 3485 1709 unquam
3514 1636 3565 1690 in
3594 1633 3784 1689 Eccle-

2199 1740 2279 1795 sia
2324 1734 2523 1795 Christi
2550 1737 2916 1794 controversia
2941 1736 3075 1803 fuit,
3101 1734 3241 1790 sicut
3281 1746 3448 1789 novus
3474 1727 3782 1792 btereticus,

2201 1847 2383 1936 tequos
2403 1831 2613 1936 iudices
2638 1830 2834 1902 quaeris
2865 1847 2880 1886 :
2908 1830 3058 1901 quasi
3095 1828 3188 1885 tibi
3215 1826 3379 1882 videri
3421 1824 3557 1896 aequi
3581 1821 3789 1894 judiees

2205 1924 2443 1994 possint,
2505 1922 2610 1979 nisi
2661 1937 2796 1993 quos
2841 1932 3019 1977 vestro
3061 1934 3245 1976 errore
3299 1915 3587 1988 deeepcris.
3618 1914 3788 1983 Quem

2205 2031 2332 2072 vero
2354 2016 2587 2087 judicem
2632 2016 2835 2088 poteris
2877 2014 3159 2070 Ambrosio
3193 2011 3429 2084 reperire
3474 2007 3791 2065 meliorem?

2209 2109 2285 2165 De
2311 2124 2413 2179 quo
2460 2109 2712 2180 magister
2738 2116 2860 2163 tuus
2902 2105 3147 2177 Pelagius
3185 2105 3294 2170 ait,
3323 2101 3464 2174 quod
3491 2100 3603 2170 ejus
3632 2098 3792 2154 fidem

2208 2210 2264 2256 et
2292 2201 2635 2271 purissimum
2664 2201 2715 2255 in
2744 2199 3030 2270 Scripturis
3057 2212 3271 2254 sensum
3315 2210 3380 2250 ne
3407 2193 3647 2250 inimicus
3673 2194 3795 2261 qui-

2210 2292 2334 2398 dem
2383 2301 2674 2396 ausus.est
2742 2288 3138 2362 reprehendere
3190 2287 3303 2359 (a)?
3353 2282 3614 2355 Numquid
3668 2298 3799 2352 ergo

2212 2384 2314 2440 iste
2356 2398 2515 2440 sensu
2562 2384 2614 2438 in
2660 2383 2945 2453 Seripturis
2992 2380 3273 2451 purissimo
3325 2373 3800 2447 impurissimillla-

2214 2475 2402 2531 niehaei
2449 2475 2641 2546 dogma
2668 2474 2952 2539 retineret,
2984 2472 3196 2534 dicens,
3239 2486 3258 2521 ι
3291 2466 3489 2523 Omnes
3536 2464 3634 2520 sub
3679 2478 3806 2533 pec-

2215 2576 2335 2623 cato
2378 2567 2669 2631 nascimur,
2704 2581 2929 2636 quorum
2957 2565 3068 2634 ipse
3087 2570 3235 2618 ortus
3274 2561 3325 2615 in
3345 2560 3471 2616 vitio
3498 2565 3582 2614 est
3608 2576 3626 2610 ι
3653 2556 3804 2627 (Am-

2217 2661 2434 2727 brosius,
2467 2658 2554 2714 lib.
2584 2660 2608 2714 l
2641 2659 2703 2713 de
2725 2656 3029 2713 Puenitentia
3052 2697 3068 2723 ,
3100 2671 3216 2724 cap.
3249 2651 3367 2723 2)?
3411 2651 3489 2706 Tu
3531 2663 3659 2720 ergo
3690 2647 3806 2718 jam

2214 2754 2391 2825 judica
2431 2769 2588 2824 quam
2631 2768 2736 2806 non
2769 2766 2903 2822 puro
2936 2764 3096 2804 sensu
3136 2746 3239 2802 hoc
3268 2743 3585 2801 catholicum
3611 2739 3809 2810 dogma

2220 2843 2617 2915 reprehendas,
2651 2851 2806 2914 teque
2832 2839 3102 2911 corrigere
3125 2835 3408 2893 Ambrosio
3428 2831 3695 2904 judicante
3737 2845 3809 2884 ne

2221 2936 2453 2992 differas.

2296 3028 2383 3083 lll.
2421 3027 2544 3083 Jun.
2572 3025 2898 3082 Testimonia
2940 3034 3117 3079 tamen
3154 3019 3543 3090 Scripturarum
3564 3056 3581 3082 ,
3610 3014 3812 3085 quibus

2223 3130 2411 3174 contra
2460 3133 2558 3173 nos
2603 3117 2689 3188 agi
2736 3114 2934 3186 aliquid
2978 3126 3139 3185 posse
3186 3109 3512 3174 existimant,
3558 3104 3810 3160 nonnulla

2227 3210 2613 3282 prmterieram,
2637 3224 2758 3280 quae
2777 3222 2867 3263 me
2887 3205 3236 3276 explanatum
3260 3201 3338 3256 ire
3358 3198 3618 3271 pollicitus
3636 3211 3815 3259 cram,

2228 3312 2285 3358 ut
2325 3302 2575 3361 docerem
2626 3299 2872 3370 ambigua
2916 3311 3140 3368 qumque
3190 3293 3323 3365 legis
3365 3290 3545 3355 verba,
3580 3302 3703 3358 quae
3745 3286 3816 3340 ah

2231 3395 2462 3451 inimicis
2488 3395 2504 3427 ί
2527 3392 2728 3449 nostris
2750 3388 2951 3446 assumi
2979 3389 3178 3451 solent,
3205 3399 3307 3444 nec
3335 3382 3538 3439 veritati
3563 3378 3816 3451 prmjttdi—

2231 3503 2356 3543 care
2387 3485 2704 3558 perspicuae,
2735 3493 2791 3541 et
2818 3480 3109 3539 secundum
3154 3478 3256 3534 hoc
3297 3491 3415 3533 esse
3453 3470 3817 3543 intelligenda,

2232 3580 2375 3671 quod
2412 3576 2821 3635 absolutissimis
2852 3574 3157 3645 Scriptura;
3179 3579 3380 3627 sancte
3417 3565 3821 3623 auctoritatibus

2233 3664 2677 3743 et'insuperabili
2714 3668 2922 3725 ratione
2958 3668 3221 3722 lirmatur.
3247 3660 3519 3733 Siquidem
3551 3659 3651 3714 hoc
3678 3658 3818 3726 ipsa,

2236 3780 2395 3836 quant
2425 3765 2495 3818 sit
2518 3762 2714 3817 divina:
2737 3760 2870 3832 legis
2896 3758 3174 3829 imperitus
3205 3755 3466 3824 interpres
3490 3759 3543 3806 ct
3572 3748 3822 3820 profanus

2238 3867 2459 3928 apparet
2479 3858 2521 3923 ³,
2548 3854 2789 3926 quisquis
2812 3860 2959 3924 putat
2987 3852 3104 3922 ejus
3128 3848 3401 3905 sanctione
3425 3841 3655 3907 defendi,
3678 3842 3822 3911 quod

2236 3952 2439 4023 justitia
2470 3964 2576 4005 non
2603 3956 2783 4020 potest
2802 3944 3083 4001 vindicari.

2312 4046 2446 4101 Ave.
2477 4043 2587 4100 Vos
2612 4041 2752 4113 quod
2781 4040 2978 4104 dicitis,
3004 4037 3179 4110 potius
3205 4049 3310 4090 non
3338 4039 3511 4104 potest
3539 4029 3640 4084 ulla
3662 4026 3822 4098 justi-

2245 4138 2331 4193 tite
2372 4138 2576 4192 ratione
2613 4133 2847 4190 defendi.
2879 4133 3012 4201 Quia
3044 4128 3258 4185 miseria
3286 4125 3498 4197 generis
3527 4120 3763 4185 humani,
3791 4135 3822 4171 a

2244 4245 2347 4302 qua
2378 4230 2582 4285 nullum
2613 4226 2890 4284 hominum
2919 4223 2986 4278 ab
3015 4229 3200 4278 exortu
3230 4233 3396 4288 uSque
3421 4215 3487 4269 ad
3513 4213 3711 4268 obitum
3741 4211 3819 4262 vi-

2244 4321 2435 4377 demus
2462 4320 2716 4384 alienum,
2742 4333 2848 4371 non
2869 4315 3098 4386 pertinet
3122 4313 3189 4367 ad
3212 4305 3600 4378 Omnipotentis
3622 4304 3824 4374 justum

2242 4414 2522 4485 judicium,
2540 4413 2586 4468 si
2610 4427 2716 4466 non
2744 4417 2830 4466 est
2851 4407 3108 4478 originale
3128 4412 3427 4476 peceatum.

2319 4505 2406 4561 ιν.
2446 4503 2568 4561 Jun.
2609 4503 2740 4559 Nam
2769 4501 2817 4558 si
2844 4502 2929 4556 lex
2950 4499 3042 4554 Dei
3070 4497 3189 4552 fons
3210 4504 3294 4552 est
3320 4509 3383 4549 ac
3408 4491 3655 4562 magistra
3674 4488 3823 4559 justi-

2252 4599 2375 4666 tite;
2399 4598 2609 4653 auxiliis
2627 4611 2836 4667 quoque
2857 4594 2995 4663 ejus,
3022 4591 3112 4646 Dei
3138 4590 3357 4659 :equitas
3381 4583 3612 4656 adjuvari
3634 4591 3829 4652 potest.

2251 4689 2551 4760 impugnari
2581 4703 2686 4743 non
2716 4694 2910 4757 potest.
2936 4683 3149 4739 Nullum
3179 4695 3307 4751 ergo
3331 4674 3704 4733 adminiculum
3733 4671 3833 4726 ini-

2252 4782 2439 4854 quitati
2474 4783 2543 4836 de
2582 4778 2726 4833 illius
2752 4776 3043 4846 Scriptura:
3074 4771 3275 4827 viribus
3312 4767 3608 4838 comparari
3648 4773 3831 4818 natura

2253 4891 2433 4933 rerum
2465 4873 2616 4940 sinit,
2649 4888 2769 4942 qua:
2798 4873 3128 4925 hanc‘nnam
3165 4860 3599 4936 promulgationis
3623 4872 3834 4913 causam

2258 4968 2463 5031 habuit,
2496 4975 2554 5021 ut
2584 4964 2700 5036 ejus
2729 4960 3067 5028 testimoniis,
3105 4955 3376 5023 remediis,
3410 4952 3585 5018 minis,
3617 4947 3835 5004 ultioni-

2258 5060 2358 5116 bus
2388 5057 2638 5129 iniquitas
2668 5054 2958 5110 deleretur.

2331 5153 2468 5207 Avo.
2504 5150 2633 5220 Ejus
2665 5145 2984 5204 teStimoniis
3008 5141 3329 5205 declaratur,
3357 5135 3495 5207 quod
3510 5133 3673 5187 Homo
3700 5131 3841 5184 vani-

2260 5244 2350 5299 tati
2376 5242 2554 5297 similis
2591 5241 2755 5311 fuclus
2783 5246 2874 5305 est,
2909 5235 3014 5290 dies
3041 5235 3151 5306 ejus
3180 5231 3311 5286 velut
3338 5227 3515 5282 umbra
3543 5233 3843 5296 prwtereunt

2267 5337 2436 5409 (Ρδαι.
2460 5350 2639 5397 exuit,
2664 5330 2742 5403 4).
2766 5331 2897 5387 Cum
2922 5344 3023 5400 qua
3044 5342 3166 5383 cum
3189 5323 3419 5380 vanitate
3442 5318 3605 5383 nasci,
3630 5328 3735 5370 non
3757 5331 3844 5369 so-

2265 5431 2372 5485 lum
2413 5427 2642 5483 veridica
2683 5424 2954 5493 Scriptura
2999 5433 3101 5490 qua
3145 5415 3429 5489 plangitur,
3464 5424 3648 5465 verum
3689 5406 3845 5460 etiam

2268 5522 2530 5576 laboriosa
2556 5527 2611 5574 et
2634 5530 2933 5573 aerumnosa
2958 5527 3085 5568 cura
3112 5526 3212 5582 qua
3237 5507 3494 5569 eruditur,
3517 5499 3768 5558 ostendit.
3794 5499 3848 5557 In

2268 5613 2385 5683 ejus
2410 5609 2660 5666 remediis
2691 5607 2903 5678 legitur,
2930 5604 3091 5660 etiam
3128 5616 3248 5657 cum
3283 5597 3532 5669 parvulus
3557 5602 3711 5648 natus
3735 5592 3851 5647 fue-

2270 5705 2358 5772 rit,
2386 5701 2718 5760 oﬂ‘ercndum
2759 5712 2882 5756 esse
2916 5694 3237 5753 sacriﬁcium
3278 5706 3376 5763 pro
3406 5695 3621 5760 peccato
3648 5683 3669 5756 (
3693 5682 3852 5739 Leuit.

2338 5851 2350 5881 ¹
2388 5855 2488 5898 Duo
2511 5854 2617 5897 Mss.
2641 5851 2769 5896 Port.
2789 5851 2843 5894 et
2862 5848 2997 5902 Itan,
3016 5836 3204 5891 amicis.

2337 5913 2355 5979 Ξ
2390 5917 2600 5979 §te_i_!ss.
2626 5907 2742 5956 Editi
2761 5909 3051 5979 2“appareat.

2342 5954 2742 6032 (a't'i-id'é'subii,‘
2764 5954 2939 6019 librum
2961 5966 3023 6015 de
3047 5968 3197 6014 Gratia
3219 5958 3404 6020 (luisti,
3424 5970 3471 6008 ιι.
3500 5954 3573 6007 tr.
