4118 6546
361 507 501 563 1053

357 640 455 693 xu,
483 623 562 697 8).
595 622 651 679 1η
679 623 795 695 ejus
826 624 982 680 minis
1012 623 1223 697 legitur,
1257 623 1588 680 interituram
1626 621 1788 679 fuisse
1816 621 1934 677 ani-

352 731 494 772 mam
517 716 747 787 parvuli,
771 716 816 772 si
836 716 921 772 die
947 732 1052 771 non
1078 715 1547 772 circumcideretur
1567 725 1755 770 octavo
1780 711 1932 787 (Gen.

350 823 483 876 xvu,
514 808 627 877 14).
660 808 715 863 In
744 806 860 879 ejus
901 805 1190 863 ultionibus
1232 806 1443 878 legitur,
1480 805 1660 877 jussos
1700 803 1936 861 interimi

351 899 509 955 etiam
535 899 802 972 parvulos,
825 913 1053 970 quorum
1080 907 1325 970 parentes
1353 898 1420 954 ad
1451 895 1780 953 iracundiam
1807 910 1934 967 pro-

349 1002 672 1063 vocaverunt
699 991 889 1058 Deum,
916 998 973 1045 ut
1004 990 1365 1047 internecione
1406 990 1593 1047 bellica
1627 989 1937 1046 delerentur

352 1079 533 1153 (Iosue
558 1096 631 1147 vt,
653 1081 743 1147 2|,
766 1089 813 1135 et
842 1096 901 1147 x,
933 1080 1048 1153 δὲ).

419 1170 485 1226 γ.
525 1170 644 1228 ιω..
684 1171 827 1228 Nihil
853 1188 982 1246 ergo
1007 1188 1102 1245 per
1129 1173 1298 1245 legem
1320 1173 1415 1230 Dei
1442 1173 1525 1245 agi
1554 1180 1728 1244 potest
1747 1182 1932 1228 contra

349 1261 516 1319 Deum
547 1263 677 1335 legis
704 1274 996 1321 auctorem.
1018 1264 1137 1334 Quo
1165 1280 1270 1320 uno
1289 1264 1607 1336 compendio
1630 1263 1935 1321 excluditur

346 1352 558 1423 quidem
588 1353 842 1426 quidquid
871 1355 940 1413 ab
972 1356 1272 1412 errantibus
1299 1356 1578 1412 consuevit
1604 1355 1766 1425 ohjici
1793 1372 1807 1408 :
1835 1354 1932 1411 sed

343 1459 445 1501 nos
468 1444 534 1501 ad
561 1445 860 1503 docendum
889 1463 1044 1520 quam
1075 1448 1145 1504 sit
1167 1448 1361 1504 veritas
1386 1448 1621 1519 locuples
1649 1448 1736 1504 cui
1759 1446 1933 1503 credi-

344 1551 486 1607 mus,
508 1537 613 1593 illis
632 1552 843 1610 quoque
863 1539 1255 1611 Scripturarum
1285 1540 1434 1609 locis,
1458 1555 1576 1612 qua:
1599 1540 1929 1597 intellectum

343 1629 621 1685 sententia:
659 1630 1018 1687 elocutionum
1047 1631 1395 1703 perplexitate
1423 1632 1687 1699 velarunt,
1711 1630 1929 1702 exposi-

345 1720 504 1777 tionis
545 1720 719 1778 lucem
757 1723 995 1779 solemus
1023 1722 1249 1789 all‘erre;
1281 1734 1339 1779 ut
1368 1724 1587 1795 originis
1614 1739 1723 1780 sua:
1752 1723 1930 1794 digni-

342 1822 503 1869 tatem
548 1825 780 1871 reserata
817 1816 1143 1887 possideant,
1184 1832 1281 1873 nec
1313 1817 1383 1874 ab
1415 1824 1699 1874 stemmate
1731 1831 1889 1872 sacro
1910 1818 1926 1848 ί

342 1905 489 1961 velut
514 1906 674 1962 notha
700 1916 791 1962 aut
818 1907 1195 1980 degenerantia
1220 1917 1558 1979 separentur.

411 1999 546 2056 Are.
589 1999 702 2055 lmo
746 2015 872 2055 vero
920 1999 1313 2072 Scripturarum
1367 2011 1669 2056 sanctarum
1728 2000 1927 2057 lumina

338 2101 483 2148 eerta
517 2094 741 2149 veritate
781 2092 1032 2166 fulgentia
1066 2110 1160 2151 vos
1197 2110 1481 2167 pravarum
1511 2095 1925 2167 disputationum

337 2184 687 2255 perplexitate
712 2185 999 2241 obscurare
1028 2187 1314 2242 conamini.
1338 2186 1476 2254 Quid
1506 2187 1648 2243 enim
1678 2187 1924 2255 lucidius,

335 2290 494 2347 quam
523 2275 575 2331 id
606 2276 747 2347 quod
778 2277 938 2333 modo
966 2278 1094 2345 dixi,
1122 2278 1291 2333 flante
1316 2280 1527 2334 vanitati
1553 2279 1733 2334 similis
1761 2278 1926 2349 factus

336 2375 428 2435 est,
456 2367 562 2422 dies
589 2369 697 2440 ejus
721 2369 851 2424 velut
878 2370 1058 2425 umbra
1078 2372 1423 2442 prater-cunt?
1445 2372 1587 2443 quod
1615 2372 1797 2442 utique
1817 2387 1924 2427 non

336 2461 510 2531 fieret,
546 2462 591 2517 si
634 2462 701 2518 ad
744 2463 837 2518 Dei
885 2463 1286 2521 similitudinem
1328 2465 1381 2520 in
1421 2480 1523 2535 qua
1564 2474 1645 2520 est
1677 2463 1926 2521 conditus

334 2562 690 2622 permaneret.
712 2552 849 2622 Quid
881 2553 1131 2621 lucidius,
1158 2570 1317 2626 quam
1345 2556 1397 2611 id
1421 2556 1561 2626 quod
1590 2554 1793 2611 dictum
1819 2565 1921 2623 est,

335 2643 482 2700 Sicut
502 2646 555 2700 in
580 2645 739 2699 Adam
767 2662 939 2701 omnes
965 2648 1269 2713 moriuntur,
1291 2647 1362 2702 sic
1385 2656 1432 2701 et
1460 2647 1512 2701 in
1534 2645 1734 2703 Christo
1754 2662 1924 2701 omnes

333 2735 718 2806 viviﬁcabuntur
738 2735 797 2810 (Ι
825 2736 943 2793 Cor.
977 2754 1068 2806 xv,
1090 2738 1225 2809 2'2)?
1251 2738 1387 2807 Quid
1416 2738 1663 2806 lucidius,
1690 2753 1848 2808 quam
1871 2737 1924 2793 id

333 2828 476 2897 quod
503 2828 700 2885 dictum
729 2839 811 2884 est
830 2872 845 2897 ,
880 2829 1005 2897 Quis
1035 2831 1166 2885 enim
1193 2840 1267 2885 est
1294 2830 1512 2883 mundus
1540 2846 1572 2883 a
1600 2830 1785 2884 sorde?
1812 2829 1923 2883 Nec

334 2921 525 2992 infans,
555 2922 700 2993 cujus
726 2932 798 2976 est
828 2923 980 2977 unius
1006 2924 1107 2976 diei
1132 2924 1232 2977 vita
1256 2940 1409 2994 super
1433 2933 1617 2977 terram
1643 2921 1781 2995 (Job.
1808 2938 1920 2991 xw,

334 3014 390 3076 4,
420 3027 520 3065 sec.
549 3010 717 3083 LXX)
749 3029 763 3067 :
796 3021 849 3068 et
877 3013 981 3068 alia
1022 3013 1245 3084 plurima
1269 3055 1285 3081 ,
1316 3030 1435 3084 qua:
1465 3014 1658 3069 vestris
1689 3013 1924 3069 tenebris

337 3102 628 3171 involvere,
652 3112 706 3158 et
734 3103 787 3158 in
815 3112 1052 3160 vestrum
1080 3120 1394 3175 perversum
1418 3119 1633 3161 sensum
1662 3105 1922 3159 molimini

335 3212 467 3252 vana
500 3196 821 3269 loquacitate
846 3199 1193 3255 convertere?

409 3290 496 3347 Vl.
536 3292 655 3350 JUL.
697 3291 809 3347 lloc
850 3306 978 3363 ergo
1023 3308 1089 3348 ex
1128 3300 1312 3347 nostro
1355 3306 1503 3349 more
1537 3292 1712 3347 adhuc
1749 3291 1934 3346 solum.

334 3385 552 3456 exsequi
581 3386 901 3457 cogitabam,
926 3385 977 3440 id
1002 3395 1104 3453 est,
1128 3393 1187 3440 ut
1214 3400 1244 3439 a
1267 3384 1719 3441 Traducianorum
1751 3385 1919 3439 inter-

335 3477 719 3547 pretationibus
749 3477 987 3533 membra
1015 3477 1208 3533 divina:
1238 3478 1398 3547 legis,
1431 3494 1548 3549 qua:
1579 3476 1924 3547 snlijaechant

333 3570 704 3638 contumeliae,
737 3570 1019 3627 liberarem
1051 3589 1065 3625 :
1098 3587 1214 3641 qua:
1261 3580 1415 3625 erant
1459 3571 1663 3626 scilicet
1708 3569 1917 3638 divina,

333 3659 474 3731 quod
500 3670 682 3717 essent
705 3660 846 3732 justa
874 3662 1243 3716 monstrando.

403 3753 538 3809 Ave.
567 3751 965 3807 Contumelioso
991 3768 1086 3807 ore
1107 3753 1470 3808 Traducianos
1494 3768 1675 3819 vocas,
1699 3752 1920 3823 Cypria-

332 3856 483 3910 num,
512 3836 877 3910 Ambrosium,
901 3843 1238 3912 Gregorium,
1262 3854 1593 3914 cmterosque
1621 3844 1795 3899 socios
1821 3857 1918 3899 eo-

333 3950 450 3989 rum
479 3935 795 3992 conﬁtentes
821 3935 1075 4005 originale
1107 3945 1403 4005 peccatum.
1436 3935 1541 3991 Sed
1577 3951 1681 3990 non
1709 3946 1787 3990 est
1814 3935 1917 3989 mi-

331 4042 451 4083 rum
478 4026 620 4099 quod
651 4029 774 4084 novi
814 4027 1053 4084 hmretici
1080 4028 1393 4095 Catholicis,
1424 4043 1455 4083 a
1483 4029 1673 4098 quibus
1697 4036 1914 4094 exeunt,

331 4136 528 4178 uovum
551 4137 744 4179 nomen
767 4121 1078 4192 imronuut':
1098 4122 1201 4177 hoc
1224 4131 1278 4178 et
1304 4122 1392 4177 alii
1422 4121 1683 4190 fecerunt,
1706 4118 1920 4192 quando

328 4212 576 4268 similiter
603 4214 867 4269 exierunt.

403 4303 511 4359 Vll.
554 4303 672 4361 Jun.
719 4304 913 4360 Verum
944 4306 1067 4377 quia
1098 4305 1149 4360 id
1177 4304 1447 4375 impendio
1478 4304 1782 4376 poposcisti.
1809 4304 1917 4359 imo

327 4395 565 4451 indixisti
594 4397 910 4452 auctoritate
941 4397 1129 4466 patria,
1162 4406 1217 4452 ut
1246 4396 1383 4452 libro
1415 4397 1715 4452 tractatoris
1740 4396 1912 4464 Poeni,

327 4502 486 4557 quem
517 4486 583 4541 ad
611 4487 873 4541 Valerium
900 4488 1148 4542 comitem
1176 4487 1397 4543 vernula
1430 4496 1768 4559 peccatorum
1795 4486 1913 4556 ejus

329 4579 553 4650 Alypius
581 4593 751 4649 nuper
775 4577 1003 4644 detulit,
1042 4578 1347 4646 obviarem',
1379 4578 1504 4633 hinc
1531 4578 1659 4633 mihi
1684 4586 1765 4633 est
1794 4577 1915 4633 lou-

325 4669 442 4741 gior
468 4668 600 4725 facta
627 4668 923 4740 responsio.

397 4764 532 4820 Anc.
565 4762 749 4834 Magna
775 4763 865 4818 tibi
887 4775 1045 4834 ptem
1075 4770 1160 4820 est
1181 4761 1480 4832 disputator
1504 4763 1588 4820 hic
1609 4765 1808 4820 Pmnus
1830 4782 1842 4819 :
1862 4777 1914 4822 et

328 4854 486 4928 longe
520 4863 806 4926 antequam
850 4853 1204 4909 nasceremini
1226 4895 1241 4919 ,
1278 4868 1467 4925 magna
1493 4869 1649 4925 poma
1695 4856 1916 4912 limrcsis

330 4959 517 5004 vestra:
538 4948 735 5004 Paulus
757 4954 1088 5019 prmparatus
1117 4954 1199 5001 est
1220 4944 1539 5018 Cyprianus.

399 5037 535 5093 Vlll.
573 5037 694 5095 Jun.
735 5037 892 5094 Dedit
937 5036 1080 5093 enim
1128 5035 1325 5107 ingenii
1364 5036 1446 5091 sui
1480 5035 1657 5093 denuo
1687 5037 1915 5109 ﬁdeique

329 5140 693 5199 monumenta,
721 5147 840 5203 qua:
869 5130 1230 5202 intelligantur
1249 5130 1273 5163 ⁸
1312 5131 1611 5202 mgerrime,
1638 5145 1914 5201 exponan-

332 5233 415 5278 tur
443 5222 781 5291 difﬁcillime,
814 5223 902 5278 vix
931 5224 1048 5280 sine
1082 5222 1309 5279 horrore
1342 5221 1664 5289 audiantur;
1687 5223 1912 5279 convin-

327 5323 518 5371 cuntur
555 5324 736 5372 autem
776 5315 1049 5384 facillime,
1084 5313 1461 5373 confodiantur
1500 5314 1763 5372 acerrime
1788 5314 1832 5382 ⁸,
1859 5324 1915 5372 et

392 5542 411 5573 ¹
442 5539 609 5605 Codex
620 5545 753 5599 Itan,
776 5535 838 5588 ab
858 5543 1085 5605 steggtate
1100 5552 1255 5590 sacro.
1276 5538 1381 5601 Alii,
1400 5539 1460 5590 ab
1476 5544 1721 5593 stenttnatc
1740 5552 1914 5605 sacro;

327 5603 375 5654 id
397 5610 473 5654 est
490 5636 506 5660 ,
530 5615 557 5651 a
579 5599 711 5651 linea
733 5607 786 5651 et
806 5599 946 5650 serie
959 5599 1192 5650 librorum
1211 5599 1474 5651 seuerum.

389 5667 410 5697 ²
444 5665 603 5731 Editi,_
628 5662 1089 5731 documenta,_quw
1125 5668 1176 5731 ut
1210 5660 1555 5731 intelligaiuur.
1597 5672 1739 5726 uss,
1762 5663 1915 5716 moni-

324 5734 484 5794 menta
502 5723 625 5789 (vel,
650 5723 1127 5794 nsonuntenta),'iqua:
1147 5723 1491 5794 intettigaiitur.

388 5789 410 5822 ³
440 5784 779 5839 sic'lltenardus
802 5792 855 5835 et
875 5784 971 5835 duo
1005 5784 1108 5847 Mss.
1138 5791 1196 5834 At.
1228 5784 1530 5847 vig'uierius,
1573 5787 1914 5840 convincuntur

325 5855 485 5900 autem
506 5848 715 5914 facilius,
734 5853 791 5919 et.
803 5852 855 5897 ut
885 5846 1219 5959 coryozliautur
1252 5846 1523 5919 acerrime.
1540 5856 1641 5899 Duo
1663 5858 1771 5900 Mss.
1796 5858 1908 5901 star.

326 5919 379 5959 et
393 5912 535 5959 dar“
556 5910 790 5959 aliauantt
813 5910 949 5959 conto
986 5915 1145 5958 tantur
1162 5921 1432 5959 acerrime:
1454 5924 1566 5959 (tua:
1591 5913 1739 5959 verba
1766 5913 1810 5959 in
1832 5926 1908 5959 eo-

326 5919 379 5979 et
393 5907 535 5972 clari,
556 5907 791 5979 aliquanti
813 5907 1145 5972 confodiuntur
1162 5907 1432 5979 acerrime:
1454 5924 1566 5972 qua:
1591 5913 1739 5979 genua
1766 5913 1810 5962 in
1832 5926 1913 5963 co-

327 5973 432 6025 dice
455 5980 563 6024 litur.
587 5972 739 6025 loeata
760 5980 873 6024 sunt
905 5978 1037 6033 ante,
1058 5972 1393 6023 constituantur
1408 5980 1566 6024 autem
1586 5972 1831 6037 ﬁtcillinw.
1851 6002 1911 6013 -

1718 489 1919 564 LIBER
1960 506 2227 565 PRIMUS.

3498 521 3637 579 101/:

2052 630 2267 694 propter
2295 624 2586 681 honestatis
2617 626 2968 683 reverentiam
2998 628 3250 686 oblivioni
3278 633 3629 690 exterminata

2046 713 2385 770 mandentur.

2116 806 2253 862 Avo.
2293 805 2408 862 Non
2434 806 2701 877 quomodo
2725 808 2806 863 vis
2827 807 3070 879 judicant
3094 810 3184 881 qui
3212 810 3417 882 legunt.

2116 894 2207 950 lx.
2246 896 2365 953 JUL.
2407 898 2615 955 Primus
2661 899 2821 971 igitur
2857 899 2977 972 ejus
3014 902 3168 969 liber,
3197 903 3288 975 qui
3326 913 3449 959 ante
3490 906 3634 962 hunc

2042 984 2189 1042 solus
2213 996 2295 1043 est
2319 988 2516 1055 editus,
2545 1005 2714 1045 novos
2741 1005 2839 1046 nos
2867 1006 2986 1047 esse
3013 992 3295 1049 intereticos
3318 995 3632 1050 criminatur

2043 1073 2145 1149 (De
2165 1077 2375 1151 Nuptiis
2398 1089 2447 1136 et
2466 1078 2903 1153 Concupisceutiu,
2933 1082 3020 1137 lib.
3047 1084 3098 1149 1,
3127 1102 3180 1139 n.
3210 1081 3266 1158 l)
3291 1102 3303 1140 :
3327 1086 3448 1155 quia
3472 1102 3625 1156 repu-

2038 1181 2265 1239 gnemus
2286 1170 2545 1241 opinioni,
2568 1170 2688 1242 qua:
2716 1171 2947 1229 dealbati
2973 1175 2989 1206 ¹
3016 1174 3181 1230 instar
3205 1174 3457 1245 sepulcri,
3485 1176 3625 1247 quod

2038 1258 2331 1314 secundum
2368 1260 2643 1333 Evangelii
2687 1265 3042 1333 sententiam,
3071 1265 3269 1321 mundo
3296 1266 3629 1322 extrinsecus

2038 1350 2218 1407 colore
2246 1354 2517 1418 vestitum.
2548 1355 2804 1426 spurcitia
2831 1365 2993 1430 estet
3020 1358 3298 1430 iniquitate
3325 1359 3626 1416 confertum

2041 1437 2254 1512 (Matth.
2278 1459 2429 1508 xxm,
2451 1442 2565 1519 27),
2593 1445 2694 1500 sub
2722 1446 2878 1503 laude
2908 1448 3251 1519 Baptismatis
3278 1458 3483 1506 eructat
3512 1450 3625 1505 Ma-

2036 1531 2362 1588 nicharorum
2392 1535 2580 1591 sordes
2600 1538 2623 1568 ⁸
2642 1552 2704 1592 ac
2732 1538 2976 1593 naturale
3006 1548 3315 1609 peccatum,
3350 1549 3408 1595 ut
3437 1541 3622 1597 Eccle-

2035 1624 2129 1681 sia:
2155 1625 2434 1682 catholica:
2461 1642 2593 1699 pura
2616 1627 2873 1685 hactenus
2895 1629 3240 1686 Sacramenta
3270 1631 3621 1688 contaminet.

2107 1720 2246 1777 Ave.
2285 1719 2463 1777 Novos
2491 1721 2774 1777 haereticos
2798 1737 2896 1778 vos
2924 1723 3138 1794 antiqua
3168 1724 3423 1778 catholica
3457 1724 3621 1789 ﬁdes,

2034 1826 2196 1882 quam
2243 1812 2405 1869 modo
2448 1828 2757 1885 oppugnare
2802 1815 3060 1885 cmpistis,
3100 1830 3131 1869 a
3176 1816 3620 1885 prmclarissiutis,

2033 1906 2123 1976 qui
2159 1904 2375 1963 fuerunt
2410 1920 2536 1964 ante
2582 1924 2700 1974 nos,
2735 1908 3044 1965 doctoribus
3068 1908 3354 1978 prasdieata
3392 1909 3620 1964 demon-

2032 2005 2185 2051 strat.
2208 1997 2326 2053 Non
2353 2007 2535 2055 autem
2560 1984 2581 2031 δ
2603 2000 2852 2054 omnibus
2877 1998 3304 2070 respondendum
3328 2008 3412 2056 est
3439 2000 3621 2056 convi-

2030 2086 2131 2142 ciis
2160 2089 2335 2158 potius
2363 2104 2523 2160 quam
2552 2090 2979 2146 accusationibus
3005 2091 3130 2157 tuis,
3154 2106 3272 2162 quae
3293 2107 3398 2146 non
3428 2092 3478 2146 in
3509 2107 3622 2159 me,

2031 2178 2125 2233 sed
2155 2179 2315 2235 etiam
2356 2180 2408 2235 in
2437 2180 2799 2247 Ambrosium,
2830 2181 3112 2250 llilarium,
3142 2179 3476 2252 Gregorium,
3507 2180 3618 2253 Cy-

2031 2271 2294 2340 prianum,
2340 2271 2579 2343 aliosque
2621 2272 3092 2345 prmdicatissimos
3133 2273 3389 2329 Ecclesia:
3432 2271 3616 2328 docto-

2030 2376 2139 2428 res,
2188 2364 2363 2420 fronte
2406 2364 2864 2435 impudentissima
2912 2372 2967 2420 et
3017 2364 3193 2436 lingua
3243 2365 3617 2435 procacissima

2024 2452 2294 2524 jacularis.

2099 2543 2167 2599 X.
2192 2544 2311 2601 Jun.
2338 2545 2542 2601 Laudat
2569 2547 2727 2602 etiam
2756 2556 3026 2617 potentem
3055 2546 3324 2602 hominem
3358 2543 3455 2619 (η),
3476 2546 3623 2617 quod

2028 2637 2227 2692 nostris
2266 2638 2630 2707 petitionibus,
2667 2642 2756 2711 qui
2797 2640 2928 2694 nihil
2955 2639 3097 2694 aliud
3125 2655 3281 2711 quam
3318 2639 3431 2694 dari
3471 2650 3620 2694 tanto

2029 2730 2243 2801 negotio
2268 2729 2479 2801 judices
2508 2730 2954 2796 vociferabantur,
2987 2742 3047 2788 ut
3076 2748 3137 2788 ea
3168 2749 3285 2804 qua:
3314 2733 3615 2803 subreptio-

2028 2821 2184 2877 nibus
2231 2831 2345 2878 acta
2395 2823 2673 2879 constabat
2702 2822 2744 2888 ⁸,
2773 2825 3191 2880 emendareutur
3223 2826 3427 2895 potius,
3457 2842 3614 2896 quam

2026 2915 2342 2985 punirentur
2368 2917 2613 2971 examine
2638 2916 2683 2982 ³,
2712 2917 2854 2971 mole
2881 2932 2991 2972 sua:
3020 2917 3287 2987 dignitatis
3325 2917 3614 2983 obstiterit,

2027 3022 2127 3062 uec
2164 3006 2534 3076 disceptationi
2578 3017 2786 3079 tempus
2816 3008 2836 3039 ⁵
2858 3017 2949 3062 aut
2975 3009 3149 3063 locum
3183 3008 3483 3078 permiserit
3517 3009 3618 3062 im-

2026 3106 2257 3168 petrare.
2280 3096 2431 3166 Quod
2470 3107 2644 3154 utrum
2676 3099 2763 3154 ille
2801 3098 2866 3153 ad
2900 3115 3056 3170 quem
3088 3100 3359 3167 scribitur,
3388 3111 3493 3154 tam
3524 3116 3616 3155 ne-

2026 3197 2201 3261 quiter
2231 3189 2433 3257 fecerit,
2460 3205 2616 3261 quam
2647 3199 2870 3247 testatur
2898 3192 2995 3245 ista
3025 3192 3281 3257 laudatio,
3311 3193 3423 3262 ipse
3459 3193 3612 3248 vitle-

2027 3284 2115 3338 rit.
2136 3281 2244 3338 Nos
2276 3291 2453 3339 tamen
2476 3285 2497 3315 ⁷
2527 3286 2577 3339 in
2606 3294 2859 3355 quantum
2888 3284 2955 3339 de
2980 3300 3046 3341 eo
3087 3285 3274 3340 melius
3310 3286 3611 3341 mstimave-

2026 3374 2214 3441 rimus,
2247 3375 2476 3430 nominis
2517 3375 2657 3431 illius
2694 3377 3134 3432 commemoratio
3179 3378 3436 3447 opusculo
3487 3393 3621 3431 meo

2025 3464 2316 3520 honoriﬁce
2360 3465 2553 3521 inserta
2601 3465 2866 3537 patefecit.
2894 3466 3088 3525 Verum
3120 3469 3255 3523 liber
3286 3469 3373 3524 ille
3407 3469 3473 3524 de
3513 3485 3610 3539 pa-

2028 3563 2182 3611 trono
2229 3571 2327 3612 suo
2370 3557 2498 3612 falsa
2545 3557 2773 3613 fortasse
2823 3560 3110 3614 contineat.
3162 3560 3330 3614 Porro
3384 3560 3623 3616 ﬁdeliter

2024 3649 2151 3720 quid
2180 3651 2409 3722 scriptor
2432 3650 2547 3721 ejus
2571 3651 2747 3720 cupiat
2768 3650 2998 3706 ostendit
3023 3669 3035 3705 :
3058 3651 3324 3719 videlicet,
3350 3661 3405 3706 ut
3423 3664 3615 3707 contra-

2024 3742 2286 3795 rationem
2318 3742 2361 3807 ",
2412 3750 2597 3796 contra
2629 3740 2808 3808 ﬁdem,
2837 3751 3022 3796 contra
3063 3759 3275 3797 omnem
3308 3759 3516 3797 morum
3556 3752 3611 3799 et

2023 3830 2327 3903 dogmatum
2373 3833 2736 3900 sanctitatem,
2770 3833 2820 3887 vi
2870 3832 2982 3888 fera
3022 3842 3076 3889 et
3119 3849 3259 3889 cmca
3301 3834 3610 3905 impotentia

2021 3924 2322 3981 dimicetur.

2092 4020 2229 4074 Avo.
2270 4018 2423 4073 Absit
2450 4035 2479 4071 a
2511 4017 2816 4074 ehristianis
2849 4019 3197 4089 potestatibus
3238 4027 3461 4073 terreare
3504 4019 3613 4073 rei-
3679 3998 3688 4009 ’

2021 4111 2267 4181 publicae,
2291 4119 2348 4165 ut
2371 4109 2438 4166 de
2466 4110 2679 4181 antiqua
2719 4110 2978 4165 catholica
3018 4109 3123 4165 ﬁde
3158 4110 3422 4176 dubitent,
3447 4118 3500 4165 ct
3536 4112 3616 4167 ob

2022 4203 2126 4259 hoc
2164 4203 2616 4276 oppugnatoribus
2654 4206 2769 4274 ejus
2800 4204 2973 4259 locum
3011 4214 3066 4259 et
3108 4215 3313 4275 tempus
3349 4205 3619 4261 examinis

2020 4296 2326 4366 pradicant;
2356 4311 2418 4351 ac
2455 4311 2561 4350 non
2608 4297 2782 4367 petius
2821 4296 2873 4350 in
2917 4311 2980 4351 ea
3017 4297 3146 4351 certi
3186 4305 3344 4367 atque
3383 4295 3608 4361 fundati,

2022 4388 2234 4453 talibus,
2283 4387 2467 4458 quales
2509 4401 2603 4442 vos
2648 4388 2798 4454 estis,
2845 4387 3072 4443 inimicis
3116 4389 3231 4457 ejus
3274 4387 3612 4457 disciplinam

2019 4477 2359 4533 coercitionis
2390 4478 2681 4549 imponant.
2707 4479 2859 4545 Quod
2890 4480 3031 4534 enim
3059 4489 3276 4550 propter
3302 4480 3621 4534 Donatistas

2018 4569 2218 4626 factum
2259 4580 2360 4638 est,
2405 4586 2589 4626 eorum
2635 4572 3035 4626 violentissima:
3066 4573 3232 4645 turba:
3265 4571 3376 4625 ﬁeri
3416 4586 3617 4641 coege‘

2018 4670 2165 4728 runt,
2188 4662 2493 4733 ignorantes
2512 4660 2640 4733 quid
2666 4671 2791 4718 ante
2815 4663 2882 4717 sit
2902 4675 3129 4733 gesmm,
3158 4663 3299 4734 quod
3326 4664 3404 4718 eis
3430 4662 3619 4717 fuerat

2020 4751 2405 4809 ostendendum
2430 4769 2444 4806 :
2465 4752 2651 4823 quales
2675 4763 2772 4807 vos
2800 4753 2983 4808 turbas
3012 4754 3153 4808 Deus
3187 4761 3391 4809 avertat
3424 4763 3481 4808 ut
3508 4752 3607 4808 ha-

2019 4846 2223 4914 beatis;
2253 4846 2363 4902 Deo
2390 4856 2564 4901 tamen
2591 4846 2819 4917 propitio
2844 4861 2950 4901 non
2978 4845 3208 4902 habetis.

2017 4978 2165 5050 Morel
2180 5014 2206 5050 λ
2228 4976 2378 5050 talem.
2407 4979 2544 5050 (ιι-ιι.)
2566 4991 2615 5041 p.
2633 4976 2744 5036 367,
2774 4985 2912 5040 putat
2932 4977 3144 5050 tollenda
3168 4979 3336 5050 verba,
3367 4979 3613 5050 qtiqttauti

2016 5041 2352 5105 confodiantur
2375 5040 2639 5102 acerrime,
2679 5054 2790 5104 qua:
2823 5053 2887 5089 ex
2912 5042 3132 5104 margine
3169 5049 3357 5091 textum
3382 5040 3506 5093 forte
3537 5044 3609 5093 in-

2017 5111 2265 5155 vaseruat.
2334 5111 2388 5151 Μ.

2084 5169 2099 5197 ι
2138 5174 2281 5224 διατι,
2303 5164 2540 5214 rleulbata.

2082 5228 2106 5259 ⁸
2134 5223 2295 5277 Codex
2312 5225 2463 5289 Colb.,
2491 5229 2676 5277 eructat
2699 5223 3074 5278 Maniclurorum
3095 5227 3238 5277 sorde
3254 5226 3473 5279 naturate
3497 5240 3611 5293 pec-

2015 5296 2194 5343 satum

2083 5352 2105 5414 Ρ
2138 5351 2440 5414 vignierius,
2480 5363 2612 5414 nunc
2628 5356 2805 5401 autem.
2836 5353 3007 5414 verius
3030 5359 3153 5413 uss,
3178 5364 3271 5403 non
3293 5360 3469 5403 autem.
3495 5360 3614 5401 Nam

2015 5409 2434 5475 Juliani'muvicia'
2453 5413 2658 5475 spernit,
2683 5426 2783 5463 non
2798 5413 3031 5464 confutet.

2079 5474 2105 5508 δ
2136 5482 2238 5524 Duo
2267 5482 2398 5536 Mss,
2419 5474 2709 5525 constabant.

2080 5537 2102 5601 ξ
2137 5544 2278 5596 aten.,
2305 5543 2593 5601 ponerentur
2606 5536 2847 5601 examini.

2081 5599 2103 5632 ⁸
2137 5605 2238 5663 Duo
2253 5597 2754 5663 M_s's.,_obs_t_iterit,nec
2778 5598 3183 5661 disceptationem,
3210 5599 3605 5663 tcmpmvignie-

2015 5675 2119 5712 rtus
2134 5695 2149 5721 ,
2184 5659 2433 5720 obstiterit,
2461 5659 2869 5725 disceptatumem,
2906 5659 3090 5725 tempus
3106 5675 3133 5725 ;_
3158 5659 3362 5721 omisso,
3380 5671 3467 5710 uec
3516 5666 3535 5703 \
3551 5672 3607 5705 e-

2016 5726 2121 5788 rius
2143 5730 2265 5773 tuen.
2286 5736 2396 5773 cum
2420 5731 2500 5773 Ms.
2520 5722 2672 5783 Colh.,
2697 5735 2784 5773 nec
2802 5722 3135 5788 ἀίει-(τριταίοιιὶ
3155 5730 3355 5785 tempus.

2081 5787 2101 5847 7
2137 5791 2483 5847 ms.nar.,nos
2504 5790 2681 5834 autem.
2726 5844 2737 5847 _
2941 5787 2944 5788 ⁷
3487 5845 3495 5847 _
3560 5837 3573 5847 .

2080 5846 2103 5880 ³
2138 5846 2274 5907 Editi,
2298 5852 2350 5897 ut
2365 5853 2435 5898 est
2451 5852 2618 5898 contra
2640 5844 2889 5898 rationem.
2916 5852 3249 5902 fletuoveuius,
3273 5848 3360 5903 cst,
3393 5844 3603 5890 auctu'i‘

2018 5917 2119 5967 tate
2153 5910 2602 5972 manuscriptorum.

2080 5972 2153 6035 (α)
2173 5960 2438 6037 Valerium,
2458 5970 2539 6023 lib.
2572 5973 2589 6023 l
2614 5971 2677 6023 de
2702 5972 2885 6036 Nuptiis
2904 5978 2954 6023 et
2976 5965 3383 6028 Concupiscentia,
3413 5977 3442 6015 ιι
3488 5960 3536 6011 3.
