4118 6568
459 534 480 590 I
490 531 596 590 055

527 643 622 702 XI.
650 640 768 699 .ItL.
796 636 1000 708 Quibus
1026 633 1194 706 gestis
1223 631 1363 685 inter
1385 619 1673 682 voluminis
1700 615 1901 688 primas
1926 625 2049 682 par-
2075 681 2077 683 _

460 750 562 806 tes,
593 747 910 812 progressus
953 739 1037 786 cst
1079 725 1148 800 ad
1191 721 1588 780 distinctionem
1614 715 1629 746 ¹
1662 709 1964 782 nuptiarum
1994 713 2050 808 et
2078 760 2082 764 _

460 796 926 900 coticupiscentize,
947 822 1086 877 sicut
1109 798 1279 872 fuerat
1307 811 1444 868 tituli
1475 804 1820 875 inscriptione
1846 796 2050 872 pollici-

465 937 551 982 tus
582 944 596 980 :
625 891 876 991 deditque
904 925 1015 973 toto
1039 913 1295 980 deinceps
1319 921 1482 977 opere
1511 902 1890 957 documentum
1922 891 2053 946 artis

464 1028 520 1075 et
548 1014 756 1072 virtutis
787 986 916 1067 suae.
938 1007 1083 1064 Inter
1109 1002 1443 1075 negationem
1474 995 1616 1051 enim
1642 989 2010 1048 confessorum
2031 986 2054 1016 ⁸
2082 1017 2084 1019 -

466 1119 522 1164 ct
551 1115 863 1177 negatorum
903 1097 1295 1155 confessionem
1335 1089 1519 1146 ultima
1550 1083 1870 1141 necessitate
1895 1093 2056 1132 vexa-

471 1185 577 1262 tus,
605 1172 742 1268 quid;
761 1205 1115 1250 :erumnarum
1148 1191 1417 1258 pateretur
1443 1179 1580 1236 foeda
1607 1172 1933 1234 conscientia
1965 1186 2060 1242 pu-

471 1271 716 1347 blicavit.
796 1287 800 1290 ·
908 1271 916 1283 ’
1033 1288 1059 1296 π·

546 1383 682 1436 Auc.
721 1374 1036 1434 Conviciare
1059 1377 1314 1443 quantum
1345 1373 1498 1438 potes
1529 1380 1545 1419 :
1573 1359 1696 1434 quis
1723 1357 1865 1414 enim
1889 1352 2066 1411 convi-

474 1472 653 1530 ciosus
682 1470 786 1525 hoc
814 1483 920 1523 non
943 1462 1158 1538 potest?
1401 1452 1406 1498 ἱ
1772 1468 1777 1496 ;
1844 1465 1849 1469 ~

550 1581 668 1640 XII.
709 1581 832 1637 Jun.
873 1578 1046 1635 Priori
1093 1589 1224 1646 ergo
1275 1570 1425 1643 operi
1471 1574 1702 1640 quatuor
1743 1560 1938 1619 libellis
1980 1574 2091 1626 ea,

480 1694 640 1751 quam
667 1671 1023 1746 suppeditavit
1046 1669 1264 1732 veritas,
1293 1665 1544 1722 facultate
1569 1656 1820 1751 respondi
1845 1674 1856 1709 :
1882 1651 2073 1751 praefa-

482 1744 570 1826 tus
595 1744 1148 1838 sane—praiteriturum
1173 1773 1280 1826 me,
1304 1772 1424 1829 qua:
1453 1764 1507 1810 et
1535 1767 1632 1838 pro
1651 1750 1900 1821 dogmate
1930 1744 2073 1800 illius

487 1864 619 1920 nihil
667 1835 863 1936 habere
898 1855 1152 1936 ponderis
1193 1851 1505 1924 apparebat,
1534 1835 1588 1905 et
1616 1862 1704 1902 me
1737 1848 1959 1916 possent
1989 1853 2077 1893 ar-

485 1971 649 2029 guere
690 1934 1031 2029 niultiloquii,
1080 1934 1126 2005 si
1172 1947 1394 2028 fuissem
1438 1939 1704 2028 imbecilla
1751 1949 1978 2008 qumque
2021 1940 2077 1988 et

489 2047 668 2105 inania
713 2027 1044 2117 persecutus.
1086 2022 1422 2110 Quanquam,
1461 2022 1510 2090 si
1552 2035 1689 2088 hanc
1731 2028 1992 2101 regulam,
2023 2033 2080 2079 ut

489 2139 693 2203 decuit.
716 2151 935 2194 scrvare
955 2133 1214 2199 licuisset,
1238 2130 1290 2186 id
1311 2137 1413 2197 est,
1437 2137 1494 2182 ut
1515 2140 1612 2181 nec
1629 2119 2078 2195 Oppugnationetn

489 2248 556 2288 ex
589 2229 918 2302 profeSsione
958 2227 1137 2296 inepta
1181 2227 1538 2285 mererentur,
1578 2232 1712 2289 pene
1749 2212 1928 2268 omnia
1965 2209 2101 2278 ejus"

492 2300 707 2379 iuventa
727 2321 747 2352 ³
770 2319 981 2392 publico
1007 2318 1214 2371 fuerant
1240 2308 1538 2383 spernenda
1565 2305 1800 2363 silentio.
1821 2300 1927 2360 Sed
1952 2313 2085 2392 quo:-

496 2414 663 2477 uiam,
690 2389 848 2466 rebus
878 2410 930 2464 in
963 2407 1200 2479 pejorem
1230 2417 1432 2475 partem
1463 2395 1868 2472 properantibus
1901 2389 2084 2464 (quod

496 2504 683 2580 mundi
715 2504 806 2557 ﬁni
836 2517 935 2558 suo
976 2498 1334 2555 incumbentis
1372 2494 1628 2550 indicium
1654 2499 1735 2547 est
1759 2494 1798 2561 ),
1822 2489 1875 2543 in
1902 2484 2086 2542 Eccle-

498 2576 821 2666 sia—{quoque
849 2594 939 2648 Dei
963 2591 1153 2662 adepta
1174 2599 1256 2645 est
1285 2585 1509 2643 stultitia
1534 2594 1588 2639 et
1617 2578 1886 2651 turpitudo
1911 2576 2087 2633 domi-

503 2699 719 2752 natum;
747 2701 843 2758 pro
880 2683 1099 2740 Christo
1130 2680 1396 2758 legatione
1426 2678 1712 2746 fungimur,
1744 2681 1798 2728 et
1825 2687 1924 2742 pro
1949 2668 2088 2724 virili

503 2782 750 2855 portione
774 2786 1030 2850 quantum
1057 2755 1298 2831 valemus
1325 2771 1443 2843 opis
1469 2769 1490 2802 ⁸
1514 2769 1581 2824 ad
1597 2766 1972 2848 defensionem
2003 2777 2093 2817 ca-

505 2875 721 2930 tholica:
775 2871 1050 2941 religionis
1103 2866 1373 2922 aIIeritnus
1421 2881 1434 2918 :
1486 2877 1587 2918 nec
1644 2847 1787 2931 piget
1837 2851 2092 2912 mandare

505 2965 698 3020 litteris
725 2963 981 3030 remedia,
1009 2974 1130 3032 qua:
1157 2965 1345 3015 contra
1370 2968 1612 3012 errorum
1641 2952 1663 2984 '
1685 2963 1890 3006 venena
1925 2947 2095 3003 confi-

505 3057 699 3112 cimus.

580 3148 718 3204 Auc.
757 3137 993 3202 Stul'titia
1035 3151 1090 3198 et
1125 3140 1394 3211 turpitudo
1431 3153 1526 3196 vos
1565 3136 1770 3208 peperit
1795 3153 1808 3191 :
1833 3133 1928 3191 sed
1955 3133 2001 3190 si
2043 3133 2096 3189 in

509 3239 751 3297 Ecclesia
790 3237 1120 3316 dominatum
1161 3233 1355 3305 adepta
1396 3239 1558 3298 esset,
1587 3231 1657 3286 ibi
1686 3244 1780 3284 vos
1807 3227 1988 3299 utique
2014 3234 2096 3282 te-

510 3335 734 3392 nuisset.
947 3335 952 3340 ’
1590 3384 1594 3387 ,
1688 3334 1692 3337 ”

583 3446 724 3504 XIII.
764 3445 881 3502 JuL.
922 3444 1174 3500 Testatus
1217 3441 1421 3511 utique,
1456 3447 1517 3494 ut
1553 3436 1686 3501 dixi,
1727 3434 1956 3500 fueram,
2003 3419 2103 3511 nec

513 3549 700 3597 contra
743 3551 931 3593 omnes
982 3550 1068 3592 me
1112 3533 1319 3605 species
1356 3528 1706 3587 defendendae
1761 3525 1995 3581 traducis
2048 3507 2104 3579 in

514 3632 690 3704 primo
715 3629 1067 3685 disserturum
1103 3613 1286 3697 opere,
1321 3638 1424 3679 nec
1447 3630 1660 3689 cuncta,
1691 3635 1810 3690 quae
1841 3618 1930 3674 ille
1969 3619 2106 3673 liber

517 3723 753 3787 tenebat.
781 3721 1160 3796 replicaturum
1189 3736 1202 3772 :
1232 3716 1325 3773 sed
1354 3731 1476 3771 cum
1506 3714 1593 3769 his
1617 3711 2020 3778 conflicturum,
2052 3709 2107 3765 in

517 3816 716 3887 quibus
739 3828 1002 3870 summam
1027 3821 1080 3867 ct
1108 3811 1214 3865 vim
1241 3808 1321 3864 sui
1351 3806 1616 3879 dogmatis
1639 3797 1976 3887 col-locasset.
1995 3802 2110 3881 Hoc

519 3880 699 3968 autem
725 3921 811 3962 me
834 3903 1184 3976 Spapoudisse
1223 3901 1468 3964 fideliter,
1497 3880 1818 3968 quicumque
1847 3896 1930 3950 vel
1970 3880 2108 3949 obii-4

444 4002 448 4006 ’
521 4016 660 4073 quos
710 4000 800 4064 sit,
844 4007 1046 4052 tantum
1091 3994 1316 4064 diligens
1363 3990 1642 4060 utriusque
1687 3987 1866 4057 operis
1917 3986 2107 4050 lector,

525 4099 796 4164 agnoscet.
840 4089 951 4159 Ego
996 4095 1176 4142 autem
1226 4082 1570 4142 conscientia:
1625 4081 1907 4135 honestate
1960 4065 2114 4146 seen:

527 4199 620 4240 rus
649 4180 919 4235 inimicum
955 4185 1196 4256 nostrum
1231 4185 1284 4231 et
1307 4173 1582 4238 adhortor,
1611 4181 1668 4229 et
1693 4172 1929 4238 stimulo,
1971 4179 2031 4227 ut
2070 4171 2116 4226 si

529 4273 745 4346 aliquod
783 4289 814 4329 a
855 4287 914 4328 se
953 4271 1238 4342 prolatum,
1270 4285 1298 4324 a
1331 4284 1419 4324 me
1451 4267 1864 4338 praetermissum
1891 4266 2120 4322 aestimat

531 4375 904 4438 argumentum
929 4410 944 4430 ,
976 4363 1119 4435 quod
1148 4363 1442 4434 cujuspiam
1473 4363 1728 4439 momenti
1756 4361 1837 4416 vel
1877 4361 1991 4432 ipse
2033 4363 2120 4430 ju-

533 4459 696 4525 dicet,
723 4458 800 4531 lin
846 4456 1081 4512 medium
1129 4455 1385 4526 proferat,
1431 4465 1484 4510 et
1528 4470 1614 4510 me
1658 4452 1864 4509 timoris
1908 4453 2121 4524 dolique

533 4554 835 4606 convincat.
905 4600 908 4604 ,
1803 4590 1806 4594 ,
1918 4601 1924 4610 ι

575 4671 578 4676 -
606 4643 745 4698 Αυο.
774 4639 891 4695 Νοη
917 4637 1080 4695 credo
1106 4636 1246 4710 quod
1268 4652 1329 4693 ea
1351 4652 1469 4708 quae
1492 4636 1900 4708 prmtermisisti,
1925 4617 2122 4712 nullius

535 4731 792 4791 momenti
813 4729 1231 4800 esse'putaveris
1259 4727 1541 4806 :vquamvis
1559 4736 1611 4782 et
1633 4728 1676 4782 si
1701 4727 1802 4782 hoc
1830 4735 1882 4782 te
1911 4711 2124 4796 putasse

535 4822 856 4888 concedam;
885 4836 991 4876 non
1022 4828 1204 4876 tamen
1227 4819 1298 4900 ita
1327 4834 1447 4875 esse
1467 4861 1482 4886 ,
1507 4819 1803 4875 catholicus
1829 4828 1883 4874 et
1923 4818 2124 4874 intelli-

538 4930 690 4985 gens,
722 4914 766 4968 si
791 4921 845 4969 et
865 4928 1034 4968 unum
1066 4912 1213 4966 illum
1244 4926 1422 4966 meum
1447 4919 1501 4966 et
1531 4919 1651 4966 tuos
1677 4920 1905 4982 quatuor
1925 4909 2129 4966 habue-

540 5007 630 5072 rit,
658 5004 1094 5076 diligentiamque
1120 4990 1444 5070 adhibuerit,
1475 4990 1925 5060 lector-inveniet.

618 5115 756 5171 XIV.
786 5115 906 5171 Jun.
935 5115 1330 5186 Scripturarum
1372 5129 1504 5171 sane
1546 5114 1846 5170 testimonia
1885 5113 2130 5184 quazdam

541 5210 703 5267 Ia-tius
731 5209 986 5279 exposui,
1024 5210 1268 5280 quaedam
1295 5209 1512 5266 brevius
1544 5227 1558 5264 :
1586 5209 1708 5280 quia
1752 5224 1838 5264 me
1880 5208 2037 5278 plene
2080 5207 2134 5263 id

545 5312 796 5359 secuturo
819 5318 980 5373 opere
1010 5303 1270 5358 facturum
1295 5301 1576 5373 spopondi.
1599 5301 1740 5356 Nihil
1769 5301 1946 5372 itaque
1977 5300 2044 5356 ibi
2068 5300 2135 5356 de

547 5396 797 5453 omnibus
819 5383 1095 5469 Augustini
1118 5395 1444 5468 argumentis
1465 5403 1522 5450 et
1548 5393 2003 5465 propositionibus
2025 5409 2132 5449 non

549 5490 826 5562 explosum
872 5489 1160 5554 remansit,
1208 5485 1340 5542 nihil
1382 5500 1413 5540 a
1457 5500 1544 5540 me
1569 5485 1844 5556 impletum
1873 5495 1955 5541 est
1983 5485 2138 5540 aliter

616 5689 637 5761 ξ
668 5689 871 5761 sicitas.
897 5693 1088 5761 atar._et
1099 5685 1229 5761 Coll).
1255 5685 1376 5761 editi
1396 5698 1582 5761 veroha
1607 5685 1922 5761 dfatim-(imre.

617 5750 641 5820 ξ
673 5749 810 5806 Fditi,
840 5747 967 5799 enim
987 5755 1034 5799 et
1057 5748 1397 5811 confcssorum.
1431 5747 1677 5813 Particulo,
1717 5757 1782 5811 et,
1817 5751 2058 5803 redundat
2081 5765 2141 5803 co

555 5808 643 5861 Iota
660 5847 674 5872 ,
697 5810 1368 5872 abestqueamanuscriptis.
2035 5859 2042 5864 ,

619 5825 674 5903 3,
692 5825 1368 5889 aties‘tqueamanuscrtptrs.
2035 5859 2042 5864 ,

623 5939 635 5942 _
673 5872 824 5942 editi,
847 5882 951 5941 qus
989 5877 1169 5940 mepte.
1210 5877 1510 5935 Castigantur
1551 5884 1615 5924 ex
1648 5875 1999 5940 manuscriptis.

621 5939 642 5996 ξ
677 5939 954 5993 \‘iguieI-ius
969 5968 982 5992 ,
1007 5939 1183 5996 operis.

619 5995 642 6026 ⁵
675 6000 781 6044 uss.
805 5999 916 6045 Har.
941 6003 993 6048 et
1008 5995 1154 6056 Pcrt.,
1180 6007 1360 6048 eorum.

1133 512 1382 575 OPERIS
1419 498 1831 567 IMPERFECTI
1868 490 2142 552 CONTRA
2181 483 2546 552 JULIANUM,
2585 480 2644 539 S.
2674 474 3039 538 AUGUSTINI
3123 516 3127 520 .

2155 615 2314 671 quam
2341 595 2660 669 promissum
2687 611 2701 647 :
2728 590 2894 672 multa
2919 588 2972 644 in
3005 585 3234 643 inventis
3258 582 3376 655 ejus
3400 581 3554 652 falsa,
3576 581 3746 639 multa

2155 669 2371 757 stolida,
2399 687 2656 757 sacrilega
2691 670 3144 739 multa‘eonviei.‘
3273 724 3277 730 .
3325 720 3333 727 .
3376 670 3394 675 ”

3606 469 3770 558 ιοδστ

2230 748 2369 839 Atio.
2396 780 2508 836 Hoc
2549 748 2766 849 quidem
2806 774 2976 841 dicis,
3020 771 3115 827 sed
3157 779 3210 826 ttt
3247 769 3424 826 dicis:
3451 768 3540 840 qui
3571 748 3776 823 autem”

2159 877 2289 948 legit
2332 884 2387 931 et
2431 871 2706 944 intelligit,
2748 869 2794 926 si
2831 883 2936 924 non
2980 865 3298 937 Pelagianos
3337 871 3452 928 est,
3504 876 3606 917 non
3649 859 3753 916 hoc

2161 972 2310 1028 dicit.
2425 997 2429 1002 -
2650 999 2654 1006 ι
2774 1013 2780 1020 .
3063 1009 3070 1022 .
3364 1016 3372 1023 .
3699 1013 3725 1028 .,

2235 1063 2352 1120 XV.
2379 1063 2497 1119 Jun.
2526 1061 2639 1131 Qua
2663 1058 2990 1131 professione
3013 1069 3118 1110 non
3143 1063 3221 1109 est
3252 1052 3406 1108 nobis
3432 1048 3751 1121 arrogantiae

2167 1157 2303 1212 fama
2333 1152 2616 1210 metuenda
2643 1169 2656 1206 :
2685 1150 2808 1221 quia
2835 1163 2942 1203 non
2965 1145 3181 1217 ingenio
3206 1159 3328 1200 meo
3355 1141 3634 1223 veritatem
3659 1127 3776 1194 de?

2087 1305 2092 1310 .
2167 1248 2402 1312 fensam,
2443 1243 2539 1301 sed
2584 1242 3004 1299 imbecillitatem
3055 1229 3221 1293 nostri
3267 1229 3471 1306 ingenii
3519 1231 3757 1288 veritatis

2178 1341 2384 1397 viribus
2407 1328 2727 1402 confitemur
2753 1335 3014 1406 adjutam.
3055 1376 3060 1380 .
3149 1377 3157 1384 .
3218 1363 3257 1384 -.
3296 1362 3307 1378 θ
3425 1365 3429 1368 -
3498 1378 3504 1390 .
3577 1379 3618 1403 ._
3663 1396 3682 1408 ν

2209 1483 2214 1486 .
2243 1434 2380 1490 Anc.
2409 1431 2612 1487 Elisam
2641 1428 2890 1492 dixisses,
2917 1425 2964 1482 si
2983 1438 3170 1481 verum
3197 1421 3378 1478 dicere
3396 1419 3676 1476 voluisses.

2212 1587 2215 1591 ,
2244 1523 2384 1580 XVI.
2416 1521 2536 1579 Jun.
2569 1520 2704 1578 Cum
2731 1519 2848 1574 hinc
2868 1519 3047 1588 itaque
3076 1515 3215 1571 haud
3245 1514 3404 1570 aliter
3425 1528 3583 1583 quam
3613 1511 3754 1576 dixi,

2175 1625 2382 1674 constet
2411 1615 2656 1686 impleta;
2684 1610 2866 1668 mirari
2891 1609 3020 1665 satis
3059 1623 3266 1678 nequeo
3303 1604 3538 1684 hominis
3579 1603 3753 1674 impu-

2177 1694 2410 1765 dentiam
2433 1749 2449 1774 ,
2480 1706 2572 1778 qui
2602 1706 2656 1760 in
2689 1705 2791 1760 hoc
2820 1700 3020 1758 recenti
3060 1713 3224 1771 opere
3265 1713 3364 1752 suo
3413 1695 3583 1773 libros
3613 1708 3764 1774 meos

2179 1799 2425 1854 falsitatis
2453 1805 2688 1861 accusat,
2718 1809 2852 1865 quos
2881 1803 3060 1870 tamen
3087 1788 3316 1846 necdum
3351 1787 3403 1842 in
3424 1800 3614 1842 manus
3635 1801 3782 1862 suas.

2179 1892 2391 1948 venisse
2412 1898 2635 1961 testatur
2660 1887 2678 1960 (
2700 1886 2778 1941 De
2796 1883 3017 1960 Nuptiis
3042 1891 3088 1938 et
3117 1879 3532 1952 Concupiscentia
3548 1920 3563 1945 ,
3589 1878 3675 1932 lib.
3696 1876 3758 1944 2,

2183 2001 2237 2040 η.
2259 1983 2338 2050 2).
2358 1983 2556 2036 Durum
2575 1979 2814 2051 quidem,
2831 1968 2973 2050 quod
2995 1973 3328 2054 consuetudo
3345 1971 3594 2054 pecgandi
3613 1987 3765 2054 amo-

2184 2090 2298 2131 rem
2321 2073 2502 2129 delicti
2527 2071 2652 2128 facit
2677 2089 2692 2126 :
2717 2069 2814 2126 sed
2839 2067 2970 2125 nihil
2992 2067 3199 2131 durius,
3223 2052 3380 2136 quam
3403 2052 3542 2135 quod
3564 2052 3764 2141 exstin-

2089 2208 2101 2229 ._
2183 2166 2299 2240 guit
2339 2165 2634 2236 pudorem;
2666 2161 2808 2234 quod
2856 2161 2982 2216 licet
3023 2174 3088 2214 ex
3140 2157 3494 2228 improbitatis
3523 2170 3618 2210 usu
3643 2169 3767 2210 esse

2185 2266 2490 2332 constaret,
2510 2265 2701 2331 tamen
2720 2253 2958 2323 ‘amplius
2988 2250 3272 2322 praesentia
3301 2248 3530 2320 pericula
3559 2247 3786 2331 decue-1

2189 2335 2534 2422 runt,'quam
2580 2348 2862 2424 quisquam
2911 2354 3152 2424 nostrum
3207 2323 3790 2422 poterat‘autu'mareg

2188 2441 2412 2512 Quando
2436 2442 2578 2498 enim
2604 2433 2881 2496 crederem
2907 2453 2973 2493 eo
3005 2429 3174 2508 usque
3199 2432 3443 2512 Numidia
3465 2431 3772 2512 induruisse

2191 2537 2461 2604 frontem,
2505 2544 2566 2590 ut
2612 2534 2665 2589 in
2709 2547 2816 2588 uno
2859 2546 3023 2602 opere
3066 2539 3121 2586 et
3165 2543 3270 2584 uno
3305 2509 3777 2597 versuutrumque

2192 2629 2469 2697 fateretur,
2501 2636 2556 2685 et
2579 2642 2666 2683 me
2689 2625 2818 2681 falsa
2846 2623 3080 2691 dixisse,
3119 2631 3175 2678 et
3211 2637 3272 2679 se
3300 2636 3410 2678 non
3437 2621 3623 2692 legisse
3645 2618 3774 2692 quid

2193 2723 2440 2779 dixerim.
3105 2763 3147 2768 ..
3341 2775 3347 2788 ι
3427 2764 3432 2771 ,
3506 2772 3513 2784 Ι
3645 2771 3651 2782 1
3783 2771 3790 2786 ν

2267 2815 2402 2871 Anc.
2429 2813 2488 2870 Si
2514 2812 2617 2868 hoc
2643 2827 2750 2868 non
2782 2810 2975 2877 fecisti,
3009 2808 3100 2864 ille
3127 2806 3254 2864 fecit
3278 2806 3367 2878 qui
3399 2805 3464 2860 de
3494 2803 3639 2860 libris
3672 2801 3781 2857 tuis

2196 2924 2282 2976 ea,
2300 2923 2434 2978 Aqua:
2456 2905 2642 2962 comiti
2669 2904 2886 2961 Valerio
2913 2901 3116 2974 putavit
3143 2898 3398 2956 mittenda
3426 2913 3563 2962 esse,
3593 2895 3782 2951 decer-

2197 3000 2324 3071 psit.
2350 2997 2652 3070 Quodeum
2682 3011 2790 3051 non
2815 2993 3039 3071 credens
3065 3006 3181 3070 ego.
3196 2990 3386 3069 fecisse
3425 2986 3772 3052 mendaciter,

2198 3063 2403 3146 auctori
2433 3063 2592 3145 tribui
2631 3086 2774 3159 quod
2792 3063 3302 3160 decerptori'dcbui.
3324 3063 3468 3158 Tuos
3495 3078 3686 3149 quippe
3709 3076 3779 3131 Ii-

2201 3183 2328 3239 bros
2356 3179 2592 3237 nondum
2621 3179 2855 3250 legeram
2879 3217 2893 3242 ,
2923 3175 3018 3232 sed
3055 3190 3174 3246 qua:
3203 3173 3293 3229 ille
3319 3187 3382 3228 ex
3405 3171 3482 3226 eis
3505 3169 3787 3237 decerpse-

2203 3283 2317 3339 rat,
2361 3273 2615 3344 legeram.
2661 3267 2720 3326 Si
2765 3277 2818 3325 te
2865 3267 3137 3322 hominem
3175 3264 3474 3335 cogitares,
3527 3259 3627 3314 hoc
3670 3257 3787 3313 fieri

2206 3365 2442 3440 potuisse
2471 3378 2594 3434 cum
2621 3373 2874 3418 cerneres
2894 3401 2912 3426 ,
2943 3370 3276 3427 nequaquam
3320 3362 3428 3407 tam
3472 3348 3788 3406 invidiosam

2205 3439 2470 3530 qurereres
2493 3453 2696 3511 homini
2722 3452 2820 3508 hac
2847 3440 3126 3507 occasione
3153 3439 3500 3503 calumniam.

2280 3549 2440 3606 XVII.
2480 3548 2599 3604 ιιυι..
2639 3545 2772 3603 Nam
2814 3544 3053 3601 scribens
3077 3539 3146 3597 ad
3174 3554 3296 3596 eum
3319 3580 3336 3606 ,
3363 3552 3520 3610 quem
3564 3536 3794 3590 miratur

2208 3642 2503 3700 studiosum
2528 3655 2650 3697 esse
2677 3639 2932 3716 librorum
2964 3648 3202 3699 suorum,
3226 3647 3348 3688 cum
3374 3631 3443 3686 sit
3473 3628 3670 3684 militiae
3695 3640 3783 3680 Su-

2210 3735 2430 3794 doribus
2455 3743 2766 3805 occupatus,
2795 3726 3307 3809 indicatlab'Alypio
3339 3723 3618 3807 chartulas
3633 3721 3701 3776 ad
3729 3737 3792 3778 se

2213 3830 2376 3886 fuisse
2403 3799 2643 3894 delatas,
2671 3841 2792 3896 quae
2829 3824 2902 3879 ita
2941 3799 3318 3893 superscripta:
3343 3801 3521 3875 essent
3545 3799 3561 3872 Ξ
3589 3799 3618 3870 ι’
3636 3812 3794 3886 Capi-

2217 3923 2324 3980 tula
2359 3921 2427 3976 de
2457 3920 2598 3975 libro
2622 3916 2898 3990 Augustini
2925 3930 3082 3987 quem
3106 3913 3318 3984 scripsit
3336 3953 3350 3978 ,
3381 3918 3564 3966 contra
3587 3923 3704 3980 qua:
3729 3907 3797 3962 de

2218 4015 2364 4093 libris
2394 4028 2559 4083 pauca
2587 4008 2850 4080 decerpsi.
2883 4007 2982 4063 Hic
3019 4005 3174 4082 video
3194 4046 3225 4086 ,ι
3244 4019 3367 4084 eum
3396 4002 3483 4073 qui
3513 4009 3617 4058 tua:
3648 3999 3796 4054 Prin-

2218 4081 2428 4175 stantiae
2455 4105 2551 4178 ista
2579 4095 3010 4179 seriptadirexit,
3034 4097 3102 4152 de
3118 4080 3310 4152 nescio
3331 4081 3520 4178 quibus
3542 4091 3687 4146 libris
3708 4106 3794 4155 ea,

2219 4185 2402 4261 causa,
2422 4203 2678 4267 quantum
2704 4171 2971 4256 esi-stimo,
3001 4169 3666 4267 celerioris‘responsionis
3690 4223 3702 4247 ,
3733 4197 3799 4235 ue

2224 4299 2366 4344 tuam
2411 4286 2650 4344 dill‘erret
2694 4283 3035 4346 instantiam,
3083 4260 3655 4346 voluisse'deccrpere.
3700 4273 3798 4341 Qui

2223 4391 2398 4435 autem
2429 4379 2535 4432 sint
2560 4376 2642 4431 isti
2671 4375 2791 4430 libri
2822 4390 2941 4430 cum
2973 4371 3285 4444 cegitarem,
3317 4385 3411 4426 eos
3437 4383 3556 4425 esse
3583 4367 3802 4423 arbitra-

2226 4479 2310 4526 tus
2330 4485 2472 4535 sum,
2491 4483 2716 4540 quorum
2746 4465 3069 4520 mentionem
3095 4461 3336 4518 Julianus
3362 4459 3555 4516 facitin
3579 4455 3803 4526 epistola

2226 4578 2384 4634 quam
2415 4562 2638 4616 Romam
2677 4557 2863 4636 misit,
2895 4555 3047 4636 cujus
3075 4552 3377 4624 exemplum
3405 4549 3595 4605 simul‘
3626 4546 3688 4602 ad
3721 4561 3806 4600 me

2228 4632 2396 4723 usque
2439 4632 2693 4722 pervenit.
2725 4647 2802 4703 lbi
2825 4632 3027 4718 quippe
3054 4645 3128 4699 ait
3157 4662 3172 4698 :
3201 4644 3393 4723 Dicunt
3434 4641 3600 4723 etiam,
3639 4639 3766 4722 istas
3787 4677 3803 4701 ,

2223 4761 2346 4823 qure
2396 4718 2557 4799 modo
2599 4749 2860 4812 aguntur,
2909 4737 3119 4809 nuptias
3163 4718 3350 4791 a'Deo
3397 4719 3662 4819 institutas
3695 4719 3808 4783 non

2231 4836 2583 4914 [ιιίςεεηηιιοιι
2625 4810 2678 4891 in
2705 4835 2840 4890 libro
2881 4831 3162 4904 Augustini
3205 4813 3417 4910 legitur,
3443 4810 3623 4882 contra
3652 4838 3807 4894 quem

2231 4908 2346 5006 ego.
2375 4908 2532 4988 modo
2570 4937 2795 5002 quatuor
2826 4926 3019 4982 libellis
3039 4927 3059 4956 ¹
3101 4908 3374 4994 respondi.
3409 4940 3426 4973 ι
3454 4919 3522 4974 Ει
3549 4926 3667 4988 post
3694 4915 3809 4969 hare

2233 5026 2396 5082 verba
2421 5025 2580 5081 infert
2600 5023 2790 5094 iterum
2812 5021 2921 5075 suis
2947 5016 3288 5074 sermonibus
3320 5031 3332 5068 :
3367 5031 3386 5065 ι
3414 5009 3705 5074 Credo,ex
3735 5006 3817 5060 his

2236 5117 2428 5175 libellis
2452 5117 2550 5172 ista
2575 5114 2823 5183 decerpta
2853 5119 2978 5188 sunt
3006 5127 3018 5163 :
3055 5109 3194 5163 unde
3223 5105 3415 5164 melius
3445 5102 3667 5159 fortasse
3705 5099 3817 5153 fuc—

2238 5220 2338 5275 rat,
2371 5218 2430 5263 ut
2456 5208 2704 5262 universo
2731 5204 2831 5276 ipsi
2857 5202 3002 5274 operi
3029 5201 3167 5274 ejus,
3195 5197 3332 5280 quod
3357 5205 3580 5268 quatuor
3599 5191 3822 5246 volumi-

2241 5303 2394 5357 nibus
2435 5298 2748 5371 explicavit.
2794 5294 3087 5352 refellendo
3132 5302 3186 5348 et
3229 5275 3596 5360 redarguendo
3639 5294 3819 5338 nostra

2242 5393 2508 5447 laboraret
2533 5389 2553 5421 ³
2587 5386 2841 5451 intentio;
2867 5385 2966 5440 nisi
2986 5394 3038 5439 et
3064 5398 3164 5454 ego
3184 5380 3582 5450 responsionem
3612 5373 3828 5429 differre

2244 5484 2567 5550 noluissem;
2595 5482 2732 5537 sicut
2761 5495 2860 5535 nec
2891 5489 2944 5533 tu
2974 5475 3430 5532 transmissionctn
3461 5469 3778 5541 scriptorum
3810 5507 3824 5529 ,

2245 5564 2888 5647 quibusreSpondcndum
2909 5579 3010 5635 est,
3033 5566 3282 5623 distulisti
3307 5583 3327 5617 ι
3348 5564 3367 5636 (
3386 5561 3565 5631 Ibid.).
3587 5557 3831 5616 Ostendit

2313 5751 2334 5783 ³
2355 5750 2447 5820 ilic
2469 5747 2778 5820 manuscriptl
2797 5751 3118 5820 praetereunt,
3143 5739 3300 5820 sinat};
3330 5747 3392 5820 tnL
3403 5737 3524 5820 libro
3544 5747 3744 5820 qgoque
3775 5736 3839 5784 de

2249 5798 2907 5874 Nuptiiset_Concupiscéntia
2929 5798 3162 5866 secundo,
3189 5818 3238 5854 [ι.
3263 5802 3308 5865 ‘2,
3337 5803 3505 5852 aberat
3523 5798 3697 5850 eadem
3722 5810 3832 5861 par-

2251 5872 2396 5935 ticula
2418 5886 2445 5921 a
2469 5872 2688 5935 pluribus
2711 5878 2816 5935 atss.

2317 5934 2337 5968 ί
2369 5930 2529 5983 Codex
2551 5940 2684 5991 δίδη,
2710 5930 2866 5982 libris.

2319 5999 2339 6032 ³
2369 5997 2500 6049 idem
2521 5996 2696 6057 codex,
2721 5993 3005 6047 elaboraret.
