4140 6560
367 346 550 420 tum“.
1078 354 1152 396 W-

363 462 492 548 ergo
540 476 625 530 hic
670 472 1006 545 apertissimo
1049 477 1296 540 excerpta
1345 466 1430 522 illa
1478 465 1754 536 suspicari.
1793 480 1852 521 se
1893 465 1962 521 de

363 583 525 637 opere
552 565 672 622 meo
695 563 1035 622 tumultuarie
1058 559 1220 614 fuisse
1240 559 1496 622 collecta;
1522 557 1754 628 integros
1779 565 1960 612 autem

365 660 610 729 ignorare
640 645 825 723 libros,
846 655 1038 726 quibus
1069 662 1244 707 tamen
1276 649 1437 705 audet
1454 664 1514 720 sc
1534 647 1714 704 dicere
1737 662 1964 719 respon-

365 749 802 820 dererpotuissea
876 774 898 790 .-
963 766 1005 788 .-
1111 764 1114 766 ·
1183 759 1199 772 ν
1308 755 1375 764 ὀ
1683 767 1692 778 ι
1848 769 1852 790 ε
1934 797 1936 802 ,

391 861 400 868 ·
437 841 576 896 A‘uc.’
596 835 834 894 Ctir‘non
862 835 1114 892 auderem
1141 876 1156 902 ,
1186 833 1276 905 qui
1315 842 1368 890 te
1411 834 1464 888 in
1491 833 1569 888 eis
1595 847 1729 886 vana
1760 832 1962 889 dixisse

362 929 608 985 dubitare
633 930 816 1000 utique
843 943 948 983 non
973 927 1266 982 deberem?
1291 924 1408 986 Non
1435 925 1580 980 enim
1609 934 1798 980 contra
1830 939 1959 980 vera

365 1037 550 1093 posses
579 1021 720 1092 loqui
753 1021 854 1076 nisi
882 1035 1036 1074 vana.
1068 1017 1254 1088 Neque
1279 1032 1434 1080 meus,
1454 1016 1665 1072 animus
1697 1030 1782 1070 me
1808 1013 1964 1071 fefel-

367 1115 426 1169 lit
447 1113 575 1186 :‘eos
593 1113 1014 1183 namquedihros
1033 1108 1153 1166 tuos
1175 1110 1310 1165 tales
1332 1109 1529 1174 inveni,
1549 1123 1671 1164 cum
1699 1107 1958 1179 legerem,

365 1209 547 1279 quales
577 1202 1018 1278 pnesumpseram
1049 1219 1191 1269 esse,
1221 1210 1508 1273 antequam
1535 1201 1814 1270 legerem.

434 1298 620 1353 XVIII.
637 1297 754 1353 Jun.
776 1296 923 1351 Facit
944 1309 1154 1367 quoque
1169 1293 1411 1364 epistola:
1427 1292 1958 1362 mentionem,rquam

364 1405 398 1444 a'
415 1406 502 1446 me
521 1390 596 1443 ait
617 1387 1028 1444 Romam-fuisse
1047 1385 1309 1441 directam
1329 1401 1344 1447 ;
1371 1383 1467 1440 sed
1495 1398 1589 1453 per
1612 1384 1630 1414 ί
1659 1383 1819 1437 verba
1841 1396 1960 1452 qua:

365 1479 540 1552 posuit
557 1479 574 1547 ',
609 1479 945 1551 nequivimus
971 1492 1076 1548 quo
1102 1476 1170 1532 de
1197 1476 1399 1545 scripto
1425 1475 1755 1545 loqueretur,
1781 1468 1957 1542 agno-

364 1589 536 1630 scere.
565 1557 696 1628 Nam
720 1571 789 1626 ad
817 1570 1088 1626 Zosimum
1119 1567 1390 1640 quondam
1419 1566 1560 1621 illius
1589 1565 1818 1620 civitatis
1847 1564 1960 1634 epi-

363 1683 584 1738 scopum
625 1663 1308 1737 super=liis-quaestionibus
1345 1659 1478 1714 duas
1507 1659 1764 1729 epistolas
1793 1656 1961 1713 desti-

365 1759 518 1824 navi;
552 1773 736 1814 verum
767 1771 834 1812 co
861 1765 1100 1826 tempore
1121 1794 1138 1822 ,
1176 1769 1283 1825 quo
1322 1751 1497 1807 adhuc
1537 1751 1704 1807 libros
1731 1764 1958 1806 exorsus

366 1863 471 1907 non
501 1864 696 1906 eramu
830 1879 837 1888 ι
895 1877 897 1880 '
1209 1882 1216 1888 -
1277 1874 1283 1894 ε
1719 1892 1729 1901 ,
1840 1891 1894 1900 ..

389 1962 394 1978 ί
437 1945 572 2000 Anc.
606 1943 730 1997 Hmc
772 1940 996 2010 epistola
1042 1953 1149 1994 non
1195 1945 1278 1993 est
1317 1935 1382 1992 ad
1410 1935 1720 2000 Zosimum;
1767 1933 1957 1992 sedad

364 2049 458 2089 eos
485 2031 818 2089 seducendos
842 2031 932 2103 qui
962 2031 1419 2101 Romrepossentf
1438 2027 1531 2082 tali
1569 2026 1820 2081 suasione
1865 2039 1956 2081 se-

366 2121 647 2188 duci.‘_S'ed
691 2125 736 2180 si
766 2123 896 2179 eam
936 2136 1046 2177 non
1090 2121 1367 2193 agnoscis;
1398 2133 1555 2186 ecce,
1601 2133 1709 2173 non
1739 2117 1810 2174 sit
1843 2126 1956 2172 tua.

366 2215 578 2272 Utinam
604 2223 659 2271 et
687 2215 761 2270 illi
790 2214 911 2270 libri
940 2229 1045 2269 non
1072 2219 1257 2269 essent
1287 2210 1384 2274 tui,
1411 2209 1507 2266 sed
1533 2207 1694 2265 alieni
1720 2226 1733 2263 :
1763 2225 1832 2265 ne
1859 2223 1955 2280 per

364 2307 459 2363 ens
489 2318 545 2362 tu
576 2307 733 2378 longe
759 2321 790 2360 a
820 2305 1044 2362 veritate
1071 2305 1230 2360 lieres
1257 2303 1529 2359 alienus...
1603 2347 1610 2358 .

382 2429 390 2435 -
434 2400 580 2458 XIX.
611 2399 744 2456 Jun.
771 2395 1388 2455 Porro-utaturiindicio
1423 2393 1666 2465 cpistola:
1685 2434 1702 2462 ,
1730 2407 1835 2464 qua
1863 2400 1955 2448 aut

365 2491 571 2564 accepit
590 2493 611 2558 ,'
654 2499 748 2547 aut
794 2490 944 2545 finxit
986 2504 1073 2545 me
1114 2486 1519 2558 responsionem
1565 2492 1752 2540 contra
1791 2499 1960 2539 novos

365 2583 689 2638 Hanichaeos
731 2580 890 2655 (quia
928 2588 1082 2636 vetns
1127 2577 1446 2649 dedignatur
1488 2574 1690 2639 videri)
1732 2583 1962 2653 quatuor

371 2675 734 2732 voluminibus
757 2673 1054 2745 explicasse
1078 2689 1091 2726 ε
1114 2685 1211 2726 cur
1245 2684 1350 2726 non
1379 2666 1586 2742 curavit
1623 2681 1685 2722 ea
1711 2681 1830 2737 qua“:
1859 2665 1959 2722 ob-

362 2768 679 2840 iecissemus
704 2763 1016 2829 addiscere?
1041 2778 1138 2819 cur
1160 2773 1266 2818 non
1292 2759 1516 2825 studuit,
1535 2757 1623 2830 qui
1644 2758 1800 2812 cum’
1817 2763 1962 2813 esset

365 2869 782 2930 congressurus,
821 2867 1115 2926 agnoscere
1147 2864 1169 2917 ;'
1212 2849 1307 2907 sed
1365 2849 1593 2909 levitate
1654 2846 1960 2916 turpissima

365 2950 664 3006 concitatus
683 2947 736 3002 in
761 2955 1034 3002 certamen
1056 2941 1348 3016 maximum
1373 2937 1663 2996 luminibus
1683 2936 1956 3002 involutis,

367 3041 766 3106 Andabatarum
785 3051 956 3102 more,
979 3017 1280 3108 processit?
1299 3028 1454 3100 Quod
1476 3029 1673 3084 factum
1696 3026 1961 3098 ejusmodi

367 3111 687 3204 allegatione
710 3128 967 3194 defendit,
992 3134 1050 3182 ut
1077 3125 1220 3181 dicat
1241 3139 1301 3180 se
1323 3122 1530 3194 patroni
1555 3120 1635 3176 sui
1662 3119 1960 3174 festinatio-

371 3241 515 3294 nem,
539 3239 696 3296 quam
725 3222 812 3276 ille
837 3221 892 3275 in
917 3214 1344 3275 transmittendis
1368 3211 1581 3269 schedis
1597 3210 1812 3282 habuit,
1838 3210 1961 3265 imi-

371 3318 470 3374 tari
501 3314 759 3387 prtecipiti
791 3312 1143 3388 reSponosione
1170 3307 1401 3371 voluisse
1426 3324 1440 3359 :
1471 3303 1624 3377 quasi
1653 3319 1758 3358 non
1786 3303 1962 3358 hone-

370 3410 613 3467 stissime,
629 3404 869 3478 potuerit.
888 3403 1135 3460 intimare
1157 3410 1366 3471 tempus
1385 3398 1487 3454 sibi
1515 3395 1727 3468 aliquod
1760 3395 1962 3451 debere

369 3501 611 3567 concedi,
631 3513 749 3569 «quo
773 3497 840 3552 ad
885 3494 1167 3552 lectionem
1212 3491 1340 3547 editi
1386 3489 1569 3560 operis
1617 3489 1956 3558 perveniret;

370 3590 624 3661 flagitium
653 3603 771 3644 esse
793 3587 932 3642 inter
953 3583 1195 3641 eruditos
1221 3583 1276 3637 in
1297 3579 1564 3636 scribendi
1590 3578 1850 3648 gravitate
1870 3577 1965 3632 dc-

370 3683 642 3751 linquere,
671 3676 739 3736 et
757 3675 1091 3750 impatientia
1120 3671 1790 3742 deliberandiimpugnare
1816 3669 1959 3740 quod

372 3777 602 3832 nescias.
627 3755 750 3830 lluc‘
770 3771 1010 3836 accedit,
1039 3768 1184 3842 quod
1221 3767 1376 3823 nobis
1397 3765 1714 3829 calliditatis
1746 3765 1966 3820 molitu-

371 3887 465 3926 rus
489 3868 738 3925 invidiam
759 3909 774 3934 ,
807 3881 926 3937 qua:
949 3864 1213 3922 dictorum
1242 3861 1358 3930 ejus
1386 3860 1582 3915 seriem
1605 3857 1896 3912 curtaverit
1918 3856 1960 3923 ³,

373 3962 456 4016 his
481 3959 744 4029 excerptis
780 3956 936 4012 Iidem
963 3951 1422 4016 accommodavit,
1463 3965 1582 4020 qua:
1619 3947 1964 4004 verisimilius

373 4053 603 4111 falsitate
618 4051 737 4122 ejus
763 4060 817 4106 et
847 4047 1197 4120 malignitate,
1215 4059 1372 4116 quam
1387 4042 1698 4114 cujusquam
1722 4049 1963 4096 nostrum

373 4146 616 4216 imperita
646 4143 983 4215 simplicitate
1010 4140 1256 4196 videntur
1276 4152 1397 4194 esse
1415 4135 1735 4206 composita.
1761 4133 1963 4190 Verum

375 4236 426 4292 id
451 4236 868 4308 quovis'animo,
900 4231 1090 4303 quovis
1113 4237 1332 4284 auctore
1360 4225 1675 4296 contigerit;
1704 4224 1859 4286 nobis
1887 4232 1966 4278 ta-

375 4344 499 4384 men
524 4328 733 4388 duobus
759 4325 1082 4398 suffragatur
1108 4321 1321 4378 modis:
1349 4320 1474 4391 quia
1515 4317 1672 4374 simul
1717 4317 1886 4388 patuit
1910 4326 1966 4373 et

373 4429 570 4490 quanta
594 4421 666 4475 sit
687 4419 923 4482 levitas,
943 4426 998 4472 et
1025 4424 1224 4486 quanta
1263 4410 1602 4480 imbecillitas
1640 4411 1693 4466 in
1723 4411 1965 4466 veritatis

376 4510 614 4576 inimico,
642 4508 732 4579 qui
760 4523 820 4563 se
847 4505 1180 4578 approbavit,
1209 4514 1264 4560 et
1288 4518 1408 4559 cum
1437 4502 1582 4575 loqui
1612 4517 1718 4557 non
1741 4501 1959 4569 debeat,

378 4611 556 4654 tacere
584 4613 687 4656 nou
715 4611 893 4668 posse,
926 4605 980 4651 et
1011 4595 1192 4665 paucis
1227 4592 1542 4663 semiplenis
1570 4591 1964 4663 discerptisque

377 4691 545 4762 magis
568 4706 727 4761 quam
747 4687 1044 4760 aggregatis
1066 4683 1369 4750 sententiis,
1391 4683 1459 4739 de
1479 4683 1654 4755 primo
1677 4693 1855 4740 tamen
1878 4699 1966 4738 so-

380 4785 489 4839 lum
519 4783 655 4839 libro
683 4795 804 4837 meo
834 4778 1161 4838 incessisse
1195 4771 1488 4840 fractum“,
1518 4783 1578 4829 ut
1601 4772 1744 4843 vulgi
1787 4775 1838 4828 in
1869 4789 1966 4829 uos

380 4874 623 4930 femineis
653 4869 958 4932 admodum
1017 4866 1237 4922 vocibus
1288 4872 1505 4934 pectora
1554 4873 1962 4919 commoveret:

379 4966 521 5040 quod
547 4963 922 5038 disputationis
956 4969 1152 5016 nostra:
1182 4955 1523 5029 processibus
1549 4954 1844 5024 apparebit.

445 5185 461 5216 ι
496 5183 634 5241 Edlti,
660 5179 745 5232 sed
782 5177 944 5241 verba,
983 5177 1187 5236 omisso,
1227 5185 1347 5238 per;
1382 5183 1530 5236 quam
1560 5166 1842 5234 particulam
1875 5168 1968 5220 hoc

381 5245 488 5296 loco
503 5240 687 5294 habent
708 5249 814 5292 Mss.
838 5240 959 5290 clar.
984 5245 1095 5288 Mar.
1123 5245 1176 5288 et
1198 5243 1323 5286 μοι-ι.

443 5293 479 5338 ἶ
500 5293 788 5368 vignierius,
817 5315 922 5364 pro,
944 5301 1029 5368 qui
1051 5297 1368 5368 cum,_invitis
1404 5293 1967 5368 manuscriptis,-_c_orre-

383 5375 544 5425 xerat,
553 5357 656 5430 ἷγιιο
669 5357 796 5430 cum.
806 5357 1099 5430 _l'_.oqui'am_a_t_
1111 5362 1451 5430 Julianuscum
1463 5357 1772 5430 picergne_ac
1785 5363 1968 5430 Teren-

384 5431 470 5487 tio,
494 5419 674 5492 quibus
692 5419 934 5492 familiaris
957 5432 1033 5492 est
1053 5423 1136 5472 ille
1155 5421 1346 5492 dicendi
1368 5419 1555 5492 modus.
1592 5419 1665 5466 sic
1685 5419 1966 5492 Terentius,

385 5479 594 5541 Eunuch.
619 5495 713 5538 act.
735 5486 781 5545 4,
808 5484 1172 5548 δοθηηϐνγθιιε.
1207 5483 1263 5533 21
1290 5497 1310 5548 :_
1337 5500 1359 5528 ι
1381 5483 1574 5548 quicum
1594 5479 1784 5548 restibi
1809 5487 1902 5548 est.

450 5554 471 5586 ³
505 5541 781 5611 vignierius
792 5583 807 5607 ,
831 5545 957 5610 quod
975 5541 1248 5611 ηᾷξςιοηηη-
1257 5543 1368 5611 pjus
1389 5541 1563 5611 seriem
1585 5541 1972 5611 curtgverim._at

385 5620 513 5678 ιδεμ
547 5603 657 5678 quq
679 5603 888 5678 (scilicet
917 5607 1172 5678 calliditas)
1216 5603 1589 5678 diétqrum__ejus
1609 5603 1960 5678 semuncia-tq-

638 5665 725 5722 hac
741 5671 955 5740 lectione
971 5665 1170 5740 propius
1190 5667 1433 5740 recedens
1452 5665 1704 5715 Menardus
1732 5665 1969 5724 ediderat,

385 5737 468 5801 qui
490 5739 728 5790 dictorum
757 5732 862 5801 ejus
883 5732 1058 5801 seriem
1079 5742 1167 5780 cur
1179 5732 1411 5799 jacuerit.

449 5800 472 5833 ⁸
497 5789 576 5850 εκ
597 5789 865 5848 Itenardus.
916 5802 967 5845 At
1009 5799 1150 5856 1135.,
1179 5789 1391 5842 cessisse
1421 5789 1619 5853 factum.
1667 5789 1970 5852 viguit-rius,

387 5860 640 5915 «cessisse
659 5859 884 5923 (radunt.

1746 349 1947 408 LIBER
1989 350 2256 408 PRIMUS.

3528 359 3664 416 1058

2090 502 2099 507 -
2142 467 2276 523 Ara.
2307 466 2442 536 Quid
2472 466 2597 522 mihi
2623 468 2887 534 irasceris,
2911 468 3051 540 quod
3077 469 3143 525 ad
3174 484 3258 526 me
3283 469 3404 528 libri
3433 473 3508 528 tui
3536 489 3656 544 per-

2069 559 2252 613 venire
2283 558 2484 627 tardius
2516 568 2835 630 potucruut;
2869 561 2948 615 vel
2979 560 3121 630 quod
3148 577 3241 616 cos
3268 579 3515 632 qumreus
3545 579 3658 619 non

2067 650 2212 720 potui
2240 650 2489 706 celeriter
2513 650 2793 707 invenire?
2821 659 2998 706 tamen
3032 653 3174 722 potui
3213 661 3268 708 et
3303 639 3523 709 omnino
3557 654 3658 710 de-

1967 779 1971 788 -
2067 744 2177 810 bui,
2208 759 2270 799 ea
2297 759 2416 814 qua:
2441 743 2571 799 mihi
2615 744 2775 798 missa
2818 743 3058 798 chartula
3102 745 3443 810 continebat,
3472 746 3656 814 cujus-

2064 851 2294 909 cumque
2310 845 2363 892 et
2381 837 3008 908 qualiacumqueessent,
3027 852 3095 892 ne
3110 847 3421 906 putarentur
3437 837 3655 904 invicta,

2065 927 2222 998 plane
2255 927 2488 998 apertis,
2518 942 2627 982 non
2653 927 2908 982 involutis
2935 927 3104 983 oculis
3135 927 3398 997 inspicere
3417 968 3432 994 ,
3457 937 3512 982 et
3536 928 3654 984 sine

2063 1020 2320 1076 dilatione
2345 1019 2592 1076 refellere
2616 1038 2631 1076 :
2653 1020 2776 1090 quia
2808 1020 2908 1075 etsi
2938 1035 3207 1090 nunquam
3238 1020 3402 1076 libros
3430 1029 3549 1082 tuos
3569 1037 3658 1076 re-

2063 1111 2241 1183 perire
2273 1127 2508 1182 possem,
2537 1111 2774 1180 oportuit
2804 1119 2862 1165 ut.
2887 1126 2949 1167 ea
2978 1127 3100 1181 quae
3127 1111 3352 1182 alicujus
3397 1113 3653 1168 momenti

2020 1280 2023 1282 η
2064 1219 2186 1260 esse
2209 1203 2468 1270 credidit,
2499 1203 2590 1274 qui
2633 1211 2780 1258 tanto
2808 1203 2924 1257 viro
2951 1203 3243 1258 arbitratus
3269 1211 3497 1259 estesse
3533 1204 3656 1260 mit-

2063 1296 2241 1360 tenda,
2273 1305 2530 1368 quantum
2556 1296 2812 1370 valerem,
2840 1311 2908 1350 ne
2933 1295 3216 1367 quisquam
3250 1295 3433 1366 legens
3452 1296 3532 1351 cis
3561 1295 3657 1351 de-

2061 1389 2349 1459 ciperetur,
2381 1403 2681 1460 arguerem.
2717 1387 2836 1443 Non
2877 1404 3007 1459 ergo
3053 1388 3182 1454 mihi
3225 1388 3366 1459 quod
3410 1386 3656 1458 objecisti

2061 1481 2344 1552 objiceres,
2367 1480 2467 1534 nisi
2497 1488 2551 1534 tu
2583 1480 2760 1549 potius
2789 1480 2909 1546 ista,
2940 1489 3123 1534 utnon
3146 1478 3320 1552 dicam
3347 1479 3652 1542 exstinctis,

2061 1550 2206 1629 certe
2232 1573 2426 1628 clausis
2453 1572 2620 1626 oculis
2647 1571 2965 1642 loquereris.
2999 1570 3155 1625 Nullo
3179 1550 3338 1625 modo
3363 1580 3541 1626 autem
3562 1569 3649 1625 di-

2060 1679 2244 1731 ceres,
2271 1664 2410 1735 vulgi
2437 1680 2467 1718 a
2497 1663 2651 1718 nobis
2677 1663 2729 1717 in
2760 1678 2858 1717 vos
2903 1671 3118 1733 pectora
3147 1661 3512 1727 commoveri,
3547 1661 3651 1716 nisi

2060 1758 2228 1814 scires
2244 1756 2636 1813 multitudinem
2654 1755 2997 1812 christianam
3017 1757 3068 1809 in
3087 1765 3316 1825 utroque
3337 1769 3468 1810 sexu
3491 1755 3652 1810 fidem

2059 1851 2508 1924 catliolicam'non
2540 1850 2729 1914 latere,
2761 1864 2920 1920 quam
2941 1849 3155 1902 conaris
3178 1859 3439 1903 evertere.
3520 1900 3542 1909 ,

2131 1943 2252 2001 XX.
2281 1943 2402 1999 Jun.
2427 1941 2704 1997 Admoneo
2735 1949 2911 1996 tamen
2935 1939 3024 1994 hic
3048 1950 3282 2010 quoque;
3311 1939 3451 1994 sicut
3466 1938 3662 2012 priore

2060 2051 2091 2091 a
2118 2036 2269 2090 nobis
2294 2050 2454 2106 Opere
2485 2033 2684 2090 factum
2710 2042 2824 2101 est,
2857 2049 2963 2088 non
2991 2047 3077 2087 me
3103 2033 3280 2087 omnia
3321 2031 3650 2086 examussim

2027 2158 2030 2161 -
2060 2126 2176 2198 ejus
2201 2127 2360 2183 verba
2389 2125 2717 2198 positurum;
2749 2123 2843 2180 sed
2873 2139 2936 2179 ea
2974 2124 3177 2194 capita,
3220 2122 3413 2193 quibus
3437 2121 3652 2177 destru-

2061 2220 2182 2287 ctis,
2211 2219 2467 2274 naturalis
2496 2217 2621 2273 mali
2649 2216 2830 2288 opinio
2855 2223 3190 2273 conteratur.

2131 2312 2269 2369 Anc.
2312 2311 2422 2365 Ea‘
2450 2325 2570 2381 qua:
2615 2308 3015 2379 prattermittis,
3055 2307 3374 2378 colligentur
3415 2305 3642 2360 fortasse

2061 2403 2148 2459 vel
2176 2417 2207 2458 a
2237 2401 2392 2458 nobis
2417 2401 2500 2457 vel
2525 2401 2595 2456 ab
2632 2400 2787 2467 aliis,
2835 2407 2895 2454 ut
2939 2407 3194 2470 appareat
3219 2413 3317 2454 cur
3348 2398 3650 2468 practermi-

2062 2494 2220 2550 seris.
2235 2501 2256 2544 ⁵,
2435 2507 2442 2543 ;
2519 2499 2521 2502 ’
2661 2500 2667 2503 ·
3183 2500 3190 2506 '
3335 2499 3346 2505 ‘

2134 2587 2278 2644 XXI.
2303 2586 2423 2643 Jun.
2462 2585 2617 2656 Quod
2659 2585 2785 2642 licet
2823 2583 2983 2656 plene
3026 2582 3199 2654 primo
3239 2596 3402 2653 opere
3441 2588 3690 2648 constet,

2062 2680 2308 2737 effecmm
2337 2696 2352 2734 :
2382 2688 2558 2735 tamen
2609 2678 2862 2749 quoniam
2918 2691 3062 2730 nunc
3114 2675 3370 2730 nonnulla
3421 2673 3488 2730 de
3540 2687 3651 2730 uno

2062 2772 2320 2828 duntaxat
2347 2772 2486 2828 libro
2512 2785 2633 2826 meo
2659 2769 2760 2825 sibi
2792 2767 3081 2825 refellenda
3110 2766 3412 2838 proposuit,
3435 2767 3650 2836 meque,

2062 2873 2124 2920 ut
2146 2863 2466 2935 prrelocutus
2485 2864 2507 2894 ¹
2525 2877 2667 2927 sum,
2689 2861 2882 2931 arguit,
2905 2858 3048 2931 quod
3063 2860 3236 2930 capita
3251 2858 3513 2914 dictorum
3538 2858 3656 2928 ejus

2063 2973 2182 3028 quze
2208 2956 2427 3024 inserui,
2459 2969 2649 3026 magna
2679 2968 2745 3009 ex
2779 2961 2930 3023 parte
2956 2951 3344 3016 truncaverim;
3373 2950 3652 3007 ostendam

2064 3050 2259 3120 primo,
2278 3048 2330 3102 id
2351 3046 2492 3118 quod
2517 3045 2879 3117 reprehendit,
2898 3059 3000 3100 nec
3023 3059 3052 3098 a
3075 3059 3160 3099 me
3180 3059 3300 3099 esse
3320 3043 3537 3107 factum,
3561 3054 3616 3098 et
3633 3043 3657 3074 ³

2065 3140 2132 3195 ab
2158 3139 2248 3194 illo
2274 3136 2734 3209 impudentissime
2759 3135 2812 3189 in
2845 3135 2946 3190 hoc
2976 3135 3169 3190 eodem
3199 3132 3363 3202 optre'
3402 3133 3654 3203 frequen-

2066 3239 2254 3286 tatum.
2279 3229 2428 3284 Tunc
2455 3223 2712 3297 probabo,
2745 3226 2852 3280 illis
2876 3225 3005 3294 ipsis
3033 3223 3272 3279 cencisis
3292 3223 3654 3294 brevibusque

2065 3321 2367 3388 sententiis,
2397 3334 2530 3391 quas
2553 3319 2622 3374 de
2646 3318 2858 3388 scriptis
2889 3316 3042 3382 meis,
3066 3317 3258 3388 quibus
3287 3315 3457 3370 fuerat
3483 3315 3658 3386 impu-

2066 3424 2277 3486 gnatus,
2306 3412 2608 3480 interserit,
2636 3411 2708 3466 ita
2739 3409 2896 3465 nullis
2923 3424 3042 3464 eum
3071 3408 3255 3464 solidis
3290 3409 3658 3478 responsioni-

2067 3507 2168 3562 bus
2194 3504 2487 3572 obstitisse,
2519 3512 2578 3558 ut
2603 3511 2656 3558 et
2685 3502 2772 3556 illa
2800 3502 3043 3556 invexata
3076 3502 3460 3570 permaneant,
3490 3509 3545 3555 et
3565 3500 3655 3555 hic

2069 3599 2274 3672 planius
2302 3595 2615 3654 detestanda
2650 3595 2898 3663 fateatur,
2927 3609 3087 3665 quam
3117 3602 3298 3648 nostra
3329 3593 3503 3649 oratio
3525 3591 3547 3625 ⁸
3572 3593 3654 3648 la-

2068 3694 2348 3748 boraverat
2373 3687 2661 3759 explicare.
3019 3684 3053 3734 .'
3141 3682 3144 3686 '

2137 3785 2273 3840 Auc.
2305 3782 2420 3838 Jam
2450 3774 2776 3850 superius'ad
2799 3779 2898 3834 ista
2924 3776 3199 3847 respondi.
3411 3814 3416 3821 .
3523 3803 3526 3806 ν
3650 3809 3669 3828 ~.

2137 3873 2305 3929 XXII.
2335 3873 2456 3929 Jun.
2483 3863 2704 3928 Attoniti
2737 3883 2866 3941 ergo
2881 3883 2898 3933 ‘,
2929 3867 3057 3939 quid
3096 3876 3280 3923 contra
3309 3882 3396 3924 me
3419 3867 3673 3940 scripse--

2067 3967 2159 4034 rit,
2189 3959 2488 4021 audiamus.
2518 3981 2538 4016 ι
2567 3962 2764 4030 Verba,
2796 3981 2814 4014 ι
2842 3962 3032 4032 inquit,
3063 3977 3083 4012 ‹
3111 3959 3179 4016 de
3200 3960 3336 4016 libro
3355 3976 3480 4016 meo
3505 3961 3653 4016 tibia
3693 3943 3695 3945 1

2015 4105 2017 4107 .
2069 4073 2158 4115 me
2184 4059 2349 4113 misso
2379 4055 2580 4126 tibique
2605 4053 2886 4109 notissimo
2915 4054 3014 4107 ista
3047 4051 3242 4122 posuit,
3271 4066 3391 4122 quae
3419 4051 3654 4118 refutare

2068 4158 2290 4206 conatus
2310 4158 2392 4204 est
2417 4165 2430 4200 :
2457 4147 2806 4202 Damnatores
2835 4157 2932 4199 nos
2952 4158 3074 4199 esse
3104 4143 3426 4213 nuptiarum,
3450 4143 3659 4214 operis—

2067 4257 2172 4314 que
2196 4239 2394 4306 divini,
2428 4254 2534 4310 quo
2563 4253 2629 4294 ex
2655 4236 2893 4292 maribus
2919 4243 2974 4291 et
3002 4235 3213 4290 feminis
3235 4229 3383 4290 rDeus
3409 4235 3657 4292 homines

2068 4341 2237 4401 creat,
2257 4329 2668 4387 invidiosissime
2683 4321 2957 4383 clamitant
2979 4344 2994 4381 :
3017 4324 3534 4398 quoniamdicimus,
3559 4342 3656 4382 eos

2069 4426 2158 4498 qui
2187 4425 2253 4482 de
2279 4423 2371 4480 tali
2389 4423 2766 4478 commixtione
2793 4428 3108 4487 nascuntur,
3138 4419 3350 4474 trahere
3386 4419 3650 4491 originale

2071 4524 2379 4591 peccatum;
2404 4530 2622 4586 eosque,
2647 4513 2715 4570 de
2740 4513 3218 4585 qualibuscumque
3237 4512 3544 4583 parentibus
3569 4527 3659 4566 na.-

2061 4617 2306 4676 ‘scautur,
2338 4623 2444 4663 non
2471 4620 2727 4677 negamus
2764 4603 2938 4659 adhuc
2974 4618 3095 4660 esse
3137 4602 3240 4658 Sub
3279 4602 3526 4666 diabolo,
3556 4601 3660 4657 nisi

2064 4693 2418 4756 renascantur
2441 4695 2492 4750 in
2509 4694 2740 4750 Christo.
2765 4692 2822 4747 lu
2846 4692 2930 4748 his
2945 4691 3124 4761 verbis
3139 4690 3655 4745 meistesumouium

2071 4791 2333 4863 Apostoli,
2356 4787 2499 4858 quod
2524 4785 2815 4855 interposui
2833 4777 3376 4854 'pnetermisit,'cujus
3401 4796 3460 4835 se
3481 4781 3653 4851 premi

2072 4898 2259 4952 magna
2288 4879 2427 4935 mole
2455 4877 2737 4933 sentiebat.
2763 4875 2876 4946 Ego
2905 4874 3048 4929 enim
3083 4887 3203 4928 cum
3231 4873 3517 4940 dixissem,
3555 4873 3654 4927 ho-
3716 4870 3722 4874 ’

2072 4975 2248 5030 mines
2271 4967 2770 5038 traher'e'originale
2800 4972 3111 5037 peccatum,
3143 4979 3266 5019 mox
3293 4963 3510 5034 adjunxi
3537 4982 3552 5019 :
3581 4966 3658 5021 De
3723 4986 3726 4987 ν

2071 5079 2186 5134 quo
2206 5059 2490 5132 Apostolus
2511 5059 2604 5124 ait,
2634 5056 2738 5111 Per
2761 5072 2919 5111 unum
2944 5055 3197 5110 hominem
3210 5058 3477 5126 peccatum
3493 5055 3660 5109 intra-

2070 5157 2141 5211 vit
2169 5153 2514 5218 inmundum,
2538 5159 2582 5204 et
2610 5166 2700 5222 per
2721 5145 2978 5220 peccatum
3004 5136 3172 5213 mors;
3205 5155 3250 5200 ει
3290 5147 3364 5200 ita
3401 5147 3456 5200 in
3488 5163 3659 5202 ontues

2074 5249 2300 5304 homines
2320 5238 2632 5318 pertransiit,
2658 5243 2712 5297 in
2737 5258 2835 5313 quo
2856 5240 3028 5296 amnes
3051 5249 3377 5312 peccaverunt
3397 5239 3575 5312 (Rom.
3605 5251 3660 5308 v‘,

2063 5336 2204 5415 '12):
2227 5355 2332 5412 quo
2353 5333 2680 5400 teStimonio;
2700 5343 2758 5390 ut
2777 5334 3026 5399 diximus,
3057 5332 3436 5404 praetermisso,
3464 5340 3660 5387 «eterra

2058 5435 2162 5490 illa
2190 5431 2463 5489 contexuit
2496 5425 2628 5498 qua-3'
2660 5441 2824 5498 supra
2862 5433 3278 5481 commemorata
3318 5429 3464 5478 sunt.
3505 5421 3666 5478 Novit

2076 5527 2216 5584 enim
2247 5518 2696 5598 quemadmodum
2727 5517 2941 5577 "soleant
2980 5519 3096 5575 hmc
3139 5517 3300 5576 verba
3337 5516 3663 5589 apostolica,

2142 5662 2158 5693 ⁸
2196 5667 2296 5710 Duo
2318 5665 2445 5714 Mss,
2471 5661 2534 5706 et.

2140 5724 2162 5755 ²
2193 5723 2266 5770 sic
2284 5729 2387 5769 Mss.
2408 5719 2524 5768 aditi
2545 5751 2562 5776 ,
2585 5716 2876 5781 prolocutus.

2144 5785 2164 5816 ³
2199 5781 2489 5846 \‘ignierius,
2513 5778 2777 5829 utdlelius
2807 5783 2937 5847 Mss...
2954 5783 3017 5827 et.

2144 5848 2165 5879 δ
2199 5853 2303 5894 Mss.
2347 5851 2470 5894 Fort.
2499 5849 2549 5894 et
2569 5850 2700 5904 tum,
2720 5846 2952 5906 operam.
