4118 6564
506 352 643 409 ωηο

502 461 621 533 qua:
654 456 990 531 praetermisit
1017 497 1030 521 ,
1071 455 1313 526 accipere
1356 452 1738 508 catholicorum
1767 447 1926 504 corda
1961 444 2089 501 fide-

504 553 632 607 lium
664 569 677 605 ε
706 565 824 622 qua:
855 548 1014 605 verba
1046 557 1152 602 tam
1182 554 1327 602 recta
1357 554 1413 601 et
1451 552 1594 600 tanta
1639 545 1756 599 luce
1798 539 2051 611 fulgentia
2074 580 2089 603 ,

503 642 802 699 tenebrosis
827 650 882 697 ct
919 638 1172 694 tortuosis
1202 635 1731 707 interpretationibus
1755 631 1879 687 novi
1910 632 2083 685 lucre-

501 736 592 790 tiei
631 735 920 791 obscurare
960 740 1015 787 et
1054 731 1351 801 depravare
1392 727 1702 783 moliuntur.
1748 723 1951 784 Deinde
1989 722 2094 777 alia

504 843 625 884 mea
656 828 814 884 verba
844 824 1131 891 subtexuit,
1160 821 1246 878 ubi
1274 820 1385 876 dixi
1414 838 1427 875 :
1455 834 1553 876 nec
1590 818 1909 883 advertunt,
1950 815 2096 888 quod

503 921 576 975 ita
605 921 901 991 nuptiarum
933 918 1127 973 bonum
1161 916 1301 971 malo
1325 913 1570 986 originali
1597 912 1740 984 quod
1771 911 1895 968 inde
1922 910 2096 965 trahi-

507 1021 592 1066 tur
620 1026 724 1067 non
752 1019 922 1081 potest
950 1008 1219 1071 accusari,
1252 1007 1387 1060 sicut
1415 1004 1797 1059 adulteriorum
1827 1011 1883 1060 et
1912 1000 2090 1057 forni-

504 1105 775 1159 cationum
816 1103 1014 1157 malum
1054 1101 1197 1156 bono
1240 1098 1467 1154 naturali
1516 1095 1657 1168 quod
1698 1095 1822 1151 inde
1859 1094 2098 1150 nascitur

507 1213 613 1250 non
647 1205 819 1266 potest
843 1194 1105 1250 excusari.
1136 1192 1268 1247 Nam
1295 1190 1432 1245 sicut
1459 1196 1736 1259 peccatum
1759 1229 1772 1252 ,
1815 1187 1928 1243 sive
1972 1187 2098 1242 hinc

506 1289 620 1344 sive
662 1289 783 1345 inde
810 1304 839 1342 a
868 1287 1099 1359 parvulis
1140 1285 1401 1350 trahatur,
1449 1297 1584 1354 opus
1623 1291 1705 1337 est
1748 1280 1985 1345 diaboli;
2017 1281 2098 1334 sic

508 1379 703 1445 homo,
752 1380 863 1434 sive
907 1377 1033 1433 hinc
1076 1377 1188 1432 sive
1227 1374 1351 1430 inde
1396 1381 1667 1439 nascatur,
1699 1385 1833 1442 opus
1858 1378 1943 1425 est
1980 1369 2093 1425 Dei.

511 1470 680 1523 Etiam
710 1470 792 1523 hic
818 1484 880 1524 ca
907 1466 1277 1538 praetermisit,
1322 1465 1372 1518 in
1401 1463 1591 1535 quibus
1625 1476 1783 1517 aures
1808 1460 2097 1516 catholicas

507 1561 703 1616 timuit.
726 1560 857 1615 Nam
890 1568 949 1614 ut
969 1559 1035 1614 ad
1067 1558 1181 1614 lucc
1207 1557 1367 1614 verba
1392 1556 1684 1620 veniretur,
1708 1568 1867 1625 supra
1895 1553 2097 1609 dictum

505 1660 671 1705 erata
694 1649 847 1705 nobis
872 1668 885 1704 :
914 1650 1026 1704 Hoc
1051 1664 1180 1719 ergo
1200 1647 1324 1719 quia
1351 1646 1596 1712 dicimus,
1620 1645 1760 1715 quod
1787 1644 2098 1715 antiquissi-

507 1757 591 1795 ma
613 1749 771 1811 atquc
794 1739 1099 1794 firmissima
1121 1737 1400 1793 catholica:
1418 1735 1542 1792 fidei
1562 1736 1742 1807 regula
1770 1736 2093 1801 continetur,

508 1832 594 1885 isti
627 1831 821 1887 novelli
848 1838 903 1887 et
928 1830 1162 1900 perversi
1200 1829 1464 1899 dogmatis
1487 1837 1815 1894 assertores,
1848 1828 1939 1899 qui
1965 1827 2096 1882 nihil

505 1925 709 1992 peccati
742 1939 862 1980 esse
893 1924 945 1978 in
977 1921 1213 1992 parvulis
1238 1922 1423 1977 dicunt
1451 1920 1592 1992 quod
1620 1921 1833 1975 lavacro
1870 1934 2096 1991 regene-

507 2017 726 2071 rationis
769 2015 1038 2081 abluatur,
1089 2024 1341 2085 tanquam
1384 2013 1704 2068 damnemus
1752 2012 1998 2083 nuptias,
2044 2020 2100 2068 et

501 2118 753 2178 tanquam
780 2124 916 2178 opus
946 2108 1061 2175 Dei,
1091 2107 1193 2162 hoc
1220 2116 1323 2173 est,
1358 2105 1629 2160 hominem
1657 2106 1745 2176 qui
1774 2119 1841 2161 ex
1868 2104 1974 2160 illis
2003 2119 2099 2160 na-

500 2202 691 2267 scitur,
718 2216 855 2271 opus
882 2200 1078 2255 diaboli
1105 2215 1226 2256 esse
1254 2200 1527 2263 dicamus,
1564 2197 1851 2254 infideliter
1878 2197 1965 2253 vel
1990 2198 2096 2253 im-

506 2294 677 2361 perite
714 2292 1129 2348 calumniantur.
1172 2293 1268 2346 llis
1312 2308 1438 2362 ergo
1480 2291 1680 2347 nostris
1724 2290 2097 2362 prmtcrmissis

503 2395 801 2455 sequuntur
816 2385 910 2443 illa
934 2395 1113 2440 nostra
1143 2401 1260 2454 quae
1281 2384 1479 2454 posuit,
1504 2384 1642 2439 sicut
1656 2399 1818 2455 supra
1839 2384 2095 2455 scriptum

505 2484 588 2529 est
620 2495 637 2526 ι
672 2474 691 2548 (
715 2474 789 2529 De
811 2474 1019 2545 Nuptiis
1053 2484 1097 2528 rt
1130 2473 1577 2546 Concupiscentia,
1603 2475 1689 2528 lib.
1707 2474 1772 2541 2,
1800 2492 1888 2529 nn.
1913 2476 1968 2539 5,
1996 2476 2029 2531 4

485 2567 797 2635 .Quousque
817 2565 1162 2635 simplicitati,
1190 2566 1280 2637 qui
1309 2564 1423 2622 haec
1441 2565 1702 2637 loqueris,
1721 2565 2096 2637 religiosorum

508 2667 782 2726 pectorum
833 2666 887 2711 et
938 2656 1475 2728 impcritis'auribus
1523 2655 1787 2727 perstabis
1837 2657 2100 2714 illuderc?

508 2764 668 2818 quem
710 2747 777 2803 ad
825 2748 982 2803 finem
1028 2764 1151 2805 sese
1192 2747 1520 2818 impudentia
1545 2748 1803 2805 effrenata
1841 2749 2101 2820 jactabit?

507 2838 650 2892 Nihil
682 2848 754 2906 tc,
783 2853 905 2893 cum
932 2838 1047 2895 haec
1074 2838 1360 2905 scriberes,
1389 2854 1613 2895 censura
1638 2839 1916 2896 doctorum
1946 2840 2094 2896 viro-

507 2944 648 2997 rum,
676 2929 810 2984 nihil
836 2930 1133 2986 rcvereutia
1162 2929 1323 2986 futuri
1344 2930 1552 3001 judicii,
1583 2930 1713 2985 nihil
1739 2931 1853 3003 ipsa
1884 2931 2095 2987 littera—

508 3034 627 3074 rum
681 3027 1023 3075 monumenta
1069 3022 1391 3076 moverunt?
1436 3020 1629 3078 Patere
1666 3020 1780 3093 jam
1834 3022 2099 3079 fallaciam

510 3118 676 3177 tuam,
709 3120 763 3165 ct
791 3110 1175 3180 deprehensam
1207 3111 1375 3168 teneri
1408 3127 1513 3167 non
1540 3112 1726 3168 vides?
1746 3112 1883 3180 Quid
1907 3114 1961 3169 in
1985 3115 2098 3185 pri-

511 3217 620 3269 mo,
648 3202 775 3272 quid
806 3203 858 3257 in
884 3202 1123 3259 secundo
1150 3218 1312 3274 opere
1337 3204 1723 3276 conscripseris
1741 3245 1758 3273 ,
1796 3221 1954 3277 quem
1999 3222 2101 3262 no-

509 3302 679 3347 strum
725 3294 968 3364 ignorare
1008 3295 1323 3351 arbitraris?
1347 3296 1524 3352 Libuit
1566 3297 1709 3353 enim
1757 3312 2015 3369 prorsus,
2045 3308 2104 3356 et

505 3385 710 3453 decuit,
732 3386 814 3442 his
832 3394 882 3442 te
908 3388 1233 3457 compellare
1257 3388 1453 3454 modis,
1477 3389 1670 3458 quibus
1695 3389 1748 3444 in
1778 3390 2097 3460 parricidam

510 3480 779 3549 publicum
810 3480 1067 3550 eloquens
1095 3478 1293 3536 Consul
1324 3480 1596 3536 infremuit
1621 3479 1854 3555 (Cicero,
1885 3480 2034 3538 Orat.
2069 3485 2095 3539 1

512 3571 566 3625 in
588 3569 915 3642 Catilinam).

582 3662 718 3719 Aue.
752 3663 895 3718 Bene
934 3661 1064 3718 facis
1112 3663 1152 3731 ί,
1210 3662 1446 3720 indicare
1494 3663 1666 3726 nobis.
1716 3680 1781 3719 ue
1820 3665 1955 3722 forte
1996 3681 2101 3725 non

510 3768 925 3823 agnosceremus
949 3795 964 3820 ,
995 3755 1063 3810 de
1094 3754 1372 3811 invectivis
1415 3755 1690 3812 Ciceronis
1730 3765 1783 3813 te
1826 3758 1924 3813 ista
1952 3773 2103 3813 sum-

517 3844 687 3913 psissc
731 3853 890 3915 atque
923 3845 1150 3903 vertisse
1184 3863 1197 3899 :
1238 3845 1333 3901 sed
1363 3861 1469 3901 non
1507 3846 1757 3904 timemus
1797 3848 2063 3905 lulianum
2084 3891 2099 3916 ,

513 3950 637 3989 cum
667 3934 907 3990 videmus
934 3935 1128 3991 factum
1158 3950 1279 3992 esse
1301 3935 1636 4003 Tullianum;
1667 3938 1775 3992 imo
1815 3941 1990 4010 potius
2011 3941 2105 3995 do-

516 4026 691 4081 lemus
734 4025 1015 4093 insanum,
1074 4041 1194 4080 cum
1243 4026 1488 4083 videmus
1539 4042 1758 4085 sensum
1810 4031 2105 4098 perdidisse

514 4118 887 4173 christianum.
915 4118 1052 4185 Quid
1080 4118 1223 4174 enim
1252 4117 1491 4175 insanius
1513 4159 1527 4185 ,
1568 4136 1728 4191 quam
1760 4122 2043 4193 prohibere
2072 4139 2102 4179 a

516 4208 754 4280 parvulis
781 4209 1042 4266 medicum
1077 4208 1349 4266 Christum
1375 4252 1391 4277 ,
1412 4209 1644 4268 dicendo
1671 4228 1774 4269 non
1802 4228 1921 4271 esse
1946 4216 2000 4270 in
2027 4216 2109 4272 eis

516 4300 658 4371 quod
679 4301 700 4332 '
721 4301 864 4357 venit
885 4301 970 4357 ille
986 4301 1213 4358 sanare?
1232 4300 1419 4359 Cicero
1435 4303 1676 4360 invectus
1703 4305 1755 4360 in
1780 4308 1966 4376 patrire
1986 4323 2107 4379 par-

519 4393 770 4461 ricidam,
819 4409 937 4450 cam
974 4393 1296 4451 defendebat
1333 4395 1601 4452 civitatem
1645 4413 1804 4468 quam
1841 4415 1935 4456 rex
1989 4400 2106 4470 ejus

522 4485 802 4550 ltotnulus,
831 4485 1168 4557 congregatis
1192 4483 1565 4557 undecumque
1593 4489 1962 4558 peccatoribus
1976 4504 2108 4547 con-

516 4577 678 4632 didit:
700 4587 754 4631 tu
778 4585 957 4633 autem
979 4586 1055 4633 tot
1071 4577 1339 4648 parvulos,
1357 4578 1448 4650 qui
1473 4579 1590 4636 sine
1608 4594 1763 4635 sacro
1783 4580 2109 4652 Baptismate

518 4669 839 4736 moriuntur,
865 4677 923 4725 et
950 4669 1149 4725 clamas
1171 4677 1446 4742 peccatum
1469 4671 1672 4726 nullum
1708 4671 1930 4743 habere,
1958 4684 2011 4730 et
2038 4674 2105 4731 ad

516 4762 785 4818 civitatem
826 4761 1016 4834 Regis,
1047 4760 1114 4818 ad
1143 4757 1301 4832 cujns'
1325 4761 1607 4834 imaginem
1640 4761 1765 4820 facti
1803 4774 1958 4832 sunt,
2000 4782 2106 4822 non

519 4854 786 4923 permittis
809 4852 1089 4910 accedere.
1393 4830 1412 4849 ’

588 4944 778 5001 XXlll.
799 4945 920 5002 Jun.
945 4946 1186 5018 Apostoli
1206 4961 1293 5002 me
1310 4946 1668 5003 testimonium
1699 4950 2109 5020 prtetermisisse

517 5039 799 5111 confingis,
819 5040 962 5111 quod
984 5056 1083 5097 uec
1107 5042 1199 5097 tibi
1224 5041 1473 5112 opitulari
1499 5051 1695 5112 potest,
1718 5051 1775 5099 et
1802 5059 1832 5098 a
1854 5060 1943 5102 me
1968 5061 2109 5118 pra:-

524 5130 830 5187 termissum
851 5146 958 5187 non
978 5140 1095 5199 est;
1122 5132 1218 5188 sed
1241 5147 1307 5189 eo
1335 5131 1596 5195 insertum
1625 5134 1833 5203 ordine,
1863 5149 1970 5205 quo
1998 5150 2029 5190 a
2055 5144 2108 5193 te

524 5220 698 5277 fuerat
711 5222 1031 5279 collocatum
1055 5241 1070 5279 :
1094 5234 1258 5296 utque
1273 5225 1325 5280 in
1342 5226 1515 5295 primo
1535 5223 1769 5287 fideliter
1781 5240 2111 5285 commemo-

522 5324 728 5381 ratum,
772 5314 844 5370 ita
883 5316 1042 5371 etiam
1081 5316 1135 5372 in
1173 5325 1366 5388 quarto
1411 5318 1591 5388 operis
1634 5317 1740 5377 mei
1781 5319 1953 5386 libro,
1986 5320 2110 5377 licet

520 5404 724 5461 cursim
738 5414 794 5460 et
816 5404 1068 5473 breviter,
1095 5407 1435 5477 explanatum
1466 5393 1549 5464 est
1571 5407 1672 5483 (α).
1704 5409 2109 5475 Commemora-

524 5501 722 5556 tiouem
749 5513 962 5572 quoque
995 5499 1271 5557 catholica:
1317 5500 1572 5559 Ecclesiae
1591 5542 1608 5570 ,
1640 5518 1799 5575 quam
1829 5513 1884 5560 tu
1910 5504 1979 5565 ad
2005 5505 2110 5569 hoc

588 5677 604 5707 ί
639 5676 712 5725 Sic
732 5680 839 5724 Mss.
859 5673 996 5732 aditi,
1026 5673 1140 5724 bene
1161 5672 1349 5737 fecisti:

585 5739 607 5770 ι
640 5744 720 5787 tts.
745 5742 855 5786 Har.
871 5770 888 5797 ,
921 5741 1145 5800 quotquot
1173 5748 1192 5786 :
1216 5737 1374 5786 niiuus
1395 5742 1551 5787 recte.

584 5821 658 5880 ta)
685 5820 798 5873 vide
820 5831 984 5885 supra,
1008 5818 1093 5868 lib.
1117 5818 1149 5868 ϐ
1169 5826 1335 5871 contra
1358 5817 1595 5870 lulianum
1615 5854 1631 5883 ,
1679 5836 1726 5872 n.
1751 5824 1831 5874 75.

1179 342 1424 401 OPERIS
1465 332 1870 397 IMPERFEC’I‘I
1910 331 2182 391 CONTRA
2222 329 2588 396 JULIANUM,
2632 329 2690 386 S.
2736 325 3103 386 AUGUSTINI

3645 321 3811 377 1060’

2201 443 2431 510 feceras,
2458 450 2516 498 ut
2540 440 2857 498 catholicam
2891 440 3050 497 fldcm
3072 439 3383 497 desererent
3404 452 3433 493 a
3456 445 3508 495 te
3528 436 3746 509 decepti
3773 478 3796 506 ,

2198 545 2251 592 et
2280 535 2539 590 catholica
2568 532 3285 605 miserabiles‘appellatione
3310 529 3640 603 gauderent,
3674 545 3796 586 non

2201 629 2536 702 pmtemisi.
2569 629 2639 684 Et
2679 628 2922 701 quamvis
2960 626 3105 683 nulla
3137 634 3568 699 argumentorum
3605 625 3687 682 vis
3721 626 3788 680 in

2197 720 2457 792 ejusmodi
2475 721 2653 778 verbis
2671 729 2833 786 esset,
2854 729 3029 777 tamen
3050 735 3080 775 a
3093 735 3179 776 me
3199 718 3337 775 haud
3350 719 3504 776 aliter
3513 718 3791 776 dictorum

2199 820 2409 868 tuorum
2436 821 2597 884 caput
2626 812 2957 884 propositum
2982 820 3085 877 est,
3115 826 3273 883 quam
3301 826 3333 866 a
3360 819 3413 867 te
3440 809 3610 868 fuerat
3634 811 3792 866 ordi-

2199 914 2403 959 natum.
2456 903 2596 975 Lege
2646 903 2821 960 editos
2849 903 3015 959 libros
3067 917 3251 970 meos;
3309 903 3791 975 responsionisque

2202 996 2380 1065 fidem,
2406 1012 2565 1068 quam
2587 1004 2643 1051 tu
2673 997 2851 1068 arguis
2881 995 3100 1063 fraudis,
3132 994 3417 1066 aspiciens,
3456 1010 3540 1050 mc
3565 995 3788 1050 interim

2201 1091 2481 1160 pronuntia
2524 1104 2650 1145 vera
2676 1089 2901 1145 dicere:
2942 1098 2997 1144 tu
3040 1103 3191 1154 vero,
3237 1089 3284 1145 si
3324 1088 3648 1144 consuetudo
3688 1098 3786 1142 tua

2200 1180 2536 1251 permiserit,
2568 1179 2846 1236 crubesce.
2870 1179 2976 1236 Sed
3019 1179 3137 1251 jam
3174 1187 3387 1235 ostensa
3435 1179 3784 1235 inexcusabili

2202 1274 2449 1341 falsitate,
2472 1287 2590 1344 qum
2610 1287 2825 1344 semper
2844 1273 3056 1345 quidem
3075 1272 3272 1343 turpis,
3298 1271 3357 1328 fit
3377 1279 3548 1327 tamen
3572 1273 3784 1342 turpior

2199 1383 2319 1423 cum
2352 1368 2524 1423 locum
2555 1368 2796 1423 censoris
2835 1366 3064 1433 invadit,
3113 1376 3169 1421 et
3205 1363 3595 1420 deformitatem
3626 1380 3783 1420 suam

2199 1460 2381 1517 decori
2409 1461 2695 1532 exprobrat
2730 1460 2941 1526 alieno;
2970 1457 3266 1530 responde,
3306 1457 3430 1529 quid
3478 1457 3786 1513 Manichaeis

2199 1555 2445 1611 sensibus
2473 1564 2566 1609 aut
2600 1568 2793 1609 nomen
2825 1553 3077 1610 Ecclesim
3101 1561 3191 1607 aut
3212 1551 3453 1622 Apostoli
3476 1551 3634 1607 verba
3653 1566 3777 1607 con-

2198 1646 2428 1714 ducant,
2464 1655 2611 1703 utea
2648 1661 2769 1703 cum
2817 1654 2923 1701 tam
2962 1661 3148 1716 magna
3191 1644 3387 1701 invidia
3426 1644 3783 1715 praetermissa

2200 1737 2440 1793 causeris
2462 1735 2486 1790 ’ἰ

2272 1830 2408 1885 Aue.
2438 1827 2557 1885 Jam
2595 1827 2841 1900 superius
2880 1828 3133 1900 reSpondi
3175 1829 3296 1885 huic
3328 1827 3605 1885 calumnia:
3638 1836 3781 1892 ture,

2200 1936 2305 1992 qua
2330 1920 2460 1976 mihi
2500 1920 2785 1976 verborum
2816 1929 3026 1976 tuorum
3053 1919 3231 1989 minus
3252 1920 3460 1992 integre
3487 1919 3784 1991 positorum

2200 2012 2387 2083 objieis
2410 2012 2711 2068 falsitatem.
2727 2010 2833 2068 Sed
2846 2012 2985 2082 quod
3008 2010 3131 2068 fecit
3148 2012 3233 2067 ille
3251 2011 3551 2081 decerptor,
3571 2019 3626 2066 tu
3650 2010 3784 2066 mihi

2204 2113 2309 2158 tam
2336 2104 2564 2159 libenter
2584 2118 2690 2160 non
2717 2103 3004 2172 tribueres,
3039 2105 3084 2159 si
3108 2117 3295 2160 eorum
3317 2102 3407 2174 qui
3435 2101 3546 2159 haec
3572 2102 3781 2173 legunt,

2202 2195 2373 2252 nolles
2399 2209 2522 2252 esse
2538 2194 2814 2266 deceptor.

2273 2288 2463 2345 XXIV.
2485 2288 2604 2345 Jun.
2634 2289 2747 2345 Hoc
2772 2302 2985 2359 semper
3009 2288 3108 2344 fuit
3127 2289 3416 2344 maximum
3446 2289 3586 2344 inter
3613 2286 3784 2344 Mani-

2202 2381 2380 2438 chzcos
2403 2380 2816 2453 Catholieosque
2843 2381 3131 2438 discrimen
3157 2424 3171 2448 ,
3198 2390 3254 2438 et
3280 2381 3433 2437 limes
3461 2380 3671 2452 quidam
3698 2381 3787 2437 la-

2203 2475 2456 2539 tissimus.
2472 2489 2580 2548 quo
2594 2490 2623 2531 a
2645 2490 2705 2532 se
2726 2483 2911 2532 mutuo
2928 2477 3139 2548 piorum
3158 2485 3210 2532 et
3233 2476 3514 2546 impiorum
3532 2473 3786 2547 dogmata

2203 2575 2545 2640 srparantur,
2590 2568 2699 2624 imo
2740 2581 2930 2639 magna
2979 2567 3149 2624 moles
3180 2568 3198 2600 ί
3244 2567 3534 2623 sententias
3572 2574 3787 2622 nostras

2203 2660 2353 2732 quasi
2378 2660 2501 2717 οωιί
2524 2675 2554 2715 a
2584 2668 2727 2717 terra
2767 2659 3125 2731 profunditate
3152 2659 3484 2732 disjuugcns,
3505 2658 3647 2732 quod
3683 2674 3788 2715 nos

2203 2768 2363 2809 omne
2403 2762 2680 2824 peccatum
2709 2753 2968 2809 voluntati
2995 2753 3184 2821 malae,
3216 2754 3292 2809 illi
3318 2768 3445 2809 vero
3479 2751 3632 2807 mala:
3656 2765 3791 2809 con-

2204 2844 2445 2900 scribunt
2465 2853 2669 2900 natura:
2689 2862 2702 2897 :
2721 2846 2811 2915 qui
2833 2860 2955 2900 cum
2976 2844 3217 2901 diversos
3242 2854 3535 2916 sequuntur
3550 2858 3784 2907 errores,

2204 2935 2298 2992 sed
2324 2936 2472 2991 velut
2495 2934 2564 2991 de
2591 2936 2765 3007 capite
2782 2934 2944 2992 fontis
2970 2936 3122 2992 istius
3143 2935 3424 2992 cffluentes
3449 2950 3786 3007 consequen-

2207 3038 2289 3084 ter
2314 3028 2380 3084 ad
2407 3028 2684 3099 sacrilegia
2712 3026 3015 3100 flagitiaque
3044 3029 3398 3101 perveniunt;
3428 3030 3564 3112 sicut
3587 3029 3790 3086 Catho-

2204 3119 2290 3175 lici
2313 3135 2343 3176 e
2370 3120 2609 3191 regione,
2642 3134 2671 3174 a
2698 3120 2841 3176 bono
2862 3121 3176 3178 inchoantes
3196 3122 3436 3190 exordio,
3469 3122 3620 3178 bonis
3643 3123 3789 3178 aucti

2205 3214 2576 3285 processibus,
2605 3214 2672 3269 ad
2699 3214 2975 3287 religionis
3001 3230 3291 3281 summam,
3322 3232 3478 3287 quam
3506 3217 3637 3272 ratio
3668 3231 3790 3271 mu-

2207 3304 2283 3359 nit
2304 3313 2357 3360 et
2377 3306 2567 3376 pietas,
2594 3306 2957 3376 pervehuntur
2976 3308 3017 3359 '.
3041 3306 3121 3363 Tu
3148 3308 3306 3379 igitur
3325 3309 3522 3365 malum
3544 3311 3787 3364 naturale

2206 3408 2430 3454 certatus
2457 3413 2701 3455 asserere
2729 3400 2954 3471 profano
2977 3401 3195 3474 quidem
3224 3412 3378 3470 voto,
3404 3402 3497 3459 sed
3524 3401 3785 3458 inefficaci

2209 3490 2504 3547 intentione
2555 3494 2823 3562 usurpasti
2881 3494 3122 3564 Apostoli
3178 3494 3570 3561 testimonium,
3624 3509 3784 3565 quem

2209 3582 2307 3637 hac
2336 3582 2521 3638 eadem
2552 3583 2939 3654 pcrscriptionc
2969 3584 3196 3641 ostendo
3224 3585 3353 3641 nihil
3383 3586 3487 3642 tale
3514 3586 3782 3650 sensisse,

2206 3674 2364 3745 quale
2409 3683 2462 3729 tu
2516 3676 2844 3746 persuadere
2892 3678 3137 3745 conaris,
3177 3679 3317 3749 quod
3372 3681 3783 3753 repugnantibus

2207 3764 2381 3820 modis
2400 3775 2452 3821 et
2480 3764 2630 3820 illum
2651 3766 2974 3823 catholicum
2997 3768 3289 3833 confiteris,
3312 3777 3364 3824 et
3389 3769 3528 3826 dicta
3550 3772 3662 3842 ejus
3685 3770 3785 3824 Ma-

2206 3855 2415 3911 niclnco
2440 3856 2676 3913 aestimas
2701 3858 2976 3930 suffragari
3003 3860 3045 3914 ³.

2280 3948 2414 4004 Auc.
2444 3947 2591 4016 Quos
2614 3948 2862 4005 doctores
2889 3950 3181 4008 catholicos
3210 3951 3500 4009 Manichaee
3526 3968 3734 4011 asseras
3762 3955 3783 3988 ⁸

2208 4039 2505 4111 suffragari,
2537 4041 2631 4112 qui
2662 4042 2713 4096 in
2739 4043 2919 4099 verbis
2944 4046 3250 4114 apostolicis
3278 4047 3650 4104 intellexerunt
3679 4058 3785 4104 tra-

2210 4132 2336 4186 here
2364 4130 2615 4201 parvulos
2642 4133 2901 4204 originale
2936 4143 3212 4207 peccatum
3234 4179 3251 4206 _.
3284 4152 3384 4195 nce
3425 4149 3602 4195 vestro
3635 4155 3784 4198 more

2210 4225 2398 4280 insano
2425 4225 2571 4282 velut
2598 4240 2782 4282 sanam
2805 4228 3020 4284 laudare
3048 4237 3314 4299 naturam,
3343 4231 3436 4287 sed
3466 4233 3514 4288 ei
3539 4233 3784 4290 sanandae

2208 4316 2564 4373 adhibuerunt
2602 4317 2922 4375 medicinam
2956 4321 3131 4391 potius
3155 4321 3531 4392 christianam,
3561 4324 3604 4380 si
3643 4326 3785 4382 chri-

2208 4407 2382 4462 stiano
2395 4407 2556 4464 corde
2580 4410 2844 4481 cogitares
2863 4453 2878 4478 ,
2903 4412 3279 4483 crubcsceres,
3309 4418 3746 4474 contremisccrcs
3768 4461 3783 4484 .

2209 4500 2631 4557 obmutesceres.

2280 4591 2451 4648 XXV.
2472 4590 2593 4648 ιω..
2620 4592 2883 4664 Numquid
2906 4609 3013 4650 non
3039 4594 3201 4664 idem,
3226 4597 3541 4656 Adimantus
3564 4609 3618 4657 et
3647 4601 3785 4659 Fau-

2211 4692 2325 4740 stus
2354 4684 2556 4758 (quem
2606 4684 2659 4739 in
2700 4683 2848 4740 libris
2872 4684 3238 4744 Confessionis
3278 4697 3381 4745 tua:
3410 4701 3787 4763 przrccptorcm

2211 4784 2360 4831 tuum
2392 4774 2651 4850 loqueris)
2694 4774 2789 4850 [a],
2818 4777 3190 4835 limresiarchte
3229 4782 3311 4836 sui
3340 4782 3621 4840 traditione
3649 4784 3787 4841 fece-

2212 4877 2357 4937 runt,
2385 4869 2723 4928 obscuriores
2751 4887 2991 4946 quasque
3016 4876 3098 4931 vel
3129 4875 3196 4931 dc
3227 4877 3512 4949 Evangelio
3535 4879 3579 4947 ',
3609 4880 3691 4935 vel
3718 4880 3786 4938 de

2212 4950 2591 5033 Apostoloium
2634 4963 2885 5035 Epistolis
2911 4968 3207 5024 sententias
3231 4970 3498 5040 rapientes
3523 4980 3578 5026 ct
3601 4985 3785 5028 corra-

2211 5083 2297 5193 m;
2311 5085 2597 5193 “1:33.,
2619 5078 2762 5132 mole.
2801 5085 2857 5130 Et
2878 5093 2944 5132 ex
2966 5081 3044 5132 his
3059 5082 3391 5146 minuensis,
3414 5083 3667 5137 seruemus
3685 5098 3788 5137 om-

2276 5205 2297 5268 !
2327 5202 2401 5253 sic
2422 5209 2530 5268 uss,
2548 5208 2660 5253 mar.
2673 5209 2740 5268 _et
2760 5210 2884 5255 Port.
2906 5203 3025 5256 Editi
3049 5218 3185 5268 vero,
3208 5206 3545 5266 provehantur.

2277 5265 2298 5336 ξ
2332 5263 2477 5315 uorel
2508 5263 2773 5336 legendum
2794 5273 2983 5336 censet,
3006 5266 3146 5336 quale
3168 5263 3219 5318 tu
3242 5270 3535 5336 persuadere
3567 5283 3752 5336 genam
3768 5310 3784 5334 ,

2214 5325 2313 5400 qui
2329 5325 2703 5400 repugnandi)”
2723 5326 2878 5378 modis
2899 5364 2917 5400 ,
2927 5325 2983 5400 ,εἰ
3006 5325 3446 5400 ἰιιαηιξαιῖιοιξετιηζ
3466 5331 3719 5400 conﬁteris,
3743 5325 3784 5386 ci

2215 5387 2346 5440 (ficta
2382 5387 2487 5451 ὶξὶιῖε
2524 5387 2789 5440 ΜαηὶεΙιωο
2829 5388 3042 5443 (eum
3076 5392 3352 5458 suﬂ’ragari.
3401 5395 3515 5446 \‘ide
3553 5387 3782 5446 Elcnieut.

2215 5452 2391 5502 Critic..
2417 5462 2524 5502 ma.
2548 5449 2658 5500 233.
2723 5457 2781 5501 at.

2213 5458 2524 5515 Critic.,_pag.
2548 5458 2658 5515 2.3a.
2682 5510 2695 5515 Α
2723 5458 2781 5515 at.
2951 5513 2961 5515 _
3856 5458 3860 5463 '

2278 5521 2300 5577 ξ
2331 5510 2449 5577 Ediii
2475 5510 2501 5574 ζ
2511 5510 2794 5577 μαηίριιωὶξ
3022 5522 3143 5577 Tres
3157 5521 3286 5577 Mss,
3308 5516 3569 5570 Manio/two
3584 5531 3783 5569 asscrrm.

2279 5574 2301 5607 ³
2333 5574 2478 5646 aliti,
2503 5573 2853 5646 (imresiarehas
2877 5574 2978 5646 (vel
2998 5611 3012 5635 ,
3028 5637 3038 5646 _
3052 5573 3421 5646 figeresiarcltes)
3441 5579 3518 5632 sui
3539 5580 3788 5646 traditum

2214 5636 2431 5708 [ecenqtt
2471 5634 2767 5708 obscuriores
2784 5671 2799 5695 ,
2845 5634 2942 5708 qui.
2967 5634 3039 5708 vel
3062 5638 3126 5690 de
3148 5634 3416 5708 Evangelia:
3463 5644 3632 5708 verius
3668 5651 3787 5708 uss,

2216 5695 2559 5771 haresiarchg
2593 5696 2670 5748 sui
2691 5698 2759 5771 (id
2792 5695 2903 5771 .es't,
2930 5700 3081 5771 ipsius
3117 5695 3352 5753 Manieﬁ'mi
3375 5713 3523 5755 sectae
3546 5695 3790 5771 principis)

2220 5757 2734 5827 tradimfeceml.
2757 5757 3057 5827 φπάτέδνεδ
3077 5776 3307 5827 quasque.
3331 5772 3428 5827 etc.-

2284 5820 2354 5885 [α]
2376 5819 2549 5872 Confer
2575 5821 2749 5879 librum
2772 5823 2803 5875 5
2823 5819 3181 5876 Confessionum
3197 5819 3220 5889 ξ
3236 5819 3373 5892 «ipp.
3398 5825 3430 5880 ϐ
3452 5832 3504 5879 et
3524 5827 3597 5887 7.’
