4118 6514
256 320 382 380 1061

255 434 464 497 dentes,
492 435 550 483 ut
566 424 843 498 profanant
871 419 1061 489 dogma
1083 414 1359 471 nominum
1386 409 1701 464 auctoritate
1724 416 1839 461 tne-

256 521 483 581 rentur?
513 518 824 589 Quanquam
848 510 973 586 quid
1009 509 1131 566 dico
1163 506 1229 561 de
1268 500 1613 559 Manichaeis?
1655 512 1844 555 omnes

260 626 480 687 prorsus
502 611 737 666 haereses
765 609 975 662 inventa
1003 615 1098 658 sua
1118 642 1133 667 ,
1161 598 1354 666 quibus
1379 611 1409 651 a
1441 596 1637 667 pietate
1662 602 1716 650 et
1741 592 1846 648 ﬁde

260 686 713 766 exorbitaverunt,
739 698 1134 767 Scripturarum
1183 686 1578 745 elocutionibus
1626 692 1847 741 senten-

264 800 456 868 tiisque
477 793 864 851 communiunt.

334 891 472 945 Auc.
506 886 583 941 Illi
615 884 873 940 obscuras
911 875 1205 934 sententias
1231 875 1283 930 in
1323 887 1477 929 suum
1508 870 1697 941 dogma
1729 881 1851 923 con-

266 989 472 1037 vertere
504 993 516 1032 :
545 991 642 1031 vos
677 983 891 1044 apertas
926 972 1042 1042 ipso
1069 976 1251 1024 vestro
1280 965 1528 1037 dogmate
1562 961 1853 1017 obscurare

266 1070 549 1127 conamini.
583 1067 717 1137 Quid
745 1067 886 1122 enim
914 1064 1150 1134 apertius
1179 1075 1338 1132 quam
1363 1056 1504 1131 quod
1521 1056 1597 1111 ait
1624 1056 1853 1125 Aposto-

269 1161 669 1224 lus,Pcccatum
709 1159 761 1213 in
806 1156 951 1211 hunc
977 1152 1233 1210 mundum
1261 1166 1355 1221 per
1380 1164 1543 1205 unum
1583 1145 1854 1200 hominem

269 1254 523 1318 intrasse,
564 1260 619 1307 et
656 1266 751 1322 per
797 1256 1075 1321 peccatum
1120 1253 1347 1300 mortem
1368 1283 1382 1307 ,
1410 1250 1464 1297 et
1489 1240 1559 1294 ita
1589 1238 1644 1295 in
1669 1249 1858 1292 omnes

275 1344 521 1400 homines
566 1340 920 1414 pertransisse
971 1337 1145 1410 (Rom.
1181 1352 1235 1402 v,
1270 1334 1394 1406 1‘2)?
1437 1330 1590 1400 Quod
1634 1329 1681 1386 si
1728 1341 1855 1400 pro-

272 1437 401 1491 bare
441 1434 581 1490 idem
619 1439 901 1504 cogeretur
938 1426 1249 1499 Apostolus,
1295 1424 1466 1495 ipsam
1507 1419 1716 1491 generis
1761 1417 1860 1472 Int-

272 1526 415 1585 mnni
468 1525 739 1583 miseriam
776 1530 968 1579 testem
1015 1519 1201 1585 daret,
1243 1531 1363 1587 qua:
1406 1512 1589 1583 incipit
1618 1527 1646 1565 a
1674 1508 1862 1580 vagiti-

274 1619 373 1674 bus
394 1619 412 1650 ¹
442 1617 802 1689 parvulorum,
841 1621 895 1679 et
921 1626 1091 1683 usque
1124 1608 1192 1665 ad
1212 1606 1607 1678 decrepitormn
1634 1601 1861 1673 gemitus

276 1709 536 1782 pervenit.
563 1708 717 1764 Nullo
747 1706 888 1762 enim
916 1701 1083 1759 modo
1115 1700 1216 1758 sub
1244 1714 1371 1754 cura
1397 1692 1778 1766 omnipotentis
1808 1698 1864 1745 et

270 1802 397 1872 justi
426 1800 612 1859 eadem
663 1806 770 1857 tam
806 1810 999 1868 magna
1039 1792 1258 1849 miseria
1298 1797 1502 1846 natura:
1537 1786 1863 1855 irrogaretur

277 1892 657 1959 bumanm,,nisi
674 1893 726 1953 in
749 1889 954 1949 duobus
979 1883 1286 1943 hominibus
1313 1890 1420 1937 tota
1439 1880 1507 1935 de
1530 1876 1758 1949 paradisi
1785 1875 1862 1930 fe-

278 1987 477 2042 licitate
496 1985 548 2041 in
566 1984 704 2039 hanc
725 1979 1088 2043 infelicitatem
1112 1972 1312 2048 peccati
1337 1968 1860 2047 meritopelleretur.

346 2076 536 2133 XXVI.
564 2075 682 2131 Jun.
714 2072 850 2128 Num
887 2069 1046 2141 igitur
1072 2067 1193 2123 ideo
1213 2070 1305 2120 aut
1325 2061 1469 2119 Libri
1510 2059 1647 2116 sacri
1677 2068 1863 2113 aucto-

276 2183 366 2223 res
406 2166 770 2238 probabuntur
810 2174 1084 2226 errorum,
1111 2165 1205 2212 aut
1240 2155 1463 2213 crimina
1494 2149 1825 2223 pereuntium
1846 2188 1862 2214 ,

278 2260 677 2330 Scripturarum
698 2255 927 2326 dignitas
953 2249 1223 2324 expiabit?

348 2353 485 2407 Aac.
517 2349 630 2404 lIoc
661 2346 818 2403 vobis
842 2344 1024 2401 dicite.

350 2440 562 2499 XXVII.
594 2439 715 2497 JuL.
744 2437 1127 2507 Exstinguatur
1155 2433 1332 2504 itaque
1356 2428 1865 2499 indisciplinatarum

278 2533 669 2605 expositionum
714 2529 922 2585 libido:
959 2526 1092 2583 nihil
1119 2540 1279 2597 agere
1307 2532 1493 2579 contra
1530 2518 1866 2576 manifestam

280 2627 370 2683 Dei
391 2624 653 2698 justitiam
682 2623 845 2679 verba
873 2618 1159 2676 credantur
1204 2632 1219 2670 :
1250 2630 1369 2686 qua:
1394 2614 1440 2669 si
1482 2611 1600 2683 ejus
1625 2624 1869 2682 persona:

279 2728 425 2786 sunt,
457 2732 616 2790 quam
648 2712 893 2771 venerari
930 2724 1148 2766 necesse
1173 2717 1277 2774 est,
1300 2703 1659 2761 defendantur
1683 2700 1865 2771 expla-

282 2810 585 2866 nationibus
612 2806 806 2863 divina:
845 2800 1263 2874 congruentibus
1293 2795 1529 2868 mquitati
1549 2810 1565 2862 ;
1588 2795 1670 2850 sin
1691 2803 1868 2848 autem

282 2920 387 2958 non
415 2898 702 2957 metuendo
731 2906 855 2952 sunt
882 2903 1098 2949 auctore
1128 2891 1362 2961 prolata,
1390 2878 1548 2944 etiam
1580 2884 1870 2955 ineliquata

286 2994 565 3064 pellantur.
597 2991 758 3062 Igitur
788 3002 931 3043 nunc
967 2984 1062 3040 Dei
1085 2982 1288 3054 judicio
1312 2980 1632 3051 disputatur,
1671 2976 1740 3033 de
1765 2991 1873 3047 quo

284 3089 477 3144 dicitur
505 3087 546 3153 ³,
580 3084 719 3139 Deus
744 3081 911 3153 ﬁdelis
930 3121 948 3147 ,
979 3079 1031 3133 in
1058 3092 1154 3148 quo
1185 3091 1287 3129 non
1317 3084 1389 3128 est
1418 3072 1688 3142 iniquitas;
1700 3072 1873 3140 justus

284 3188 330 3233 et
350 3187 550 3233 sanctus
571 3174 815 3229 Dominus
837 3170 974 3224 Deus
1001 3166 1177 3240 (Deut.
1211 3179 1377 3229 χχχιι,
1402 3159 1481 3234 4).
1530 3160 1599 3215 Ει
1638 3160 1827 3214 iterum
1856 3174 1872 3213 :

283 3269 464 3325 Justus
496 3267 770 3331 Dominus,
804 3271 851 3318 et
892 3259 1146 3333 justitiam
1192 3254 1403 3319 dilexit,
1443 3251 1727 3324 aequitatem
1753 3249 1876 3304 vidit

284 3362 449 3417 vultus
478 3361 586 3431 ejus
613 3355 785 3434 (Psal.
815 3372 867 3421 ιε,
896 3352 1061 3424 8).Ει
1086 3350 1277 3405 iterum
1312 3365 1325 3402 :
1359 3345 1544 3401 Omnia
1565 3343 1766 3417 judicia
1790 3352 1878 3396 tua

285 3455 494 3525 tequitas
517 3450 687 3527 (Psal.
710 3462 898 3509 cxvnl.
922 3444 1073 3516 I72).
1099 3443 1380 3497 Innumera
1404 3446 1528 3494 sunt
1550 3435 1874 3502 testimonia,

287 3546 479 3616 quibus
506 3525 726 3613 aequitas
754 3538 931 3593 divina
963 3536 1014 3590 in
1046 3534 1215 3590 sacris
1241 3528 1599 3585 voluminibus
1620 3525 1880 3598 przedica-

291 3648 411 3691 tur:
441 3635 507 3690 de
532 3648 631 3703 qua
657 3645 815 3686 nemo
841 3638 1015 3683 tamen
1032 3625 1115 3681 vel
1145 3622 1459 3689 Gentilium,
1491 3619 1573 3676 vel
1603 3618 1882 3673 haeretico-

291 3745 440 3795 rum,
468 3734 662 3799 prteter
687 3720 1006 3779 Mauiehzeos
1034 3716 1532 3785 Traducianosque,
1564 3711 1842 3769 dubitavit.

363 3824 503 3878 Auc.
537 3820 615 3875 Ex
646 3818 746 3873 hac
770 3814 1025 3887 aequitate
1061 3825 1224 3883 grave
1247 3808 1432 3879 jugum
1455 3813 1538 3862 est
1562 3820 1723 3876 super
1746 3803 1883 3858 IiIios

293 3914 461 3971 Adam
510 3928 541 3967 a
578 3911 667 3966 die
700 3909 874 3965 exitus
907 3904 977 3962 de
1015 3910 1200 3959 ventre
1249 3899 1435 3955 matris
1470 3911 1655 3954 eorum
1696 3892 1880 3969 (Ereti.

292 4023 381 4074 χι..
411 4006 465 4077 1)
492 4021 506 4058 :
531 4001 675 4075 quod
704 3999 923 4056 omnino
948 4009 1072 4053 esse
1110 3992 1301 4050 asserit
1326 3989 1588 4063 iniquum,
1610 3988 1701 4060 qui
1723 3994 1883 4059 negat

293 4096 553 4171 originale
573 4100 851 4167 peccatum
883 4089 927 4146 ³.

364 4166 602 4246 XXVIII.
647 4184 767 4240 Jun.
794 4181 871 4238 Ita
900 4178 1045 4237 enim
1075 4175 1323 4232 omnibus
1358 4170 1711 4244 generaliter,
1757 4166 1886 4224 edo-

296 4291 453 4341 cente
478 4288 668 4337 natura
690 4276 736 4346 ⁸,
762 4273 1083 4332 inculcatum
1113 4277 1217 4337 est,
1249 4267 1417 4322 Deum
1434 4264 1637 4336 justum
1663 4275 1804 4327 esse,
1828 4268 1888 4315 ut

299 4371 638 4431 manifestum
675 4369 781 4436 sit,
835 4366 1002 4422 Deum
1060 4376 1167 4417 non
1211 4372 1331 4415 esse
1377 4370 1537 4428 quem
1589 4349 1890 4411 constiterit

293 4467 495 4539 justum
523 4477 629 4518 non
662 4474 803 4517 esse.
843 4457 1030 4514 Potest
1056 4452 1217 4526 igitur
1246 4457 1301 4506 et
1327 4448 1489 4504 homo
1507 4445 1685 4519 justus
1718 4457 1842 4502 esse
1871 4459 1885 4497 :

301 4560 444 4615 Deus
465 4569 594 4612 vero
616 4566 740 4609 esse
764 4548 867 4607 nisi
891 4548 1069 4619 justus
1097 4558 1204 4600 non
1231 4548 1426 4613 potest.

371 4652 506 4708 Auo.
538 4647 656 4704 Tibi
682 4644 791 4702 dic.

371 4739 565 4799 XXIX.
598 4737 719 4795 Jun.
747 4734 849 4805 Qui
874 4746 998 4789 cum
1028 4738 1111 4787 est
1138 4727 1226 4783 hic
1254 4740 1392 4782 unus
1422 4737 1585 4781 verus
1613 4723 1634 4755 ⁸
1660 4721 1747 4778 cui
1767 4736 1891 4777 cre-

303 4835 500 4904 dimus,
521 4839 579 4890 et
594 4844 756 4903 quem
788 4827 843 4882 in
862 4823 1123 4882 Trinitate
1160 4832 1497 4882 veneramur,
1522 4814 1687 4871 dubio
1709 4812 1892 4886 procul

305 4926 359 4983 in
380 4940 568 4984 omnes
588 4920 775 4995 judicii
796 4928 880 4976 est
901 4917 1114 4973 ratione
1132 4911 1466 4985 justissimus
1485 4908 1528 4961 '.

376 5020 512 5075 Auc.
538 5016 658 5073 Tibi
683 5014 769 5071 die
800 5031 813 5068 :
850 5020 906 5069 et
929 5007 1151 5066 ostende
1173 5005 1374 5077 justum
1401 5016 1521 5059 esse
1555 5010 1613 5056 ut
1638 5015 1758 5056 cum
1788 5009 1895 5055 tam

374 5237 555 5305 ξμεεο,
594 5225 1190 5305 qutgjndpitvagitibus,
1236 5222 1504 5282 omisso,a.

375 5298 397 5329 ²
429 5293 558 5356 uss,
585 5293 831 5346 scribitur.

376 5360 397 5392 ³
430 5340 942 5426 animi
963 5349 1197 5426 utiquam,
1235 5344 1319 5413 qui
1362 5357 1509 5410 negas
1530 5340 1763 5408 originale
1786 5354 1899 5406 pec-

310 5427 487 5471 catum.
514 5426 644 5478 Mss,
667 5418 855 5474 asserit,
875 5418 1035 5479 negat.

375 5465 895 5541 libidinem
930 5465 1119 5541 natura.
1142 5479 1225 5523 Its.
1250 5482 1367 5541 vero
1403 5474 1538 5541 ttae,
1561 5465 1788 5519 edocentc
1811 5478 1899 5515 na-

313 5551 424 5595 tura
439 5557 457 5607 ;
614 5540 759 5609 10060
782 5544 994 5609 Ρτίιῖδωί·
1022 5531 1476 5609 [άοςξπίβμφιὲῗέῖ]

376 5609 399 5641 ⁸
428 5608 590 5656 codex
614 5608 770 5653 [δορις
796 5610 912 5660 outc

378 5668 399 5701 ι
431 5649 774 5729 ιζῖεῖιῐόὸὲιξῂ
806 5649 871 5729 ιη,
889 5649 1106 5729 omnibus
1134 5653 1319 5729 judicii
1336 5652 1658 5729 "est‘ratione
1680 5649 1904 5729 justissi-

314 5712 574 5782 nutsfst'a-ri
594 5712 816 5787 cidae,
853 5724 903 5777 in
941 5712 1155 5771 omnibus
1183 5712 1389 5782 judiciis
1423 5719 1471 5768 et
1508 5712 1703 5768 ratione
1727 5712 1902 5778 justis-

316 5804 480 5844 sanus.

1106 5595 1185 5645 hic
1208 5607 1330 5644 unus
1350 5604 1507 5643 verus.

1598 292 1799 348 LIBER
1843 288 2116 345 PRIMUS.

3403 286 3420 339 I
3433 285 3541 343 063

1959 399 2236 457 manifesta
2270 400 2511 467 miseria,
2543 400 2622 456 vel
2658 400 2723 456 ad
2751 410 2856 456 tam
2897 402 3229 457 manifestam
3254 392 3535 458 miseriam

1957 502 2224 559 nascatur,
2248 508 2275 545 a
2299 507 2404 562 quo
2429 500 2703 561 peccatum
2734 493 2992 564 originale
3023 509 3125 550 non
3153 494 3412 552 trahitur.

2027 584 2198 640 XXX.
2235 582 2351 639 JCL.
2380 584 2453 639 De
2483 583 2641 654 hujus
2669 584 2845 655 itaque
2868 584 3068 656 legibus
3096 588 3165 641 ita
3197 586 3215 618 ί
3248 586 3460 657 probari
3489 596 3546 645 et

1958 675 2211 731 vindicari
2243 689 2348 730 non
2382 683 2588 746 potest,
2620 675 2760 745 quod
2792 690 2911 730 esse
2932 685 3143 732 censtat
3172 677 3451 747 injustum,
3489 689 3548 736 ut

1957 769 2001 822 si
2024 768 2125 823 hoc
2142 766 2256 822 ﬁeri
2279 777 2476 838 posset,
2501 767 2643 823 illius
2662 768 2913 824 divinitas
2928 778 3035 824 tota
3056 756 3357 827 vilesccret.
3380 773 3463 832 Ab
3481 790 3548 829 eo

1960 862 2119 934 igitur
2159 861 2467 933 probabitur
2494 861 2560 918 de
2588 863 2874 935 Scripturis
2915 865 3114 920 sanctis
3146 866 3416 937 injustitia:
3446 867 3547 922 do.
3636 873 3646 886 '

1960 976 2080 1032 gma
2111 960 2331 1027 ﬁrmari,
2369 976 2397 1014 a
2429 976 2533 1032 quo
2559 962 2839 1032 approbari
2866 963 3094 1034 quiverit
3123 963 3436 1021 Trinitatent
3463 964 3551 1021 cui

1961 1052 2229 1109 credimus
2253 1051 2543 1109 divinitatis
2560 1053 2727 1124 gloria
2754 1068 2911 1125 posse
2937 1056 3154 1125 privari.

2035 1145 2168 1202 Anc.
2196 1144 2396 1201 Verum
2423 1145 2556 1201 dicis
2591 1163 2604 1200 :
2635 1146 2731 1201 s‘d
2761 1147 2913 1202 vobis
2939 1147 3100 1204 dicite
3126 1149 3171 1214 ³,
3205 1148 3293 1220 qui
3322 1148 3550 1222 gloriam

1963 1237 2199 1302 Christo,
2228 1252 2328 1308 qua
2359 1238 2606 1308 parvulos
2634 1247 2807 1307 sanat,
2832 1239 3088 1295 molimini
3116 1239 3348 1298 auferre.

2036 1329 2231 1387 XXXI.
2254 1328 2370 1416 Jun.
2401 1330 2552 1399 Quod
2584 1332 2837 1402 quoniam
2870 1348 2970 1388 nec
3000 1332 3138 1387 ratio
3168 1334 3396 1390 suStinet
3424 1334 3552 1399 ulla,

1966 1437 2066 1477 nec
2115 1421 2325 1492 pietas:
2367 1430 2461 1476 aut
2505 1421 2674 1488 doce,
2710 1424 2791 1479 vel
2827 1439 2987 1494 posse
3019 1439 3174 1492 esse,
3226 1425 3310 1483 vel
3346 1426 3554 1497 justum

1967 1530 2120 1580 esse,
2156 1514 2404 1585 imputari
2444 1516 2690 1588 cuiquam
2731 1517 2977 1574 naturale
3027 1528 3341 1591 peccatum;
3387 1529 3481 1576 aut
3521 1536 3554 1576 a

1967 1602 2360 1677 Scripturarum
2409 1615 2715 1662 sanctarum
2766 1608 3219 1665 contaminatione
3256 1609 3553 1676 discedite,

1968 1711 2191 1766 quarum
2234 1697 2514 1754 sententiis
2556 1696 2577 1729 ³
2614 1698 2809 1754 sanciri
2848 1699 3083 1756 testimas
3129 1699 3271 1771 quod
3314 1700 3554 1774 iniquum

1969 1788 2176 1859 cogeris
2210 1787 2472 1844 conﬁteri.

2042 1880 2178 1935 Auc.
2224 1880 2427 1936 Erratis
2457 1899 2472 1937 :
2500 1894 2597 1936 vos
2634 1881 2810 1952 potius
2838 1881 3076 1954 iniquum
3109 1884 3357 1956 cogimini
3388 1884 3558 1940 conﬁ-

1972 1973 2072 2028 tcri
2123 1988 2286 2044 grave
2336 1989 2498 2045 super
2549 1974 2802 2046 parvulos
2853 1976 3071 2047 jugum;
3117 1977 3163 2033 si
3205 1978 3557 2047 quemadmo-

1972 2064 2099 2121 dum
2129 2065 2337 2122 nullum
2367 2066 2567 2123 habent
2612 2068 2929 2140 preprium,
2975 2068 3047 2124 ita
3095 2069 3300 2124 nullum
3345 2068 3564 2124 trahunt

1972 2158 2227 2229 originale
2255 2167 2557 2229 peceatum.

2042 2247 2261 2304 XXXII.
2300 2248 2421 2305 IUL.
2454 2249 2604 2317 Quod
2646 2250 2690 2306 si
2727 2258 2973 2306 neutrum
3022 2249 3212 2305 horum
3261 2266 3379 2322 qua:
3426 2250 3564 2308 dixi-

1973 2356 2113 2409 mus,
2157 2339 2358 2407 facies;
2400 2350 2455 2397 et
2494 2341 2618 2397 huic
2664 2342 2775 2396 Deo
2822 2350 2873 2397 te
2915 2342 3112 2397 asseris
3140 2341 3382 2409 credere,
3412 2341 3566 2412 cujus

1976 2431 2234 2487 institutis
2259 2430 2571 2502 iujustitiam
2610 2431 2931 2487 communiri
2971 2431 3205 2486 :estimas
3234 2449 3247 2485 :
3276 2446 3561 2504 cognosce.

1976 2523 2144 2577 multo
2170 2531 2222 2579 te
2247 2538 2442 2578 novum
2468 2523 2688 2594 antiquo
2716 2521 3012 2577 Manicher
3038 2536 3161 2578 esse
3192 2521 3449 2593 pejorem,
3475 2524 3566 2593 qui

1977 2616 2135 2672 talem
2166 2615 2335 2671 Deum
2365 2614 2586 2682 habeas,
2613 2614 2821 2685 qualem
2862 2612 3187 2668 Maniclneus
3223 2613 3316 2668 Dei
3353 2612 3438 2669 sui
3483 2622 3569 2668 est

1975 2716 2310 2764 commentus
2340 2706 2639 2763 inimicum.

2048 2803 2184 2858 Atto.
2227 2800 2336 2857 Vos
2379 2800 2533 2871 pejus
2578 2814 2737 2869 quam
2766 2797 3045 2854 Manichmi
3076 2799 3273 2853 smvitis
3301 2797 3354 2852 in
3383 2814 3570 2869 parvu-

1977 2894 2079 2952 los.
2108 2894 2190 2951 Illi
2212 2894 2410 2965 quippe
2434 2894 2666 2948 animam
2693 2892 2904 2958 saltem,
2929 2906 3088 2962 quam
3117 2900 3322 2961 partem
3347 2892 3439 2947 Dei
3468 2907 3569 2962 pu-

1980 2995 2115 3052 tant,
2142 2984 2323 3039 sanari
2352 2998 2446 3054 per
2474 2981 2745 3039 Christum
2776 2982 2827 3037 in
2856 2981 3079 3052 parvulo
3106 2983 3323 3036 volunt:
3353 2996 3452 3038 vos
3478 2997 3571 3037 au-

1982 3085 2111 3143 tem,
2138 3089 2297 3146 quem
2323 3088 2422 3129 nec
2452 3074 2504 3128 in
2530 3073 2729 3140 anima,
2764 3087 2863 3129 nec
2893 3072 2945 3128 in
2974 3088 3136 3128 carne
3179 3072 3343 3127 ullum
3373 3074 3569 3128 malum

1979 3168 2179 3225 habere
2205 3168 2402 3236 dicitis,
2442 3183 2538 3239 per
2575 3167 2848 3222 Christum
2894 3167 3074 3222 sanari
3123 3167 3269 3222 nulla
3313 3182 3382 3224 ex
3418 3178 3573 3240 parte

1960 3260 2309 3333 .permittitis.
2339 3259 2404 3315 Et
2433 3259 2677 3331 prteclari
2724 3259 3102 3330 praedicatores
3147 3259 3225 3316 sic
3266 3260 3571 3331 pratdicatis

1982 3354 2164 3410 Jcsum
2193 3351 2236 3421 ⁸,
2286 3366 2344 3407 ut
2395 3367 2515 3408 eum
2563 3351 2766 3423 negetis
2814 3353 3152 3423 parvulorum
3197 3368 3319 3409 esse
3359 3352 3568 3410 Iesum.

1984 3444 2140 3502 Unde
2166 3458 2396 3515 namque
2425 3442 2527 3498 hoc
2559 3458 2751 3498 nomen
2781 3443 3071 3514 acceperit,
3100 3443 3155 3499 in
3179 3444 3468 3517 Evangelio
3496 3445 3574 3501 Ic-

1984 3538 2090 3609 gite
2117 3535 2330 3606 (Matth.
2364 3551 2404 3603 l,
2443 3532 2578 3606 21),
2620 3542 2675 3591 et
2716 3534 2879 3590 nolite
2907 3535 3238 3592 Salvatorem
3268 3551 3373 3592 non
3414 3536 3577 3594 salvis

1985 3630 2218 3702 parvulis
2242 3628 2508 3699 denegare
2528 3628 2569 3681 ⁸.

2058 3722 2300 3779 XXXIII.
2339 3720 2458 3778 Ius.
2491 3720 2633 3791 Quas
2657 3720 2787 3776 mihi
2817 3736 2945 3793 ergo
2970 3729 3024 3776 tu
3053 3720 3142 3777 hic
3163 3721 3434 3793 ambages,
3458 3737 3578 3793 qua:

1989 3815 2270 3891 cervicalia
2298 3812 2697 3870 mendaciorum
2727 3824 2779 3868 et
2809 3813 3127 3886 ineptiarum
3149 3853 3164 3879 ,
3206 3828 3323 3884 quae
3363 3813 3580 3870 Jerusa.

1990 3912 2093 3967 lem
2150 3908 2437 3965 fornicanti
2484 3906 2731 3963 Ezechiel
2765 3906 3025 3977 propheta
3067 3907 3295 3978 imputat
3336 3905 3577 3981 (Em-It.

1991 4020 2109 4071 xm,
2161 4000 2298 4074 18);
2329 3999 2675 4064 admovehis,
2722 4000 2776 4055 in
2822 3999 3017 4071 quibus
3060 3998 3350 4055 muliebres
3385 3998 3581 4054 animm

1990 4097 2209 4160 cubent,
2233 4096 2448 4150 nomina
2479 4092 2857 4167 mysteriorum
2890 4101 3151 4159 tenentes,
3177 4107 3300 4148 cum
3325 4092 3377 4148 in
3411 4092 3581 4165 ipsam

1993 4188 2323 4246 divinitatem
2362 4194 2563 4242 retecta
2605 4182 2925 4256 profanitate
2953 4183 3340 4240 commiserint.
3390 4183 3585 4240 Remo-

1994 4283 2063 4339 tis
2088 4281 2110 4315 ⁸
2136 4280 2387 4337 omnibus
2415 4276 2701 4351 praestigiis
2742 4285 2798 4333 et
2834 4275 3213 4343 advocatorum
3258 4289 3404 4346 scepe
3448 4290 3481 4329 a
3529 4285 3584 4331 te

1994 4372 2398 4446 plebecularum
2441 4369 2690 4435 catervis,
2736 4367 2870 4424 doce
2908 4368 3111 4439 justum
3151 4381 3274 4425 esse
3309 4366 3450 4438 quod
3487 4381 3586 4439 per

1996 4465 2301 4537 Scripturas
2329 4468 2542 4518 sanctas
2570 4458 2842 4516 afﬁrmare
2869 4458 3082 4515 conaris
3109 4458 3153 4513 ⁷.

2070 4557 2208 4614 Aue.
2246 4552 2673 4620 Plebecularum,
2715 4565 2849 4623 quas
2891 4550 3105 4616 irrides,
3129 4560 3380 4617 catervm,
3412 4565 3584 4607 nove-

1997 4661 2124 4709 runt
2165 4648 2483 4706 catholicam
2529 4646 2723 4712 ﬁdem,
2763 4660 2884 4716 qua.
2927 4660 2958 4700 a
3012 4643 3289 4701 Salvatore
3333 4643 3535 4700 salvari
3561 4645 3587 4678 ⁸

1998 4744 2320 4800 conﬁtentur
2344 4741 2601 4805 infantes;
2624 4746 2681 4793 et
2719 4737 2841 4793 ideo
2879 4736 3317 4807 Pelagianorum,
3360 4735 3453 4807 qui
3482 4736 3588 4792 hoc

2002 4848 2216 4909 negant,
2244 4834 2577 4891 detestantur
2604 4845 2864 4887 errorem.

2075 4926 2315 4985 XXXIV.
2354 4924 2476 4981 Jun.
2514 4921 2595 4978 Ne
2621 4935 2752 4991 ergo
2781 4920 2833 4975 in
2865 4918 3068 4975 inﬁnita
3096 4918 3367 4974 volumina
3395 4928 3588 4976 exten-

2066 5087 2082 5118 ι
2117 5084 2190 5133 sic
2212 5090 2318 5131 Mss.
2343 5085 2467 5129 πνοι-ι.
2485 5083 2595 5126 Mar.
2621 5081 2675 5125 et
2709 5072 2831 5134 clar.
2858 5079 2912 5124 At
2935 5071 3070 5134 editi,
3092 5071 3169 5123 id.

2063 5149 2085 5212 ξ
2116 5146 2560 5212 Duo‘atss._.star._.et
2584 5142 2727 5197 πνοι-ιη

2066 5211 2089 5244 ³
2120 5194 2271 5267 ἐὰίιὶ,
2317 5200 2555 5267 discedis,
2596 5194 2857 5263 aquarum
3199 5195 3523 5247 Emendantur
3560 5209 3591 5247 a

2004 5280 2118 5323 uss.
2153 5263 2274 5319 rort'.
2294 5272 2407 5316 nar.
2430 5263 2554 5314 (ιω.

2068 5336 2091 5399 ἑ
2124 5340 2204 5399 Ms.
2224 5324 2656 5399 ροιρηριινίειιιιη.

2068 5398 2090 5429 ³
2121 5380 2269 5451 ttditi,
2291 5380 2508 5441 inridere
2535 5400 2553 5437 :
2591 5382 2874 5451 non‘male.
2897 5380 2990 5451 sed
3020 5382 3332 5451 transcripti
3369 5380 3553 5451 habent
3576 5416 3593 5439 .

2006 5442 2267 5523 denegare:
2289 5454 2566 5523 Uuttsyort.
2596 5450 2670 5523 sic
2688 5443 2974 5523 feretrani»
3006 5442 3456 5511 Evangelio'legite,
3501 5455 3595 5492 non

2007 5508 2297 5573 sulsitatem
2317 5511 2462 5565 salvis
2480 5508 2693 5575 parvulis
2715 5509 2964 5572 denegata.
3134 5508 3149 5511 '

2071 5582 2098 5656 ξ
2135 5578 2257 5656 rem
2273 5613 2289 5639 ,
2333 5578 2419 5628 sed
2458 5571 2669 5624 remotis.
2705 5568 2966 5631 Particula,
3008 5568 3094 5619 sed
3111 5604 3126 5630 ,
3172 5567 3314 5617 abest
3357 5579 3384 5614 a
3421 5575 3594 5614 tinuu-

2006 5646 2326 5773 ωῗρέἒῗιιες.
2343 5702 2482 5773 mliti,
2506 5697 2634 5773 quod
2657 5688 3264 5773 perscripturasﬁiznare
3275 5678 3494 5773 somnis.
3550 5698 3557 5706 ·

2073 5770 2095 5804 ⁸
2130 5769 2353 5825 Verbum,
2378 5760 2570 5826 saluari,
2596 5760 2690 5812 huc
2713 5768 2997 5810 revocamus
3015 5768 3076 5804 ex
3097 5760 3450 5808 manuscripts.
