4118 6524
497 379 524 393 ς
565 329 706 390 1063

563 433 719 502 datur
739 423 1064 514 oratio,‘hic,
1090 441 1182 517 hic
1211 441 1397 496 harum
1425 439 1490 496 de
1517 439 1713 510 quibus
1750 437 1957 513 agimus
1984 437 2025 501 ⁸,
2061 451 2152 491 re-

561 553 679 593 rum
704 550 894 608 genus,
919 534 1146 606 species,
1179 517 1509 598 differentia,
1560 529 1786 595 modus,
1819 525 2167 599 qualitasque'

560 637 813 686 cernatur
839 645 853 682 :
882 627 990 682 imo
1018 624 1296 681 sollicitius
1340 633 1520 679 utrum
1562 623 1693 690 sint,
1742 620 1886 676 unde
1908 620 2034 684 sint,
2064 619 2153 674 ubi

562 721 672 776 sint
691 722 736 789 ',
785 719 909 790 quid
939 720 1100 774 etiam
1147 725 1476 782 mercantur,
1522 724 1577 770 et
1619 730 1650 768 a
1678 729 1804 784 quo.
1854 711 1964 766 Iloc
2009 711 2153 766 enim

562 811 723 868 modo
749 799 848 866 nec
873 811 963 866 diu
990 826 1085 880 per
1101 807 1522 885 disputationum
1551 805 1822 860 anfractus
1858 802 2150 872 errabitur,

565 913 620 960 et
645 914 852 960 certum
881 903 1023 974 quod
1057 903 1224 957 teneri
1254 900 1445 956 debeat
1477 897 1774 970 apparebit.

635 1000 770 1056 Auo.
811 998 936 1053 Ideo
964 1005 1148 1051 contra
1189 1010 1351 1049 unum
1397 993 1588 1049 librum
1638 1007 1815 1046 meum
1842 989 2007 1045 libros
2031 999 2155 1044 octo

562 1084 823 1166 scripsisti
840 1087 929 1163 (a)
953 1129 969 1156 ,
997 1088 1120 1159 quia
1140 1086 1161 1118 ³
1186 1102 1281 1157 per
1306 1095 1391 1141 tua
1415 1083 1730 1155 compendia
1756 1081 2033 1138 dialectica
2061 1080 2154 1136 diu

565 1182 839 1251 disputare
869 1165 1103 1234 noluisti.
1177 1237 1183 1240 _
1350 1244 1356 1254 ε
1475 1249 1484 1252 ι
1557 1250 1559 1252 η
1757 1251 1762 1256 ,

641 1272 862 1329 XXXV.
902 1271 1022 1327 Jun.
1062 1269 1432 1328 Creatorishic
1471 1269 1629 1339 igitur
1649 1275 1703 1323 et
1730 1274 1990 1322 creatura:
2019 1267 2155 1320 ratio

497 1421 502 1428 _
571 1365 815 1429 vertitur,
847 1363 898 1418 id
939 1373 1022 1418 est
1065 1363 1158 1418 Dei
1199 1371 1252 1417 et
1293 1359 1552 1425 hominis;
1581 1358 1784 1428 judicat
1809 1357 1921 1421 ille,
1949 1355 2155 1426 judica-

571 1462 657 1511 tur
683 1457 785 1510 iste
812 1462 829 1510 :'
859 1454 1036 1525 itaque
1057 1453 1279 1524 justitia:
1308 1463 1361 1506 et
1388 1441 1559 1521 culpa:
1597 1465 1714 1520 qua:
1749 1449 1820 1504 sit
1849 1456 2036 1502 natura
2077 1447 2156 1501 vi-

569 1526 1027 1604 deatur.'Justitia'
1049 1533 1234 1614 est,"et
1259 1556 1313 1599 ut
1335 1544 1401 1597 ab
1429 1541 1653 1617 eruditis
1676 1540 1886 1596 deﬁniri
1915 1541 2073 1604 solet,
2102 1546 2159 1595 et

569 1651 626 1696 ut
665 1656 763 1695 nos
810 1639 1104 1709 intelligere
1147 1651 1449 1708 possumus,
1491 1622 1673 1688 virtus
1699 1621 1793 1704 si
1823 1623 1916 1702 per
1944 1629 2156 1686 Stoicos

564 1733 723 1788 liccat
748 1731 900 1786 alteri
927 1731 1147 1785 alteram
1182 1726 1453 1798 praeferre)
1488 1727 1742 1781 virtutum
1775 1723 2013 1780 omnium
2042 1737 2155 1776 ma-

566 1825 728 1887 xima,
766 1823 988 1893 fungens
1014 1821 1297 1892 diligenter
1327 1818 1506 1895 ofﬁcio
1535 1817 1601 1872 ad
1632 1815 2018 1873 restituendum
2060 1829 2155 1870 sua

564 1915 852 1986 unicuique
875 1913 992 1969 sine
1019 1899 1223 1976 fraude,
1255 1911 1372 1967 sine
1397 1910 1588 1980 gratia.
1613 1909 1616 1913 ’

577 2005 580 2008 ’
635 2009 770 2064 Anc.
813 2007 906 2061 Dic
930 2021 1058 2077 ergo
1089 2020 1192 2076 qua
1216 2003 1419 2075 justitia
1447 2002 1765 2078 retributum
1809 2000 1878 2056 sit
1921 1999 2158 2070 parvulis

560 2113 726 2171 grave
746 2086 934 2168 jugum
962 2089 1069 2151 tam
1099 2110 1306 2166 magna:
1334 2093 1734 2164 manifestzeque
1760 2092 1993 2146 miseria:
2027 2108 2041 2145 :
2069 2091 2159 2147 dic

559 2206 664 2262 qua
681 2190 884 2261 justitia
907 2189 996 2245 ille
1017 2188 1268 2259 parvulus
1293 2186 1577 2258 adoptetur
1597 2184 1620 2218 δ
1664 2186 1716 2240 in
1747 2183 2041 2256 Baptismo,
2067 2184 2159 2242 ille

545 2282 680 2338 sine
694 2281 798 2336 hac
815 2279 1105 2350 adoptione
1125 2279 1412 2344 moriatur;
1443 2292 1540 2334 cur
1555 2292 1661 2332 non
1679 2265 1751 2331 sit
1768 2276 2027 2332 ambobus
2055 2274 2157 2330 ho-

565 2388 664 2427 nor
679 2359 782 2428 iste
805 2370 1126 2435 communis,
1154 2378 1246 2424 aut
1270 2368 1338 2423 ab
1363 2369 1468 2424 isto
1497 2367 1699 2422 honore
1719 2365 1992 2432 alienatio,
2031 2381 2155 2422 cum

564 2453 644 2518 sit
656 2461 915 2518 ambobus
944 2475 1038 2517 seu
1059 2460 1196 2515 bona
1222 2448 1316 2515 seu
1341 2459 1480 2514 mala
1507 2473 1667 2514 causa
1693 2456 2010 2513 communis.
2040 2455 2155 2512 Non

565 2542 722 2624 dicis;
753 2556 876 2626 quia
909 2570 1008 2611 uec
1035 2553 1127 2610 Dei
1157 2555 1406 2625 gratiam,
1437 2569 1535 2609 nec
1568 2552 1660 2608 Dei
1696 2551 1957 2623 justitiam
1997 2549 2159 2607 homo

565 2633 737 2718 magis
761 2629 1075 2717 Pelagianus
1100 2661 1257 2716 quam
1286 2645 1618 2702 Christianus
1646 2644 1809 2715 sapis.

638 2739 885 2795 XXXVI.
924 2739 1045 2795 ιω..
1085 2739 1236 2808 Quod
1281 2739 1490 2804 si,eam
1521 2739 1822 2794 "maximam
1865 2737 1970 2794 dici
2012 2736 2157 2794 Zeno

565 2846 673 2888 non
702 2831 910 2898 siverit,
940 2831 1030 2902 qui
1061 2840 1261 2886 tantam
1290 2831 1544 2886 virtutum
1585 2829 1827 2901 copulam
1871 2830 2156 2886 unitatem-

563 2919 669 2994 que
695 2920 996 2989 conﬁrmat,
1028 2929 1087 2976 ut
1117 2921 1203 2976 ubi
1233 2920 1392 2978 fuerit
1425 2935 1551 2988 una,
1583 2935 1768 2976 omnes
1796 2920 1940 2977 dicat
1967 2921 2158 2978 adesse

566 3005 817 3092 virtutes,”
843 3020 899 3076 et
924 3011 1011 3090 ubi
1043 3011 1278 3092 unanon
1305 3010 1464 3068 fuerit
1483 3053 1499 3079 ,
1516 3013 1718 3077 “omnes
1746 3007 2158 3084 deesse;'atque

566 3089 709 3160 illam
737 3089 917 3161 veram
941 3089 1068 3160 esse
1093 3089 1365 3171 virtutem,
1396 3120 1516 3175 quae
1547 3104 1646 3160 hac
1688 3103 1922 3175 quadrua
1959 3103 2157 3176 jugali-

565 3207 673 3253 tate
703 3197 976 3267 perﬁcitur
1002 3215 1016 3251 :
1046 3206 1170 3252 tunc
1195 3212 1408 3268 quoque
1435 3196 1590 3252 nobis
1620 3197 1903 3267 plurimum
1944 3196 2156 3268 prtcbe-

564 3276 644 3344 bit
666 3285 868 3356 auxilii,
896 3305 1018 3345 cum
1049 3288 1322 3358 docuerit,
1356 3305 1454 3345 nec
1481 3288 1813 3360 prudentiam
1833 3331 1848 3356 ,
1877 3305 1977 3344 nec
2007 3288 2159 3344 forti-

563 3381 929 3450 tudinem,nec
943 3383 1346 3452 temperantiam
1362 3397 1518 3453 posse
1532 3381 1860 3452 sinejustitia
1873 3381 2153 3448 contineri;

559 3471 864 3529 secundum
881 3483 1038 3543 quam
1061 3473 1336 3549 veritatem
1360 3482 1414 3528 et
1441 3473 1790 3554 Ecclesiastes
1816 3473 2154 3544 pronuntiat,

566 3565 667 3634 Qui
682 3566 734 3621 in
749 3583 852 3621 uno
875 3566 1169 3637 peccaverit,
1193 3546 1352 3620 multa
1374 3546 1504 3620 bona
1527 3546 1697 3635 perdet
1720 3553 1917 3640 (Eccle.
1943 3580 2015 3629 Ix,
2041 3562 2154 3646 48).

633 3659 770 3714 Anc.
815 3657 950 3712 Audi
981 3656 1226 3713 eumdem
1254 3656 1616 3712 Ecclesiasten
1647 3656 1910 3711 dicentem
1939 3673 1952 3710 :
1994 3646 2155 3710 Vani-

555 3738 972 3813 tas—vanitatum,
1005 3757 1051 3803 et
1092 3748 1263 3802 omnia
1289 3749 1525 3802 vanitas:
1554 3763 1669 3818 quae
1710 3748 2021 3801 abundantia
2059 3747 2157 3801 Ito-

567 3839 722 3894 ntinis
744 3821 798 3909 in
827 3833 976 3892 omni"
999 3831 1170 3910 labore
1186 3843 1315 3912 suo,
1347 3842 1497 3914 quem
1533 3839 1641 3914 ipse
1678 3837 1871 3891 laborat
1913 3836 2004 3891 sub
2051 3836 2158 3892 sole

564 3929 677 4003 (Id.
704 3945 743 3996 ι,
763 3907 800 3982 2
817 3938 864 3983 et
885 3929 982 3999 3)?
1007 3907 1109 3983 etc.
1135 3928 1202 3982 Et
1219 3908 1314 3983 die
1341 3907 1470 3982 mihi
1491 3907 1659 3998 quare
1689 3917 1850 3982 homo
1876 3924 2034 3983 etiam
2060 3943 2156 3982 va-

543 4021 719 4094 _'nitati
746 4020 933 4075 similis
964 4019 1132 4074 factus
1159 4028 1242 4074 est
1283 4017 1470 4092 (Psal.
1515 4034 1674 4075 cxmu
1697 4061 1712 4085 ,
1747 4020 1782 4074 4
1801 4020 1840 4089 ),
1867 4019 1956 4090 qui
1985 4018 2156 4078 factus

569 4108 745 4169 fuerat
772 4111 962 4186 similis
986 4111 1216 4185 veritati.
1243 4112 1324 4166 An
1351 4111 1476 4165 hinc
1499 4111 1698 4181 excipis
1723 4112 1992 4182 parvulos,
2018 4127 2155 4184 quos

552 4192 1149 4270 videmus-crescendo,
1172 4194 1272 4258 etsi
1297 4193 1432 4258 bene
1455 4201 1783 4280 erudiuntur,
1805 4203 2150 4274 proﬁciendo,

567 4305 678 4352 tam
723 4311 970 4367 magnam
1014 4293 1256 4350 minuere
1282 4336 1297 4362 ,
1343 4309 1464 4350 cum
1494 4309 1594 4364 qua
1635 4294 1916 4360 nati'sunt,
1944 4285 2151 4351 vanita-

549 4385 714 4456 tem;
746 4405 846 4444 nec
875 4403 938 4445 ea
967 4381 1080 4443 tota
1108 4401 1294 4442 carere
1315 4429 1329 4455 ,
1374 4386 1476 4442 nisi
1519 4401 1707 4442 omnes
1746 4386 1862 4443 dies
1905 4388 2152 4444 vanitatis

568 4481 715 4536 velut
744 4481 929 4535 umbra
961 4479 1300 4545 transierint?
1391 4490 1396 4500 ‘

641 4571 908 4627 XXXVII.
950 4571 1068 4627 Jun.
1109 4570 1236 4627 Haec
1275 4571 1436 4642 igitur
1473 4580 1692 4642 augusta
1729 4573 1916 4638 virtus,
1949 4589 2148 4646 expun-

565 4665 701 4720 ctrix
755 4655 1170 4733 uniuscujusque
1226 4651 1591 4728 meritorum,
1640 4663 1692 4719 in
1743 4647 2150 4737 o'peribus‘qui-

563 4757 686 4813 dem
718 4754 958 4828 imaginis
987 4739 1182 4821 D'ei,-id
1213 4765 1296 4810 est
1326 4756 1572 4810 humana:
1600 4758 1823 4825 anima),
1867 4773 1962 4828 pro
1991 4774 2145 4814 crea-

567 4857 701 4903 tura:
726 4847 892 4918 ipsius
917 4846 1078 4902 modo
1109 4856 1161 4902 et
1186 4846 1392 4901 viribus
1424 4845 1764 4902 intermicat:
1795 4849 1847 4902 in
1877 4849 1991 4918 ipso
2020 4865 2148 4905 vero

564 4927 958 5004 Deo,'omnium
985 4955 1103 5008 qua:
1133 4947 1257 4994 sunt
1283 4955 1348 4994 ex
1376 4939 1541 4994 nihilo
1564 4925 1856 5004 conditore,
1887 4943 2146 4998 immenso

560 5038 615 5083 et
643 5029 788 5085 claro
819 5046 912 5099 per
937 5039 1192 5084 arternum
1237 5029 1365 5084 orbe
1393 5029 1414 5060 ⁸
1455 5029 1780 5099 resplendet.
1828 5030 1988 5102 Origo
2029 5034 2145 5101 ejus

559 5120 808 5175 divinitas
837 5130 939 5187 est,
968 5128 1097 5174 :etas
1126 5119 1240 5188 ejus
1270 5121 1562 5187 aeternitas,
1604 5129 1659 5175 et
1696 5123 1966 5178 aeternitas
2003 5125 2144 5181 ultro

558 5213 696 5268 citro
723 5197 1287 5268 nescia-vel'desinere
1317 5213 1399 5267 vel
1429 5214 1675 5284 coepisse.
1718 5215 1790 5271 Ut
1823 5231 1951 5288 ergo
1976 5233 2142 5289 genus

623 5362 642 5392 ι
663 5359 996 5427 _\'ignieri_us,_
1021 5357 1174 5427 oratio
1210 5357 1288 5427 hic
1310 5358 1484 5427 [tarum
1505 5359 1591 5427 de;
1610 5360 1780 5425 quibus
1801 5361 2002 5427 agitmts.
2045 5373 2142 5416 Me-

624 5495 644 5514 ²
678 5495 760 5530 me
783 5495 844 5530 ex
868 5495 1198 5550 manuscrtpus
1214 5495 1539 5552 resutmmus,
1571 5495 1654 5535 um
1674 5495 1784 5537 sint.

622 5544 644 5614 ξ
675 5544 835 5614 liga“
859 5553 959 5614 qui.
985 5547 1040 5614 At
1058 5549 1188 5598 Ilss..
1212 5556 1410 5614 (φημικά
1754 5606 1765 5614 _

621 5605 644 5636 δ
675 5601 924 5675 Editi,_dic
955 5601 1099 5675 etiam
1132 5601 1236 5675 qua'
1251 5605 1442 5675 justitia
1476 5606 1572 5675 ille
1594 5606 1821 5675 parvulus
1863 5609 2138 5675 adoptatur.

559 5665 860 5736 ιικρητλα-ἱριὶ
879 5664 1200 5736 praetereunt,
1225 5664 1400 5736 etiam;
1426 5675 1477 5718 et
1497 5664 1679 5736 habent
1694 5702 1716 5729 ,-
1742 5664 2012 5736 adopteuir.
2095 5685 2106 5688 ·

619 5729 641 5762 ι
674 5727 747 5791 sic
763 5726 1087 5791 mansa-ipa.
1125 5734 1181 5776 At.
1204 5727 1351 5791 editi,
1385 5726 1473 5791 pro
1493 5726 1670 5781 mm
1690 5726 1848 5782 brbe.’
2039 5775 2046 5788 .

619 5788 693 5849 (ai
709 5794 880 5836 contra
902 5784 1075 5834 librum
1089 5784 1355 5838 secundtun
1378 5784 1441 5840 ile
1462 5793 1642 5852 Nuptiis
1658 5801 1708 5844 et
1727 5784 2134 5857 concupiscentia.

1509 6491 1685 6512 Δ,

1240 323 1486 382 OPERIS
1525 321 1938 379 IMPERFECTI
1975 319 2249 377 CONTRA
2289 316 2649 388 JULIANUM,
2691 320 2751 376 S.
2792 319 3159 378 AUGUSTINI

3697 323 3840 384 ίοθι

2262 434 2380 504 ejus
2406 434 2536 505 (quo
2562 435 2776 492 nomine
2803 435 2935 490 nihil
2964 435 3106 491 aliud
3137 451 3292 507 quam
3323 436 3580 508 originem
3612 438 3839 513 intelligi
3865 451 3868 454 '

2263 525 2426 596 volo)
2454 525 2596 580 Deus
2625 535 2705 580 est
2736 543 2749 580 :
2785 526 2855 580 ita
2880 527 3089 596 species
3112 527 3227 596 ejus
3256 527 3306 583 in
3337 527 3512 599 legum
3539 533 3836 604 promulga~

2262 615 2407 671 tione
2430 615 2857 688 judiciorumquc
2885 626 3106 689 apparet
3132 618 3432 674 effectibus.

2329 707 2464 764 Anc.
2503 707 2559 764 Si
2589 708 2740 780 origo
2760 708 2980 779 justitim
3012 709 3150 765 Deus
3174 718 3272 776 est,
3303 721 3360 765 ut
3385 710 3599 778 fateris;
3628 727 3723 768 cur
3744 712 3845 768 ho-

2259 801 2390 855 mini
2427 801 2496 855 ab
2539 801 2654 872 ipso
2709 801 2826 857 dari
2863 802 3120 871 justitiam
3157 817 3262 858 non
3308 802 3528 870 fateris,
3571 814 3624 860 et
3665 806 3842 876 petitis

2260 883 2506 945 humana:
2530 891 2820 946 voluntatis
2847 892 3143 960 arbitrium,
3181 908 3338 964 quam
3375 893 3471 949 Dei
3510 894 3727 961 donum,
3755 897 3843 952 vis

2259 995 2380 1036 esse
2410 980 2708 1051 justitiam;
2740 991 2799 1036 ut
2825 982 2900 1036 sis
2926 981 2981 1037 in
3021 983 3100 1038 eis
3139 981 3209 1039 de
3247 983 3437 1054 quibus
3478 984 3674 1040 dictum
3718 995 3840 1054 est,

2261 1073 2561 1143 Ignorantes
2589 1075 2688 1130 Dei
2701 1076 2975 1147 justitiam,
3009 1084 3054 1131 et
3093 1092 3239 1131 suam
3275 1075 3494 1133 uolentes
3517 1064 3840 1145 constituere,

2249 1167 2466 1238 justitia
2495 1167 2586 1222 Dei
2611 1185 2711 1222 non
2738 1178 2854 1223 sunt
2881 1169 3091 1240 subjecti
3117 1168 3290 1243 (Rom.
3322 1185 3376 1236 x,
3413 1171 3501 1241 3)?
3527 1171 3842 1228 Erubescite

2262 1257 2502 1325 tandem,
2531 1259 2779 1324 obsecro,
2803 1268 2857 1334 et
2882 1259 2950 1314 ab
2977 1259 3068 1315 illo
3085 1258 3346 1330 justitiam
3374 1263 3592 1332 poscite,
3619 1263 3706 1334 qui
3732 1275 3837 1329 est,

2260 1357 2318 1403 ut
2344 1348 2496 1404 fateri
2527 1350 2791 1420 compulsi
2820 1332 2968 1417 estis,
2999 1348 3150 1422 Origo
3173 1351 3412 1416 ju’stitize:

2330 1442 2618 1498 XXXVIII.
2657 1443 2776 1499 Jun.
2819 1442 3178 1499 Diﬁ‘erentiam
3219 1443 3503 1516 veroejus
3529 1446 3547 1478 ⁸
3587 1461 3692 1501 non
3733 1446 3836 1502 ab-

2259 1535 2420 1591 surde
2462 1537 2752 1607 intelligere
2779 1551 3081 1607 possumus,
3112 1538 3313 1592 variam
3343 1539 3364 1570 '
3404 1553 3499 1608 pro
3523 1540 3835 1609 Opportuni-

2261 1635 2370 1681 tatc
2399 1635 2698 1696 temporum
2725 1626 3194 1698 dispensationem.
3229 1627 3385 1682 Verbi
3424 1630 3588 1698 gratia
3607 1671 3621 1694 ,
3651 1630 3837 1686 hostia:

2258 1717 2327 1774 de
2353 1721 2634 1789 pecoribus
2661 1719 2712 1773 in
2740 1717 2933 1775 Vetere
2953 1719 3293 1774 Testamento
3317 1719 3524 1774 fuerant
3549 1721 3833 1791 imperata;

2262 1809 2319 1865 ld
2349 1819 2474 1865 tunc
2499 1809 2725 1881 implere
2754 1809 3055 1881 pertinebat
3080 1806 3148 1864 ad
3173 1808 3524 1866 reverentiam
3548 1811 3832 1881 jussionis:

2260 1917 2405 1958 nunc
2430 1917 2558 1958 vero
2588 1901 2783 1957 indicta
2813 1916 2999 1957 eorum
3020 1901 3374 1956 dissimulatio
3405 1902 3475 1956 ita
3504 1902 3664 1957 servit
3681 1902 3837 1973 justi-

2265 1993 2352 2047 tia:
2391 1993 2758 2064 praecipienti,
2809 2001 2863 2047 ut
2911 2000 3036 2048 tunc
3081 1991 3280 2047 oblatio
3325 1979 3626 2048 serviebat.
3655 1985 3836 2048 Modus

2262 2099 2390 2140 vero
2419 2084 2536 2154 ejus
2563 2093 2645 2140 est
2672 2085 2754 2140 vel
2783 2092 2973 2150 status,
3010 2083 3153 2155 quod
3191 2099 3290 2140 nec
3329 2087 3586 2155 cuiquam.
3611 2087 3835 2156 amplius

2259 2189 2421 2246 quam
2444 2175 2586 2230 vires
2613 2177 2885 2246 patiuntur
2913 2175 3119 2243 indicit,
3142 2174 3223 2230 vel
3248 2174 3388 2246 quod
3417 2175 3832 2232 misericordiam

2261 2282 2367 2321 non
2409 2265 2664 2322 retundit.
2708 2266 2944 2335 Qualitas
2988 2274 3164 2321 autem
3209 2265 3324 2336 ejus
3367 2266 3691 2337 intelligitur,
3741 2282 3836 2338 per

2259 2373 2418 2430 quam
2446 2359 2548 2429 piis
2576 2358 2847 2414 mentibus
2869 2358 3009 2429 sapit
3035 2357 3280 2414 dulciter.
3320 2345 3416 2414 Est
3461 2346 3616 2431 igitur
3654 2361 3834 2430 procul

2261 2449 2424 2506 dubio
2448 2449 2676 2521 justitia,
2705 2449 2788 2504 sin
2851 2464 2953 2520 qua
2990 2449 3162 2506 deitas
3191 2465 3296 2505 non
3342 2459 3458 2519 est;
3486 2467 3602 2522 quae
3643 2453 3687 2508 si
3729 2467 3834 2509 non

2261 2537 2424 2607 esset,
2456 2541 2600 2596 Deus
2629 2555 2735 2596 non
2767 2551 2948 2597 esset:
2977 2552 3062 2596 est
3096 2550 3272 2597 autem
3320 2542 3458 2598 Deus
3478 2581 3496 2610 ,
3539 2551 3620 2598 est
3665 2544 3839 2614 itaque

2259 2632 2379 2688 sine
2405 2626 2751 2704 ambiguitate
2775 2629 2998 2703 justitia.
3023 2632 3141 2689 Non
3177 2642 3263 2690 est
3299 2642 3476 2690 autem
3504 2635 3643 2691 aliud
3679 2652 3839 2708 quam

2262 2727 2437 2781 virtus
2461 2727 2638 2782 omnia
2665 2727 2964 2791 continens,
2981 2736 3037 2784 et
3055 2729 3340 2785 restituens
3361 2745 3513 2786 suum
3537 2725 3837 2802 unicuique,

2263 2817 2381 2875 sine
2413 2817 2621 2885 fraude,
2665 2819 2783 2875 sine
2811 2821 3001 2891 gratia.
3032 2819 3283 2877 Constitit
3309 2828 3488 2878 autem
3516 2823 3740 2880 maxime
3784 2823 3840 2881 in

2263 2915 2560 2974 divinitatis
2587 2916 2872 2989 profundo.

2336 3009 2471 3068 Anc.
2515 3010 2755 3066 Deﬁnisti
2784 3025 2904 3066 esse
2929 3008 3186 3085 justitiam
3215 3009 3468 3067 virtutem
3499 3010 3672 3067 omnia
3704 3025 3838 3067 con-

2263 3099 2546 3168 tinentem,
2578 3109 2634 3156 et
2657 3101 3028 3156 restituentem
3053 3115 3209 3155 suum
3235 3087 3537 3173 unicuique,
3559 3088 3675 3158 sine
3700 3102 3842 3158 frau-

2261 3192 2350 3259 de,
2395 3193 2514 3248 sine
2555 3191 2745 3264 gratia.
2786 3191 3016 3248 Proinde
3055 3191 3295 3248 videmus
3336 3209 3452 3249 eam
3496 3195 3610 3250 sine
3655 3195 3842 3253 fraude

2262 3285 2562 3342 restituisse
2584 3285 2861 3341 denarium
2887 3285 2987 3350 eis,
3014 3285 3103 3356 qui
3129 3300 3224 3356 per
3247 3294 3410 3340 totum
3438 3286 3577 3342 diem
3601 3287 3650 3342 in
3677 3301 3843 3356 Opere

2261 3380 2433 3435 vinea:
2470 3379 2842 3434 laboraverant
2867 3396 2881 3433 :
2911 3377 3012 3433 hoc
3039 3377 3180 3432 enim
3213 3378 3503 3448 placuerat,
3523 3378 3623 3433 hoc
3645 3394 3844 3435 conve-

2261 3481 2435 3541 nerat,
2463 3471 2530 3527 ad
2562 3456 2699 3527 hanc
2723 3470 3026 3528 mercedem
3053 3485 3112 3526 se
3139 3467 3304 3527 fuisse
3331 3472 3616 3527 conductos
3644 3489 3841 3544 negare

2263 3578 2367 3619 non
2395 3571 2645 3635 poterant
2672 3562 2887 3634 (Matth.
2917 3578 3009 3631 xx,
3041 3562 3162 3617 I-I5
3183 3563 3222 3630 ).
3247 3561 3350 3618 Sed
3377 3562 3461 3618 die
3489 3563 3634 3639 mihi,
3657 3579 3841 3633 qureso

2264 3666 2335 3721 te,
2362 3655 2630 3728 quomodo
2666 3655 2746 3711 eis
2791 3655 2907 3710 sine
2951 3654 3123 3725 gratia
3167 3654 3493 3710 tantumdem
3533 3654 3714 3722 dedit,
3745 3659 3838 3726 qui

2262 3752 2364 3804 una
2393 3748 2523 3803 liora
2552 3748 2605 3802 in
2639 3747 2730 3802 illo
2759 3761 2923 3817 opere
2953 3745 3199 3802 fuerunt?
3230 3745 3309 3800 An
3337 3745 3586 3800 amiserat
3614 3745 3839 3802 fortaSse

2255 3841 2553 3912 justitiam?
2579 3840 2780 3896 Cohibe
2810 3840 2988 3910 itaque
3017 3848 3068 3894 te
3098 3839 3290 3909 potius.
3325 3837 3598 3894 Neminem
3642 3839 3840 3910 quippe

2258 3932 2467 3989 fraudat
2493 3933 2668 3988 divina
2693 3930 2900 4003 justitia
2927 3948 2940 3984 :
2974 3930 3067 3986 sed
3096 3927 3270 3986 multa
3297 3927 3457 3986 donat
3485 3946 3585 3986 non
3621 3947 3836 3986 meren-

2260 4025 2398 4080 tibus
2415 4025 2580 4096 gratia
2601 4023 2643 4080 ³.
2669 4023 2964 4080 Curantem
2993 4015 3115 4077 huic
3139 4022 3234 4089 sic,
3255 4023 3328 4077 illi
3353 4033 3527 4079 autem
3549 4023 3644 4090 sic,
3657 4019 3837 4095 aspice

2257 4117 2397 4188 quod
2455 4129 2669 4173 secutus
2690 4115 2957 4192 adjungis.
2986 4114 3274 4170 Verissime
3302 4116 3494 4189 quippe
3521 4115 3669 4183 dicis,
3711 4131 3829 4172 eam

2257 4209 2552 4264 consistere
2563 4207 2792 4263 maxime
2815 4207 2869 4262 in
2894 4199 3180 4262 divinitatis
3203 4206 3482 4282 profundo.
3505 4206 3562 4262 In
3587 4208 3684 4263 hoc
3708 4223 3834 4279 pro-

2259 4301 2422 4358 fundo
2442 4312 2523 4357 est
2539 4299 2582 4367 ⁸,
2607 4299 2748 4372 quod
2763 4315 2933 4371 neque
2957 4300 3206 4366 volentis,
3238 4297 3698 4372 nequecurrentis,
3735 4302 3831 4359 sed

2251 4389 2562 4449 'miserentis
2576 4401 2658 4447 est
2687 4393 2777 4446 Dei
2806 4390 2980 4464 (Rom.
3011 4407 3083 4459 Ix,
3117 4391 3295 4463 16).ln
3313 4394 3413 4447 hoc
3442 4381 3696 4464 profundo
3721 4402 3822 4460 est,

2250 4485 2394 4558 quod
2418 4485 2506 4542 ille
2535 4473 3120 4557 parvulusinhonorem
3151 4485 3431 4556 adoptatur
3448 4503 3542 4557 per
3555 4502 3831 4558 regenera-

2255 4577 2416 4631 tionis
2471 4577 2764 4645 lavacrum,
2791 4577 2882 4632 ille
2920 4569 2974 4632 in
3018 4579 3334 4634 contumelia
3362 4580 3690 4650 relinquitur,
3721 4595 3824 4634 non

2253 4666 2611 4723 admittendus
2637 4666 2704 4749 ad
2745 4682 3002 4740 regnum;
3035 4685 3156 4726 cum
3180 4664 3455 4726 amborum
3483 4673 3534 4727 in
3587 4666 3823 4746 neutram

2253 4776 2458 4838 partem
2489 4768 2558 4821 sit
2584 4766 2835 4822 meritum
2863 4782 2958 4837 per
2987 4768 3270 4822 voluntatis
3299 4756 3592 4823 arbitrium.
3633 4816 3636 4820 .

2323 4857 2567 4913 XXXIX.
2607 4858 2726 4914 JUL.
2769 4859 3155 4914 Testimonium
3205 4865 3383 4926 vero,
3411 4867 3467 4914 ut
3508 4860 3822 4915 ab’auctore

2251 4966 2369 5018 suo,
2399 4951 2470 5004 ita
2497 4950 2656 5005 etiam
2685 4951 2766 5005 vel
2795 4967 2823 5004 a
2855 4951 3057 5020 probis,
3086 4951 3169 5006 vel
3195 4952 3260 5006 ab
3290 4943 3543 5022 improbis
3570 4940 3817 5018 meretur,

2242 5031 2392 5112 quod
2418 5049 2473 5095 et
2502 5041 2621 5096 illos
2639 5040 2761 5110 jure
2789 5042 3114 5110 provexerit,
3155 5048 3210 5095 et
3238 5045 3370 5096 istos
3392 5041 3513 5112 jure
3541 5041 3815 5097 damuavc~

2255 5131 2344 5186 rit.
2371 5130 2502 5185 Cum
2532 5145 2659 5186 vero
2688 5145 2783 5201 per
2813 5145 2872 5186 se
2899 5143 2996 5186 nec
3015 5130 3036 5162 ³
3072 5131 3196 5186 boni
3235 5131 3515 5202 quidquam
3561 5149 3656 5189 nec
3697 5135 3818 5188 mali

2314 5247 2330 5278 ι
2345 5315 2352 5317 _
2367 5243 2501 5317 editi,
2527 5242 2848 5317 diﬂ‘erentiam
2869 5256 2979 5295 vero
2999 5257 3092 5295 non
3111 5243 3334 5306 absurde,
3350 5246 3545 5305 omisso,
3568 5245 3671 5309 ejus
3690 5259 3708 5308 ,°
3731 5247 3821 5298 sed

2250 5314 2411 5358 exstat
2434 5308 2482 5355 in
2506 5308 2855 5369 manuscriptis,

2311 5372 2332 5402 ι
2367 5369 2653 5432 vignierius,
2687 5373 2732 5416 et
2746 5364 2955 5418 'variam.
2979 5367 3226 5429 Particula,
3253 5373 3316 5429 et,
3343 5370 3633 5432 expungitur
3654 5377 3758 5420 auct
3768 5384 3824 5419 o-

2247 5431 2857 5502 “‘9l9."‘?_““5‘3“it’_i°mm-
2974 5490 2985 5502 ,
3097 5489 3126 5502 __

2311 5494 2348 5562 37
2362 5491 2435 5562 sic
2455 5498 2561 5542 Mss.
2587 5489 2705 5542 Editi
2728 5504 2846 5541 vero
2862 5526 2878 5551 ,
2901 5490 2985 5541 sed
3009 5489 3208 5542 multam
3230 5490 3374 5542 dormt
3408 5503 3498 5541 non
3538 5491 3822 5545 merentibus

2281 5561 2467 5604 ratium.

2573 5615 2879 5666 invenimus:
2914 5622 2978 5679 In
3001 5614 3089 5664 hoc
3125 5614 3362 5678 profundo
3397 5620 3496 5674 est;
3533 5627 3618 5676 [ιι-ο
3654 5627 3751 5679 quo
3775 5609 3824 5666 iu

2249 5677 2391 5727 editis
2413 5675 2667 5740 legebatur
2689 5685 2902 5738 tantum,
2926 5675 2980 5728 id
3002 5675 3135 5727 cst.’
3212 5675 3222 5678 “
3335 5703 3362 5740 η
3537 5675 3545 5676 ί
3672 5675 3680 5714 ἶ

2310 5741 2332 5771 ⁸
2364 5738 2603 5791 Hoc'loco
2641 5751 2864 5794 veterum
2908 5740 3122 5790 codicum
3165 5738 3446 5788 auctoritate
3491 5741 3825 5801 restatuimtss.

2245 5814 2334 5866 per
2356 5813 2406 5850 se
2427 5815 2530 5852 nec.
