4140 6514
307 344 446 401 i085

302 453 637 513 merentibus
679 457 1102 515 misericordiam
1139 459 1414 519 liberalem
1444 474 1563 516 esse
1595 462 1886 530 permittit,

303 550 436 605 nihil
465 551 630 607 sentit
658 551 895 621 injurim;
929 552 1050 622 quia
1096 561 1151 608 et
1196 552 1298 609 hoc
1344 554 1538 623 ipsum,
1579 562 1638 609 ut
1675 554 1746 608 sit
1785 553 1892 608 cle-

301 656 456 698 mens
482 643 632 713 operi
676 658 776 698 suo
811 643 969 705 Deus,
1000 657 1121 697 cum
1151 642 1205 698 in
1232 645 1572 701 severitatem
1601 658 1711 698 non
1739 643 1890 713 cogi-

280 741 410 800 ‘tur,
442 747 565 803 pars
594 748 783 803 magna
807 733 1027 801 justitia:
1050 740 1152 788 est.

372 826 508 882 Atto.
546 824 746 882 Saltem
769 824 1146 880 misericordia:
1174 839 1369 881 nomen
1407 824 1642 888 attende,
1674 832 1730 879 et
1751 821 1893 879 unde

296 916 438 973 dicta
457 917 547 983 sit,
567 917 791 986 respice.
816 915 953 984 Quid
976 916 1134 986 igitur
1147 930 1281 987 opus
1295 926 1380 973 est
1398 915 1783 980 misericordia,
1803 913 1891 969 ubi

302 1007 443 1063 nulla
456 1015 539 1062 est
559 1006 809 1062 miseria?
827 1007 868 1060 Μ
878 1006 1089 1062 iseriam
1109 1021 1269 1075 porro
1297 1006 1348 1060 in
1383 1006 1617 1076 parvulis
1631 1005 1675 1061 si
1692 1004 1889 1059 nullam

297 1114 422 1156 esse
435 1099 631 1163 dicitis,
664 1100 744 1154 eis
778 1098 1199 1155 miscricordiam
1218 1098 1557 1168 praebendam
1578 1098 1816 1167 negatis;
1845 1095 1889 1151 si

300 1193 462 1249 ullam
489 1207 610 1249 esse
638 1191 872 1258 dicitis‘,
899 1191 1099 1246 malum
1130 1192 1378 1247 meritum
1405 1190 1891 1260 ostenditis.Neque

298 1283 443 1340 enim
486 1284 587 1340 sub
632 1284 743 1337 Deo
777 1282 923 1352 justo
963 1283 1130 1339 miser
1155 1298 1276 1338 esse
1304 1283 1606 1354 quisquam,
1638 1282 1743 1338 nisi
1772 1297 1887 1338 me-

301 1383 505 1437 reatur,
532 1383 728 1443 potest.
761 1374 900 1429 Ecce
927 1374 1034 1429 duo
1065 1374 1270 1445 parvuli
1297 1376 1511 1442 jaceat;
1539 1389 1679 1430 unus
1703 1389 1888 1429 eorum

304 1465 624 1535 baptizatus,
657 1466 794 1519 alter
820 1481 927 1520 non
957 1464 1254 1534 baptizatus
1280 1467 1519 1535 exspirat
1546 1483 1559 1519 :
1589 1465 1671 1519 cui
1702 1480 1888 1521 eorum

299 1557 434 1613 dicis
464 1558 631 1612 Deum
661 1556 826 1611 fuisse
853 1557 1210 1612 clementem?
1249 1556 1304 1612 Si
1347 1556 1476 1622 uni,
1506 1555 1730 1611 ostende
1756 1555 1891 1610 alte-

301 1649 416 1703 rius
445 1649 643 1704 malunt
676 1648 948 1713 meritum,
969 1647 1057 1717 qui
1085 1662 1249 1717 negas
1273 1662 1395 1702 esse
1422 1646 1678 1717 originale
1703 1660 1889 1716 pecea-

302 1746 450 1796 tum:
491 1738 534 1792 si
564 1739 846 1806 ainbobus,
893 1738 1118 1793 ostende
1159 1738 1410 1808 baptizati
1434 1740 1455 1770 '
1482 1738 1644 1792 ullum
1689 1738 1887 1793 bonum

301 1832 576 1897 meritum,
604 1832 693 1900 qui
727 1846 888 1901 negas
916 1830 1164 1901 gratiam,
1196 1831 1286 1885 ubi
1332 1831 1473 1886 nulla
1520 1839 1604 1885 est
1648 1831 1888 1900 acceptio

298 1938 688 1995 personarum;
732 1933 785 1978 ct
821 1923 926 1985 die,
958 1924 1003 1977 si
1048 1933 1224 1993 potes,
1269 1939 1366 1979 cur
1404 1922 1593 1978 ambos
1633 1923 1887 1991 adoptare

298 2015 555 2081 noluerit,
582 2017 672 2086 qui
700 2023 848 2071 certe
869 2014 1058 2071 ambos
1091 2015 1157 2070 ad
1193 2015 1479 2087 imaginem
1517 2030 1666 2069 suam
1695 2014 1884 2070 condi-

297 2107 396 2163 dit.
426 2110 507 2162 An
536 2108 607 2162 ita
641 2108 820 2178 justus
847 2116 948 2171 est,
986 2115 1045 2163 ιιι
1084 2122 1189 2162 non
1232 2108 1301 2162 sit
1328 2108 1687 2178 omnipotens,
1715 2109 1760 2163 si
1784 2122 1884 2163 vo-

298 2198 397 2254 luit
419 2208 474 2255 et
499 2216 604 2255 non
636 2200 844 2272 potuit?
874 2200 973 2255 Ubi
1000 2211 1147 2255 certe
1171 2199 1379 2255 illorum
1407 2201 1581 2256 nullus
1605 2200 1793 2267 noluit,
1816 2215 1886 2257 ne

298 2289 742 2363 impedimentum
768 2292 1045 2361 potestatis
1073 2291 1265 2346 divinm
1280 2291 1523 2347 referatis
1546 2291 1612 2346 ad
1636 2293 1883 2348 meritum

299 2384 591 2438 voluntatis
638 2383 879 2438 humana:
918 2401 931 2437 :
980 2384 1066 2439 hic
1110 2393 1258 2439 certe
1304 2383 1434 2441 nulli
1474 2399 1658 2439 eorum
1704 2382 1886 2439 dicere

299 2482 476 2543 potest
513 2475 676 2538 Deus,
704 2475 885 2540 Volui,
914 2485 969 2530 et
999 2475 1234 2529 noluisti.
1264 2476 1369 2530 Aut
1393 2475 1437 2529 si
1469 2483 1748 2546 prepterea
1779 2489 1884 2531 non

294 2567 410 2622 vult
441 2567 634 2633 infans,
677 2568 799 2638 quia
833 2568 1006 2638 plorat
1029 2582 1150 2623 cum
1190 2568 1517 2637 baptizatur;
1558 2568 1719 2625 ambo
1756 2582 1885 2638 ergo

296 2661 686 2730 relinquantur,
744 2661 905 2715 ambo
940 2661 1085 2716 enim
1134 2661 1321 2715 nolunt
1365 2679 1378 2715 :
1428 2668 1483 2714 ct
1527 2671 1703 2715 tamen
1746 2675 1885 2715 unus

298 2753 592 2806 assumitur
614 2760 667 2807 et
693 2751 830 2806 alter
856 2750 1196 2822 relinquitur,
1228 2751 1351 2822 quia
1388 2766 1577 2822 magna
1604 2760 1687 2806 est
1712 2753 1882 2822 gratia

298 2840 417 2905 Dei,
445 2850 502 2897 et
529 2858 688 2897 verax
713 2842 915 2911 justitia
943 2842 1056 2896 Dei.
1085 2841 1192 2898 Sed
1219 2858 1385 2910 quare
1410 2843 1501 2899 ille
1526 2843 1701 2915 potius
1724 2857 1883 2913 quam

295 2931 423 2988 ille:
457 2932 824 2988 inscrutabilia
856 2941 983 2986 sunt
1007 2932 1204 3002 judicia
1234 2933 1348 2987 Dei.

368 3021 484 3078 XL.
523 3023 648 3078 Jun.
685 3023 833 3091 Quos
866 3024 1010 3078 enim
1043 3022 1169 3079 fecit
1202 3024 1325 3093 quia
1364 3023 1568 3091 voluit,
1619 3039 1718 3081 nec
1753 3038 1885 3080 con-

293 3111 519 3169 demnat
556 3113 656 3170 nisi
696 3122 948 3183 spretus:
990 3113 1034 3169 si
1072 3129 1194 3169 cum
1236 3129 1343 3169 non
1380 3116 1672 3186 spernitur,
1723 3115 1884 3171 faciat

294 3204 702 3260 consecratione
750 3203 1042 3269 meliores;
1095 3219 1194 3260 nec
1238 3204 1616 3262 detrimentum
1661 3205 1883 3278 justitia;

297 3293 516 3363 patitur,
546 3302 601 3348 et
628 3295 989 3350 munificentia
1018 3295 1377 3351 miserationis
1403 3306 1646 3352 ornatur.

364 3387 505 3444 Atto.
549 3385 654 3454 Qtti
698 3402 804 3441 non
845 3385 1167 3442 condenmat
1194 3387 1295 3442 nisi
1324 3396 1559 3458 spretus,
1588 3388 1677 3444 die
1701 3397 1879 3445 utrum

293 3488 515 3550 spernat
554 3494 704 3535 suam
730 3478 1030 3550 imaginem
1071 3480 1172 3535 nisi
1215 3490 1443 3550 spretus.
1490 3481 1644 3549 Quod
1685 3482 1731 3537 si
1771 3497 1879 3539 non

293 3571 477 3639 audes,
507 3564 594 3627 die
620 3571 761 3626 unde
802 3580 1021 3642 spernat
1053 3586 1149 3628 eos
1181 3587 1316 3643 quos
1364 3575 1615 3643 parvulos
1649 3589 1755 3630 non
1785 3575 1884 3631 ad-

293 3672 463 3734 optat,
493 3679 524 3719 a
552 3664 745 3735 quibus
770 3663 791 3697 ⁸
821 3679 943 3720 eum
965 3674 1201 3735 Spretum
1232 3682 1336 3721 non
1368 3667 1624 3735 invenies,
1658 3667 1761 3724 nisi
1786 3683 1881 3725 eos

294 3753 536 3812 invenias
565 3755 616 3809 in
651 3756 818 3811 Adam
851 3773 865 3810 :
898 3756 986 3811 ubi
1017 3757 1176 3812 simul
1222 3758 1483 3827 invenies,
1515 3768 1574 3814 ut
1617 3776 1881 3831 spernan-

298 3852 384 3900 tur
410 3844 593 3901 deberi
623 3846 874 3901 omnibus
903 3862 997 3917 per
1020 3847 1301 3917 justitiam,
1335 3864 1433 3904 nec
1479 3858 1653 3906 tamen
1697 3853 1879 3922 sperni

294 3951 486 3994 omnes
513 3947 732 4009 propter
769 3937 1090 3994 ineffabilem
1120 3948 1175 3995 et
1201 3940 1601 3996 inscrutabilem
1631 3944 1878 4014 gratiam.

365 4028 500 4085 XLI.
540 4029 660 4085 Jun.
703 4029 793 4085 llis
836 4030 994 4101 igitur
1038 4030 1277 4101 justitite,
1318 4047 1453 4103 quas
1498 4035 1874 4103 prmmisimus,

294 4120 642 4176 divisionibus
661 4122 969 4192 explicatis,
1006 4122 1352 4179 discutiamus
1387 4139 1507 4194 qum
1545 4125 1613 4180 sit
1645 4126 1884 4182 definitio

296 4211 518 4280 peccati.
552 4211 813 4282 Equidem
842 4211 1041 4267 aﬁ'atim
1084 4212 1213 4267 mihi
1258 4222 1363 4268 tam
1396 4214 1881 4286 philosophantium

295 4314 451 4370 quam
479 4317 662 4358 eorum
700 4303 790 4372 qui
833 4301 1078 4358 catholici
1127 4301 1377 4371 fuerunt,
1417 4305 1559 4375 quod
1595 4308 1883 4378 quaerimus

294 4391 489 4460 scripta
514 4390 853 4461 suppeditant
875 4410 889 4448 :
910 4393 1007 4449 sed
1034 4409 1224 4450 vereor
1269 4410 1338 4451 ne
1370 4395 1650 4467 refrageris
1679 4396 1723 4464 ⁸,
1753 4406 1806 4453 et
1837 4399 1883 4453 si

296 4480 737 4552 philosophorum
762 4498 862 4553 ego
894 4494 1139 4540 senatum
1165 4485 1517 4553 advocavere,
1548 4497 1601 4542 tu
1630 4490 1884 4547 continuo

297 4572 595 4628 sellularios
624 4573 844 4644 opiﬁces
872 4590 1141 4646 omneque
1171 4578 1223 4632 in
1263 4592 1360 4632 nos
1393 4580 1578 4650 vulgus
1603 4581 1880 4637 accendas.

369 4666 504 4719 Anc.
545 4661 978 4719 Contumeliosus
1027 4680 1088 4720 es
1137 4665 1190 4720 in
1248 4667 1456 4722 inﬁrma
1508 4669 1710 4737 mundi,
1764 4687 1884 4740 qua:

300 4753 444 4809 Deus
468 4754 628 4825 elegit
655 4763 706 4809 ut
734 4754 1090 4811 confunderet
1117 4756 1271 4812 fortia
1304 4746 1353 4827 (l~
1376 4756 1495 4813 Cor.
1525 4775 1563 4824 ι,
1585 4759 1699 4826 27).
1726 4762 1883 4816 Deni-

297 4861 400 4914 que
421 4846 518 4917 ipsi
548 4845 881 4902 confundunt
896 4862 989 4903 eos
1010 4849 1099 4918 qui
1124 4847 1401 4904 conﬁdunt
1442 4850 1495 4904 in
1531 4852 1724 4907 virtute
1763 4867 1878 4908 sua.

302 4938 398 4995 Ubi
425 4940 550 5011 quid
577 4941 771 5008 dicam,
801 4940 908 4997 Vos
933 4942 1105 4998 estis?
1131 4942 1360 4998 Prorsus
1378 4958 1464 4999 me
1488 4952 1694 5000 tacente
1714 4959 1881 5016 appa-

300 5032 448 5096 retis,
473 5047 593 5089 cum
622 5049 716 5089 vos
737 5050 841 5089 non
867 5034 1105 5089 tareatis.

371 5119 529 5178 XLll.
570 5122 689 5179 ius.
733 5123 1041 5180 Vociferans
1060 5140 1182 5180 cum
1204 5123 1437 5195 feminis,
1465 5128 1774 5200 cunctisque
1792 5144 1883 5184 ca-

363 5339 380 5371 ί
416 5337 696 5400 Editiones.
727 5339 921 5400 omisso,
945 5340 1188 5393 miseriam
1208 5380 1222 5400 ,
1262 5343 1332 5392 sic
1352 5343 1596 5393 habebant
1622 5357 1635 5393 :
1667 5353 1812 5394 Porro
1833 5344 1882 5396 in

298 5398 576 5468 paruulissi
596 5398 1102 5468 nullant_esse_dicitis
1137 5398 1374 5468 culpant,
1396 5403 1467 5468 eis
1498 5404 1883 5468 misericordium

298 5460 821 5584 ggmzirégﬂzsnegatis
849 5473 867 5512 :
889 5461 934 5514 si
953 5461 1136 5524 nullam
1151 5460 1254 5517 esse
1481 5467 1802 5520 Emendantur
1823 5469 1881 5518 ad

380 5540 406 5572 ll
452 5539 465 5547 ⁷⁸
559 5541 567 5568 Ι
649 5560 660 5571 .
1730 5572 1733 5575 ,

380 5539 660 5575 llUSCl'llILOS.
1730 5572 1733 5575 ν

363 5588 384 5657 ξ
417 5588 489 5657 sic
509 5583 616 5657 plus.
806 5583 868 5657 _in
889 5584 1142 5657 baptizata.

365 5647 386 5720 ξ
417 5648 615 5720 sientss.
634 5646 771 5720 tht't,
798 5647 850 5696 in
871 5646 1058 5720 quiens.

302 5708 534 5831 In;
549 5743 566 5770 ,
589 5721 649 5759 ne
669 5708 930 5774 παθητὴ.
946 5716 1067 5761 Tres
1086 5716 1193 5761 uss.
1211 5710 1331 5762 clar.
1357 5719 1466 5762 star.
1489 5720 1542 5764 et
1567 5720 1710 5780 πνοι-ιη
1728 5728 1787 5768 ne
1805 5728 1881 5767 re-

379 5809 404 5836 ,
512 5807 524 5820 .

585 5882 858 5943 Panos.
892 5882 1083 5945 XLV.

1668 344 1876 402 LiBER
1916 346 2187 406 PRIMUS.

3445 366 3584 420 totas

2007 462 2239 532 lenibus,
2271 471 2326 519 et
2375 462 2624 530 tribunis,
2677 464 2870 535 quibus
2920 467 3185 538 octoginta
3229 478 3322 527 aut
3361 474 3589 543 amplius

2002 569 2168 626 equos
2189 563 2299 611 tota
2324 556 2500 615 Africa
2523 558 2792 628 saginatos
2817 558 3021 629 collega
3064 569 3185 619 tuus
3219 577 3392 633 nuper
3418 565 3588 621 addu-

2002 648 2081 702 xit
2110 646 2354 719 Alypius.

2073 740 2207 794 AUG.
2248 741 2355 794 Aut
2381 739 2742 807 calumniaris,
2768 748 2859 796 aut
2879 743 3054 798 nescis
3082 744 3207 814 quid
3240 745 3509 816 loquaris:
3534 759 3588 803 et

2000 828 2143 897 ideo,
2170 839 2260 886 aut
2281 830 2530 895 mendax,
2557 841 2647 885 aut
2680 834 3012 901 temerarius,
3036 834 3134 888 ista
3164 836 3416 904 loqui-ris.
3448 838 3586 906 Quid

2002 932 2053 978 te
2078 932 2255 978 autem
2279 922 2503 991 nequius
2520 924 2619 987 ‘,si
2642 923 2756 978 iure
2779 925 2893 993 ipse
2918 924 3293 996 fluxisti?quid
3317 930 3581 994 stolidius,

1998 1014 2041 1067 si
2065 1013 2385 1083 ﬁngentibus
2408 1014 2682 1069 credidisti
2697 1016 2722 1068 ’ἒ
2737 1015 2854 1071 lam
2868 1032 2997 1073 vero
3010 1018 3148 1087 quod
3171 1020 3330 1074 etiam
3349 1021 3587 1078 scribere

1996 1118 2159 1158 ausus
2192 1118 2285 1168 es,
2326 1118 2500 1174 neque
2525 1106 2727 1160 veritus
2753 1122 2820 1162 ne
2844 1107 2909 1162 ad
2939 1123 3001 1162 ea
3032 1108 3144 1163 loca
3183 1110 3298 1165 libri
3340 1113 3586 1180 pervenio

1973 1201 2117 1249 .rcnt
2145 1192 2241 1258 tui,
2272 1209 2391 1262 quae
2417 1202 2554 1250 terra
2590 1194 2830 1265 marique
2856 1206 3215 1253 transeuntem
3242 1216 3336 1253 seu
3364 1202 3577 1259 venien~

1999 1290 2103 1338 tem
2149 1284 2409 1354 collegam
2440 1300 2617 1339 meum
2652 1286 2899 1358 Alypium
2935 1299 3312 1357 susceperunt,
3354 1291 3442 1345 ubi
3481 1292 3582 1362 legi

1994 1376 2329 1446 apertissime
2361 1384 2449 1432 tua
2482 1376 2779 1448 falsiloquia
2808 1379 2924 1435 sine
2964 1387 3052 1435 tua
3084 1381 3330 1438 irrisione
3355 1385 3437 1439 vel
3483 1400 3582 1455 po-

1997 1467 2102 1521 tius
2122 1466 2472 1524 detestatione
2496 1484 2601 1523 nun
2623 1472 2848 1539 possant
2866 1487 2880 1534 ;
2897 1471 3005 1537 cui,
3027 1486 3132 1531 non
3150 1472 3271 1529 dico
3298 1474 3579 1545 iutpuden~

1995 1557 2103 1622 tim,
2132 1556 2225 1615 sed
2256 1556 2545 1636 dementia:
2570 1561 2952 1629 comparatur?

2064 1649 2249 1705 XLlll.
2288 1649 2404 1706 Jun.
2437 1650 2779 1722 Nequaquam
2801 1659 2852 1707 te
2871 1653 3211 1723 acquiescere
3241 1656 3576 1714 eruditorum

1992 1741 2296 1808 sententiis,
2328 1751 2387 1796 ut
2415 1741 2599 1805 addas,
2629 1742 2922 1799 secundum
2950 1745 3133 1814 ’ψιοά
3164 1746 3451 1810 intellectui
3488 1756 3580 1804 tuo

1990 1832 2235 1902 congruit
2262 1832 2461 1890 dixisse
2491 1833 2824 1903 Apostolum,
2856 1834 2977 1905 quia
3008 1835 3226 1891 stultam
3262 1834 3393 1892 fecit
3439 1837 3579 1892 Deus

1989 1922 2303 1993 sapientiam
2325 1923 2505 1979 mundi
2527 1923 2569 1993 (Ι
2589 1922 2708 1979 Cor.
2728 1923 2906 1995 t,20):
2939 1924 3295 1994 disputatores
3318 1941 3446 1985 vero
3480 1941 3580 1980 no-

1990 2022 2130 2071 stros
2158 2014 2277 2069 sine
2302 2024 2446 2070 metu
2469 2031 2499 2069 a
2528 2025 2579 2071 te
2595 2030 2751 2085 posse
2773 2016 2996 2087 despici,
3016 2015 3158 2087 quod
3179 2017 3321 2072 nulla
3342 2018 3579 2072 auctori-

1991 2112 2098 2161 tate
2128 2105 2308 2161 talium
2333 2106 2609 2174 premeris.

2059 2195 2196 2251 Auc.
2236 2195 2317 2253 Tu
2344 2209 2441 2252 eos
2469 2195 2720 2270 despicis,
2745 2196 2836 2268 qui
2861 2196 2943 2253 eis
2967 2195 3282 2253 docentibus
3308 2197 3575 2267 originale

1990 2298 2264 2357 peccatum
2289 2288 2359 2343 ita
2386 2288 2613 2353 resistis,
2637 2297 2697 2345 ut
2721 2298 2973 2359 tanquam
3003 2290 3323 2346 Mauiehzeos
3358 2291 3580 2362 insuper

1989 2380 2312 2447 crimineris,
2339 2396 2426 2436 me
2447 2382 2751 2445 nominans,
2781 2382 2902 2437 illos
2944 2382 3269 2453 signiﬁcans.

2063 2472 2244 2528 XLIV.
2283 2472 2404 2527 Jun.
2445 2472 2581 2540 Quid
2621 2474 2785 2545 ergo?
2815 2475 3164 2544 Aequiescam
3195 2488 3414 2542 prorsus
3441 2473 3535 2529 tibi
3557 2515 3575 2542 ,

1988 2563 2285 2632 faciamque
2305 2563 2355 2617 in
2385 2562 2486 2619 hoc
2508 2563 2627 2621 loco
2649 2564 2915 2634 jacturam
2951 2564 3192 2620 omnium
3225 2579 3450 2634 quorum
3481 2564 3579 2620 ad-

1988 2656 2244 2713 miniculo
2272 2656 2349 2712 uti
2401 2670 2636 2727 possem,
2682 2667 3070 2729 contentusque
3121 2673 3216 2714 ero
3264 2657 3580 2715 deﬁnitione

1986 2762 2108 2818 quae
2136 2747 2200 2803 ad
2225 2747 2476 2803 indicium
2505 2748 2660 2804 bona:
2685 2756 2891 2805 natura:
2912 2757 3031 2819 post
3058 2749 3472 2814 Manichaeorum
3490 2764 3580 2806 se-

1986 2847 2190 2896 cretum
2227 2837 2297 2895 de
2324 2853 2419 2895 ore
2447 2848 2549 2894 tua:
2587 2837 2885 2895 honestatis
2926 2839 3131 2912 effugit.
3190 2839 3249 2895 In
3305 2856 3372 2896 eo
3417 2841 3581 2912 igitur

1986 2927 2125 2986 libro
2150 2928 2236 2985 cui
2284 2929 2468 2985 titulus
2512 2937 2619 2997 est,
2666 2929 2754 3015 vel
2802 2949 2822 2983 ι
2847 2931 2925 2987 De
2968 2930 3175 2987 duabus
3210 2931 3510 2998 animabus,
3544 2949 3570 2984 ι

1986 3020 2068 3075 vel
2094 3038 2115 3073 ι
2136 3020 2335 3077 Contra
2361 3020 2493 3075 duas
2511 3020 2739 3087 animas,
2770 3039 2792 3074 ι
2823 3021 2895 3077 ita
2929 3022 3165 3093 loqueris
3190 3038 3205 3075 :
3234 3039 3255 3073 ι
3284 3021 3572 3092 Exspecta,

1985 3112 2103 3167 sine
2130 3113 2277 3183 prius
2306 3121 2577 3182 peccatum
2603 3113 2939 3170 deﬁniamus.
2963 3114 3245 3169 Peccatum
3269 3123 3356 3169 est
3374 3115 3571 3170 volun.

1988 3210 2068 3258 tas
2092 3202 2409 3260 admittendi
2438 3204 2460 3238 ³
2485 3204 2571 3260 vel
2599 3204 2863 3260 retinendi
2889 3205 3032 3275 quod
3071 3204 3276 3275 justitia
3319 3213 3482 3268 vetat,
3518 3212 3574 3260 et

1985 3294 2127 3362 unde
2171 3295 2395 3351 liberum
2435 3303 2519 3351 est
2555 3295 2844 3352 abstinere.
2898 3294 3213 3365 Quanquam
3257 3294 3304 3350 si
3344 3295 3572 3351 liberum

1983 3403 2091 3445 non
2116 3398 2220 3456 est,
2243 3403 2344 3444 nec
2360 3388 2607 3445 voluntas
2625 3388 2729 3444 dici
2757 3396 2967 3461 potest:
2996 3388 3091 3443 sed
3122 3387 3281 3445 malui
3305 3386 3571 3458 grossius,

1983 3495 2143 3552 quam
2164 3478 2527 3551 scrupulosius
2553 3478 2776 3535 deﬁnire
2803 3497 2824 3533 ι
2857 3479 3008 3551 (Cap.
3040 3479 3152 3549 ll).

2054 3576 2191 3631 A06.
2230 3573 2329 3630 llic
2352 3582 2625 3643 peccatum
2663 3570 2941 3627 deﬁnitum
2969 3579 3052 3625 est
3078 3567 3220 3639 quod
3250 3576 3572 3624 tantummo-

1983 3665 2060 3741 do
2092 3673 2371 3737 peccatum
2404 3674 2509 3730 est,
2540 3679 2646 3719 non
2684 3661 2827 3735 quod
2854 3662 3013 3719 etiam
3042 3675 3194 3732 paena
3222 3660 3451 3741 peccati.
3497 3661 3572 3717 De

1984 3738 2089 3815 hoc
2115 3757 2309 3829 quippe
2329 3755 2592 3828 agendum
2622 3754 2741 3821 fuit,
2769 3753 2983 3826 quando
3010 3754 3136 3809 mali
3164 3738 3316 3825 origo
3361 3767 3576 3823 quau-e-

1984 3849 2161 3915 hatur,
2189 3848 2345 3919 quale
2379 3847 2723 3903 commissum
2753 3854 2837 3900 est
2880 3860 2910 3900 a
2958 3846 3130 3915 primo
3176 3844 3394 3900 herniae
3446 3854 3570 3899 ante

1985 3955 2147 3996 omne
2177 3938 2409 3994 hominis
2434 3937 2630 3993 malum
2663 3935 2706 3993 δ.
2738 3936 2846 3993 Sed
2877 3945 2931 3993 tu
2958 3944 3050 3991 aut
3089 3951 3194 3991 non
3228 3944 3381 4006 potes
3418 3934 3576 3991 intelo

1986 4033 2170 4104 ligere,
2198 4037 2293 4086 aut
2321 4046 2425 4084 non
2452 4029 2554 4084 vis.

2057 4122 2218 4179 XLV.
2256 4121 2375 4178 ιω..
2415 4119 2460 4177 0
2488 4120 2673 4176 lucens
2692 4134 2879 4176 aurum
2912 4120 2966 4175 in
3005 4129 3242 4175 stercore
3266 4119 3281 4174 l
3308 4118 3444 4186 Quid
3475 4134 3570 4176 ve-

1989 4216 2120 4282 rius,
2164 4214 2290 4285 quid
2334 4214 2545 4284 plenius
2574 4214 2596 4247 ⁵
2622 4213 2725 4268 diei
2758 4228 2788 4267 a
2833 4228 3100 4284 quoquam
3140 4213 3226 4268 vel
3269 4212 3573 4269 orthodoxa

1988 4306 2280 4378 potuisset?
2337 4324 2356 4358 ι
2382 4306 2664 4361 Peccatum
2711 4313 2814 4371 est,
2848 4324 2868 4359 ι
2904 4305 3111 4376 inquis,
3144 4305 3430 4360 «voluntas
3477 4305 3573 4360 ad-

1989 4396 2343 4453 mittendich
2384 4396 2651 4451 retinendi
2696 4396 2836 4467 quod
2872 4396 3075 4465 justitia
3116 4403 3279 4462 vetat,
3331 4406 3387 4452 et
3432 4390 3605 4452 unde!

1989 4489 2217 4545 liberum
2239 4496 2321 4543 est
2344 4488 2636 4543 abstinere.
2667 4505 2686 4540 ι
2713 4487 2958 4543 Ostendit
2978 4488 3082 4543 hoc
3116 4487 3522 4542 Eeelesiasticus
3552 4504 3569 4542 :

1988 4579 2147 4645 Deus,
2178 4577 2366 4648 inquit,
2397 4579 2515 4649 fecit
2541 4578 2814 4644 hominem,
2841 4586 2886 4631 et
2907 4574 3098 4632 dimisit
3123 4592 3238 4632 eum
3261 4577 3313 4631 in
3342 4561 3571 4633 manibus

1986 4670 2184 4726 consilii
2207 4670 2284 4724 sui
2311 4685 2331 4724 :
2355 4670 2522 4740 posuit
2548 4678 2665 4725 ante
2681 4683 2797 4722 eum
2815 4668 2966 4722 vitam
2987 4675 3034 4721 et
3054 4675 3283 4731 mortem,
3304 4682 3488 4738 aquam
3517 4676 3569 4721 ει

1989 4764 2152 4833 ignem
2170 4777 2188 4826 ;
2207 4762 2343 4833 quod
2361 4761 2602 4829 placuerit
2617 4760 2683 4825 ei,
2697 4759 2897 4814 dabitur
2912 4756 2991 4812 illi
3009 4757 3192 4829 (Ereti.
3212 4759 3397 4825 xv,l4,
3419 4758 3567 4829 etc.).

1988 4853 2057 4908 Et
2101 4868 2198 4923 per
2240 4851 2426 4906 iraiam
2475 4850 2657 4906 Deus:
2688 4849 2750 4905 Si
2791 4849 3082 4912 volueritis,
3132 4847 3333 4917 inquit,
3380 4858 3426 4903 et
3470 4866 3573 4904 ακτ

1988 4944 2178 4998 (limitis
2203 4958 2301 5009 me,
2326 4956 2442 5010 qua
2459 4942 2590 4996 bona
2614 4949 2732 4996 sunt
2775 4948 2922 4994 terra!
2952 4939 3129 4993 edetis.
3176 4938 3239 4995 Si
3284 4939 3567 5008 nolueritis,

1989 5053 2079 5092 nec
2103 5035 2384 5100 audieritis,
2410 5034 2610 5106 gladius
2629 5050 2713 5088 vos
2732 5030 3316 5105 comedel(lsai.t,19).
3343 5033 3409 5088 Et
3428 5035 3575 5105 Apo-

2053 5183 2070 5214 ί
2106 5180 2253 5231 editi:
2280 5179 2404 5240 Quid
2425 5186 2582 5230 autem
2605 5156 2838 5241 nequitis;
2858 5179 3055 5238 omisso,
3075 5182 3138 5239 te,
3153 5177 3283 5241 quod
3300 5179 3574 5232 restituitur

1990 5256 2054 5293 ex
2079 5244 2234 5292 tribus
2251 5250 2355 5292 Mss.
2379 5241 2498 5290 clar.
2524 5247 2635 5289 star.
2657 5246 2708 5290 et
2727 5247 2850 5289 Port.

2053 5307 2073 5336 ²
2105 5311 2308 5364 Deerat,
2351 5301 2648 5363 secundum,
2680 5302 2733 5352 in
2765 5300 2923 5351 editis.
2958 5303 3237 5351 ltestttultur
3282 5313 3346 5350 ex
3398 5301 3569 5353 iisdem

2053 5429 2074 5460 ³
2106 5434 2155 5475 tu
2180 5428 2340 5487 editis,
2379 5422 2646 5476 mittendi.
2672 5430 2722 5473 tn
2743 5430 2872 5483 Mss,
2893 5418 3231 5487 ⁸αιίηξὶζιεηάξλ
3253 5420 3364 5487 vel,
3400 5421 3587 5487 ommit-

1988 5488 2138 5551 tendi.
2176 5482 2466 5551 Augustinus
2490 5500 2609 5537 vero
2630 5487 2681 5551 in
2702 5487 2846 5551 citata
2876 5483 3157 5551 deﬁnitione
3177 5482 3575 5551 dixit._uoluntas

1987 5549 2227 5615 retinendi
2246 5544 2321 5599 uel
2343 5546 2687 5615 consequendi,
2704 5554 2759 5597 ut
2775 5546 2852 5596 hic
2874 5553 3043 5615 postea
3061 5544 3121 5593 ad
3139 5552 3284 5615 caput
3305 5546 3387 5612 47..
3412 5605 3424 5615 .

2051 5612 2075 5644 ⁸
2104 5613 2178 5662 Sic
2198 5618 2309 5660 Mar.
2336 5619 2416 5660 Ms.
2453 5605 2509 5661 Αἱ
2543 5605 2699 5660 eodeir
2738 5605 2889 5668 Port.,'
2919 5613 3031 5658 tutu
3050 5605 3210 5658 armis
3243 5605 3448 5657 hominis
3469 5618 3573 5656 ma-

1989 5671 2105 5724 lum.
2153 5674 2298 5732 Edili,
2316 5678 2428 5723 ante
2447 5684 2610 5723 anates
2635 5668 2850 5732 nomina
2874 5668 3075 5721 "saltm.

2051 5737 2073 5769 ⁸
2101 5742 2230 5785 Ροη.
2251 5729 2352 5793 Ms,
2377 5732 2513 5797 quid,
2530 5731 2734 5797 planius.
2758 5732 2903 5797 ldem_
2927 5739 3098 5797 postea
3128 5729 3297 5797 codex
3338 5740 3451 5780 ωω
3487 5732 3578 5778 Ita-

1990 5798 2202 5850 nauensi
2218 5790 2401 5860 habet,"
2415 5794 2515 5848 dici
2530 5790 2572 5846 'a
2585 5806 2822 5861 quoquam
2832 5790 2955 5845 velut
2967 5790 3249 5844 orthodoxe.

2695 5876 2702 5883 ’
2726 5874 3313 5960 (ﬂente-qualn.)
