4118 6528
566 367 590 419 1
599 363 703 418 061

562 480 734 534 stolus
765 493 776 528 :
808 469 1252 542 Resipiscitejustc
1273 469 1312 532 ‘,
1344 477 1388 520 et
1410 465 1564 519 nolite
1603 477 1806 532 peccare
1826 458 1870 529 (l
1900 457 2016 512 Cor.
2052 471 2144 518 xv,

565 572 657 639 δι)
687 586 700 620 τ
734 575 893 636 atque
934 564 1148 627 iterum,
1181 560 1356 615 Nolite
1379 573 1575 622 errare;
1595 556 1729 610 Deus
1749 571 1847 608 non
1869 551 2149 606 irridetur:

563 677 678 732 qua:
704 661 833 713 enim
855 656 1172 713 seminaverit
1192 656 1359 718 homo,
1393 652 1484 706 illa
1505 657 1549 704 et
1580 658 1725 704 metet
1754 644 1965 719 (Galat.
1991 659 2044 697 vt
2070 683 2086 708 ,
2120 643 2150 697 7

559 763 608 807 et
639 753 716 820 8).

637 845 770 900 Ave.
814 843 936 897 liceo
962 839 1260 896 testimonia
1287 845 1502 906 propter
1525 833 1670 888 illam
1709 831 2034 885 voluntatem
2066 826 2150 881 di-

553 948 654 990 eta
672 943 814 998 sunt,
851 933 902 986 in
931 948 1032 1001 qua
1061 930 1282 1000 quisque
1313 927 1362 981 id
1389 925 1530 997 quod
1559 923 1671 977 vult
1694 922 1802 990 agit
1834 938 1848 975 :
1880 929 1935 974 ut
1967 919 2010 973 si
2047 932 2151 970 non

561 1026 812 1090 habetur,
835 1023 902 1076 ab
921 1036 987 1076 eo
1015 1033 1261 1088 poscatur
1275 1015 1363 1086 qui
1391 1017 1442 1069 in
1471 1013 1624 1068 nobis
1651 1019 1902 1082 operatur
1929 1017 1985 1062 et
2011 1006 2153 1061 velle

561 1115 825 1185 (Philipp.
853 1129 911 1178 tt,
937 1113 1024 1180 I5)
1054 1128 1066 1162 :
1097 1110 1140 1163 si
1169 1119 1344 1162 autem
1373 1106 1624 1168 habetur,
1656 1102 1783 1157 ﬁant
1807 1115 1968 1171 Opera
1998 1098 2154 1168 justi-

569 1208 676 1267 tizn.
705 1216 758 1260 et
789 1205 836 1259 ei
863 1205 950 1272 qui
980 1204 1122 1256 illam
1143 1211 1395 1270 operatus
1416 1207 1499 1252 est
1525 1205 1750 1266 agantur
1773 1194 1981 1266 gratim.

637 1296 823 1353 XLVI.
860 1295 982 1350 Jun.
1029 1293 1281 1348 Voluntas
1335 1294 1512 1360 itaque
1564 1296 1741 1343 motus
1803 1295 1888 1342 est
1938 1284 2101 1339 animi
2133 1323 2148 1346 ,

569 1388 621 1442 in
645 1387 766 1457 jure
801 1401 898 1441 suo
933 1383 1176 1440 habentis
1224 1390 1401 1438 utrum
1445 1378 1748 1436 sinisterior
1766 1377 1833 1432 ad
1862 1391 2020 1446 prava
2058 1375 2153 1430 de-

567 1489 769 1546 currat,
800 1495 865 1532 an
897 1477 1168 1534 dexterior
1190 1475 1256 1530 ad
1281 1473 1422 1530 celsa
1452 1470 1775 1528 contendat..

639 1573 772 1627 Anc.
812 1569 950 1639 Quid
975 1577 1058 1624 est
1085 1581 1232 1638 ergo,
1261 1565 1345 1620 Ne
1366 1564 1582 1619 declines
1609 1563 1661 1616 in
1689 1560 1968 1626 dexteram,
1997 1574 2156 1628 neque

568 1664 620 1717 in
640 1661 896 1717 sinistram
926 1658 1107 1732 (Prov.
1139 1672 1216 1724 tv,
1240 1656 1380 1726 27)?

641 1749 847 1807 XLVII.
887 1749 1007 1804 Jun.
1049 1747 1222 1802 Motus
1248 1757 1426 1802 autem
1448 1744 1611 1800 animi
1634 1745 1770 1815 ejus,
1796 1741 1886 1814 qui
1920 1741 2030 1812 jam
2059 1757 2152 1810 per

565 1850 778 1896 atatem
820 1839 1023 1910 judicio
1041 1837 1276 1892 rationis
1321 1837 1392 1891 uti
1425 1843 1635 1906 potest;
1687 1834 1772 1890 cui
1818 1848 1939 1888 cum
1996 1847 2150 1903 pmna

568 1941 894 1989 monstratur
912 1941 967 1987 et
1015 1931 1206 2002 gloria,
1249 1940 1341 1984 aut
1386 1938 1571 1984 contra
1611 1927 1952 1982 commodum
1995 1928 2015 1958 ⁸
2067 1927 2151 1980 vel

564 2023 838 2093 voluptas,
869 2021 1192 2092 adjutorium
1233 2027 1290 2074 et
1316 2019 1459 2074 velut
1494 2018 1706 2073 occasio
1751 2016 1999 2083 odertur,
2044 2031 2150 2071 non

565 2113 855 2171 necessitas
881 2112 1180 2182 imponitur
1193 2111 1358 2181 partis
1385 2110 1675 2165 alterutrae.
1706 2108 1830 2163 [Itec
1863 2109 2022 2179 igitur
2053 2122 2151 2161 vo-

552 2203 764 2270 .luntas,
785 2217 906 2273 qua:
931 2202 1246 2267 alternatur,
1278 2197 1536 2269 originem
1565 2198 1931 2270 possibilitatis
1948 2197 1999 2251 in
2025 2197 2156 2252 lihe-

495 2351 505 2359 ,
559 2309 628 2350 ro
646 2293 852 2363 accepit
879 2293 1099 2349 arbitrio
1124 2309 1140 2348 :
1163 2291 1331 2363 ipsius
1346 2305 1475 2346 vero
1496 2291 1676 2361 operis
1691 2289 2026 2346 existentiam
2046 2304 2075 2342 a
2095 2303 2154 2344 se

565 2385 808 2455 suscipit,
831 2399 932 2440 nec
950 2393 1033 2440 est
1060 2399 1278 2454 prorsus
1296 2383 1540 2437 voluntas
1559 2390 1845 2450 antequam
1882 2383 2028 2447 velit,
2056 2396 2155 2436 nec

567 2484 742 2546 potest
763 2476 898 2530 velle
923 2483 1206 2544 antequam
1238 2473 1471 2544 potuerit
1509 2481 1564 2530 et
1599 2472 1774 2537 nolle;
1822 2486 1922 2528 nec
1947 2481 2152 2526 utrum-

565 2584 672 2639 que
697 2568 857 2623 habet
880 2568 931 2621 in
959 2574 1111 2636 parte
1136 2565 1360 2636 peccati,
1384 2565 1434 2620 id
1458 2573 1558 2629 est.
1579 2565 1716 2620 velle
1735 2573 1787 2620 et
1824 2564 1984 2629 nolle,
2007 2573 2156 2619 ante-

565 2675 726 2730 quam
775 2673 932 2714 usum
983 2657 1203 2712 rationis
1247 2657 1590 2728 adipiscatur.
1647 2657 1849 2726 Quibus
1893 2657 2154 2725 collectis,

567 2761 789 2822 apparet
814 2761 866 2806 te
892 2749 1174 2805 serissime
1197 2747 1470 2814 deﬁnisse,
1505 2766 1524 2800 ι
1549 2747 1831 2804 Peccatum
1856 2756 1938 2804 est
1965 2749 2154 2804 volun-

569 2854 652 2897 tas
677 2841 940 2897 retinendi
981 2840 1064 2895 vel
1109 2839 1421 2894 atltnittcndi
1451 2839 1592 2910 quod
1632 2839 1836 2910 justitia
1883 2849 2047 2907 vetat,
2101 2849 2156 2896 et

570 2931 714 2987 unde
745 2931 968 2986 liberum
1008 2940 1094 2986 est
1145 2930 1472 2985 abstinere.»
1524 2929 1636 2985 lloc
1676 2944 1803 3000 ergo
1856 2940 2148 3000 peccatum,

567 3020 709 3092 quod
733 3021 924 3076 claruit
967 3020 1098 3074 nihil
1139 3034 1260 3074 esse
1300 3027 1492 3088 prmter
1541 3019 1887 3085 voluntatem,
1945 3028 2158 3075 constat

571 3128 762 3183 genus,
788 3111 839 3166 id
860 3118 944 3166 est
993 3111 1161 3181 ipsam
1211 3110 1491 3180 originem,
1535 3109 1611 3164 ab
1651 3109 1889 3179 appetitu
1938 3111 2154 3181 proprio

567 3203 892 3273 suscepisse.
924 3201 1090 3273 Ilujus
1115 3203 1320 3272 species
1342 3202 1452 3270 jam
1483 3202 1535 3255 in
1574 3216 1928 3274 unoquoque,
1956 3201 2048 3272 qui
2075 3203 2156 3257 di-

567 3303 760 3351 cuntur
793 3293 978 3360 atomi,
1021 3294 1304 3363 reperitur.
1340 3292 1646 3348 Diil'ereutia
1667 3307 1796 3348 vero
1819 3301 1875 3349 et
1906 3294 1957 3348 in
1977 3293 2154 3349 varie-

570 3395 682 3443 tate
701 3387 1012 3457 culparum,
1035 3395 1090 3441 et
1117 3385 1169 3440 in
1195 3385 1490 3441 rationibus
1520 3395 1838 3456 temporum.
1861 3385 2048 3444 Modus
2071 3395 2157 3442 est

567 3481 683 3550 ipsa
714 3477 1084 3533 immoderatio
1115 3493 1127 3530 :
1161 3492 1283 3532 nam
1313 3477 1358 3532 si
1390 3476 1580 3532 modus
1603 3485 1686 3532 est
1711 3479 1914 3533 servire
1947 3479 2033 3532 cui
2059 3477 2153 3533 de-

569 3571 719 3638 beas,
747 3569 835 3640 qui
867 3569 969 3625 hoc
1003 3569 1382 3641 prtetermittit,
1415 3569 1524 3624 veri
1555 3569 1696 3624 modi
1731 3570 2154 3639 transgressione

569 3662 849 3732 delinquit.
884 3661 982 3716 llic
1019 3670 1195 3716 tamen
1234 3659 1336 3715 dici
1383 3660 1648 3716 subtiliter
1692 3670 1885 3730 potest,
1937 3661 2154 3716 modum

570 3771 693 3810 esse
718 3754 941 3824 peccati,
959 3753 1080 3823 quia
1119 3767 1280 3807 nemo
1303 3752 1421 3822 plus
1450 3768 1608 3822 quam
1643 3761 1819 3822 potest
1850 3753 2112 3824 delinquit
2140 3772 2152 3808 :

570 3859 698 3899 nam
724 3844 768 3898 si
791 3857 953 3912 supra
979 3844 1142 3907 vires,
1170 3842 1427 3897 inefﬁcaci
1456 3843 1726 3899 voluntate
1747 3852 2027 3913 peccatur;
2055 3844 2158 3902 hoc

574 3937 748 4004 ipsum
783 3934 896 3989 Iieri
928 3933 1012 3988 vel
1036 3933 1147 3988 sola
1188 3933 1359 4004 potuit
1385 3935 1672 3988 voluntate.
1710 3935 1948 4002 Qualitas
1977 3945 2155 3991 autem

573 4023 909 4079 adscribatur
935 4024 1085 4089 vitio,
1117 4038 1213 4092 per
1239 4040 1396 4094 quam
1423 4025 1721 4080 ostenditur
1747 4027 1872 4096 quid
1903 4029 2158 4084 amaritu-

574 4115 735 4178 diois,
757 4113 842 4169 vel
885 4113 1152 4170 dedecore
1199 4114 1460 4170 convellat
1506 4116 1588 4171 vel
1637 4115 1843 4171 dolore.
1892 4118 1985 4172 Est
2030 4135 2157 4192 ergo

577 4213 874 4276 peceatum,
901 4205 1024 4275 quia
1051 4205 1095 4260 si
1124 4219 1228 4260 non
1251 4215 1412 4270 esset,
1440 4220 1538 4261 nec
1573 4215 1627 4260 tu
1669 4207 1972 4276 sequereris
2003 4225 2158 4265 erro-

576 4311 694 4360 res;
728 4295 858 4350 nihil
881 4304 963 4350 cst
991 4305 1170 4350 autem
1212 4295 1352 4350 aliud
1371 4338 1385 4360 ,
1409 4307 1613 4366 .przrter
1646 4299 1966 4356 voluntatem
1997 4317 2156 4358 exce-

575 4390 788 4444 dentem
814 4387 882 4442 ab
907 4403 973 4442 eo
1001 4387 1156 4453 calle,
1186 4388 1270 4444 cui
1296 4387 1455 4443 debet
1492 4389 1756 4456 insistere,
1781 4398 1836 4445 et
1857 4391 1996 4446 unde
2026 4393 2159 4449 lihe-

578 4496 697 4534 rum
751 4488 836 4536 est
876 4494 981 4535 non
1029 4479 1333 4537 deﬂectere.
1375 4479 1458 4536 Fit
1502 4481 1524 4514 ³
1575 4490 1751 4538 autem
1807 4483 1877 4540 de
1924 4489 2158 4556 appetitu

577 4572 1039 4635 inconeessorum;
1067 4578 1124 4626 et
1149 4585 1408 4641 nusquam
1447 4581 1529 4628 est
1571 4573 1673 4628 nisi
1707 4573 1760 4628 in
1802 4589 1870 4630 eo
1917 4575 2155 4646 homine,

577 4660 668 4731 qui
697 4669 751 4716 et
772 4659 956 4716 habuit
975 4660 1300 4720 voluntatem
1331 4662 1546 4733 malam,
1591 4673 1646 4719 et
1694 4665 1864 4736 potuit
1909 4683 2016 4724 non
2069 4669 2163 4725 ha-

579 4752 733 4809 berc.

648 4843 782 4898 Aea.
824 4841 940 4912 Ipse
967 4852 1052 4900 est
1095 4843 1284 4911 Adam,
1330 4860 1489 4916 quem
1528 4857 1710 4904 nostra
1760 4851 1849 4907 illa
1896 4851 2156 4921 deﬁnitio,

577 4949 698 5004 quae
729 4933 821 4986 tibi
846 4933 1060 5003 placuit,
1087 4933 1419 5000 intuebatur,
1447 4953 1568 4993 eum
1609 4939 1841 4997 dicerem
1861 4985 1874 5008 ,
1910 4961 1930 4995 ι
1960 4941 2160 4998 Pecca-

581 5037 691 5080 tum
721 5035 805 5082 est
837 5029 1081 5085 voluntas
1107 5030 1369 5087 retinendi
1407 5033 1490 5088 vel
1512 5036 1870 5104 consequendi
1912 5037 2052 5107 quod
2083 5038 2164 5109 juo

581 5116 722 5170 stitia
750 5126 909 5184 vetat,
937 5128 992 5175 et
1035 5119 1178 5176 unde
1223 5121 1447 5176 liberum
1489 5131 1572 5177 est
1625 5124 1955 5182 abstinere.)
1993 5129 2159 5185 Adam

579 5206 773 5277 quippe
801 5211 1035 5278 omnino,
1067 5211 1282 5281 quando
1319 5214 1577 5281 peccavit,
1607 5215 1734 5269 nihil
1767 5217 1818 5271 in
1845 5234 1903 5274 se
1936 5219 2164 5278 habebat

583 5299 728 5364 mali,
761 5316 867 5370 quo
891 5302 1078 5358 nolens
1107 5311 1388 5371 urgeretur
1413 5303 1481 5357 ad
1506 5306 1832 5374 operandam
1862 5310 2078 5376 malum,
2111 5322 2165 5369 et

585 5401 802 5459 propter
841 5391 983 5461 quod
1010 5390 1233 5454 diceret,
1267 5390 1387 5446 Non
1423 5395 1559 5464 quod
1604 5397 1732 5463 volo,
1775 5401 1908 5468 facio
1940 5400 2164 5468 bonum;

582 5480 670 5534 sed
689 5481 824 5551 quod
843 5481 960 5536 nolo
989 5480 1198 5546 nmium,
1230 5481 1325 5536 hoc
1346 5499 1443 5554 ago
1463 5483 1640 5554 (Rom.
1667 5503 1756 5556 vn,
1789 5489 1881 5562 9.9)
1911 5509 1926 5546 :
1977 5507 2038 5548 ac
2067 5509 2162 5565 per

646 5678 667 5747 ξ
698 5681 798 5747 φρ
817 5678 947 5747 ηδε..
968 5673 1110 5747 justi.
1132 5681 1294 5747 Graece
1312 5685 1473 5747 tamen
1496 5686 1590 5737 est,
1615 5681 1973 5747 dikaidsJuste.

644 5739 667 5769 ν
696 5735 856 5785 Codex
883 5735 1142 5796 Portntum,
1164 5743 1245 5786 aut
1267 5746 1433 5791 contra
1454 5735 1818 5802 iamnodum;

648 5797 670 5831 ι
700 5797 772 5848 sic
793 5803 900 5848 uss.
935 5804 990 5848 At
1017 5797 1165 5859 editi,
1188 5798 1318 5862 fecit.

888 5832 900 5845 ι
935 5832 990 5848 ιι,
1018 5832 1165 5859 ws",
1188 5832 1318 5859 ,νινε

1241 349 1486 408 OPERIS
1523 344 1935 404 IMPERFEC’I‘I
1974 339 2241 397 CONTRA
2283 337 2644 401 JULIANUM,
2685 337 2738 392 S.
2790 334 3155 393 AUGUS’I’INI

3693 337 3843 394 ωδε

2260 453 2358 506 hoc
2400 458 2448 506 id
2490 454 2590 524 egit
2623 453 2908 522 peccando,
2941 451 3078 522 quod
3120 450 3328 519 justitia
3353 449 3582 517 vetabat,
3617 455 3843 509 et'unde

2262 544 2483 597 liberum
2513 545 2586 598 illi
2615 543 2785 598 fuerat
2813 543 3099 598 abStinere.
3123 541 3256 597 Nam
3282 542 3296 573 ⁸
3327 540 3374 595 ei
3397 542 3484 612 qui
3511 542 3656 609 dicit,
3689 543 3845 612 Quod

2261 637 2377 690 nolo
2403 635 2613 697 malum,
2639 635 2733 688 hoc
2753 651 2869 705 ago,
2899 634 3167 689 abstinere
3193 633 3334 699 inde,
3357 634 3580 689 liberum
3606 651 3710 688 non
3734 645 3844 689 est.

2262 728 2336 780 Ac
2364 741 2459 794 per
2489 725 2609 792 hoc,
2639 725 2681 780 si
2704 727 2724 756 ’
2755 726 2851 778 tria
2877 726 2972 778 ista
3001 723 3295 790 discernas,
3318 733 3374 779 et
3393 724 3528 779 scias
3555 725 3694 779 aliud
3721 740 3847 780 ease

2262 824 2560 885 peccatum,
2590 815 2732 871 aliud
2763 831 2975 886 poenam
3016 814 3238 884 peceati,
3281 814 3422 868 aliud
3451 823 3754 886 utrumque,
3790 816 3846 870 id

2259 915 2364 972 est,
2394 907 2462 959 ita
2495 915 2800 975 peccatum,
2838 915 2896 960 ut
2925 906 3098 976 ipsum
3129 907 3196 960 sit
3221 907 3378 959 etiam
3411 921 3568 978 pmna
3599 907 3799 976 peccati
3827 952 3842 972 ,

2261 996 2507 1067 intelligis
2535 997 2660 1067 quid
2703 996 2890 1051 borum
2933 998 3092 1052 trium
3147 997 3405 1066 pertineat
3449 997 3514 1051 ad
3555 998 3694 1051 illam
3741 997 3844 1052 de-

2261 1086 2593 1154 ﬁnitionem,
2652 1088 2741 1142 ubi
2789 1089 3034 1142 voluntas
3083 1097 3166 1142 est
3214 1089 3403 1158 agendi
3451 1087 3592 1158 quod
3635 1088 3846 1158 justitia

2261 1188 2444 1247 vetat,
2496 1189 2552 1234 et
2605 1180 2744 1236 unde
2797 1180 3024 1234 liberum
3074 1188 3158 1235 est
3212 1179 3502 1236 abstinere.
3557 1181 3842 1235 Peccatum

2260 1286 2487 1340 namque
2529 1272 2630 1325 isto
2655 1270 2812 1326 modo
2840 1270 3117 1327 deﬁnitum
3148 1281 3248 1337 est,
3282 1285 3384 1325 non
3432 1272 3628 1341 peccati
3660 1287 3840 1341 pana,

2260 1376 2364 1415 non
2397 1370 2700 1433 utrumque.
2745 1361 2953 1417 Ilabcnt
2989 1371 3166 1416 autem
3199 1361 3294 1416 tria
3323 1361 3421 1416 ista
3461 1377 3651 1432 genera
3678 1364 3845 1418 etiam

2258 1452 2466 1520 species
2495 1466 2638 1520 suas,
2669 1452 2737 1506 de
2773 1452 2967 1522 quibus
3005 1467 3146 1507 nunc
3177 1453 3390 1518 longum
3429 1461 3511 1507 est
3548 1451 3840 1522 disputare.

2261 1542 2460 1597 lIorum
2496 1557 2626 1598 sane
2654 1544 2811 1598 trium
2839 1557 3099 1613 generum
3139 1542 3183 1597 si
3211 1543 3550 1612 requirantur
3577 1544 3838 1613 exetnpla,

2260 1635 2412 1703 primi
2439 1635 2656 1704 generis
2686 1634 2738 1688 in
2768 1634 2937 1688 Adam
2966 1635 3082 1689 sine
3113 1633 3222 1688 ullo
3249 1633 3388 1688 nodo
3415 1634 3718 1704 quaestionis
3743 1649 3835 1690 oc-

2257 1727 2442 1782 currit.
2464 1727 2622 1782 Multa
2647 1727 2843 1798 quippe
2868 1737 2992 1782 sunt
3020 1743 3137 1798 quae
3163 1737 3325 1798 agunt
3352 1727 3592 1785 homines
3617 1728 3772 1794 mala,
3804 1745 3839 1783 a

2257 1818 2448 1888 quibus
2472 1819 2550 1874 eis
2577 1819 2800 1874 liberum
2829 1828 2910 1872 est
2948 1819 3217 1874 abstinere
3250 1837 3264 1874 :
3293 1819 3385 1875 sed
3415 1819 3540 1873 nulli
3571 1829 3672 1874 tam
3701 1820 3834 1874 libe-

2257 1926 2373 1965 rum
2395 1920 2496 1978 est,
2527 1926 2684 1981 quam
2717 1911 2790 1965 illi
2828 1910 2943 1976 fuit,
2976 1911 3063 1981 qui
3100 1911 3212 1966 Deo
3236 1925 3352 1978 suo,
3382 1925 3413 1966 a
3437 1925 3540 1981 quo
3567 1921 3680 1967 erat
3703 1926 3834 1966 con-

2255 2000 2399 2058 ditus
2432 2012 2630 2068 rectus,
2661 2003 2806 2057 nullo
2831 2017 3051 2073 prorsus
3075 2003 3203 2058 vitio
3237 2003 3554 2076 depravatus
3579 2003 3836 2064 adstabat.

2257 2093 2488 2150 Secundi
2524 2103 2702 2148 autem
2740 2093 2979 2164 generis,
3026 2093 3116 2148 ubi
3170 2093 3531 2148 tantummodo
3563 2102 3644 2149 est
3681 2109 3837 2164 pinna

2258 2185 2478 2256 peccati,
2508 2184 2809 2254 exemplum
2854 2184 2905 2239 in
2949 2199 3014 2239 eo
3052 2185 3194 2240 malo
3222 2193 3325 2251 est,
3356 2183 3494 2256 quod
3521 2185 3739 2254 quisque
3766 2200 3834 2240 ex

2258 2275 2402 2330 nulla
2428 2283 2576 2345 parte
2600 2276 2728 2346 agit,
2757 2275 2850 2330 sed
2883 2275 3250 2330 tantummodo
3282 2276 3475 2344 patitur
3507 2294 3520 2330 :
3547 2276 3688 2330 velut
3713 2291 3832 2330 cum

2259 2381 2358 2437 pro
2385 2381 2482 2421 suo
2511 2365 2736 2432 scelere,
2763 2366 2852 2436 qui
2881 2366 3136 2437 peccavit,
3164 2366 3442 2434 occiditur,
3463 2367 3574 2422 sive
3598 2367 3696 2421 alia
3721 2383 3838 2423 cor-

2259 2459 2407 2530 poris
2431 2473 2588 2528 pcena
2615 2473 2948 2530 quacumque
2975 2459 3263 2514 cruciatur.
3315 2459 3550 2514 Tertium
3589 2476 3710 2516 vero
3743 2477 3834 2531 ge-

2260 2566 2382 2615 nus,
2409 2551 2497 2607 ubi
2541 2560 2814 2623 peceatum
2852 2552 3023 2621 ipsum
3049 2561 3129 2607 est
3155 2562 3208 2606 et
3234 2567 3388 2622 pmna
3419 2553 3636 2622 peccati,
3669 2560 3834 2623 potest

2259 2643 2480 2714 intelligi
2525 2644 2578 2698 in
2622 2659 2689 2699 eo
2740 2644 2828 2714 qui
2875 2643 3042 2710 dicit,
3106 2643 3255 2728 Quod
3303 2646 3419 2699 uolo
3469 2645 3692 2708 malum,
3743 2646 3836 2699 hoc

2257 2753 2375 2808 ago.
2416 2736 2497 2792 Ad
2527 2737 2628 2792 hoc
2668 2737 2936 2808 pertinent
2981 2738 3140 2792 etiam
3171 2737 3346 2792 omnia
3391 2754 3509 2808 qua:
3557 2753 3648 2808 per
3694 2738 3838 2808 igno-

2257 2830 2486 2885 rantiam
2534 2844 2657 2885 cum
2701 2838 2928 2900 aguntur
2977 2829 3112 2884 mala
3141 2829 3183 2896 ³,
3232 2843 3338 2884 non
3388 2838 3636 2899 putantur
3679 2831 3829 2893 mala,

2258 2921 2342 2976 vel
2398 2922 2556 2976 etiam
2604 2930 2855 2992 putantur
2901 2921 3060 2976 bona.
3108 2920 3334 2978 Caecitas
3379 2923 3518 2977 enim
3552 2921 3740 2988 cordis,
3795 2922 3839 2976 si

2258 3021 2531 3083 peccatum
2574 3028 2679 3068 non
2720 3021 2902 3078 esset,
2947 3013 3142 3082 lnjuste
3182 3022 3495 3082 argueretur
3539 3031 3554 3069 :
3608 3013 3842 3085 arguitur

2259 3111 2437 3158 autem
2481 3103 2660 3173 justc,
2716 3102 2806 3158 ubi
2856 3103 3089 3172 dicitur,
3136 3102 3400 3160 Pharisaze
3441 3122 3568 3160 arce
3609 3105 3838 3177 (Matth.

2259 3209 2398 3252 ιιιιι
2428 3237 2445 3263 ,
2486 3193 2629 3268 26);
2685 3204 2739 3251 et
2781 3196 2903 3252 aliis
2953 3196 3194 3269 plurimis
3243 3199 3540 3254 divinorum
3599 3201 3840 3271 eloquio-

2258 3305 2376 3345 rum
2436 3289 2590 3345 locis.
2656 3289 2965 3362 Eademque
3023 3306 3209 3347 rursus
3277 3292 3488 3347 czeeitas
3537 3293 3581 3347 si
3634 3295 3836 3363 peccati

2260 3395 2416 3452 pmna
2446 3395 2551 3436 non
2579 3389 2751 3446 esset,
2783 3396 2888 3436 non
2919 3381 3208 3448 diceretur,
3242 3381 3526 3438 Exrwcavit
3555 3384 3684 3438 enim
3720 3385 3838 3439 illos

2259 3473 2453 3528 ntulitia
2492 3474 2700 3528 illorum
2726 3473 2879 3545 (Sap.
2916 3489 2974 3539 tt,
3010 3475 3105 3546 ει)
3129 3491 3142 3528 :
3170 3475 3310 3545 quod
3354 3477 3398 3530 si
3425 3476 3491 3531 de
3522 3477 3614 3531 Dei
3639 3477 3843 3547 judicio

2266 3577 2370 3618 non
2397 3564 2625 3630 veniret,
2657 3579 2763 3619 non
2800 3563 3118 3634 legeremus,
3151 3566 3491 3621 Observantur
3516 3568 3648 3622 oculi
3671 3585 3844 3622 eorum

2260 3673 2323 3711 ne
2358 3656 2573 3723 rideant,
2621 3666 2668 3712 et
2707 3657 2914 3712 dorsum
2963 3675 3136 3712 eorum
3179 3675 3375 3731 semper
3417 3661 3622 3715 incurva
3669 3659 3842 3732 (Ρωι.

2263 3764 2440 3813 uvm,
2469 3747 2584 3820 24).
2635 3747 2764 3816 Quis
2799 3763 2959 3820 porro
2984 3750 3168 3804 volens
3193 3766 3368 3806 crocus
3401 3759 3482 3806 est
3508 3751 3686 3818 corde,
3720 3766 3842 3806 cum

2261 3839 2390 3896 velit
2419 3855 2576 3901 nemo
2600 3855 2775 3896 caecus
2798 3855 2920 3897 esse
2939 3841 3020 3896 vel
3050 3842 3312 3913 corpore?
3340 3843 3565 3898 Proinde
3588 3844 3843 3915 originale

2264 3938 2538 4001 peccatum
2569 3945 2668 3986 nec
2695 3931 2760 3985 ad
2791 3931 2918 3987 illud
2953 3932 3174 4001 pertinet
3215 3933 3356 4003 quod
3401 3935 3573 4005 primo
3610 3935 3724 3989 loco
3749 3949 3845 4004 po-

2262 4023 2486 4089 suimus,
2518 4022 2604 4077 ubi
2633 4031 2718 4078 est
2744 4023 2990 4078 voluntas
3017 4025 3209 4078 malum
3240 4025 3518 4094 operandi,
3551 4024 3686 4080 unde
3717 4026 3841 4079 libe-

2263 4129 2380 4169 rum
2425 4123 2508 4170 est
2552 4115 2857 4181 abstinere;
2896 4116 3133 4186 alioquin
3178 4133 3282 4171 non
3307 4127 3456 4173 esset
3502 4118 3552 4172 in
3593 4118 3839 4188 parvulis,

2263 4206 2352 4277 qui
2384 4206 2616 4262 nondum
2649 4207 2936 4262 voluntatis
2965 4217 3183 4263 utuntur
3210 4207 3469 4264 arbitrio:
3502 4224 3599 4264 nec
3621 4209 3683 4263 ad
3715 4209 3842 4264 illud

2263 4297 2405 4368 quod
2448 4297 2684 4354 secundo
2717 4301 3288 4365 commemoravimus;
3337 4299 3405 4354 de
3445 4311 3662 4371 peccato
3699 4300 3840 4355 enim

2264 4404 2406 4445 nunc
2429 4391 2664 4461 agimus,
2702 4406 2806 4444 non
2829 4390 2896 4446 de
2928 4405 3084 4460 pinna
3107 4434 3120 4455 ,
3145 4407 3262 4462 qua:
3294 4406 3397 4446 non
3429 4402 3509 4447 est
3548 4401 3839 4462 peccatum,

2265 4481 2505 4552 quamvis
2544 4481 2743 4551 peccati
2768 4482 2960 4537 merito
2985 4483 3338 4552 subsoquaur
3363 4501 3375 4536 :
3402 4498 3558 4554 quam
3589 4482 3610 4514 ⁸
3633 4482 3844 4553 quidem

2267 4573 2535 4644 patiuntur
2575 4581 2629 4628 et
2656 4573 2885 4644 parvuli,
2924 4574 3045 4645 quia
3084 4574 3221 4629 inest
3255 4575 3332 4629 eis
3363 4589 3557 4644 corpus
3584 4584 3844 4628 mortuum

2267 4676 2486 4738 propter
2531 4676 2810 4739 peccatum
2853 4667 3028 4739 (Rom.
3064 4684 3177 4734 vm,
3212 4669 3329 4740 I0);
3363 4684 3466 4723 non
3504 4678 3674 4723 tamen
3702 4681 3847 4722 mors

2266 4759 2504 4827 corporis
2537 4758 2647 4829 ipsa
2675 4770 2950 4829 peccatum
2972 4770 3073 4827 est,
3095 4760 3177 4815 vel
3205 4760 3512 4831 corporales
3531 4759 3849 4829 quicumque

2265 4849 2579 4904 cruciatus:
2631 4848 2726 4904 sed
2771 4850 2999 4918 pertinet
3029 4850 3286 4920 originale
3328 4861 3600 4922 peccatum
3643 4849 3707 4904 ad
3744 4850 3845 4904 hoc

2265 4955 2434 5010 genus
2461 4940 2696 5006 tertium,
2725 4941 2813 4995 ubi
2855 4942 2934 4997 sic
2959 4951 3230 5012 peccatum
3257 4950 3364 5009 est,
3404 4953 3460 4997 ut
3498 4943 3666 5012 ipsum
3693 4942 3764 4996 sit
3796 4951 3846 4995 et

2265 5045 2423 5103 pinna
2472 5033 2708 5102 peccati;
2737 5032 2877 5102 quod
2924 5033 3059 5088 inest
3087 5033 3298 5103 quidem
3341 5033 3714 5097 nascentibus,
3757 5033 3850 5085 sed

2269 5120 2322 5176 in
2361 5122 2440 5178 eis
2480 5122 2844 5178 crescentibus
2887 5123 2909 5156 ⁸
2954 5123 3136 5194 incipit
3173 5139 3467 5194 apparere,
3515 5122 3729 5195 quando
3766 5134 3846 5177 est

2268 5213 2639 5284 Insipicntibus
2665 5215 2964 5271 necessaria
3025 5215 3310 5286 sapientia,
3335 5223 3391 5272 et
3428 5215 3563 5269 mala
3594 5214 3845 5283 concupi-

2331 5387 2348 5419 ι
2385 5387 2674 5450 \‘ignlerius,
2713 5401 2742 5440 a
2783 5389 2989 5440 Menardi
3029 5390 3242 5441 editione
3264 5389 3550 5452 discedens,
3595 5389 3844 5440 reluctan-

2269 5448 2398 5499 tibus
2421 5448 2598 5512 nostris
2619 5457 2746 5512 Mss,
2765 5452 3042 5512 substituit,
3064 5462 3200 5503 Nam.

2331 5512 2352 5577 ξ
2385 5511 2531 5572 mliti,
2555 5510 2640 5562 sic.
2668 5510 2995 5577 Eruendantur
3020 5510 3084 5564 ex
3121 5514 3469 5577 manusxiptis.

2331 5571 2354 5639 ξ
2385 5571 2523 5639 ".55";
2543 5586 2654 5639 σωη
2674 5581 2879 5639 σθίζηων
2897 5573 3042 5625 mala-

2331 5633 2354 5704 ξ
2388 5633 2660 5704 εξεηὶειήυε
2677 5633 2729 5704 e't
2741 5637 2838 5686 duo
2863 5645 2951 5688 MSS
2974 5673 2989 5698 ,
3013 5650 3143 5687 nam.
3551 5697 3561 5704 .
3593 5696 3606 5704 _
3692 5693 3703 5703 ,

2330 5694 2352 5727 ⁸
2490 5699 2922 5761 manuscriptorum
2942 5694 3038 5766 ope
3060 5706 3349 5766 restitutum
3361 5707 3454 5758 est,
3476 5697 3561 5766 sed
3583 5696 3635 5748 in
3655 5694 3725 5766 eis
3746 5707 3854 5766 rra-

2266 5755 2536 5870 zgmg;
2574 5772 2672 5824 quo
2715 5755 3039 5824 praetermisso
3075 5761 3193 5813 editi
3227 5755 3484 5823 terebant,
3523 5759 3641 5811 dunt
3684 5757 3856 5824 itaipit

2267 5829 2521 5882 apparere.
