4118 6530
347 409 484 467 1069

341 527 608 585 scentibus
630 533 991 607 continentia;
1018 542 1168 613 origo
1191 534 1366 599 tamen
1407 544 1565 601 etiam
1599 549 1754 619 hujus
1784 569 1907 622 pec-

338 619 441 670 cati
490 618 761 679 descendit
809 642 840 681 a
886 630 1154 687 voluntate
1199 637 1484 702 peccantis.
1535 657 1556 691 ι
1608 638 1727 698 Fuit
1764 644 1907 699 enim

229 726 241 735 δ
340 706 530 773 Adam,
567 720 620 765 et
657 715 710 768 in
742 716 831 772 illo
867 718 1059 775 fuimus
1097 738 1317 789 omnes;
1351 727 1506 795 periit
1542 729 1733 797 Adam,
1763 741 1815 786 et
1854 735 1907 789 in

335 794 429 851 illo
455 812 641 858 omnes
668 806 936 875 perierunt
968 827 987 862 ι
1012 794 1363 885 (Ambrosius,
1398 817 1488 873 lib.
1519 819 1549 873 7
1574 821 1628 876 in
1651 794 1779 879 an.
1811 839 1903 894 xv,

335 902 389 941 η.
412 887 563 962 est).
1416 940 1431 954 .

408 976 633 1037 XLVIII.
661 988 778 1039 Jun.
806 986 1070 1045 Meretur'
1101 1003 1279 1052 autem
1304 1006 1358 1052 et
1383 999 1450 1055 ab
1481 1002 1718 1059 honestis
1742 1020 1902 1063 exse-

335 1068 656 1138 crationem,
685 1085 735 1127 et
774 1075 843 1131 ab
867 1078 955 1133 illa
996 1083 1240 1152 justitia,
1283 1088 1435 1156 cujus
1473 1089 1563 1147 hic
1610 1102 1717 1148 tota
1741 1111 1900 1152 causa

332 1158 586 1227 vertitur,
616 1161 903 1231 legitimam
952 1176 1471 1233 condemnationem.
1503 1178 1761 1239 Omnibus
1801 1186 1907 1242 ita-

326 1261 432 1318 que
473 1246 658 1305 aulaeis
694 1253 924 1312 reductis
972 1260 1149 1330 profer
1194 1264 1481 1335 aliquando
1518 1269 1635 1326 luce
1687 1264 1899 1342 palam,

326 1350 421 1405 per
445 1338 568 1407 quid
595 1337 789 1397 doceas
818 1349 1056 1405 naturale
1081 1366 1201 1408 esse
1242 1366 1537 1422 peccatum.
1580 1337 1737 1416 Cerie
1766 1363 1900 1420 nihil

322 1429 568 1497 superius
610 1431 745 1487 falso
774 1436 854 1491 vel
897 1436 965 1493 de
1003 1440 1196 1497 divinae
1234 1444 1390 1501 laude
1428 1446 1679 1518 justitize,
1721 1453 1803 1507 vel
1829 1453 1899 1510 de

321 1517 493 1587 culpze
517 1518 830 1582 deﬁnitione
870 1530 1151 1587 collectum
1177 1544 1281 1589 est.
1311 1517 1545 1596 Ostende
1571 1555 1701 1612 ergo
1721 1584 1735 1609 ,
1783 1543 1898 1602 haec

320 1606 428 1662 duo
456 1609 510 1664 in
549 1615 780 1682 parvulis
823 1632 979 1686 posse
1011 1632 1258 1680 constare
1308 1643 1322 1678 :
1358 1628 1403 1681 si
1432 1630 1635 1686 nullum
1675 1644 1759 1688 est
1781 1634 1897 1692 siue

322 1699 587 1756 voluntate
617 1716 908 1776 peccatum,
939 1712 985 1767 si
1016 1713 1155 1769 nulla
1179 1716 1420 1774 voluntas
1446 1712 1543 1784 hbi
1560 1738 1664 1778 non
1694 1734 1778 1781 est
1800 1743 1896 1781 ex-

317 1788 508 1856 plicata
538 1792 791 1861 liberlas,
837 1799 885 1855 si
914 1816 1018 1856 non
1046 1815 1130 1858 est
1155 1804 1371 1864 libertas
1413 1811 1501 1867 ubi
1542 1828 1648 1868 non
1690 1825 1775 1872 est
1814 1817 1894 1872 fa-

316 1878 488 1935 cultas
516 1898 610 1951 per
636 1887 898 1944 rationem
941 1892 1219 1951 electionis
1245 1913 1260 1959 ;
1290 1913 1399 1969 quo
1436 1912 1674 1958 monstro
1700 1922 1891 1975 pecea-

316 1979 425 2027 tum
457 1974 509 2029 in
554 1976 843 2037 infantibus
883 1984 1181 2053 invenitur,
1223 1991 1310 2059 qui
1355 1993 1575 2050 rationis
1601 2011 1753 2053 usum
1780 2014 1887 2055 non

314 2062 543 2121 habent?
571 2069 732 2141 Igitur
773 2090 872 2130 nec
915 2077 1144 2148 eligendi
1177 2081 1512 2153 facultatem,
1545 2103 1609 2144 ac
1653 2105 1749 2160 per
1787 2091 1889 2150 hoc

313 2173 413 2213 nec
439 2161 762 2219 voluntatem
792 2183 806 2220 :
833 2176 991 2238 atque
1032 2171 1113 2227 his
1153 2174 1552 2234 irrei‘utabiliter
1578 2186 1883 2255 concessis,

312 2264 410 2305 nec
447 2253 661 2324 aliquod
704 2261 922 2315 omnino
970 2274 1263 2332 peccatum.
1312 2269 1403 2324 llis
1449 2272 1606 2342 igitur
1658 2277 1886 2335 molibus

309 2357 556 2412 pressus,
581 2348 856 2406 videamus
895 2369 1002 2424 quo
1042 2361 1305 2427 eruperis.
1334 2379 1354 2414 ι
1382 2362 1573 2433 Nullo,
1611 2385 1632 2419 ι
1672 2368 1880 2440 inquis,

311 2452 332 2487 ι
363 2448 581 2505 peccato
635 2443 834 2510 parvuli
889 2460 1202 2513 premuntur
1246 2467 1377 2518 suo,
1420 2456 1514 2511 sed
1573 2471 1884 2527 premuntur

302 2526 501 2587 alieno.
540 2548 560 2582 ι
588 2531 822 2588 Necdum
848 2536 1039 2593 claruit
1066 2541 1191 2610 quid
1218 2544 1341 2599 mali
1383 2526 1602 2604 sentias.
1632 2551 1884 2622 Suspica-

301 2633 423 2674 mur
446 2621 589 2677 enim
620 2631 674 2679 te
706 2625 773 2680 ad
805 2627 1055 2685 invidiam
1098 2634 1390 2704 cnjnspiam
1418 2638 1682 2708 hominis,
1727 2644 1879 2716 cujus

300 2706 631 2780 iniquitatem
677 2724 734 2770 ut
791 2716 990 2776 Poenus
1030 2732 1213 2778 orator
1255 2728 1619 2798 exprimeres,
1665 2730 1781 2790 haec
1822 2737 1877 2793 in

297 2800 530 2856 medium
583 2806 886 2874 protulisse.
931 2810 1087 2881 Apud
1131 2828 1291 2884 quem
1344 2817 1502 2889 igitur
1544 2822 1875 2893 impollutam

295 2888 652 2947 innocentiam
698 2897 872 2952 scelus
912 2904 1150 2969 gravavit
1188 2906 1210 2937 ³
1259 2888 1578 2966 externum?
1613 2913 1743 2982 Quis
1786 2917 1875 2974 ille

294 2976 424 3046 fuit,
464 2983 554 3052 qui
611 2983 709 3040 hos
766 2988 1098 3055 adjudiearet
1140 3010 1292 3059 reos.
1339 3006 1445 3053 tam
1487 2976 1713 3073 excors,
1762 3015 1871 3064 tam

292 3075 409 3125 trux
431 3112 446 3138 ,
480 3080 584 3127 tam
631 3075 826 3132 oblitus
855 3078 946 3134 Dei
990 3089 1044 3137 et
1086 3085 1348 3154 aequitatis
1370 3087 1410 3155 ',
1459 3089 1712 3150 barbarus
1746 3112 1871 3167 per-

289 3158 514 3216 duellis?
540 3162 837 3222 Laudamus
883 3184 1098 3238 prorsus
1126 3173 1392 3243 ingeninm
1425 3185 1572 3236 tuum
1603 3198 1619 3237 :
1647 3158 1872 3255 apparet

287 3250 547 3320 eruditio,
572 3270 678 3309 non
709 3258 921 3325 potuisti
946 3259 1137 3329 aliter,
1168 3264 1382 3337 dignam
1411 3272 1621 3337 generis
1651 3250 1866 3335 humani

284 3339 442 3407 odio,
466 3341 663 3412 judicis
692 3349 872 3403 nescio
893 3350 1044 3421 cujus
1065 3394 1081 3420 ,
1111 3353 1219 3411 imo
1249 3360 1457 3429 tyranni
1481 3362 1710 3434 allegare
1741 3383 1864 3438 per-

280 3444 504 3497 sonam,
532 3451 690 3505 quam
735 3437 965 3507 jurando
1006 3459 1111 3499 non
1159 3448 1332 3504 solum
1379 3465 1504 3508 eum
1542 3471 1645 3510 non
1674 3472 1865 3529 peper-

279 3523 418 3579 cisse
447 3523 530 3597 his
558 3528 647 3597 qui
676 3528 809 3585 nihil
837 3535 1232 3604 pcccavissent,
1263 3555 1446 3596 verum
1474 3544 1633 3601 etiam
1663 3523 1860 3622 bis—qui

281 3629 381 3670 nec
423 3631 646 3686 peccare
674 3622 989 3690 potuissent.
1018 3627 1166 3683 Solet
1194 3630 1390 3701 quippe
1431 3636 1573 3705 apud
1600 3641 1862 3709 suspicio-

275 3718 392 3760 sum
415 3706 649 3763 animum
677 3712 814 3767 bona
839 3717 1165 3775 conscientia
1195 3721 1440 3781 laborare
1470 3742 1566 3798 pro
1591 3728 1858 3790 defensio—

275 3809 344 3849 ne
367 3796 485 3861 sui,
513 3812 581 3853 ne
611 3799 745 3857 forte
767 3801 1087 3875 deliquerit,
1116 3812 1237 3880 quia
1267 3796 1578 3885 delinquere
1604 3821 1684 3876 vel
1715 3821 1738 3855 ⁸
1761 3837 1858 3894 po-

274 3884 373 3939 tuit
404 3900 419 3938 :
448 3886 692 3945 absolute
737 3901 914 3950 autem
946 3898 1244 3957 vindicatur
1272 3917 1302 3958 a
1330 3884 1587 3974 crimine,
1621 3912 1707 3982 qui
1738 3884 1853 3985 ipsa

271 3976 348 4030 rei
396 3978 820 4048 impossibilitate
849 3986 1171 4048 defenditur.
1204 3993 1385 4067 Pande
1427 3998 1587 4069 igitur
1611 3976 1731 4074 quis
1758 3976 1853 4065 est

268 4066 370 4122 iste
396 4067 755 4128 innocentium
785 4076 1049 4136 addictor.
1076 4082 1422 4154 Respondeas
1441 4066 1485 4157 ί,
1517 4066 1690 4160 Deus;
1722 4111 1850 4166 pcr-

263 4160 476 4215 eussisti
500 4164 712 4232 quidem
741 4170 977 4226 animum
1002 4214 1018 4241 ,
1045 4175 1140 4230 sed
1172 4178 1291 4248 quia
1321 4180 1408 4236 vix
1448 4191 1650 4241 tantum
1680 4160 1850 4247 sacri-

264 4249 457 4321 legium
505 4254 661 4312 fidem
710 4274 979 4333 meretur,
1027 4268 1152 4338 quid
1197 4269 1399 4328 dixeris
1442 4277 1772 4350 ambigamus
1800 4284 1841 4338 ⁸.

260 4340 468 4400 Scimus
492 4349 631 4403 enim
662 4351 983 4428 homonyme
1009 4363 1248 4431 usurpari
1271 4379 1464 4422 nomen
1508 4367 1613 4426 hoc
1635 4387 1793 4442 posse
1823 4392 1838 4431 :

260 4430 396 4488 Sunt
423 4438 610 4506 quippe
646 4442 719 4496 dii
758 4447 905 4500 multi
946 4459 992 4503 et
1027 4430 1219 4507 domini
1266 4456 1445 4522 multi;
1488 4430 1652 4515 nobis.
1674 4430 1840 4521 tamen

258 4538 390 4577 unus
414 4536 485 4580 est
517 4527 653 4583 Deus
696 4530 852 4588 Pater
880 4552 943 4590 ex
966 4553 1066 4606 quo
1091 4542 1287 4607 omnia,
1311 4554 1359 4598 et
1388 4562 1517 4603 unus
1544 4560 1617 4605 est
1654 4551 1838 4609 Domi-

257 4628 352 4665 nus
374 4611 527 4671 Jesus
551 4615 778 4677 Christus
806 4641 895 4695 per
918 4643 1065 4698 quem
1084 4634 1254 4686 omnia
1287 4634 1330 4705 (Ι
1351 4635 1468 4691 Cor.
1483 4655 1593 4706 vm,
1623 4643 1659 4700 5
1683 4656 1729 4698 et
1754 4645 1833 4720 6).

254 4702 422 4770 Quem
457 4707 616 4777 igitur
647 4712 809 4768 Deum
837 4716 888 4769 in
946 4719 1150 4776 crimen
1202 4740 1362 4781 vocas
1390 4730 1446 4783 "?
1475 4730 1572 4788 llic
1609 4743 1691 4798 tu,
1737 4753 1833 4812 Asa-

252 4797 446 4854 cerdos
489 4801 924 4876 religiosissime,
964 4811 1254 4884 rhetorque
1289 4819 1630 4889 doetissime,
1661 4808 1830 4882 exha-

250 4885 328 4941 las
353 4889 557 4947 tristius
597 4903 651 4949 et
679 4894 949 4957 horridius
972 4902 1170 4974 aliquid
1190 4948 1205 4969 ,
1236 4923 1394 4979 quam
1433 4913 1515 4967 vel
1555 4915 1827 4976 Amsancti

249 4977 402 5035 vallis
426 4981 467 5046 ',
499 4983 582 5039 vel
611 4995 799 5056 puteus
822 4992 1058 5062 Averni,
1091 4997 1198 5053 imo
1224 4977 1503 5060 scelestius
1527 5021 1686 5078 quam
1713 5011 1825 5083 ipsa

304 5111 321 5187 ξ
359 5113 436 5187 ξξε
585 5124 634 5169 In
661 5122 817 5187 “sit,
839 5134 1125 5183 mereretur.

301 5174 322 5251 ξ
359 5179 605 5251 gsszfuar.
616 5190 681 5251 _et

300 5233 323 5323 :

250 5293 806 5420 milltiiselinquere'
1274 5318 1377 5384 vel,
1400 5323 1530 5387 quod
1566 5335 1729 5383 exstat
1770 5335 1819 5386 in

234 5368 627 5519 Emi?“
647 5430 923 5490 respondes.
949 5437 1235 5503 \‘iguierius,
1260 5447 1568 5507 respondeas.
1606 5459 1664 5504 At
1687 5461 1814 5519 uss,

294 5518 664 5619 ε,
690 5548 992 5619 ambiguitas.

294 5601 499 5693 l:
852 5601 1061 5693 ;‘§éiun
1094 5620 1436 5678 inexorabilem
1459 5643 1598 5686 vocas
1616 5634 1644 5687 ?
1670 5642 1815 5693 Casti-

327 5670 405 5711 tur
429 5666 487 5715 ad
511 5673 601 5717 Mss
640 5666 728 5720 mf
813 5666 881 5723 ni
1095 5666 1436 5678 ”’⁷””““”“’”’
1461 5666 1630 5687 ww“
1670 5666 1815 5693 ιω·

230 5670 634 5824 ἵῗυζῖἕὲίῇίῧέ
1124 5753 1197 5824 ,θι
1240 5756 1344 5824 MSS:
1387 5757 1498 5824 iter:
1550 5765 1602 5809 et
1651 5758 1819 5824 non:

233 5789 467 5837 mmini-ti
489 5789 640 5841 vallis.
683 5800 829 5847 lacus
858 5808 934 5851 est
972 5789 1344 5859 iiiibnii'i‘”
1365 5789 1809 5887 iiiiﬁinoé‘siiifiiii

238 5850 349 5892 reas
383 5846 571 5903 habens
612 5867 790 5923 aquas,
833 5864 1149 5926 Pestilentem
1190 5815 1387 5926 «ﬁdem
1417 5891 1473 5926 ac
1505 5884 1807 5926 rmrtifemlm

238 5850 349 5892 reas
383 5846 571 5903 habens
612 5867 790 5923 aquas,
812 5846 1807 5940 iacebit-abte;

1703 431 1904 497 LlBElt
1943 430 2216 504 emittis.

3464 481 3602 539 1070

2024 557 2076 612 in
2107 557 2191 613 his
2215 560 2346 617 locis
2376 563 2634 623 idolorum
2666 573 2871 629 cultura
2901 583 3261 643 commiserat.
3292 586 3465 658 Dens,
3498 596 3599 661 ais,

2021 648 2134 718 ipse
2157 651 2247 722 qui
2271 659 2608 715 commendat
2649 676 2797 719 suam
2819 666 3132 729 ebaritatem
3160 676 3211 730 in
3240 680 3391 735 nobis
3417 648 3595 754 (θωπί

2017 755 2085 807 v,
2111 740 2198 815 8),
2227 747 2313 815 qui
2336 747 2521 805 dilexit
2547 769 2675 819 nos,
2707 766 2760 812 et
2782 756 2918 816 Filio
2941 778 3040 818 suo
3066 780 3171 823 non
3205 740 3469 840 pepercit,
3499 778 3594 833 sed

2014 844 2113 900 pro
2141 834 2294 889 nobis
2337 838 2481 896 illum
2513 844 2724 902 tradidit
2751 847 2862 921 (Id.
2890 868 3015 920 vni,
3042 856 3171 926 se),
3200 834 3312 929 ipse
3350 865 3427 917 sic
3445 834 3591 935 judi—

2013 932 2132 989 cat,
2163 924 2274 995 ipse
2296 938 2378 983 est
2424 937 2751 992 nasccntium
2794 956 3137 1014 persecutor,
3170 950 3285 1019 ipse
3329 969 3426 1024 pro
3453 959 3589 1014 mala

2012 1012 2286 1070 voluntate
2329 1022 2546 1076 αξιοι-πίε
2575 1024 2781 1095 ignibus
2822 1034 3069 1099 parvulos
3098 1038 3255 1095 tradit
3280 1083 3295 1105 ,
3327 1059 3461 1113 quos
3490 1062 3590 1102 nec
3635 1052 3645 1066 '

2011 1101 2203 1160 bonam
2223 1146 2239 1174 ,
2271 1123 2370 1164 nec
2398 1113 2588 1170 malam
2613 1118 2944 1178 voluntatem
2971 1124 3072 1181 scit
3099 1127 3298 1188 habere
3329 1137 3586 1203 potuisse.

2013 1191 2138 1251 Post
2165 1196 2302 1255 hanc
2327 1214 2454 1273 ergo
2498 1210 2844 1280 sententiam,
2883 1222 2989 1271 tam
3016 1218 3297 1279 immanem
3319 1266 3334 1291 ,
3365 1236 3472 1283 tam
3500 1246 3590 1287 sa-

2007 1285 2295 1358 crilegam,
2339 1300 2448 1349 tam
2478 1295 2777 1369 funestam,
2826 1304 2871 1360 si
2916 1309 3061 1364 sanis
3093 1311 3362 1382 jndicibus
3406 1328 3587 1378 utere-

2006 1389 2162 1441 mur,
2208 1379 2339 1438 nihil
2385 1394 2580 1454 przetcr
2617 1395 3035 1454 exsecrationem
3078 1379 3150 1456 tui
3187 1403 3387 1463 referre
3422 1409 3587 1468 debe-

2005 1480 2139 1522 rem.
2166 1469 2314 1527 Justa
2344 1474 2361 1507 ¹
2388 1476 2530 1533 enim
2552 1519 2567 1545 ,
2611 1492 2665 1537 et
2696 1485 2950 1553 probabili
2975 1492 3263 1564 gravitate,
3305 1497 3577 1571 indignum

2004 1565 2057 1614 te
2081 1559 2436 1632 disputatione
2460 1583 2733 1629 censerem
2753 1616 2770 1643 ,
2796 1578 2888 1649 qui
2914 1559 3171 1655 eovusquc
3191 1587 3260 1642 ab
3283 1591 3577 1662 religione,

2001 1650 2070 1706 ab
2091 1655 2390 1714 eruditione
2406 1699 2422 1725 ,
2449 1674 2479 1714 a
2516 1668 2887 1725 communibus
2915 1684 3184 1742 postremo
3208 1682 3453 1737 sensibus
3478 1700 3577 1739 au-

2002 1740 2254 1813 fugisses,
2285 1755 2345 1802 ut
2371 1750 2512 1819 quod
2537 1753 2620 1809 vix
2643 1754 2749 1811 ulla
2786 1740 3088 1834 barbaries,
3122 1765 3400 1826 Dominum
3428 1782 3575 1832 tuum

1997 1833 2341 1894 criminosum
2358 1850 2592 1911 putares.

2066 1925 2202 1984 Anc.
2235 1927 2352 1986 Non
2395 1942 2479 1988 est
2519 1950 2801 2010 magnum,
2846 1944 2989 2015 quod
3031 1947 3181 2006 vides
3224 1967 3329 2010 non
3378 1955 3575 2016 habere

1996 2017 2242 2083 parvulos
2261 2024 2527 2092 propriam
2552 2027 2875 2089 voluntatem
2901 2037 2967 2090 ad
2996 2040 3296 2111 eligendum
3336 2047 3533 2104 bonum
3554 2093 3571 2116 ,

1992 2105 2076 2161 vel
2106 2108 2323 2166 malum.
2360 2112 2492 2171 lllud
2525 2117 2710 2175 vellem
2751 2123 2960 2185 videres
2980 2168 2995 2194 ,
3018 2105 3158 2200 quod
3179 2133 3306 2190 vidit
3325 2105 3571 2207 ηιιῖεονίζ

1990 2195 2126 2253 bons
2164 2200 2231 2256 ad
2256 2202 2508 2263 llebrmos
2544 2208 2717 2281 dixit,
2762 2215 2925 2272 filium
2969 2195 3133 2279 lsrael
3164 2224 3287 2281 Levi
3329 2195 3383 2283 in
3425 2231 3566 2285 lum-

1989 2285 2112 2342 his'
2138 2290 2406 2349 Abraham
2445 2301 2612 2368 patris
2648 2304 2730 2358 sui
2755 2304 2949 2375 fuisse,
2991 2313 3204 2381 quando
3240 2328 3323 2373 est
3346 2320 3434 2375 ille
3469 2323 3569 2379 de—

1987 2377 2213 2436 ciniatns
2229 2423 2245 2450 ,
2273 2393 2327 2439 et
2354 2385 2476 2442 ideo
2495 2390 2653 2447 etiam
2680 2393 2838 2452 istum
2861 2398 2915 2454 in
2936 2400 3028 2456 illo
3054 2403 3217 2461 fuisse
3240 2406 3563 2469 deeimatum

1985 2465 2171 2537 (Hebr.
2204 2488 2305 2541 vn,
2330 2475 2399 2543 9,
2429 2477 2538 2550 l0).
2584 2480 2667 2538 Ad
2693 2484 2796 2540 hoc
2832 2488 2878 2543 si
2909 2488 3131 2549 haberes
3171 2497 3384 2554 oculum
3421 2465 3567 2559 citri;

1983 2560 2213 2618 stianum
2233 2605 2249 2632 ,
2281 2564 2388 2625 lide
2409 2584 2693 2642 cerneres,
2726 2577 2771 2632 si
2816 2579 3157 2654 intelligentia
3182 2605 3287 2645 non
3323 2593 3561 2664 valeres.

1982 2647 2036 2704 in
2065 2651 2260 2712 lumbis
2295 2657 2467 2717 Adam
2505 2661 2672 2721 fuisse
2699 2683 2889 2726 omnes
2914 2647 3011 2745 qui
3028 2692 3092 2732 ex
3124 2679 3217 2736 illo
3242 2647 3565 2758 fuerant-

1979 2746 2467 2817 concupiscentiam
2511 2757 2690 2814 carnis
2724 2761 2947 2832 orituri;
2998 2782 3189 2838 quam,
3232 2785 3350 2844 post
3376 2746 3564 2846 pec-ca.

1982 2843 2125 2904 tum,
2156 2854 2264 2909 quo
2287 2840 2364 2896 illi
2384 2857 2481 2902 sua
2519 2847 2732 2906 nuditas
2760 2856 2994 2912 nuntiata
3024 2868 3137 2927 est,
3176 2840 3562 2940 sensit,'aspeo

1977 2926 2055 2981 xit
2072 2968 2087 2991 ,
2115 2932 2355 2999 erubuit,
2387 2939 2617 3006 cperuit.
2646 2939 2799 3001 Unde
2822 2926 3139 3008 Ambrosius
3163 2955 3352 3014 doctor
3368 2926 3520 3019 meus
3540 3006 3556 3030 ,

1977 3017 2053 3073 tui
2076 3035 2288 3093 quoque
2315 3025 2550 3084 doctoris
2582 3035 2905 3094 excellenter
2921 3056 3017 3098 ore
3042 3043 3324 3105 laudatus:
3351 3070 3371 3105 ι
3403 3017 3557 3121 Quod

1973 3106 2132 3179 igitur
2169 3117 2382 3185 gravius
2406 3129 2518 3189 est,
2549 3141 2570 3176 ι
2599 3123 2799 3198 inquit,
2826 3148 2848 3184 ς
2882 3131 2982 3190 hac
3005 3150 3066 3193 se
3094 3139 3262 3196 Adam
3292 3106 3555 3218 interpr;

1974 3200 2174 3259 talione
2208 3208 2499 3278 suceinxit,
2544 3228 2611 3270 eo
2640 3216 2775 3285 loci,
2804 3222 2897 3278 ubi
2925 3223 3097 3284 fructu
3125 3234 3295 3303 magls
3328 3200 3552 3295 castita-

1972 3291 2039 3347 tis
2078 3307 2139 3350 se
2178 3298 2488 3371 succingere
2533 3304 2824 3367 debuisset.
2867 3313 2925 3371 ln
2964 3316 3159 3377 lumbis
3181 3291 3567 3398 enim

1969 3386 2379 3459 prmcingimur,
2406 3396 2646 3465 quaedam
2687 3404 2891 3462 semina
2916 3413 3276 3479 generationis
3298 3386 3421 3477 esse
3460 3422 3548 3479 di-

1966 3488 2174 3534 cuntur.
2210 3482 2278 3537 Et
2301 3484 2421 3541 ideo
2445 3489 2586 3547 male
2624 3492 2696 3549 ibi
2726 3498 3041 3558 succinctus
3068 3505 3238 3563 Adam
3284 3510 3424 3568 foliis
3459 3515 3547 3570 iu-

1965 3566 2212 3637 utilibus,
2239 3572 2327 3628 ubi
2357 3573 2546 3634 futura:
2586 3588 2944 3652 generationis
2978 3608 3083 3651 non
3128 3566 3545 3662 fructum'fnltto

1963 3670 2083 3711 rum
2103 3698 2119 3723 ,
2147 3660 2243 3716 sed
2287 3666 2531 3735 quaedam
2565 3684 2782 3768 peccata
2810 3679 3042 3751 signaret
3074 3707 3094 3739 ι
3123 3686 3224 3761 (De
3245 3660 3541 3768 Par-adimi,

1959 3762 2073 3820 cap.
2102 3751 2212 3822 l5).
2258 3753 2448 3814 Merito
2496 3762 2658 3819 etiam
2684 3766 2841 3837 dicit,
2881 3774 3022 3842 quod
3064 3751 3223 3847 paulo
3261 3792 3385 3840 ante
3423 3751 3541 3845 me:

1959 3845 2164 3907 moravi
2195 3860 2211 3899 :
2239 3864 2260 3899 ‹
2295 3847 2415 3905 Fuit
2437 3852 2629 3924 Adam,
2651 3866 2707 3913 et
2747 3860 2798 3916 in
2826 3862 2915 3919 illo
2941 3845 3134 3925 fuimus
3160 3886 3384 3944 omnes;
3413 3896 3540 3950 per-

1956 3929 2016 3986 iit
2035 3933 2226 4002 Adam,
2255 3940 2387 3995 etin
2416 3942 2509 3998 illo
2531 3960 2718 4004 omnes
2749 3952 3037 4020 perierunt.
3065 3978 3085 4012 ο
3106 3960 3218 4019 ΙΙοο
3239 3975 3295 4020 ιιι
3315 3929 3427 4024 iuit;
3451 3974 3536 4029 vi-

1954 4022 2108 4091 dens,
2134 4027 2261 4083 mibi
2287 4043 2459 4089 caecus
2483 4035 2715 4094 oblatras
2738 4058 2752 4095 :
2774 4043 2869 4099 sed
2894 4045 2945 4100 in
2967 4061 3072 4116 me,
3098 4052 3349 4127 quidquid
3364 4022 3536 4133 dicis,

1951 4113 2191 4183 profecto
2225 4129 2279 4175 et
2308 4120 2361 4175 in
2401 4123 2571 4196 ipsum
2601 4128 2754 4187 dicis.
2778 4132 2987 4192 Utinam
3004 4113 3135 4212 ergd
3157 4113 3386 4206 itaumihi
3411 4113 3533 4211 cum;

1951 4203 2046 4260 iilo
2063 4220 2346 4267 commune
2360 4214 2431 4270 sit
2453 4218 2748 4288 praemium,
2768 4224 2905 4282 sicut
2916 4228 3013 4284 abs
3033 4240 3085 4288 te
3108 4236 3265 4293 audio
3291 4253 3410 4296 cum
3439 4244 3535 4302 illo

1948 4308 2230 4355 commune
2244 4304 2562 4361 convicium.
2593 4309 2729 4379 Quid
2753 4322 2839 4370 est
2874 4320 3015 4387 quod
3035 4324 3262 4392 clamas,
3286 4339 3338 4386 et
3370 4333 3530 4404 dicis,

1951 4402 1972 4437 ς
2001 4385 2056 4441 Si
2081 4389 2223 4445 sanis
2239 4391 2508 4461 judicibus
2528 4408 2819 4470 uteremur,
2843 4385 2973 4465 nihil
2990 4423 3183 4481 printer
3206 4385 3531 4481 exsecratio:

1944 4489 2065 4531 nem
2093 4478 2167 4534 tui
2197 4480 2395 4540 referre
2432 4486 2719 4548 deberem?
2738 4512 2759 4547 ι
2777 4478 3068 4558 Ροςειιηίηο
3103 4513 3275 4563 tecum
3308 4511 3525 4585 largius,

1942 4567 2344 4643 beneﬁcentius,
2366 4577 2634 4638 liberalius
2648 4599 2825 4656 agere.
2841 4605 2997 4660 quam
3011 4603 3067 4649 ut
3088 4596 3258 4667 ipsum
3276 4567 3416 4660 inte:
3427 4567 3527 4666 nos

1939 4662 2543 4738 constituam-judicem,
2568 4672 2634 4729 de
2653 4691 2763 4745 quo
2793 4682 2864 4733 tui
2890 4662 3127 4744 doctoris
3147 4689 3342 4764 Pelagii
3378 4662 3525 4766 judi;

1918 5650 2296 5751 $3”'1‘.°§t..‘1ﬁ
2332 5665 2728 5751 22°..Xi'ﬁilii'iz
2756 5668 2849 5751 “32:,
2886 5676 2924 5751 7.
2951 5681 3170 5744 οειιεωιο
3208 5699 3337 5738 vera.
3377 5689 3492 5751 εδδ.
3528 5746 3535 5747 ί

1916 5710 2034 5773 570,
2061 5722 2114 5764 ει
2134 5710 2296 5768 dcere
2312 5757 2324 5776 .
2346 5710 2411 5771 de
2433 5710 2730 5781 oiéiii’iiiaaé
2894 5710 2948 5788 ’1,

1922 5776 1939 5791 Ν
1978 5774 2000 5853 ξ
2032 5776 2365 5853 Ξίὲἓίδδλὲάίίί
2388 5789 2754 5853 νθνορίυδιὶθὶαε
