4118 6562
519 451 646 510 1071

523 599 653 651 nes,
695 601 714 637 ι
747 579 946 652 inquit,
977 596 998 631 ι
1026 575 1126 632 sub
1151 581 1372 646 peccato
1402 569 1702 632 nascimur,
1745 575 1972 635 quorum
1995 560 2109 630 ipse

518 686 668 734 ortus
696 674 749 730 in
766 674 895 728 vitio
925 679 1004 727 est
1030 688 1049 722 ι
1078 665 1393 739 (Ambrosius
1414 704 1428 728 ,
1455 662 1518 714 de
1549 656 1882 720 Paenitenlia,
1921 652 2010 707 lib.
2041 653 2063 706 i
2093 690 2110 718 ,

522 859 701 916 brosio
727 857 858 912 dixit
898 852 1156 926 praeclara
1185 846 1463 916 Pelagius;
1497 842 1597 897 ista
1618 853 1714 909 pro
1741 851 1826 891 me
1850 843 2036 926 contra
2063 841 2114 886 te

525 949 804 1014 manifesta
831 925 1189 1016 pronuntiavit
1231 933 1546 992 Ambrosius
1578 950 1590 986 :
1621 932 1780 986 istum
1825 925 2117 996 reprelien-

523 1041 591 1096 de
621 1040 688 1095 de
708 1053 811 1108 quo
839 1035 965 1090 dicit
1005 1031 1258 1102 magister
1280 1037 1400 1082 tuus
1420 1069 1435 1094 ,
1465 1023 1604 1094 quod
1627 1036 1750 1076 eum
1779 1033 1848 1074 ne
1873 1017 2118 1108 inimicus

527 1107 740 1202 quidem
769 1140 929 1180 ausus
961 1130 1044 1179 est
1071 1115 1504 1192 reprehendere;
1532 1122 1586 1170 et
1607 1112 1698 1183 qui
1723 1123 1884 1165 sanos
1906 1107 2119 1202 judiccs

526 1198 760 1292 quaeris,
806 1217 966 1272 istum
1005 1228 1142 1286 nega
1186 1223 1410 1275 sanum,
1453 1215 1514 1261 ut
1554 1215 1606 1260 te
1636 1205 1790 1274 plane
1821 1198 2120 1272 profitearis

531 1290 799 1366 insanum.
832 1305 938 1362 Sed
980 1299 1271 1374 indignaris
1301 1299 1463 1354 homo
1488 1295 1790 1368 piissimus,
1832 1290 1973 1362 quod
2001 1305 2121 1360 par-

531 1402 640 1458 vuli
671 1416 776 1455 non
805 1398 1014 1465 renati,
1055 1395 1100 1450 si
1129 1393 1426 1449 moriantur
1459 1396 1584 1443 ante
1613 1385 1844 1456 propriae
1875 1382 2119 1437 volunta-

533 1495 604 1550 tis
659 1491 976 1556 arbitrium,
1018 1496 1238 1558 propter
1283 1484 1455 1537 alieua
1493 1480 1739 1535 dicantur
1763 1481 1978 1546 peccata
2023 1471 2122 1526 da-

471 1642 483 1656 ,
531 1584 734 1649 mnari,
776 1581 843 1637 ab
898 1594 964 1634 eo
1006 1577 1098 1648 qui
1137 1571 1477 1631 commendat
1514 1567 1831 1626 cbaritatem
1865 1578 2016 1620 suam
2070 1563 2124 1616 in

533 1675 720 1742 nobis,
753 1673 842 1744 qui
887 1669 1072 1726 dilexit
1109 1681 1243 1733 nos,
1295 1673 1349 1720 et
1401 1662 1536 1716 Filio
1584 1673 1681 1714 suo
1710 1673 1814 1712 non
1843 1653 2121 1726 pepercit,

533 1765 626 1820 sed
657 1778 756 1834 pro
783 1762 938 1817 nobis
981 1761 1130 1815 illum
1174 1755 1431 1812 tradidit:
1467 1753 1616 1824 quasi
1662 1765 1768 1805 non
1797 1749 1863 1804 de
1891 1748 1980 1802 illo
2005 1761 2128 1818 gra-

532 1858 647 1912 vius
687 1861 1082 1924 conquerantur
1125 1849 1272 1904 stulti
1303 1857 1356 1902 et
1395 1845 1595 1900 indocti
1634 1843 1840 1898 similes
1879 1841 1992 1902 tui,
2036 1839 2126 1908 qui

534 1947 752 2011 dicunt,
804 1942 995 2014 thuid
1037 1951 1220 2008 creat,
1268 1953 1404 2009 quos
1448 1937 1638 2006 impios
1685 1933 1894 1988 futuros
1938 1939 1993 1986 et
2037 1930 2130 1984 da-

533 2036 797 2094 mnandos
825 2049 943 2090 esse
962 2030 1261 2104 praescivit?
1292 2027 1489 2099 thuid
1527 2041 1621 2081 eos
1649 2033 1938 2096 postremo,
1960 2020 2134 2076 donec

534 2129 604 2186 ad
627 2123 1338 2198 impietatem,damnabilem
1367 2119 1682 2190 perveniant
1711 2118 1748 2182 ί,
1779 2115 1906 2170 facit
1930 2115 2129 2180 vivere,

539 2235 676 2292 quos
714 2229 1002 2288 antequam
1048 2215 1184 2270 tales
1227 2213 1248 2244 ⁸
1290 2211 1512 2276 fierent,
1561 2224 1626 2264 ex
1666 2207 1767 2262 hac
1803 2207 1912 2260 vita
1954 2214 2130 2275 posset

537 2311 780 2375 auferre;
829 2309 874 2364 si
905 2310 1114 2362 animas
1157 2312 1335 2370 amat,
1367 2302 1411 2356 si
1439 2299 1782 2356 commendat
1821 2297 2130 2354 charitatem

538 2416 690 2456 suam
712 2401 764 2454 in
787 2399 961 2464 nobis,
982 2398 1026 2451 si
1045 2395 1181 2450 Filio
1201 2408 1298 2450 suo
1324 2408 1428 2446 non
1457 2391 1728 2462 pepercit;
1750 2388 1842 2444 sed
1865 2403 1959 2458 pro
1980 2387 2136 2444 nobis

540 2490 800 2560 omnibus.
823 2487 1041 2543 tradidit
1080 2484 1242 2540 eum?
1269 2483 1472 2550 Quibus
1499 2483 1542 2536 si
1571 2481 1799 2547 dicatur,
1825 2479 1870 2533 0
1893 2479 2063 2544 Itonia,
2082 2487 2136 2530 tu

542 2582 652 2654 quis
677 2597 727 2635 es
745 2580 831 2652 qui
851 2578 1152 2649 respondeas
1180 2575 1289 2630 Deo
1312 2574 1486 2644 (Rom.
1514 2589 1590 2639 tx,
1622 2572 1754 2644 20)?
1779 2571 2139 2626 lnscrutabilia

543 2681 658 2728 sunt
685 2671 887 2743 judicia
908 2670 1018 2740 ejus
1039 2667 1146 2740 (ιιι.
1185 2683 1258 2730 x1,
1277 2665 1368 2738 55)
1401 2683 1414 2720 :
1439 2666 1740 2721 irascuntur
1761 2665 1956 2735 potius,
1979 2679 2138 2735 quam

545 2765 851 2818 mitescunt.
875 2760 978 2818 Sed
999 2759 1146 2815 novit
1173 2759 1429 2813 Dominus
1445 2757 1534 2829 qui
1557 2765 1681 2812 sunt
1700 2757 1816 2828 ejus
1839 2757 1906 2830 (ll
1927 2755 2057 2810 Tim.
2079 2772 2135 2824 ιι,

548 2857 658 2928 19).
684 2855 742 2910 Si
770 2869 898 2926 ergo
926 2853 1070 2908 sanis
1080 2851 1349 2924 judicibus
1375 2851 1448 2906 uti
1470 2852 1642 2922 cupis,
1665 2851 1783 2906 audi
1806 2851 2038 2921 judicem
2057 2865 2142 2905 sa-

547 2962 676 3001 num
707 2944 1046 3016 singulariter
1074 2958 1104 2996 a
1136 2951 1225 2997 tuo
1269 2941 1489 2996 doctore
1533 2941 1837 2995 laudatum.
1861 2958 1879 2992 ι
1914 2939 2066 3006 Fuit,
2113 2957 2136 2992 ι

549 3041 736 3110 inquit,
761 3056 779 3090 ι
809 3037 997 3102 Adam,
1021 3037 1148 3092 etin
1172 3035 1265 3089 illo
1289 3034 1484 3090 fuimus
1508 3047 1731 3099 omnes;
1764 3033 1921 3104 periit
1947 3033 2138 3098 Adam,

550 3144 604 3189 et
649 3133 702 3187 in
749 3130 840 3186 illo
869 3143 1058 3186 omnes
1106 3126 1398 3199 perierunt.
1437 3145 1457 3178 ι
1485 3124 1592 3181 Sed
1623 3125 1890 3196 peccatis,
1930 3124 2140 3194 inquis,

549 3223 738 3278 alienis
767 3237 874 3277 non
913 3221 1092 3291 utique
1147 3219 1320 3289 perire
1365 3216 1682 3274 debuerunt.
1745 3215 1934 3270 Aliena
1981 3226 2136 3282 sunt,

547 3318 642 3374 sed
699 3325 916 3387 paterna
963 3323 1086 3369 sunt
1114 3330 1128 3366 :
1161 3327 1224 3367 ac
1251 3326 1348 3382 per
1375 3310 1477 3366 hoc
1516 3309 1638 3381 jure
1667 3308 2033 3364 seminationis
2063 3316 2143 3363 at-

548 3426 653 3482 que
705 3405 1113 3480 germinatiouis
1163 3413 1218 3462 et
1255 3414 1438 3459 nostra
1465 3411 1606 3458 sunt.
1637 3401 1768 3471 Quis
1789 3401 1858 3458 ab
1887 3401 1986 3458 bac
2016 3417 2142 3472 per-

549 3502 752 3556 ditione
793 3499 1018 3563 liberat,
1063 3496 1165 3552 nisi
1219 3495 1311 3567 qui
1365 3495 1510 3550 venit
1556 3509 1798 3566 quaerere
1837 3494 1980 3565 quod
2019 3509 2144 3564 pcr-

553 3596 690 3648 ierat
735 3591 885 3662 (Luc.
937 3605 1068 3656 χιι,
1113 3586 1242 3661 10)?
1281 3587 1340 3642 In
1362 3588 1440 3644 eis
1469 3603 1597 3659 ergo
1621 3602 1754 3658 quos
1781 3586 2000 3654 liberat,
2025 3602 2145 3642 am-

554 3686 853 3756 plectamur
893 3679 1316 3736 misericordiam
1361 3678 1462 3733 :in
1510 3679 1588 3734 cis
1633 3687 1814 3735 autem
1859 3693 1993 3750 quos
2037 3693 2145 3734 non

553 3777 773 3842 liberat,
801 3786 1154 3844 agnoscamus
1176 3771 1434 3842 judicium
1454 3769 1874 3826 occultissimum
1904 3770 2143 3842 quidem,

551 3866 646 3921 sed
677 3865 792 3920 sine
818 3864 924 3920 ulla
953 3862 1283 3918 dubitatione
1305 3861 1678 3932 justissimum.

625 3955 812 4012 XLIX.
842 3954 963 4010 JUL.
994 3954 1264 4023 Puguasse
1283 3952 1499 4022 quidem
1528 3953 1549 3983 ³
1578 3967 1699 4007 cum
1731 3952 1971 4023 principe
1999 3961 2148 4008 tene-

552 4051 769 4103 brarum
810 4046 968 4102 deum
1001 4045 1168 4110 lueis,
1209 4043 1534 4098 Mauichaaus
1565 4043 1743 4111 finxit,
1787 4051 1842 4098 et
1881 4043 2144 4108 credidit;

555 4139 900 4208 addiditque,
930 4133 1046 4206 ejus
1083 4135 1344 4206 captivam
1377 4133 1547 4190 teneri
1587 4135 1640 4190 in
1689 4134 1792 4190 hoc
1839 4135 1972 4190 orbe
2015 4134 2145 4190 sub-

555 4232 806 4286 stantiam
855 4229 1011 4288 :sed
1065 4236 1266 4282 tantam
1315 4225 1684 4284 infelicitatem
1733 4228 1914 4284 colore
1939 4229 2148 4300 pietatis

559 4321 746 4376 nititur
772 4333 1072 4384 excusare,
1116 4317 1392 4374 affirmans
1423 4317 1444 4348 ⁸
1473 4333 1594 4374 eum
1622 4321 1772 4390 quasi
1817 4319 2014 4376 bonum
2051 4337 2148 4392 pro

557 4412 730 4484 patria
765 4411 1048 4466 dimicasse
1089 4410 1258 4466 civem
1280 4451 1296 4478 ,
1339 4419 1500 4480 atque
1539 4410 1660 4466 ideo
1686 4412 1948 4482 objecisse
1979 4428 2148 4469 mem-

561 4508 656 4562 bra
675 4547 692 4573 ,
721 4521 787 4561 ne
810 4503 1060 4576 perderet
1089 4519 1272 4574 regna.
1300 4503 1380 4558 Tu
1408 4503 1497 4574 qui
1525 4503 1640 4559 haec
1659 4504 1952 4574 didiceras,
1980 4521 2149 4578 quan-

561 4609 672 4655 tum
702 4615 762 4656 ea
794 4600 876 4654 vel
903 4597 969 4652 ad
1001 4608 1208 4668 tempus
1239 4596 1538 4654 deserendo
1561 4597 1851 4667 profeceris
1891 4599 2100 4656 intuere
2128 4615 2144 4656 :

559 4691 724 4748 dicis.
779 4692 944 4766 Deum
975 4688 1348 4756 necessitatem
1399 4705 1506 4744 non
1556 4690 1838 4760 pertulisse
1867 4690 2027 4757 belli,
2051 4690 2146 4746 sed

557 4784 887 4855 iniquitatem
905 4782 1187 4837 admisisse
1205 4781 1388 4852 judicii
1407 4797 1422 4847 ;
1443 4795 1541 4836 nec
1563 4782 1859 4838 tenebrosis
1881 4782 2146 4849 hostibus,

533 4877 654 4944 sed
687 4875 980 4945 perSpicuis
1017 4873 1295 4944 subjacerc
1320 4873 1670 4940 criminibus;
1701 4887 1808 4928 non
1849 4874 2150 4946 impertisse

559 4951 834 5038 postremo
875 4966 1230 5022 substantiam
1268 4979 1454 5031 suam,
1488 4964 1582 5020 sed
1625 4973 1877 5020 aeternam
1919 4967 2150 5022 violasse

553 5060 837 5132 justitiam.
882 5058 1000 5126 Quo
1047 5058 1165 5129 quis
1211 5067 1445 5114 vestrum
1493 5057 1645 5128 pejor
1687 5057 1758 5111 sit
1787 5057 1828 5122 ⁵,
1859 5057 1978 5112 aliis
2001 5058 2149 5112 testi-

562 5151 812 5205 mandum
847 5151 1108 5220 relinquo.
1141 5149 1272 5206 Illud
1304 5159 1482 5204 tamen
1525 5147 1724 5218 liquet,
1759 5147 1826 5202 ad
1856 5164 2020 5204 unum
2053 5165 2148 5206 vos

558 5242 828 5313 opinionis
858 5241 1005 5298 nefas
1035 5243 1228 5298 redire.
1262 5240 1393 5296 Nam
1425 5251 1480 5296 et
1503 5239 1824 5296 Maniebams
1861 5241 2148 5299 subscribit

529 5393 534 5398 _
559 5335 894 5404 iniquitatem
929 5334 1035 5388 Deo
1061 5349 1194 5401 suo,
1221 5343 1341 5386 cum
1372 5347 1496 5387 eum
1525 5331 1720 5402 allegat
1745 5332 2139 5402 damnatarum,

623 5469 638 5498 ¹
675 5469 749 5516 Sic
772 5473 876 5530 Mss.
901 5473 952 5516 in
974 5467 1111 5530 \‘ign.
1127 5501 1144 5526 ,
1167 5463 1463 5530 proveniant.

621 5530 643 5561 ⁸
675 5535 726 5578 ιιι
745 5519 888 5592 editis
905 5519 1301 5592 omissimi','t_ales
1321 5539 1350 5592 :_
1365 5535 1416 5577 et
1433 5525 1555 5592 infra
1589 5541 1696 5590 pro,
1716 5527 1759 5579 si
1781 5528 1966 5592 animus
1987 5539 2144 5592 amnt,

557 5599 786 5662 corrupte
807 5589 1084 5654 legebatur,
1121 5587 1302 5638 animat
1331 5586 1401 5650 is,
1425 5589 1552 5651 apud
1587 5586 1732 5652 item;
1756 5590 2006 5655 (mimaris,
2023 5586 2148 5658 apud

561 5660 694 5702 ιἰιιη.

675 5711 818 5772 Editl,
845 5721 1080 5779 pugnasse
1103 5709 1145 5760 si
1165 5707 1581 5779 quidemrAbest,
1617 5711 1662 5763 si
1677 5750 1690 5774 ,
1729 5723 1756 5763 a
1783 5717 2141 5779 manuscriptis.

615 5775 638 5807 ι
671 5781 785 5836 Mss.
805 5770 994 5836 atat-fet
1023 5770 1414 5836 μοι-ιηἀᾒὶνρηαι.

615 5837 636 5868 ⁵
659 5835 824 5907 .t-zdui:
851 5829 964 5906 Quis
987 5829 1195 5907 uestrum
1222 5829 1362 5899 pejor
1385 5833 1482 5896 sit;
1525 5835 1717 5900 omisso,
1743 5851 1854 5904 quo,
1879 5839 1967 5891 sed
1994 5839 2145 5892 babe-

555 5905 631 5946 ιω·
655 5901 706 5945 in
729 5901 1083 5957 tuaauscriptis.

1191 437 1431 494 OPElilS
1471 429 1880 490 lMPEIiFECTl
1919 427 2192 486 CONTRA
2233 423 2594 496 JULIANUM,
2636 423 2692 479 S.
2735 421 3096 480 AUGUSTINI

3658 419 3793 478 1073

2224 563 2278 614 in
2307 559 2494 634 ultimo
2513 558 2599 614 die
2625 558 2863 612 membra
2897 572 3014 628 qua:
3043 554 3257 612 tradidit
3301 571 3316 608 :
3359 563 3414 610 ct
3462 563 3516 610 tu
3558 569 3654 625 per
3699 555 3798 610 hoc

2220 652 2366 707 illum
2409 651 2605 707 asseris
2650 650 2950 714 infelicem,
2983 665 3076 718 per
3103 648 3246 720 quod
3282 647 3553 718 corrupit‘
3577 647 3796 718 gloriam

2221 761 2324 816 qua
2353 745 2591 808 cluebat,
2617 753 2671 800 et
2700 743 3066 814 persequendo
3092 739 3447 796 innocentiam
3475 755 3630 810 quam
3652 755 3796 795 erea-

2223 837 2336 902 vit,
2375 835 2606 906 perdidit
2655 835 2915 904 justitiam
2958 850 3062 904 qua
3109 835 3430 890 sacerrimus
3491 833 3605 887 fuit.
3657 833 3798 887 Tan-

2225 936 2336 982 tum
2365 927 2522 998 igitur
2573 926 2730 994 huic,
2783 942 2940 998 quem
2974 935 3028 980 tn
3071 925 3307 990 inducis,
3353 925 3461 980 Deo
3482 967 3496 989 ,
3525 925 3612 978 ille
3644 941 3796 994 quem

2225 1019 2478 1090 magister
2508 1026 2626 1072 tuus
2665 1029 3002 1073 commentus
3038 1015 3234 1082 fuerat,
3283 1017 3592 1082 antecellit,
3638 1031 3800 1086 quan-

2227 1119 2336 1166 tmn
2358 1109 2713 1165 excusabilius
2733 1150 2745 1174 ,
2775 1109 2959 1180 prtelio
2987 1117 3292 1178 superatum
3326 1122 3446 1162 esse
3477 1123 3630 1177 quam
3656 1108 3798 1162 vitio.

2295 1201 2430 1258 Avo.
2459 1199 2516 1256 Si
2545 1200 2635 1256 tibi
2664 1199 2836 1270 placet
2859 1199 3160 1254 innocentia
3187 1198 3522 1268 parvulorum
3543 1241 3558 1265 ,
3591 1213 3802 1254 remove

2227 1294 2294 1348 ab
2322 1294 2431 1360 eis,
2483 1293 2528 1348 si
2558 1301 2737 1363 potes,
2781 1307 2940 1362 grave
2977 1291 3160 1362 jugum
3190 1291 3334 1361 quod
3376 1301 3458 1346 est
3483 1305 3642 1362 super
3671 1292 3804 1346 ﬁlios

2227 1386 2398 1441 Adam
2439 1401 2468 1440 a
2507 1385 2595 1441 die
2635 1385 2810 1440 exitus
2849 1385 2916 1438 de
2957 1394 3144 1438 ventre
3172 1384 3358 1438 matris
3409 1397 3591 1437 eorum
3621 1381 3800 1455 (Et-cli.

2229 1493 2331 1544 XL,
2361 1476 2434 1552 1).
2466 1477 2574 1533 Sed
2616 1485 2744 1546 puto
2788 1475 2930 1547 quod
2978 1475 3285 1546 Scriptura,
3335 1491 3454 1546 qua:
3498 1475 3598 1529 hoc
3637 1474 3802 1542 dixit,

2229 1565 2420 1618 tnelius
2446 1571 2496 1618 te
2525 1570 2751 1618 noverat
2780 1562 2906 1632 quid
2933 1571 3076 1616 esset
3106 1563 3406 1616 innocentia
3429 1570 3684 1616 creatura:
3702 1601 3716 1627 ,
3756 1571 3807 1616 et

2229 1654 2356 1726 quid
2381 1654 2584 1726 justitia
2624 1653 2915 1709 Creatoris.
2965 1653 3095 1722 Quis
3137 1662 3314 1709 autem
3361 1669 3467 1709 non
3511 1653 3718 1721 videat,
3763 1654 3807 1709 si

2232 1747 2432 1803 habent
2473 1747 2710 1817 parvuli,
2763 1745 2976 1817 qualem
3013 1746 3303 1816 prmdicas,
3345 1746 3727 1810 innocentiam,
3757 1745 3806 1800 in

2230 1840 2378 1911 gravi
2421 1839 2549 1910 jugo
2597 1855 2782 1895 eorum
2836 1839 2926 1893 Dei
2971 1854 3076 1893 non
3120 1853 3242 1894 esse
3275 1838 3572 1909 justitiam?
3611 1837 3809 1903 Porro,

2233 1932 2356 2002 quia
2385 1931 2438 1986 in
2461 1932 2588 2001 jugo
2612 1931 2765 2002 gravi
2803 1945 2990 1986 eorum
3033 1929 3209 1984 divina
3237 1930 3434 2000 jnstitia
3461 1939 3574 1994 est;
3607 1945 3707 1983 non
3733 1939 3811 1983 est

2235 2023 2290 2078 in
2315 2024 2392 2079 eis
2437 2023 2588 2090 talis,
2619 2022 2827 2093 qualem
2859 2022 3149 2092 praedicas,
3181 2022 3501 2077 innocentia.
3545 2021 3652 2076 Nisi
3682 2020 3815 2076 forte

2237 2116 2328 2171 tibi
2362 2116 2412 2170 in
2439 2117 2540 2172 bac
2566 2116 2860 2187 quaestione
2881 2116 3142 2170 laboranti
3167 2158 3179 2180 ,
3212 2117 3350 2171 Deus
3371 2116 3546 2187 justus
3565 2113 3774 2186 quidem
3797 2156 3814 2182 ,

2237 2209 2331 2264 sed
2377 2208 2619 2264 infirmus
2649 2209 2879 2278 quodam
2908 2209 3069 2264 modo
3095 2209 3378 2264 subvenire
3421 2207 3648 2279 poterit,
3694 2209 3816 2276 quia

2239 2301 2350 2355 suis
2393 2299 2734 2371 imaginibus,
2767 2317 2836 2358 ne
2865 2301 3174 2357 innocentes
3216 2303 3392 2371 gravis
3430 2300 3538 2372 jugi
3570 2299 3818 2354 miseria'

2240 2401 2616 2463 premerentur
2640 2434 2656 2460 ,
2703 2392 2989 2448 subvenire
3028 2407 3133 2447 non
3181 2391 3350 2462 potuit
3381 2409 3394 2445 :
3427 2401 3484 2446 ut
3526 2403 3644 2445 eum
3675 2389 3820 2443 dicas

2241 2484 2475 2540 voluisse
2513 2484 2728 2555 quidem
2751 2526 2765 2550 ,
2792 2484 2914 2554 quia
2951 2483 3130 2554 justus
3167 2491 3279 2550 est,
3308 2482 3401 2538 sed
3443 2497 3547 2536 non
3591 2480 3821 2552 potuisse

2241 2575 2363 2644 quia
2403 2576 2744 2646 omnipotens
2773 2590 2880 2630 non
2928 2585 3042 2642 est;
3071 2587 3230 2646 atque
3274 2576 3344 2629 ita
3375 2573 3442 2629 de
3470 2573 3550 2628 bis
3569 2573 3820 2643 angustiis

2243 2683 2436 2736 exeas,
2479 2677 2539 2724 ut
2565 2667 2688 2724 fidei
2731 2677 2892 2740 caput
2927 2667 3148 2738 perdas,
3186 2683 3286 2738 qua
3329 2667 3433 2723 fide
3477 2666 3717 2736 primitus
3767 2665 3819 2718 in

2243 2759 2499 2832 Symbolo
2545 2760 2866 2815 confitemur
2903 2760 3124 2816 credere
3161 2774 3262 2815 nos
3301 2759 3352 2814 in
3403 2759 3564 2814 Deum
3613 2757 3821 2811 Patrem

2245 2850 2687 2920 omnipotentem.
2718 2851 2860 2908 Deus
2888 2851 3047 2922 igitur
3071 2860 3223 2916 tuus,
3254 2851 3305 2906 in
3329 2859 3407 2905 tot
3443 2858 3497 2904 et
3525 2849 3682 2904 tantis
3707 2864 3826 2902 ma-

2245 2943 2314 2998 lis
2342 2958 2461 3013 qua:
2492 2943 2694 3014 parvuli
2723 2944 3024 3014 patiuntur,
3071 2953 3164 2998 aut
3187 2943 3483 3014 justitiam,
3530 2951 3620 2996 aut
3647 2943 3826 2996 eumi-

2245 3038 2542 3108 potentiam
2567 3079 2582 3104 ,
2611 3046 2704 3093 aut
2737 3039 2904 3108 ipsam
2935 3051 3120 3092 curam
3163 3051 3339 3093 rerum
3371 3036 3716 3092 humanarum
3743 3044 3826 3092 est

2247 3128 2555 3199 perditurus
2601 3146 2614 3184 :
2659 3127 2934 3200 quodlibet
2971 3138 3148 3185 autem
3197 3129 3417 3184 istorum
3447 3127 3660 3194 dixeris,
3704 3127 3828 3184 vide

2246 3219 2374 3293 quid
2393 3221 2502 3276 eris
2516 3220 2559 3276 ⁸.

2319 3310 2379 3368 L.
2411 3311 2530 3368 Jun.
2555 3311 2791 3370 Amolire
2818 3322 2870 3369 te
2907 3311 3084 3384 itaque
3117 3327 3236 3368 cum
3265 3311 3352 3367 tali
3381 3309 3491 3368 Deo
3523 3319 3612 3366 tuo
3639 3309 3706 3366 de
3726 3307 3830 3368 Ec-

2246 3405 2528 3462 clesiarum
2551 3406 2769 3463 medio:
2801 3423 2908 3462 non
2937 3416 3022 3463 est
3067 3407 3201 3478 ipse,
3245 3407 3330 3463 cui
3376 3403 3712 3470 Patriarcbm,
3739 3403 3827 3459 cui

2249 3497 2654 3568 Prophetrc,cui
2698 3499 2938 3570 Apostoli
2969 3498 3330 3565 crediderunt,
3368 3489 3548 3569 inquo
3595 3495 3830 3568 Speravit

2247 3601 2304 3646 et
2327 3599 2508 3662 sperat
2552 3591 2792 3648 Ecclesia
2818 3591 3226 3662 primitivorum,
3255 3605 3376 3662 quze
3417 3589 3710 3661 conscripta
3747 3599 3833 3644 est

2251 3681 2302 3736 in
2331 3682 2480 3737 cmlis
2507 3682 2526 3753 (
2551 3681 2710 3738 Ilebr.
2759 3699 2856 3749 xu,
2880 3683 2985 3756 25)
3011 3701 3024 3737 :
3052 3698 3158 3739 non
3205 3693 3286 3738 cSt
3315 3682 3428 3753 ipse
3457 3697 3614 3754 quem
3659 3680 3832 3737 credit

2244 3772 2478 3844 judicem
2497 3774 2825 3830 rationabilis
2849 3784 3094 3830 creatura
3119 3790 3134 3841 ;
3167 3787 3321 3845 quem
3346 3771 3574 3844 Spiritus
3617 3781 3832 3827 sanctus

2246 3865 2388 3935 juste
2403 3865 2760 3934 judicaturum
2788 3879 2908 3922 esse
2959 3865 3255 3922 denuntiat.
3277 3865 3446 3921 Nemo
3472 3864 3830 3935 prudentium,

2251 3969 2350 4025 pro
2376 3955 2465 4010 tali
2489 3955 2715 4012 Domino
2739 3969 2893 4012 suum
2916 3972 3147 4028 unquam
3191 3958 3502 4028 sanguinem
3560 3955 3782 4011 fudisset
3811 3975 3825 4009 :

2251 4061 2353 4103 nec
2377 4047 2521 4103 enim
2568 4049 2871 4105 merebatur
2918 4048 3219 4105 dilectionis
3258 4047 3522 4116 affectum,
3559 4057 3612 4103 ut
3660 4048 3834 4102 susci-

2251 4140 2458 4212 pienda:
2488 4155 2586 4212 pro
2630 4156 2690 4197 se
2727 4157 2862 4196 onus
2913 4141 3211 4213 imponeret
3247 4141 3524 4213 passionis.
3555 4140 3838 4196 Postremo

2251 4231 2352 4287 iste
2375 4247 2533 4302 quem
2551 4231 2779 4300 inducis,
2824 4233 2866 4288 si
2895 4242 3038 4289 esset
3063 4233 3290 4304 uspiam,
3339 4247 3462 4288 reus
3487 4231 3840 4288 convincere—

2253 4333 2338 4380 tur
2357 4341 2494 4394 esse,
2529 4341 2635 4382 non
2661 4325 2793 4382 deus
2818 4345 2832 4394 ;
2861 4327 3176 4396 judicandus
3206 4341 3233 4381 a
3263 4341 3390 4382 vero
3431 4327 3536 4381 Deo
3557 4339 3695 4390 meo,
3727 4338 3839 4378 non

2247 4416 2580 4488 judicaturus
2607 4435 2702 4490 pro
2723 4419 2851 4475 Deo.
2883 4419 2953 4476 Ut
2979 4421 3136 4492 igitur
3165 4420 3333 4490 prima
3363 4419 3479 4474 fidei
3514 4417 3838 4474 fundamen-

2253 4519 2304 4566 ta
2329 4525 2620 4581 cognoscas
2649 4529 2664 4579 ;
2693 4521 2876 4568 noster
2899 4513 3072 4578 Deus,
3105 4513 3355 4568 Ecclesiae
3379 4511 3645 4566 catholica:
3673 4510 3844 4576 Deus,

2252 4603 2546 4658 substantia
2577 4603 2730 4659 nobis
2765 4605 2974 4674 ignotus
3003 4611 3106 4670 est,
3138 4615 3192 4658 et
3235 4603 3302 4658 ab
3329 4611 3540 4673 aspectu
3593 4601 3846 4655 similiter

2253 4707 2490 4750 remetus
2520 4711 2534 4762 ;
2566 4709 2724 4765 quem
2751 4693 2882 4750 vidit
2907 4709 3063 4750 nemo
3097 4695 3389 4762 hominum,
3416 4709 3512 4768 nec
3535 4692 3714 4748 videre
3745 4709 3847 4762 po-

2253 4789 2400 4860 test(
2433 4789 2452 4843 l
2483 4788 2618 4843 Tim.
2662 4805 2736 4857 v1,
2765 4789 2831 4845 16
2861 4787 2880 4862 )
2918 4807 2930 4844 :
2961 4798 3018 4844 ut
3047 4797 3278 4844 a-ternus
3302 4788 3415 4843 sine
3457 4785 3738 4858 principio,
3767 4787 3848 4840 ita

2251 4887 2469 4935 sanctus
2514 4879 2794 4950 justusque
2848 4879 2966 4935 sine
3029 4879 3198 4944 vitio;
3253 4877 3848 4948 onmipotentissimus,

2258 4970 2629 5040 aequissimus,
2677 4969 3243 5039 misericordissimus,
3288 4970 3623 5024 innutesceus
3671 4968 3794 5023 solo
3829 4967 3850 4998 ⁸

2251 5060 2534 5129 Splendorc
2558 5061 2811 5116 virtutum
2843 5077 2856 5129 ;
2887 5059 3054 5116 factor
3081 5063 3316 5116 muniunt
3343 5077 3460 5132 qua:
3503 5075 3606 5116 non
3646 5070 3804 5114 erant
3833 5103 3849 5128 ,

2250 5151 2586 5221 dispensator
2605 5169 2789 5208 eorum
2807 5153 2827 5184 ⁵
2855 5169 2973 5224 qua:
2993 5163 3134 5218 sunt,
3162 5156 3491 5209 exainiuator
3527 5161 3854 5208 cunctorum

2251 5244 2338 5312 qui
2368 5252 2421 5297 et
2453 5254 2597 5311 sunt,
2621 5253 2676 5300 et
2703 5245 2862 5300 futuri
2892 5251 3036 5311 sunt,
3069 5256 3118 5300 et
3143 5245 3374 5312 fuerunt,
3408 5245 3458 5300 in
3485 5243 3674 5299 ultimo
3717 5245 3852 5300 die:

2254 5343 2474 5404 terram,
2505 5337 2722 5402 cadum,
2749 5345 2804 5392 et
2832 5347 3022 5392 cuncta
3075 5337 3232 5392 simul
3261 5339 3522 5392 elementa
3548 5347 3800 5392 moturus
3835 5357 3852 5392 :

2252 5430 2511 5484 excitator
2527 5429 2789 5496 cinerum,
2809 5439 2862 5484 et
2876 5443 3160 5499 corporum
3181 5431 3453 5486 restitutor
3476 5428 3598 5485 :setl
3623 5442 3860 5499 preptcr

2251 5521 2416 5576 solam
2443 5519 2702 5592 justitiam
2727 5562 2742 5586 ,
2773 5519 2888 5575 lucc
2913 5537 3031 5591 quin
3083 5519 3333 5586 diximus,
3363 5528 3552 5576 cuncta
3583 5521 3860 5576 facturus.

2315 5659 2330 5689 ε
2369 5665 2450 5707 us.
2477 5665 2608 5716 stam,
2633 5655 2915 5720 con-impii.

2313 5720 2334 5784 ξ
2369 5727 2432 5784 tta
2452 5727 2554 5784 uss.
2583 5726 2637 5784 At
2654 5719 2794 5784 editi,
2810 5717 2960 5784 grati
2982 5717 3104 5784 jugo
3122 5717 3348 5784 miserim.

2315 5782 2335 5845 ξ
2371 5782 2486 5845 ι-ῖιιῑιί
2503 5819 2517 5841 ,
2545 5781 2661 5845 quid
2685 5781 2859 5845 egeris.
2879 5781 3178 5845 castigantur
3202 5781 3263 5830 ad
3287 5781 3656 5845 manuscriptos.

2316 5841 2338 5874 ³
2373 5844 2513 5902 ΕιΙίιί,
2541 5841 2684 5894 scius.
2726 5841 2902 5892 Verius
2924 5841 3050 5900 M351,
3075 5843 3190 5893 sola.

2322 5905 2342 5938 ⁵
2377 5905 2532 5955 codex
2577 5913 2720 5968 I‘ert.,
2745 5904 2954 5957 omnium
2971 5917 3153 5957 eorum.
3843 5907 3874 5938 ‘
