4118 6554
297 393 301 398 ’
336 393 476 453 {073

403 507 540 566 Atto.
553 504 613 564 Si
630 504 797 564 Deme
819 503 1244 563 Patriarcharum
1259 507 1415 574 eoﬁs,
1431 521 1600 581 quare
1625 511 1921 568 nmeredis

331 596 793 654 circumeisioncm
831 599 1006 654 octavi
1028 597 1155 666 diei,
1202 613 1321 670 quae
1346 609 1608 672 praecepta
1637 611 1722 658 est
1749 603 1919 660 Abra-

332 687 936 761 htc,prasﬁgurationem
953 686 1118 746 fuisse
1142 691 1562 762 regenerationis
1591 692 1643 749 in
1669 693 1919 750 Christo?

331 781 446 837 Hoc
485 781 628 836 enim
679 781 724 836 si
777 781 1046 847 crederes,
1077 781 1284 838 videres
1335 797 1440 838 non
1486 785 1727 853 potuisse
1775 785 1920 856 juste

329 872 563 928 animam
606 872 806 943 parvuli
843 873 1189 928 exterminari
1231 873 1300 930 de
1351 874 1548 946 populo
1593 890 1721 944 saxo,
1749 877 1794 931 si
1831 877 1920 934 die

330 981 436 1021 non
461 965 934 1020 circumciduntur
961 975 1152 1022 octavo
1174 963 1348 1042 (Gen.
1387 983 1516 1046 svis,
1540 968 1713 1026 1244
1741 968 1784 1043 ),
1812 971 1917 1028 nisi

327 1055 484 1111 alicui
507 1054 692 1110 fuisset
716 1054 942 1126 obligata
966 1067 1186 1127 peccato
1213 1057 1236 1112 ?
1264 1057 1322 1114 Si
1345 1059 1510 1116 Deum
1532 1060 1916 1132 Prophetarum

325 1146 478 1206 culis.
506 1159 603 1200 cur
625 1159 730 1202 non
753 1145 932 1202 credis
968 1147 1110 1218 quod
1130 1163 1225 1220 per
1243 1163 1342 1206 eos
1357 1151 1512 1208 toties
1535 1152 1674 1209 Deus
1697 1153 1910 1220 dixerit,

326 1235 558 1291 Reddam
587 1248 790 1307 peccata
811 1247 1014 1310 patrum
1052 1239 1108 1296 in
1149 1239 1326 1314 ﬁlios(
1355 1240 1523 1297 Exod.
1571 1257 1755 1310 xxxtv,
1781 1245 1838 1311 7,
1868 1254 1918 1302 et

323 1327 514 1384 lerant.
537 1329 704 1398 xxat'u,
747 1331 855 1402 18)
883 1331 908 1385 ?
945 1331 1003 1388 Si
1029 1331 1195 1389 Deum
1240 1335 1619 1404 Apostolorum
1644 1337 1798 1402 colis,
1819 1352 1918 1394 cur

327 1437 430 1477 non
457 1421 653 1479 credis.
683 1437 876 1494 corpus
895 1433 1159 1481 mortuum
1185 1435 1401 1498 propter
1417 1437 1692 1498 peccatum
1721 1427 1911 1502 (Rom.

324 1511 531 1580 vut,10
558 1511 624 1585 )?
649 1513 707 1570 Si
729 1513 894 1570 Deum
930 1515 1060 1571 colis
1109 1515 1162 1572 in
1211 1531 1320 1588 quo
1379 1519 1612 1588 speravit
1638 1527 1694 1574 et
1736 1529 1917 1590 sperat

325 1603 561 1659 Ecclesia
607 1604 1015 1675 primitivorum,
1051 1621 1170 1678 qua!
1198 1609 1500 1681 conscripta
1547 1617 1632 1666 est
1655 1611 1708 1666 in
1737 1611 1910 1678 curiis,

321 1709 422 1750 cur
441 1709 547 1750 non
574 1695 748 1752 credis
773 1695 1120 1769 baptizandus
1145 1699 1395 1770 parvulos
1422 1699 1538 1756 erui
1577 1699 1645 1757 de
1673 1710 1912 1772 potesta-

325 1787 729 1843 tetenebrarum
764 1787 1003 1861 (Coloss.
1033 1804 1084 1856 ι,
1117 1791 1188 1846 15
1209 1789 1254 1862 ),
1286 1805 1409 1846 cum
1452 1805 1548 1848 eos
1571 1802 1792 1865 propter
1813 1794 1914 1850 hoc

321 1877 567 1934 exsufﬂet
595 1886 752 1949 atque
780 1879 1046 1936 exoreizet
1090 1880 1348 1948 Ecclesia,
1393 1891 1454 1938 ut
1479 1883 1546 1939 ab
1573 1885 1651 1940 eis
1675 1893 1914 1957 potestas

325 1970 664 2026 tenebrarum
715 1971 958 2028 mittatur
999 1971 1192 2029 foras?
1223 1973 1318 2030 Ille
1357 1989 1486 2030 vero
1525 1991 1683 2046 quem
1727 1986 1911 2048 sperat

321 2061 550 2132 judicem
577 2063 848 2120 rationalis
869 2073 1134 2134 creatura,
1163 2081 1283 2138 quae
1311 2067 1364 2122 in
1387 2069 1584 2124 sanctis
1612 2069 1729 2140 ejus
1753 2079 1836 2125 est
1859 2081 1914 2126 ct

325 2152 608 2222 fidelibus,
665 2155 782 2227 lege
814 2157 830 2189 ¹
879 2157 1070 2225 nobis,
1120 2168 1318 2231 prazter
1371 2176 1594 2233 regnum
1654 2163 1808 2220 bonis
1859 2175 1914 2221 et

322 2245 638 2315 supplicium
661 2248 836 2314 malis,
867 2264 1024 2319 quem
1054 2251 1267 2306 tertium
1311 2251 1486 2308 locum
1533 2259 1912 2326 praeparaverit

322 2346 375 2390 et
393 2337 705 2406 promiserit
731 2355 834 2395 non
863 2344 1186 2412 regeneratis
1229 2343 1597 2403 innocentibus
1627 2347 1750 2403 tuis.
1769 2349 1911 2416 Quo-

323 2427 482 2482 modo
503 2437 680 2484 autem
710 2429 864 2499 dicis,
889 2432 1154 2488 neminem
1182 2435 1502 2504 prudentum
1531 2451 1629 2508 pro
1662 2439 1905 2508 Domino,

321 2532 480 2586 quem
519 2518 763 2585 colimus,
795 2522 1106 2594 sanguinem
1123 2521 1376 2590 fundere;
1416 2540 1536 2582 cum
1577 2541 1700 2584 eum
1729 2528 1911 2586 colue-

325 2608 392 2662 rit
408 2617 465 2663 et
482 2623 578 2680 pro
603 2623 666 2664 co
692 2609 1005 2681 sanguinem
1033 2609 1223 2668 fuderit
1247 2613 1666 2686 gloriosissimus
1689 2618 1913 2691 Cypria-

229 2697 232 2700 ’
325 2712 446 2766 nus,
475 2699 564 2770 qtti
587 2715 684 2756 vos
709 2700 760 2754 in
809 2701 906 2756 ista
932 2704 1226 2772 qtuestione
1252 2704 1478 2762 suﬂ‘ocat
1501 2749 1518 2776 ,
1544 2708 1748 2776 dicens,
1783 2725 1908 2780 par-

321 2789 500 2844 vulum
529 2806 595 2848 es
619 2789 788 2846 Adam
824 2795 1107 2852 carnaliter
1144 2806 1348 2866 natum,
1376 2801 1676 2873 contagium
1721 2804 1911 2862 mortis

321 2881 553 2950 antiquae
591 2883 760 2951 prima
803 2885 1074 2942 nativitate
1122 2889 1437 2946 contrahere
1465 2893 1484 2964 (
1512 2891 1680 2963 Epist.
1707 2894 1796 2962 64,
1841 2897 1910 2953 ad

327 2971 513 3027 Fidum
539 2984 560 3044 )
587 2979 613 3029 ζ’
649 2974 879 3032 \‘idesne
907 2985 958 3032 te
979 2980 1154 3048 potius
1195 2993 1346 3038 reum
1373 2985 1416 3048 ',
1441 2985 1532 3054 qui
1561 2986 1902 3057 blaSphemas

326 3064 484 3120 istum
529 3075 832 3122 sanctorum
863 3079 1154 3142 martyrum
1213 3071 1424 3128 Deum?
1451 3075 1592 3132 Dicis
1613 3077 1640 3109 ⁸
1657 3087 1708 3134 te
1732 3081 1910 3136 colere

323 3160 922 3230 otttnipoteutissimum,
939 3163 1326 3234 :equissitnum,
1348 3167 1907 3228 misericordissimam

324 3249 492 3305 Deum
523 3268 538 3307 :
569 3251 662 3306 sed
713 3252 825 3322 ipse
851 3265 933 3308 eSt
983 3255 1554 3324 mnuipolcnlissimus,
1605 3261 1696 3331 qui
1721 3260 1908 3332 jugum

322 3356 504 3411 grave,
530 3357 637 3412 quo
678 3353 988 3412 premuntur
1039 3345 1135 3400 ﬁlii
1191 3347 1360 3404 Adam
1401 3364 1464 3406 ex
1509 3351 1596 3408 die
1625 3352 1911 3410 nativitatis

321 3447 456 3497 sum,
481 3433 666 3503 procul
695 3433 856 3489 dubio
877 3435 943 3491 ab
971 3436 1051 3492 eis
1093 3449 1276 3508 posset
1303 3439 1534 3508 auferre,
1572 3443 1680 3499 imo
1707 3461 1773 3502 ne
1803 3445 1910 3502 ullo

325 3523 416 3578 tali
456 3523 585 3606 jugo
631 3540 848 3595 prorsus
875 3537 1224 3597 gravarentur
1248 3530 1464 3588 efﬁcere
1491 3550 1505 3588 :
1531 3533 1624 3588 scd
1647 3535 1766 3606 ipse
1819 3546 1909 3592 est

321 3604 684 3684 aequisSintus,
711 3615 802 3685 qui
853 3617 1002 3672 nullo
1031 3617 1190 3674 modo
1217 3618 1346 3676 illud
1387 3604 1684 3695 imponeret
1713 3623 1766 3693 ³,
1812 3626 1910 3680 im-

326 3705 522 3776 pouive
545 3705 908 3776 permitteret,
932 3707 1032 3762 nisi
1068 3719 1284 3780 peccata
1335 3711 1386 3766 in
1413 3712 1512 3781 eis,
1554 3727 1674 3770 cum
1719 3715 1912 3786 quibus

325 3797 434 3853 nati
465 3806 606 3862 sunt,
657 3798 936 3867 inveniret,
989 3817 1215 3872 quorum
1266 3813 1473 3860 reatum
1528 3808 1728 3864 renatis
1769 3809 1909 3865 idem

326 3889 442 3960 ipse
459 3889 989 3948 misericordissimus
1013 3893 1264 3950 solveret.
1293 3894 1347 3952 Si
1377 3911 1504 3968 ergo
1533 3907 1583 3954 te
1619 3893 1912 3974 delectaret

324 3981 500 4038 divina
525 3981 752 4054 justitia,
777 3983 988 4041 videres
1023 3984 1263 4057 profecto
1289 3988 1430 4058 quod
1480 4005 1543 4046 ex
1571 3991 1685 4063 ipsa
1711 3993 1908 4063 veniat,

327 4086 432 4127 non
467 4072 648 4144 utique
676 4072 870 4144 injuste
895 4089 928 4130 a
976 4076 1214 4148 parvulis
1241 4077 1520 4150 incipiens,
1573 4090 1696 4136 nota
1735 4085 1910 4139 omni-

326 4162 424 4219 bus
449 4163 676 4219 humana
692 4165 928 4232 miseria,
944 4182 1047 4238 qua
1079 4169 1346 4240 peragitur
1374 4170 1488 4226 haec
1523 4172 1650 4238 vita,
1675 4189 1704 4228 a
1723 4175 1912 4244 primis

325 4253 538 4311 ﬂetibus
571 4256 922 4323 nasccntium,
969 4272 1136 4330 usque
1179 4259 1245 4314 ad
1271 4269 1540 4318 extremos
1577 4262 1774 4322 halitus
1800 4281 1914 4322 mo-

326 4347 608 4420 rientium;
640 4333 837 4404 sanctis
865 4356 1067 4404 tantum
1093 4358 1146 4406 et
1163 4349 1427 4421 ﬁdelibus,
1454 4353 1550 4410 sed
1577 4355 1628 4410 iu
1658 4355 1758 4410 alia
1783 4355 1932 4424 vita,

327 4437 574 4496 felicitate
603 4441 864 4510 promissa
895 4441 937 4495 '.

399 4515 484 4586 ιι.
515 4531 634 4587 1υι..
659 4532 765 4589 Pro
797 4531 900 4588 hoc
922 4533 1078 4605 igitur
1103 4533 1215 4592 Deo
1253 4552 1396 4606 meo,
1425 4554 1582 4610 quem
1614 4539 1741 4596 mihi
1779 4557 1912 4613 qua-

329 4623 435 4679 lem
475 4623 636 4680 credo
670 4625 844 4680 omnis
889 4635 1132 4681 creatura
1162 4635 1442 4684 ct-saneta
1497 4629 1768 4702 Scriptura
1819 4633 1914 4690 de-

331 4713 560 4782 nuntiat,
611 4715 809 4770 rectius
855 4713 963 4770 dixi
1023 4714 1251 4772 facerem
1282 4717 1324 4784 ⁸,
1356 4718 1402 4773 si
1439 4735 1538 4776 nec
1567 4721 1820 4777 librorum
1863 4734 1914 4780 te

330 4807 722 4862 concertatione
746 4805 964 4876 dignum
988 4814 1251 4877 putarem.
1283 4807 1479 4863 Verum
1511 4812 1760 4881 quoniam
1783 4814 1914 4869 mihi

332 4897 664 4968 potissimum
687 4897 786 4952 hoc
805 4913 836 4954 a
856 4897 1052 4952 sanctis
1073 4897 1218 4965 viris,
1242 4900 1410 4955 n03tri
1428 4902 1682 4972 temporis
1705 4904 1915 4960 confes-

331 4989 560 5056 sorihus,
590 5005 784 5046 munus
828 4990 1133 5062 impositum
1158 5000 1276 5059 est,
1303 5001 1361 5048 ut
1383 4992 1522 5048 dicta
1553 5004 1639 5050 tua
1664 4997 1790 5067 quid
1818 4997 1914 5054 ha-

335 5079 496 5136 beant
545 5083 796 5152 ponderis
841 5083 1170 5155 rationisque
1211 5083 1510 5153 discutiam,
1559 5096 1914 5158 opportunum

335 5168 431 5226 fuit
450 5173 730 5232 ostendere
754 5176 919 5246 prius,
961 5192 1066 5232 non
1119 5191 1148 5232 a
1189 5186 1242 5234 te
1274 5179 1425 5236 credi
1455 5180 1508 5235 ei
1539 5181 1670 5250 Deo,
1719 5188 1808 5256 qui
1855 5185 1910 5242 in

336 5260 726 5321 Catholicon
746 5281 962 5338 {semper
997 5267 1237 5324 Ecclesia
1257 5269 1582 5342 praedicatus
1608 5282 1710 5342 est,
1753 5286 1805 5331 et
1822 5291 1917 5332 us-

401 5419 420 5489 ξ
453 5418 592 5489 gitti,
614 5418 695 5472 ubi
717 5417 836 5489 lege,
857 5421 1025 5489 Abest,
1051 5421 1149 5482 ubi,
1175 5436 1205 5474 a
1235 5428 1586 5489 manuscriptis.

400 5482 421 5550 ξ
453 5483 526 5550 sic
547 5489 653 5550 Mss.
677 5482 899 5550 Att—aditi:
931 5483 1048 5535 Vide
1068 5497 1126 5536 ne
1148 5492 1200 5535 tu
1221 5487 1378 5550 potius
1400 5482 1510 5540 retis
1531 5489 1616 5541 sis.

399 5541 420 5574 ³
453 5547 565 5591 star.
590 5548 694 5602 ωε..
717 5541 869 5593 diras.

403 5602 605 5677 ξηωρυε
623 5612 866 5677 ,γεειεειιω
902 5604 1120 5677 misum
1157 5606 1372 5677 διιδςξᾴίρ
1401 5619 1625 5677 sanatus.
1661 5616 1742 5677 qui
1766 5615 1836 5664 sic
1872 5617 1921 5666 in

343 5663 490 5738 editis
509 5664 723 5738 iacebat,
861 5677 949 5736 pec
971 5665 1070 5738 ullo
1090 5667 1232 5719 modo
1247 5667 1371 5721 illud
1399 5663 1658 5736 imponeret
1671 5663 1696 5736 ξ
1732 5663 1922 5726 omissis

349 5724 1107 5790 Verbissneuuomt'jugo,etc.
1468 5724 1508 5736 ’ν

397 5786 424 5862 ξ
457 5787 756 5862 Ῐξὲρῖίῖἷψξν
775 5785 1082 5862 ἵςηῖοπηίδξαε
1105 5789 1358 5862 ﬂenardus
1380 5799 1432 5846 ct
1449 5803 1574 5858 mss,
1600 5795 1853 5862 promis“.

397 5845 421 5878 ⁸
451 5845 592 5898 Inita
617 5845 751 5911 Vign.
777 5845 1186 5911 et'tten.,ﬁtcere.
1255 5859 1308 5902 tt.

527 6048 562 6069 κ

1751 399 1950 457 LIBER
1991 401 2262 460 PRIMUS.

2025 527 2130 584 que
2149 513 2216 568 ad
2232 513 2388 570 finem
2411 517 2500 572 ubi
2525 519 2611 575 illa
2641 517 2800 578 fuerit
2819 525 3220 595 praedicabitur.

2095 603 2366 694 Aue.Bgo
2381 607 2560 678 potius
2593 627 2698 668 non
2721 621 2780 670 to
2807 617 3128 688 ostendisse,
3172 621 3316 694 quod
3361 635 3414 684 te
3438 637 3622 687 esten-

2020 691 2168 790 disse
2196 693 2384 790 ‘dicis,
2433 700 2680 772 ostendi;
2707 712 2764 762 et
2803 705 2854 762 ei
2890 713 2978 764 me
3019 709 3134 767 Deo
3174 691 3417 786 credere,
3469 721 3622 790 quia

2021 783 2419 844 Catholica-stu
2463 805 2677 864 semper
2692 795 2933 856 Ecclesia
2963 803 3281 872 prmdicatus
3305 783 3410 877 est,
3449 783 3502 867 si
3535 813 3620 870 ni-

2021 877 2189 934 mium
2219 893 2394 937 ctocus
2422 899 2526 940 non
2553 887 2652 955 sis,
2681 889 2897 946 edocui.
3429 899 3458 906 “

2091 968 2200 1065 Lll.
2220 969 2341 1028 Jun.
2387 973 2538 1065 liene
2565 993 2693 1034 vero
2719 995 3117 1054 consequenter
3141 987 3421 1060 inspiciam
3441 1034 3459 1060 ,
3493 996 3616 1065 qui-

2021 1057 2121 1117 bus
2137 1059 2258 1129 hoc,
2278 1063 2420 1136 quod
2443 1079 2712 1140 expugnat
2729 1071 2864 1130 ﬁdes
2889 1075 3118 1145 piorum,
3133 1057 3454 1139 testimoniis
3467 1057 3618 1142 afﬁr-

2019 1167 2168 1210 mare
2209 1157 2440 1213 coneris.
2461 1159 2567 1216 Sed
2587 1163 2838 1233 quoniam
2860 1166 3062 1223 institui
3079 1169 3222 1226 libro
3241 1179 3332 1228 tuo
3354 1177 3616 1244 secundo,

2018 1257 2177 1314 quem
2192 1245 2411 1318 Alypius
2425 1247 2636 1320 detulit,
2649 1253 2886 1321 obviare,
2905 1272 2976 1313 ne
2984 1259 3398 1320 confunderetur
3413 1267 3614 1321 rescri-

2020 1333 2095 1402 pti
2125 1336 2294 1391 series
2324 1338 2364 1406 ⁸,
2388 1339 2574 1410 paucis
2593 1342 2789 1414 adhuc,
2819 1360 2989 1418 usque
3013 1349 3140 1408 dum
3167 1351 3236 1408 ad
3252 1353 3616 1413 testimonium

2019 1423 2286 1492 Apostoli,
2315 1443 2424 1498 quo
2467 1429 2751 1502 plurimum
2803 1435 2897 1492 tibi
2928 1439 3123 1496 videris
3173 1443 3389 1510 muniri,
3430 1460 3612 1504 sermo

1987 1517 2781 1606 _perveniat,grespondendum
2807 1536 2911 1584 est.
2954 1527 3063 1585 illis
3105 1546 3251 1604 ergo,
3279 1549 3400 1604 qua:
3435 1549 3600 1606 supra

2019 1606 2195 1698 posui,
2225 1604 2404 1666 verbis
2432 1612 2536 1668 tuis
2572 1613 2690 1671 brec
2715 1631 2837 1688 qua:
2861 1630 3154 1690 sequuntur
3197 1623 3472 1698 adjungis:
3503 1604 3525 1680 λ
3555 1629 3611 1686 In

2017 1695 2100 1752 his
2125 1698 2303 1770 itaque
2349 1717 2470 1773 qua:
2500 1707 2868 1776 praetermisit,
2907 1709 3012 1766 hoc
3045 1713 3236 1780 timuit,
3267 1695 3390 1786 quia
3417 1727 3610 1776 cuncta

2017 1786 2271 1846 Ecclesia:
2285 1791 2561 1850 catholica:
2597 1807 2810 1868 pectora
2835 1802 3104 1871 convenit,
3133 1803 3406 1879 ﬁdemque
3430 1809 3606 1880 ipsam

2013 1880 2304 1950 amiquitus
2347 1883 2594 1942 traditam
2639 1897 2801 1959 atque
2855 1891 3148 1963 fundatam,
3195 1895 3338 1953 clara
3375 1901 3605 1970 quodam

2015 1971 2176 2027 modo
2202 1988 2334 2030 voce
2359 1979 2674 2048 compellat,
2711 1990 2766 2037 et
2793 1981 3053 2042 adversus
3079 2001 3176 2044 eos
3191 1988 3604 2049 vehementissio

2015 2077 2102 2118 me
2129 2076 2403 2135 permovet
2429 2069 2570 2140 quod
2624 2071 2878 2141 diximus,
2923 2077 3045 2148 quia
3074 2079 3207 2136 nihil
3253 2083 3455 2152 peccati
3482 2099 3605 2142 esse

2015 2153 2067 2208 in
2098 2156 2332 2224 parvulis
2352 2159 2556 2228 dicunt,
2578 2163 2720 2232 quod
2742 2165 2952 2222 lavacro
2969 2171 3392 2240 regenerationis
3408 2174 3566 2230 ablua
3586 2205 3608 2220 -

2015 2253 2120 2301 tur.
2149 2246 2348 2304 Omnes
2362 2251 2505 2307 enim
2525 2253 2591 2308 ad
2621 2255 2916 2313 Eeclesiam
2944 2274 3050 2316 non
3073 2270 3290 2333 propter
3311 2263 3455 2320 aliud
3473 2280 3600 2322 cum

2015 2337 2248 2406 parvulis
2295 2351 2538 2407 currunt,
2596 2345 2784 2402 nisiut
2827 2349 2880 2404 in
2909 2350 2989 2407 eis
3029 2352 3286 2423 originale
3325 2366 3603 2427 peccatum

2011 2427 2354 2496 generatione
2399 2432 2588 2502 prima:
2631 2435 2922 2494 nativitatis
2975 2449 3255 2498 attractum
3279 2483 3296 2510 ,
3325 2461 3605 2516 regenera-

2013 2516 2158 2572 tione
2194 2520 2445 2576 secunda:
2469 2523 2762 2583 nativitatis
2787 2529 3052 2599 expietur.
3091 2531 3292 2590 Deinde
3313 2535 3382 2590 ad
3417 2547 3603 2595 nostra

1994 2608 2286 2678 superiora
2309 2611 2472 2667 verba
2515 2603 2822 2682 revertitur,
2872 2635 2992 2689 qua:
3009 2621 3198 2678 nescio
3221 2637 3318 2678 cur
3341 2634 3588 2696 repetat:

2010 2697 2120 2754 Eos
2143 2709 2319 2756 autem
2335 2704 2425 2773 qui
2463 2703 2532 2760 de
2561 2707 2653 2762 tali
2705 2709 3088 2768 commistione
3133 2723 3444 2784 nascuntur,
3469 2715 3602 2774 dici-

2009 2805 2131 2846 mus
2155 2792 2367 2850 trahere
2388 2795 2646 2866 originale
2685 2809 2958 2869 peccatum
2985 2813 3003 2868 ;
3030 2817 3250 2874 eosque,
3273 2805 3341 2862 de
3365 2808 3602 2876 parenti-

2011 2881 2110 2937 bus
2135 2883 2610 2958 qualibuscumque
2647 2896 2954 2960 nascantur,
2991 2907 3098 2950 non
3137 2910 3394 2968 negamus
3424 2899 3602 2957 adhuc

2010 2985 2132 3026 esse
2177 2971 2278 3027 sub
2311 2973 2542 3042 diabolo,
2592 2977 2694 3032 nisi
2737 2990 3084 3038 renascantur
3121 2983 3178 3039 in
3213 2985 3445 3042 Christo.
3476 2987 3604 3046 llaec

2009 3064 2174 3118 verm
2199 3072 2382 3120 nostra
2404 3075 2458 3122 ct
2494 3067 2654 3137 paulo
2673 3079 2798 3127 ante
2815 3071 3040 3128 dixerat.
3081 3074 3283 3132 Deinde
3321 3077 3602 3148 subiunxit

2010 3155 2152 3224 quod
2181 3155 2250 3212 de
2276 3155 2489 3213 Christo
2516 3159 2771 3230 diximus,
2788 3162 2894 3231 Qui
2913 3164 2982 3220 de
2995 3166 3190 3222 eadem
3209 3183 3371 3228 sexus
3388 3172 3592 3229 utrius-

2011 3261 2116 3316 que
2135 3247 2513 3306 commixtione
2537 3253 2683 3307 nasci
2705 3252 2900 3309 noluit.
2921 3254 3027 3312 Sed
3068 3257 3227 3313 etiam
3257 3259 3344 3315 hic
3373 3271 3598 3331 praeter-

2009 3334 2157 3390 misit
2179 3336 2321 3407 quod
2363 3352 2463 3408 ego
2500 3340 2686 3409 posui:
2711 3341 2776 3398 Ut
2803 3358 2900 3412 per
2933 3344 3052 3415 ejus
3082 3347 3306 3416 gratiam
3341 3349 3482 3404 eruti
3528 3351 3598 3407 de

2009 3435 2272 3498 potestate
2291 3431 2651 3496 tenebrarum,
2675 3433 2732 3488 in
2765 3437 3284 3510 reguumillius,qui
3317 3439 3388 3496 de
3407 3440 3596 3499 eadem

2007 3531 2173 3576 sexus
2201 3519 2476 3592 utriusque
2499 3523 2880 3580 commistione
2905 3527 3048 3582 nasci
3061 3519 3251 3594 noluit,
3277 3529 3605 3587 transferan-

2010 3616 2118 3663 tur.
2141 3608 2296 3676 Vide,
2321 3611 2551 3665 obsecro
2570 3621 2644 3680 te,
2685 3629 2804 3684 qua:
2830 3624 3014 3670 nostra
3051 3618 3214 3672 verba
3243 3619 3444 3686 vitavit,
3476 3630 3592 3676 tan-

2008 3713 2170 3770 quam
2194 3699 2438 3756 inimicus
2453 3703 2672 3760 omnino
2699 3706 2882 3776 gratia:
2908 3706 3024 3774 Dei,
3065 3724 3188 3778 quas
3224 3711 3363 3778 venit
3388 3727 3483 3782 per
3505 3712 3596 3768 Je-

2013 3805 2130 3846 sum
2155 3791 2429 3848 Christum
2471 3792 2752 3850 Dominum
2795 3806 3058 3852 nostrum.
3106 3797 3220 3856 Scit
3236 3801 3385 3856 esum
3413 3802 3481 3858 ab
3507 3803 3595 3858 illa

2013 3883 2253 3954 Apostoli
2289 3885 2574 3954 sententia,
2627 3902 2730 3958 qua
2755 3887 2888 3943 dixit
2926 3888 2996 3944 de
3025 3890 3133 3946 Deo
3157 3891 3336 3960 Patre,
3379 3892 3479 3959 Qui
3507 3909 3598 3950 nos

2013 3975 2142 4030 eruit
2185 3975 2249 4030 de
2289 3985 2535 4046 potestate
2577 3979 2892 4036 tenebrarum
2911 4022 2928 4049 ,
2955 3991 3006 4036 et
3028 3985 3282 4038 transtulit
3310 3986 3364 4040 iu
3391 4002 3601 4056 regnum

2014 4063 2142 4121 Filii
2197 4067 2458 4121 cher-italis
2501 4068 2640 4140 κωι(
2662 4066 2861 4126 Colon.
2902 4087 2951 4139 ι,
3013 4073 3080 4128 15
3109 4075 3127 4144 )
3154 4093 3172 4143 νς
3204 4075 3598 4145 improbissime

2013 4163 2069 4212 et
2099 4157 2414 4228 impiissime
2443 4161 2464 4192 ¹
2487 4158 2734 4229 parvulos
2768 4162 3006 4231 separari
3033 4179 3049 4218 :
3073 4163 3193 4220 ideo
3218 4167 3399 4236 procul
3436 4166 3600 4224 dubio

2013 4247 2174 4302 verba
2187 4249 2284 4304 ista
2297 4250 2698 4319 praetermittere
2711 4266 2869 4323 quam
2892 4266 3091 4323 ponere
3111 4255 3295 4310 maluit
3316 4275 3337 4309 ι
3359 4255 3460 4330 (De
3479 4257 3598 4312 Nu-

2016 4340 2135 4409 ptiis
2175 4348 2224 4395 et
2277 4340 2715 4412 Concupiscentia,
2747 4342 2834 4397 tib.
2865 4343 2921 4411 2,
2949 4361 3038 4398 uit.
3067 4345 3122 4411 4,
3150 4345 3230 4416 5).
3273 4345 3454 4418 Egone
3477 4361 3600 4403 sum

2016 4429 2261 4485 inimicus
2294 4431 2480 4502 gratia:
2505 4432 2622 4498 Dei,
2655 4431 2816 4488 homo
2841 4435 3084 4490 onmium
3112 4435 3595 4507 impudentissime,

2013 4519 2103 4590 qui
2150 4521 2205 4576 in
2237 4521 2407 4591 primo
2456 4521 2594 4578 libro
2621 4537 2765 4590 meo,
2788 4523 2931 4580 unde
2955 4533 3012 4581 tu
3037 4523 3136 4582 ista
3159 4540 3190 4580 a
3215 4535 3470 4584 contextu
3501 4543 3602 4584 suo

2014 4615 2196 4670 avulsa
2221 4617 2466 4688 rapuisti,
2493 4626 2552 4674 ut
2567 4618 2766 4690 aliquid
2805 4621 2923 4677 sine
2947 4623 3150 4678 ratione
3193 4623 3446 4694 garrires,
3469 4635 3601 4694 pro-

2014 4707 2246 4762 fessionc
2269 4724 2400 4778 pura
2429 4717 2486 4764 et
2531 4711 2684 4780 plena
2717 4725 2780 4767 os
2809 4703 3254 4784 tuum‘mysteriis
3281 4711 3600 4770 Manichaeo-

2015 4814 2136 4854 rum
2165 4799 2386 4855 madens
2409 4809 2728 4872 tuorumque
2755 4802 3044 4858 damnavi?

2085 4892 2224 4946 Anc.
2249 4889 2512 4961 Numquid
2535 4899 2592 4946 ut
2620 4890 2818 4948 habeas
2836 4908 3050 4950 causam
3074 4895 3266 4951 bonam
3291 4896 3601 4954 convician-

2016 4979 2088 5034 do
2117 4978 2349 5034 facturus
2371 4980 2474 5036 es?
2500 4981 2593 5036 Dic
2613 4996 2845 5052 quorum
2872 4998 3110 5040 meorum
3137 5000 3222 5052 os,
3247 4985 3387 5040 sicut
3413 5001 3594 5044 meum

2017 5069 2300 5126 damnasse
2325 5079 2378 5126 te
2411 5071 2580 5142 jactas
2603 5073 2646 5127 ³.
2701 5072 2946 5132 Dicturus
2992 5090 3054 5132 es
3079 5118 3100 5143 ,
3146 5075 3602 5147 Manichaeorum;

2021 5161 2112 5216 sed
2137 5170 2194 5216 ut
2209 5161 2518 5227 maledicus,
2549 5178 2656 5220 non
2686 5173 2742 5220 ut
2767 5165 3055 5222 veridicos.
3095 5167 3213 5240 Ego
3237 5167 3380 5224 enim
3413 5177 3468 5226 et
3489 5171 3604 5226 Ma-

2022 5251 2257 5308 uiclmos
2276 5251 2536 5320 ’detestor,
2571 5263 2627 5310 et
2671 5255 2941 5326 adjutores
2961 5271 3170 5326 eorum,
3197 5257 3252 5316 iu
3272 5259 3470 5330 quibus
3497 5275 3594 5332 ap—

2024 5343 2162 5414 petis
2180 5341 2202 5374 ⁶
2234 5343 2610 5413 principatum,
2641 5355 2698 5401 et
2745 5355 2998 5417 utrosque
3021 5349 3306 5418 adjuvante
3325 5363 3389 5406 ac
3413 5348 3606 5406 subve-

2088 5435 2103 5467 ³
2139 5435 2294 5502 Editi,_
2312 5447 2374 5486 ne
2413 5436 2733 5502 (Nuntiatur
2763 5437 3011 5502 rescriptis
3265 5447 3320 5491 At
3357 5445 3466 5490 Itss.
3490 5447 3594 5491 atat.

2024 5502 2236 5572 909-139.
2245 5495 2483 5572 ﬂat-ws
2494 5497 2864 5572 οοειηεηαενςξιξτ
2886 5495 3111 5572 τὲεεηίρξί
3146 5501 3312 5572 θεοῖο*

2087 5558 2108 5590 ²
2127 5557 2286 5629 1⁷41111.
2310 5557 2728 5629 etjrnpurissime.
2749 5567 2804 5612 At
2825 5568 2955 5622 Mss...
2978 5557 3051 5614 ut'
3072 5564 3121 5612 in
3143 5561 3360 5612 secundo
3381 5559 3504 5611 libro
3523 5559 3588 5610 de

2024 5619 2222 5712 Nuptiis,
2239 5619 2534 5680 impiissiute.
2940 5619 2949 5622 ’
3353 5681 3368 5692 ⁸

2143 5679 2218 5712 uin
2253 5685 2343 5712 nec
2400 5687 2500 5712 Dm!
2551 5688 2599 5712 ne
2637 5687 2730 5712 an...
2771 5697 2786 5710 .
2807 5684 3078 5712 νιηηιηιρι...
3098 5689 3276 5712 (nu-Innu-
3311 5689 3365 5712 η.

2143 5679 2218 5728 sic
2253 5679 2360 5729 uss.
2400 5687 2522 5730 Port.
2551 5688 2603 5731 et
2637 5687 2747 5749 star.
2770 5697 2786 5742 ;
2807 5684 3081 5749 vignierius
3097 5689 3276 5733 autem:
3299 5681 3605 5749 pignorum

2023 5752 2237 5812 ἠίῖονέιπι
2253 5751 2322 5812 ρξ’
2355 5753 2604 5812 "smne
2614 5742 2824 5812 ﬁdum
2837 5781 2851 5804 ν
2866 5742 2998 5812 ῖίρζιι
3020 5745 3335 5812 αωνέηαδαίἐε
3353 5742 3538 5812 ,νμεωε

2089 5802 2244 5872 10‘“!
2264 5798 2591 5872 υξεψοηζςη
2611 5811 2745 5867 ιω..
2769 5798 3007 5872 appetitis.
3035 5807 3202 5855 verius
3235 5802 3313 5852 alii
3350 5798 3593 5860 suum,»

2028 5861 2148 5925 petis
2173 5873 2190 5913 :
2213 5861 2278 5912 de
2301 5863 2484 5914 Juliano
2503 5865 2700 5916 dictant.
