4140 6508
551 341 688 400 1075

545 455 724 510 niente
741 447 966 506 Domino
1003 445 1116 502 Deo
1167 452 1355 499 nostro
1402 441 1666 498 catholica
1695 437 1921 494 veritate
1946 435 2131 492 redar-

540 559 665 615 guo.
691 540 797 597 Sed
835 535 1110 594 ostendam
1139 549 1310 599 meos,
1349 547 1484 603 quos
1513 531 1566 586 in
1608 545 1694 586 me
1737 537 1883 584 tanto
1908 525 2133 597 nequius

543 642 743 705 quanto
761 629 990 686 astutius
1026 625 1349 682 criminaris.
1383 623 1440 678 In
1473 622 1574 678 hac
1625 620 1768 676 enim
1808 632 1990 683 causa,
2041 616 2130 671 ubi

545 723 820 797 originalis
850 719 1050 791 peccati
1087 716 1312 774 vertitur
1349 715 1593 786 qumstio,
1624 720 1840 783 prepter
1864 709 2005 781 quod
2045 723 2132 764 me

550 815 765 870 nomine
785 811 1194 867 Manichaeorum
1216 805 1566 862 atrocissimis
1605 803 1822 872 dignum
1854 801 2132 856 arbitraris

549 903 864 975 opprobriis,
893 913 1045 955 meus
1075 909 1161 954 est
1207 896 1522 970 Cyprianus,
1571 895 1661 965 qui
1709 909 1832 949 cum
1883 906 2132 963 peccasse

548 995 678 1051 nihil
704 992 898 1048 dixerit
927 989 1236 1061 parvulum,
1289 1003 1396 1042 non
1431 997 1606 1040 tamen
1633 983 1816 1049 tacuit,
1853 998 1974 1038 eum
2002 997 2131 1037 con-

465 1099 476 1108 ‘
545 1086 776 1142 traxisse
801 1081 1000 1152 peccati
1028 1095 1092 1136 ex
1118 1078 1288 1134 Adam
1315 1077 1483 1147 prima
1514 1074 1786 1128 nativitate
1829 1073 2130 1142 contagium

547 1178 568 1249 (
607 1173 886 1244 Epist“,
917 1173 985 1226 ad
1011 1170 1198 1225 Fidum
1224 1169 1265 1241 ).
1297 1168 1442 1223 Meus
1471 1176 1555 1222 est
1595 1165 1844 1230 llilarius,
1872 1163 1960 1233 qui
2007 1177 2132 1218 cum

545 1276 838 1340 exponeret
880 1265 1020 1336 quod
1067 1265 1120 1320 in
1166 1262 1379 1318 Psalmo
1403 1261 1614 1331 legitur,
1653 1258 1790 1313 Vivet
1815 1258 1985 1311 anima
2022 1273 2134 1310 mea

549 1371 599 1417 ct
632 1357 862 1415 laudabit
887 1367 935 1411 te
963 1371 984 1411 :
1017 1374 1037 1408 ι
1084 1354 1277 1410 Vivere
1325 1368 1406 1420 se,
1433 1369 1454 1405 ι
1505 1350 1696 1420 inquit,
1721 1367 1739 1400 ι
1779 1349 1834 1403 in
1888 1348 1988 1402 hac
2024 1347 2131 1402 vita

539 1469 657 1512 non
674 1460 916 1521 reputat;
945 1448 1143 1520 quippe
1181 1447 1270 1518 qui
1297 1444 1524 1510 dixerat,
1556 1442 1683 1497 Ecce
1713 1442 1765 1495 in
1788 1439 2134 1508 iniquitatibus

545 1552 814 1616 conceptus
829 1558 958 1604 sum,
973 1550 1019 1594 et
1038 1541 1090 1593 in
1102 1537 1295 1592 delictis
1310 1535 1500 1607 peperit
1517 1551 1594 1588 me
1605 1542 1761 1586 mater
1789 1549 1897 1586 mea
1920 1549 1939 1583 ι
1959 1530 2130 1600 (Psal.

549 1648 601 1699 ι,
620 1632 652 1688 7
681 1631 721 1703 ).
751 1649 770 1684 ι
798 1630 908 1684 Scit
927 1629 1028 1683 sub
1051 1626 1252 1698 peccati
1282 1625 1502 1695 origine,
1527 1631 1582 1678 et
1600 1622 1700 1676 sub
1719 1621 1915 1692 peccati
1934 1621 2051 1690 lege
2073 1635 2132 1675 se

547 1731 726 1778 natum
755 1739 776 1775 ι
806 1721 906 1792 (In
952 1718 1094 1774 Psal.
1123 1733 1300 1780 cxvtu,
1345 1717 1447 1772 l75
1477 1714 1520 1784 ).
1550 1715 1697 1770 Meus
1734 1722 1817 1770 est
1842 1729 1870 1766 a
1901 1721 1990 1767 tuo
2037 1712 2136 1767 do.

546 1825 695 1869 ctore
718 1809 1166 1867 excellentissime
1184 1809 1429 1862 laudatus
1460 1806 1794 1869 Ambrosius,
1817 1807 1904 1875 qui
1941 1804 2075 1858 dixit
2105 1822 2119 1858 :

552 1923 572 1956 ι
605 1902 808 1958 Omnes
862 1901 1106 1955 homines
1158 1899 1259 1954 sub
1308 1906 1526 1967 peccato
1555 1896 1851 1962 nascimur,
1905 1910 2130 1964 quorum

547 1994 660 2061 ipse
689 2001 840 2046 ortus
869 1992 921 2045 in
952 1991 1080 2044 vitio
1123 1998 1208 2044 est
1236 2007 1249 2043 :
1278 1989 1416 2043 sicut
1443 1987 1608 2040 habes
1661 1987 1881 2049 lectum,
1912 1985 2125 2040 dicente

548 2084 729 2147 David,
759 2081 891 2137 Ecce
920 2083 1051 2136 enim
1093 2081 1146 2134 in
1175 2076 1522 2151 iniquitatibus
1551 2084 1818 2146 conceptus
1847 2091 1981 2139 sum,
2013 2074 2134 2129 etin

543 2175 738 2228 delictis
756 2174 948 2244 peperit
976 2190 1055 2227 me
1073 2181 1232 2226 mater
1267 2187 1396 2224 mea.
1424 2169 1546 2224 Ideo
1593 2168 1736 2222 Pauli
1765 2182 1912 2231 cam,
1935 2181 2134 2234 corpus

546 2265 731 2320 Inertis
748 2274 864 2321 erat
897 2283 916 2317 ι
945 2263 965 2337 (
995 2262 1070 2318 De
1111 2261 1435 2323 Paznitentia,
1468 2260 1555 2313 lib.
1603 2259 1656 2324 1,
1677 2273 1793 2327 cap.
1837 2256 1873 2310 2
1895 2257 1936 2326 ).
1988 2256 2135 2311 Meus

546 2364 628 2408 est
645 2352 954 2422 Gregorius,
977 2352 1065 2421 qui
1083 2349 1282 2404 cumde
1310 2349 1580 2417 Baptismo
1598 2346 1906 2415 loqueretur
1931 2363 1946 2398 :
1981 2362 2000 2396 ι
2027 2343 2134 2398 Ve—

547 2459 757 2507 net-are,
789 2462 808 2495 ι
843 2442 1034 2512 inquit,
1072 2459 1090 2492 ι
1128 2440 1476 2504 nativitatem,
1533 2451 1629 2506 per
1679 2451 1836 2506 quam
1862 2437 1876 2467 ⁸
1905 2444 2135 2490 terrenae

548 2535 836 2589 nativitatis
861 2533 1084 2587 vinculis
1109 2531 1361 2586 liberatus
1383 2543 1444 2586 es
1482 2546 1502 2582 ι
1537 2527 1712 2601 (Orat.
1735 2527 1787 2580 in
1808 2524 1994 2578 Christi
2022 2523 2136 2578 Na-

548 2623 768 2693 talem).
828 2622 977 2678 licus
1001 2630 1084 2676 est
1113 2621 1358 2684 Basilius,
1413 2618 1504 2690 qui
1534 2633 1655 2673 eum
1686 2626 1866 2688 ageret
1900 2616 1966 2670 de
1987 2615 2130 2685 jeju-

550 2717 640 2769 nio
670 2733 684 2768 :
721 2733 742 2767 ι
765 2713 897 2780 Quia
943 2727 1048 2767 non
1073 2711 1454 2782 jejunavimus,
1490 2727 1510 2762 ι
1551 2708 1744 2778 inquit,
1767 2725 1785 2759 ι
1833 2706 2128 2761 decidimus

546 2808 616 2862 de
655 2804 1246 2876 paradiso:jejunemus
1273 2811 1331 2859 ut
1355 2801 1421 2857 ad
1448 2815 1571 2857 eum
1593 2800 1873 2856 redeamus
1905 2816 1927 2852 ι
1962 2798 1980 2869 (
2006 2797 2134 2853 δίτ-

549 2897 746 2952 ntonel
795 2895 860 2950 de
901 2892 1109 2965 Jejunio
1141 2895 1180 2964 ).
1225 2892 1372 2949 Meus
1417 2899 1503 2948 est
1555 2890 1789 2947 Joannes
1829 2888 2150 2952 Constantis

554 2990 909 3060 nopolitanus,
945 2987 1175 3044 dicens:
1222 3005 1242 3038 ι
1287 2985 1455 3040 Adam
1495 2982 1731 3055 peccavit
1778 2981 1906 3037 illud
1931 2979 2132 3052 grande

551 3089 846 3148 peccatum,
874 3087 930 3134 et
956 3093 1113 3132 omne
1132 3076 1406 3131 hominum
1445 3089 1614 3147 genus
1639 3075 1691 3129 in
1721 3089 2007 3130 commune
2035 3073 2130 3128 da-

551 3171 752 3227 mnavit
787 3189 807 3224 ι
841 3171 859 3239 (
891 3168 1121 3227 Homilia
1149 3169 1212 3224 de
1235 3168 1431 3223 Lazaro
1456 3168 1750 3223 resuscitato
1779 3166 1820 3239 ).
1845 3166 2129 3234 Hiomnes,

550 3273 606 3319 et
637 3262 727 3317 alii
755 3261 887 3318 socii
915 3276 1101 3317 eorum
1145 3259 1332 3316 eadem
1373 3259 1686 3321 sentientes,
1733 3270 1868 3326 quos
1891 3271 2131 3311 comme-

549 3370 761 3411 morare
784 3355 998 3424 longum
1025 3360 1126 3418 est,
1156 3353 1262 3407 mei
1303 3349 1518 3423 sunt(a)
1542 3368 1556 3404 :
1589 3349 1633 3404 si
1679 3349 1944 3419 agnoscis,
1971 3355 2028 3403 et
2057 3348 2132 3402 tui

549 3455 718 3511 sunt;
761 3445 856 3500 sed
883 3445 986 3500 mei
1016 3443 1282 3509 doctores,
1338 3442 1726 3512 improbatores
1779 3439 1874 3494 tui.
1899 3439 2134 3507 Quomo-

549 3539 621 3594 do
641 3539 798 3610 igitur
825 3553 887 3593 os
912 3551 1087 3592 meum
1119 3548 1466 3604 meorumque
1505 3532 1769 3587 damnasti
1799 3548 1814 3597 ;
1843 3545 1962 3585 cum
1993 3531 2127 3586 isto-

552 3645 704 3696 rum,
746 3643 882 3700 quos
929 3642 1052 3684 esse
1101 3627 1368 3696 conSpieis
1411 3639 1564 3680 meos
1586 3665 1603 3692 ,
1633 3623 2056 3678 concordissimo
2081 3632 2136 3677 et

552 3719 894 3775 veraeissimo
935 3717 1114 3788 potius
1171 3731 1269 3772 ore
1322 3716 1438 3784 ipsa
1491 3712 1810 3769 damneris?
1845 3711 2036 3767 Istisne
2080 3721 2135 3766 tu

553 3809 840 3864 luminibus
858 3807 1086 3862 civitatis
1106 3805 1223 3872 Dei,
1243 3813 1424 3860 mente
1467 3801 1926 3868 tenebrosissima,
1955 3800 2130 3857 fronte

554 3897 1038 3967 impudentissima,
1085 3895 1264 3964 lingua
1308 3893 1684 3963 procacissima
1739 3891 1906 3945 audes
1932 3892 2136 3948 crimen

553 3989 787 4058 objiccre
822 3984 1148 4040 Manichaai‘l
1185 3984 1242 4038 Si
1287 3992 1464 4038 autem
1500 3997 1609 4036 non
1654 3981 1843 4048 audes,
1871 3996 1968 4036 cur
2006 3981 2137 4037 mihi

556 4095 662 4135 non
689 4079 759 4133 ob
795 4076 938 4132 aliud
963 4074 1150 4143 audes,
1196 4073 1298 4129 nisi
1331 4073 1453 4144 quia
1479 4071 1580 4128 hoc
1607 4072 1748 4139 dico,
1789 4071 1930 4142 quod
1957 4071 2138 4129 dicunt

554 4169 747 4240 quibus
777 4183 882 4222 non
907 4166 1071 4222 audes
1097 4166 1120 4219 7
1209 4235 1212 4240 ι

626 4278 760 4334 Llll.
801 4279 920 4334 Jun.
950 4277 1026 4332 lbi
1067 4291 1297 4348 namque
1325 4276 1414 4332 hie
1437 4286 1518 4331 est
1564 4291 1594 4330 a
1626 4291 1711 4331 me
1739 4275 1962 4331 collatus
2003 4275 2137 4332 ordo

556 4371 864 4437 verborum,
919 4385 1041 4425 cum
1083 4369 1336 4424 dixissem
1385 4377 1656 4424 auctorem
1711 4368 1877 4423 Deum
1923 4368 2044 4425 οωιί
2083 4377 2138 4422 et

557 4474 733 4526 terrm,
764 4461 1108 4530 omniumque
1133 4475 1252 4530 qua:
1283 4460 1334 4513 in
1356 4460 1434 4514 eis
1461 4467 1605 4526 sunt,
1632 4473 1694 4513 ac
1720 4473 1814 4528 per
1836 4459 1935 4513 huc
1961 4469 2013 4513 et
2041 4458 2136 4513 ho-

556 4555 758 4609 minum
784 4562 1002 4624 propter
1024 4566 1160 4621 quos
1179 4559 1370 4605 cuncta
1401 4549 1537 4604 facta
1575 4559 1719 4603 sunt.
1753 4566 1772 4600 ι
1811 4547 1922 4602 Νοη
1959 4557 2135 4603 autem

556 4660 645 4700 me
679 4643 831 4715 fugit,
866 4661 886 4696 ι
932 4643 1113 4712 inquiu
1135 4641 1181 4710 ⁸,
1223 4658 1242 4691 ι
1281 4655 1400 4695 cum
1444 4639 1559 4693 haec
1601 4637 1844 4701 dicimus,
1893 4638 2019 4691 illud
2070 4637 2138 4694 de

556 4735 710 4790 nobis
735 4731 1191 4788 disseminandum
1221 4746 1361 4795 esse,
1392 4731 1512 4800 quia
1541 4730 1766 4800 gratiam
1812 4728 2011 4783 Christi
2039 4745 2136 4784 ne-

553 4827 836 4882 cessariam
879 4825 1114 4895 parvulis
1167 4838 1271 4877 non
1317 4833 1582 4893 putemus.
1627 4821 1777 4889 Quod
1817 4821 2138 4877 christianos

559 4917 780 4986 populos
805 4915 1138 4970 laudabiliter
1163 4923 1217 4968 et
1243 4913 1589 4968 vehementer
1611 4911 1861 4965 otl‘endit:
1886 4913 1929 4965 si
1959 4921 2135 4967 tamen

557 5007 682 5061 dicti
710 5020 805 5074 per
829 5021 887 5060 se
917 5005 1105 5060 nefarii
1137 5020 1243 5059 non
1287 5019 1384 5058 nos
1421 5003 1808 5056 arbitrarentur
1852 5011 2136 5057 auctores:

559 5114 622 5152 eo
647 5096 788 5152 enim
833 5096 990 5150 modo
1035 5111 1133 5150 nec
1161 5095 1228 5150 de
1267 5094 1516 5148 fratribus
1562 5093 1674 5146 suis
1719 5092 1849 5146 falsa
1871 5092 2138 5147 credendo

564 5189 762 5240 eriuten
807 5186 1170 5252 incurrerent,
1202 5193 1257 5239 et
1295 5183 1559 5239 studiosos
1605 5197 1665 5237 se
1713 5183 1851 5236 circa
1901 5197 2136 5237 amorem

562 5277 680 5339 lidei
713 5277 1142 5353 comprobarent.
1188 5275 1467 5333 Munienda
1509 5276 1667 5346 igitur
1693 5275 1850 5331 nobis
1889 5276 1985 5330 ista
2017 5291 2137 5345 pars

625 5455 640 5490 ι
676 5453 794 5516 aliti
809 5487 826 5512 ,
849 5465 939 5516 pro
954 5464 1066 5515 qua.
1091 5452 1410 5516 Emendantur
1430 5464 1493 5516 ex
1517 5452 1873 5516 manuscr‘iptis.

622 5516 644 5546 ⁸
675 5515 747 5564 sic
765 5511 868 5563 uss:
884 5522 936 5563 At
957 5511 1226 5570 litenardus,
1249 5513 1393 5575 quod.
1413 5513 1703 5575 vignierius,
1719 5511 1779 5575 in
1802 5525 1910 5574 quo.
1931 5519 2041 5562 meo
2063 5521 2141 5563 Ju-

559 5576 721 5632 lianus
742 5578 789 5623 in
827 5587 979 5648 opere
1002 5587 1092 5624 suo
1115 5574 1269 5648 primo
1286 5574 1677 5648 ad_Turbantiurn
1699 5574 1846 5632 dixit,
1892 5576 2140 5648 reantavit-

560 5650 658 5698 que
681 5631 1163 5698 Augustinussupra,
1191 5631 1312 5681 libro
1332 5636 1364 5682 5
1385 5642 1549 5683 contra
1571 5634 1805 5698 lulianum
1825 5667 1838 5691 ,
1882 5648 1928 5698 ιι.
1955 5634 2003 5690 8,
2030 5649 2134 5698 sqq.

621 5696 696 5758 (a)
720 5692 812 5748 uiis
834 5705 886 5748 et
923 5692 1064 5747 allos'
1078 5692 1246 5758 plures
1278 5696 1665 5758 conunetngravit
1696 5707 1859 5757 supra,
1894 5695 1941 5742 in
1977 5692 2138 5757 priore

561 5753 712 5830 opere
733 5771 896 5810 contra
921 5753 1172 5820 lulianum,
1195 5753 1279 5812 lib.
1308 5755 1353 5819 l,
1379 5767 1483 5820 cap.
1508 5754 1614 5817 3-6,
1635 5763 1723 5809 etc.

1215 327 1464 390 OPERIS
1499 324 1911 386 IMPERFECTI
1949 322 2220 382 CONTRA
2258 323 2620 395 JllLlANUM,
2660 327 2719 384 S.
2761 327 3128 386 AUGUSTINI

3672 331 3812 388 1076

2237 447 2319 493 est
2343 448 2527 494 contra
2551 440 2808 513 impetum
2826 442 3101 510 vanitatis,
3131 449 3190 500 et
3214 441 3550 501 confessione
3576 443 3725 502 brevi
3747 460 3812 501 os

2237 528 2636 600 obloqueutium
2679 532 3065 596 consuendum.
3132 531 3242 588 Nos
3291 532 3450 604 igitur
3495 533 3548 589 in
3607 543 3816 590 tantum

2238 621 2462 690 gratiam
2489 621 2830 692 Baptismatis
2855 623 3102 679 omnibus
3117 624 3301 680 utilem
3330 625 3574 682 aatatibus
3593 626 3819 682 confite-

2236 725 2376 774 mur,
2426 720 2485 766 ut
2518 722 2741 770 cunctos
2784 713 2874 784 qui
2913 714 3056 768 illam
3105 729 3214 769 non
3256 715 3612 771 necessariam
3653 716 3818 771 etiam

2237 801 2468 871 parvulis
2507 811 2714 872 putant,
2757 813 2960 859 aeterno
3009 805 3263 860 feriamus
3308 804 3668 860 anathemate.
3709 805 3818 860 Sed

2237 891 2376 948 hanc
2409 894 2632 964 gratiam
2683 893 3000 966 locupletem
3044 895 3405 967 spiritualibus
3448 895 3605 951 donis
3639 897 3819 952 credi-

2233 998 2376 1047 mus,
2401 1000 2521 1056 qua:
2547 985 2730 1040 multis
2757 987 2934 1056 opima
2964 987 3274 1042 muneribus
3303 1001 3368 1042 ac
3396 986 3690 1042 reverenda
3711 988 3820 1041 vir-

2238 1073 2458 1141 tutibus,
2498 1090 2598 1146 pro
2639 1075 3002 1130 inlirmitatum
3044 1077 3327 1146 generibus
3373 1086 3429 1132 et
3463 1077 3819 1134 humanorum

2236 1170 2466 1218 statuum
2487 1164 2906 1232 diversitatibus,
2958 1181 3085 1234 una,
3111 1175 3216 1220 tam
3247 1167 3604 1222 remediorum
3647 1167 3822 1223 colla-

2237 1254 2370 1310 trice
2397 1255 2414 1288 ί
2442 1270 2600 1326 quam
2631 1270 2934 1326 munerum,
2964 1257 3160 1312 virtute
3187 1256 3501 1312 medicatur.
3537 1257 3666 1325 Qua:
3695 1273 3819 1312 cum

2235 1345 2546 1402 admovetur
2569 1349 2614 1416 ⁸,
2642 1362 2745 1404 non
2779 1356 2861 1404 est
2888 1348 3137 1404 mutanda
3163 1363 3262 1419 pro
3287 1349 3500 1405 causis:
3524 1349 3634 1420 jam
3673 1350 3820 1406 enim

2239 1435 2351 1506 ipsa
2381 1436 2518 1492 dona
2549 1451 2645 1492 sua
2679 1453 2777 1507 pro
2800 1438 3166 1493 accedentium
3197 1438 3493 1508 capacitate
3520 1439 3818 1508 dispensat.

2237 1525 2387 1581 Sicut
2409 1529 2551 1581 enim
2581 1535 2725 1581 artes
2751 1542 2940 1584 omnes
2969 1542 3075 1582 non
3113 1542 3210 1597 pro
3235 1527 3544 1583 diversitate
3569 1530 3820 1584 materia-

2236 1631 2378 1684 rum,
2408 1631 2538 1686 quas
2558 1617 2818 1687 arripiunt
2845 1617 3183 1685 excolendas,
3226 1617 3355 1688 ipsa:
3380 1633 3590 1689 quoque
3613 1627 3705 1674 aut
3731 1618 3821 1675 de-

2239 1706 2486 1761 trimenta
2514 1714 2607 1760 aut
2634 1714 2916 1776 augmenta
2943 1708 3233 1778 patiuntur,
3263 1708 3358 1763 sed
3397 1708 3537 1762 idem
3559 1708 3580 1740 ³
3607 1723 3821 1778 semper

2237 1805 2394 1867 atque
2435 1811 2540 1851 uno
2579 1796 2738 1851 modo
2762 1811 2820 1852 se
2863 1796 3122 1853 habentes
3169 1797 3454 1867 multiplici
3495 1798 3822 1855 decorentur

2237 1887 2424 1943 ell'eclu
2455 1887 2505 1952 ‘;
2553 1888 2624 1942 ita
2659 1895 2714 1943 et
2760 1887 3050 1943 secundum
3097 1889 3434 1958 Apostolum,
3485 1888 3600 1946 Una
3653 1890 3818 1960 ﬁdes,

2239 1995 2395 2034 unum
2439 1979 2704 2050 Baptisma
2745 1978 2964 2052 (Epiros.
2997 1996 3068 2048 tv,
3116 1981 3171 2053 5)
3199 1999 3212 2036 :
3242 1989 3294 2036 et
3327 1981 3741 2052 multiplicantur
3765 1993 3823 2039 ct

2239 2069 2529 2124 dilatantur
2576 2069 2628 2124 in
2659 2070 2834 2134 donis,
2869 2085 2968 2126 uec
2995 2079 3170 2126 tamen
3203 2071 3254 2125 in
3293 2073 3668 2143 mysteriorum
3701 2089 3822 2128 mu-

2240 2167 2418 2214 tantur
2439 2159 2736 2215 ordinibus.
2785 2159 2890 2216 Sed
2916 2159 3030 2216 haec
3054 2162 3221 2230 gratia
3253 2177 3359 2216 non
3387 2162 3696 2217 adversatur
3733 2163 3822 2233 ju-

2238 2251 2417 2316 stitiae,
2441 2267 2560 2322 qua:
2585 2252 2818 2308 maculas
2856 2253 2986 2306 eluit
3026 2253 3358 2323 iniquitatis:
3390 2269 3489 2309 nec
3533 2253 3660 2308 facit
3697 2269 3823 2324 pec-

2238 2349 2376 2406 cata,
2414 2341 2505 2395 sed
2530 2350 2755 2412 purgat;
2786 2358 2905 2410 quze
2943 2343 3171 2398 absolvit
3209 2359 3350 2408 reos,
3393 2359 3498 2400 non
3529 2345 3823 2401 Calumnia-

2240 2438 2326 2484 tur
2373 2433 2648 2488 innocuos.
2693 2432 2933 2489 Christus
2963 2433 3105 2490 enim
3135 2435 3224 2506 qui
3278 2446 3360 2491 est
3397 2438 3478 2492 sui
3509 2439 3686 2507 operis
3728 2453 3821 2497 rc-

2241 2523 2505 2594 demptur,
2532 2535 2692 2596 auget
2718 2528 2857 2583 circa
2890 2528 3171 2598 imaginem
3197 2545 3348 2584 suam
3377 2532 3627 2586 continua
3655 2532 3821 2603 largi-

2242 2623 2351 2672 tate
2376 2615 2630 2670 benelicia
2653 2632 2668 2681 ;
2698 2625 2750 2672 et
2775 2633 2911 2688 quos
2939 2617 3138 2674 fecerat
3165 2619 3446 2675 condendo
3474 2621 3664 2686 bonos,
3693 2621 3824 2676 facit

2242 2706 2548 2765 innovando
2567 2707 2974 2780 adoptandoque
2996 2711 3263 2766 meliores.
3305 2730 3323 2764 ι
3354 2712 3502 2768 llane
3527 2713 3684 2783 igitur
3701 2728 3827 2784 gra.

2242 2799 2400 2864 tiam,
2447 2816 2540 2870 per
2569 2816 2727 2870 quam
2781 2805 2888 2858 reis
2921 2803 3098 2870 venia,
3148 2803 3467 2859 illuminatio
3506 2805 3821 2875 spiritttalis,

2239 2890 2455 2960 adoptio
2481 2889 2707 2947 ﬁliorum
2737 2891 2852 2958 Dei,
2875 2891 3229 2962 municipatus
3243 2891 3537 2948 Jerusalem
3563 2895 3821 2955 cmlestis.

2239 2980 2590 3037 sanctiﬁcatio
2609 3023 2624 3048 ,
2646 2991 2805 3053 atque
2835 2983 2888 3038 in
2915 2980 3111 3040 Christi
3157 2985 3395 3043 membra
3423 2986 3696 3041 translatio
3715 3027 3731 3052 ,
3766 2997 3823 3042 et

2238 3077 2512 3150 possessio
2533 3077 2683 3148 regni
2711 3077 2967 3133 ccelorum
3016 3080 3330 3137 mortalibus
3373 3081 3548 3150 datur,
3592 3086 3681 3154 qui
3723 3084 3824 3138 ali-

2237 3167 2430 3238 quibus
2456 3167 2750 3239 negandam
2778 3175 2954 3239 putat,
3001 3170 3238 3227 omnium
3282 3171 3544 3231 bonorum
3570 3188 3823 3230 exsecra.

2240 3258 2438 3314 tionem
2470 3267 2726 3316 meretur.

2310 3349 2446 3405 Auo.
2476 3348 2532 3403 ln
2575 3349 2658 3405 his
2704 3349 2953 3406 omnibus
2999 3366 3118 3422 qum
3157 3355 3588 3411 commemorasti
3636 3357 3822 3427 gratia:

2239 3437 2333 3492 Dei
2381 3439 2707 3502 muneribus,
2754 3439 2882 3494 illud
2908 3441 3046 3511 quod
3091 3444 3238 3512 prius
3269 3446 3516 3513 posuisti,
3561 3445 3674 3500 dari
3723 3464 3824 3520 per

2240 3529 2383 3583 illam
2433 3530 2539 3586 reis
2578 3531 2810 3598 veniam,
2855 3546 2963 3586 non
3001 3532 3082 3588 vis
3125 3531 3192 3588 ad
3241 3536 3488 3604 parvulos
3531 3537 3822 3606 pertinere,

2240 3633 2373 3688 quos
2393 3619 2557 3674 ullum
2587 3628 2792 3675 reatum
2824 3637 2986 3692 negas
3009 3637 3072 3678 ex
3105 3623 3273 3678 Adam
3304 3624 3531 3681 trahere.
3558 3626 3666 3682 Cur
3692 3643 3824 3698 ergo

2241 3716 2434 3762 caetera
2460 3709 2640 3764 multis
2661 3719 2818 3779 negat
2843 3711 2980 3765 Deus
3003 3713 3254 3781 parvulis,
3300 3715 3391 3784 qui
3430 3716 3547 3772 sine
3573 3717 3673 3772 hac
3699 3735 3825 3788 gra-

2244 3798 2312 3852 tia
2343 3797 2396 3857 in
2419 3798 2506 3855 illa
2532 3807 2688 3856 aetate
2717 3801 3062 3857 moriuntur?
3087 3817 3200 3870 cur,
3233 3805 3470 3874 inquam,
3501 3823 3605 3862 non
3633 3809 3714 3864 eis
3735 3810 3825 3865 duo

2243 3894 2329 3940 tur
2353 3887 2671 3944 illuminatio
2694 3889 3004 3960 spiritualis,
3048 3891 3264 3963 adeptio
3291 3895 3516 3950 liliorum
3545 3898 3659 3965 Dei,
3704 3915 3826 3954 mu-

2243 3976 2500 4046 nicipatus
2537 3978 2829 4035 Jerusalem
2875 3982 3132 4051 cmlestis,
3175 3985 3546 4056 sanctificatio,
3585 3993 3822 4061 atquein

2241 4065 2436 4120 Christi
2465 4067 2702 4123 membra
2731 4069 3041 4138 translatio,
3091 4080 3146 4126 et
3180 4077 3445 4142 possessio
3483 4081 3628 4148 regni
3652 4081 3824 4135 coelo—

2241 4155 2403 4210 rum?
2433 4157 2678 4214 llaeccine
2707 4159 2728 4190 ⁸
2751 4167 2828 4213 tot
2857 4176 3076 4216 munera
3105 4171 3209 4216 tam
3239 4167 3557 4235 necessaria,
3590 4178 3666 4224 tot
3691 4172 3824 4230 ima-

2240 4249 2450 4319 ginibus
2475 4249 2584 4303 suis
2617 4250 2818 4305 nullum
2861 4253 3152 4308 secundum
3174 4271 3268 4312 vos
3309 4269 3582 4327 peceatum
3612 4261 3820 4317 haben-

2243 4339 2384 4393 tibus
2412 4327 2634 4408 negaret
2657 4340 2814 4406 Deus,
2843 4356 3008 4411 penes
3036 4360 3194 4414 quem
3217 4361 3424 4402 summa
3455 4359 3685 4420 potestas
3713 4363 3823 4419 est,

2241 4444 2360 4484 cum
2410 4428 2514 4489 hoc
2561 4429 2876 4485 beneficium
2926 4433 3045 4488 non'
3082 4449 3113 4488 a
3157 4451 3216 4490 se
3262 4440 3538 4506 prohibeat
3577 4441 3824 4502 voluntas

2241 4522 2504 4577 contraria
2529 4521 2903 4592 parvulorum?
2931 4523 3010 4579 Tu
3037 4534 3181 4582 certe
3208 4536 3265 4582 ut
3289 4528 3426 4585 hanc
3454 4546 3484 4585 a
3505 4533 3654 4588 vobis
3673 4550 3826 4590 amo-

2241 4611 2417 4668 lireris
2445 4611 2716 4679 invidiam,
2758 4628 2859 4682 qua
2885 4598 3127 4670 'dieimiui
3158 4619 3388 4693 parvulis
3418 4620 3668 4691 Baptismi
3697 4639 3824 4694 gra-

2243 4703 2368 4758 tiam
2388 4702 2672 4774 denegare,
2692 4704 2870 4761 dixisti
2897 4705 3036 4774 quod
3056 4721 3172 4760 eam
3186 4710 3432 4777 gratiam,
3457 4713 3544 4780 qui
3558 4714 3826 4783 aliquibus

2242 4793 2535 4863 negandam
2584 4802 2752 4863 putat,
2797 4795 3034 4852 omnium
3091 4797 3351 4860 bonorum
3396 4806 3822 4864 exsecrationem

2306 4969 2323 4999 ί
2359 4966 2638 5042 Menardus,
2678 4967 2869 5042 unicam
2922 4967 3244 5042 remediorum
3285 4973 3605 5042 collatricemg
3631 4981 3828 5042 \‘igulc-

2241 5030 2360 5099 rius,
2375 5029 2526 5099 unica
2564 5029 2887 5080 remediorum
2926 5030 3187 5083 collatrice.
3212 5038 3511 5099 castigantur
3548 5039 3607 5090 ad
3652 5029 3828 5092 manu-

2241 5097 2463 5151 scriptos.
2532 5149 2544 5152 _
2915 5147 2926 5152 _

2305 5153 2326 5181 ι
2343 5149 2607 5216 'tuenardus
2623 5183 2638 5206 ,
2661 5156 2901 5216 antevolat
2915 5149 2941 5201 ἐ
2958 5161 3201 5216 cafrupte.
3229 5155 3272 5204 td
3296 5155 3388 5206 hoc
3408 5157 3511 5208 loco
3527 5159 3740 5211 Julianus
3760 5164 3830 5213 de

2243 5211 2580 5283 rep-tismiritu
2605 5211 2878 5283 proﬂtetug.
2904 5214 3032 5283 quod
3055 5211 3170 5283 ante
3215 5219 3370 5278 ll‘sum
3401 5219 3637 5283 Pelagius
3669 5224 3718 5271 in
3754 5211 3831 5273 ti;

2242 5270 2384 5344 bello
2416 5270 2700 5344 lucifuga,
2737 5285 2785 5319 n.
2830 5273 2907 5344 7,.
2925 5270 3086 5344 infra,
3127 5277 3173 5325 iu
3219 5270 3715 5344 Apl'iendicefparte
3747 5270 3831 5331 se.

2240 5332 2782 5408 cunilatcun‘aptisnta,
2807 5349 2850 5408 si
2889 5336 3080 5408 inquit,
3123 5354 3154 5408 ξ
3191 5332 3341 5408 unum
3395 5332 3654 5408 tenendis,
3683 5332 3823 5408 Quod

2250 5409 2272 5436 ι
2296 5391 2471 5463 iisdem
2488 5391 2775 5463 sacramenti
2801 5391 3034 5444 verbisin
3067 5391 3356 5463 iu'antibus,
3390 5404 3568 5463 quibus
3593 5391 3739 5453 etiam
3779 5391 3826 5454 in

2250 5469 2274 5497 ι
2296 5453 2553 5515 majoribus
2575 5455 2852 5515 passerimus
2890 5469 3002 5506 esse
3035 5453 3445 5509 celebranduiuf:
3487 5465 3602 5512 Vide
3627 5465 3745 5514 item
3781 5453 3830 5515 iu

2531 5548 2546 5573 ,
2571 5514 2619 5562 iu
2653 5513 2834 5567 Libello
2852 5517 2965 5567 lidei
2989 5517 3348 5582 Pelagianortun
3363 5558 3378 5584 ,
3403 5535 3452 5578 u.
3466 5521 3514 5586 6,
3536 5513 3717 5588 scripto

2273 5587 2503 5622 υΙΙίΙΙΙιΙΙῐΙ.

2311 5637 2331 5666 ³
2364 5641 2520 5691 Forte,
2544 5634 2742 5684 eludent.

2310 5696 2329 5726 δ
2365 5695 2496 5750 Editi,
2520 5697 2694 5756 affch
2723 5710 2738 5744 :
2761 5697 3158 5751 dissentientibus
3179 5707 3286 5754 Itss.

2309 5757 2327 5786 ⁵
2366 5756 2499 5818 Etliu,
2523 5756 2700 5808 hacne.
2740 5766 2868 5816 Mss,
2894 5758 3118 5813 hwccine.

1902 6486 1936 6487 κέ
1965 6473 2020 6488 Δ
2061 6473 2110 6488 Δ
2165 6473 2217 6488 Δ
2306 6478 2346 6490 Α
2393 6475 2452 6490 -
2587 6484 2635 6492 ρ,
3257 6481 3298 6490 Δ
3373 6478 3402 6484 ’⁵
