4140 6522
335 436 472 491 ίῦπ

335 535 604 583 mereatur
631 526 670 579 ι.
700 523 817 581 Non
842 522 994 594 igitur
1019 536 1138 578 cam
1166 519 1263 578 Dei
1287 518 1666 590 omnipotentis
1693 520 1918 590 aequitas

330 627 553 688 negaret
578 615 1055 671 innumerabilibus
1110 613 1366 684 parvulis,
1414 611 1504 683 qui
1552 610 1792 667 siuehae
1818 611 1919 665 suh

329 709 449 780 ejus
495 708 881 779 omnipotentia
927 706 1247 767 moriuntur,
1296 705 1342 760 si
1385 704 1509 758 mali
1554 704 1685 759 nihil
1715 703 1768 758 in
1803 701 1919 773 ejus

331 803 544 857 occulto
579 800 781 871 judicio
811 805 1167 854 mererentur.
1209 797 1254 851 A
1283 810 1392 866 quo
1411 794 1614 866 judicio
1643 794 1711 850 de
1753 794 1921 862 stirpe

329 893 499 949 Adam
527 891 862 948 venientibus
882 890 1131 946 omnibus
1150 888 1352 954 debito,
1377 888 1698 959 quicumque
1723 902 1918 942 secun-

329 985 457 1040 dum
484 985 733 1056 gratiam,
764 999 870 1039 non
896 982 1188 1039 secundum
1211 982 1450 1038 debitum
1472 981 1785 1047 liberantur,
1813 997 1917 1035 non

328 1077 382 1130 in
407 1076 521 1131 suis
550 1074 778 1140 meritis,
808 1074 904 1129 sed
933 1074 986 1129 in
1022 1073 1248 1128 Domino
1284 1072 1598 1142 glorientur.
1657 1071 1763 1126 Vos
1791 1087 1920 1142 ergo

329 1165 376 1220 si
398 1180 586 1221 carere
633 1165 794 1220 vultis
833 1163 1149 1236 opprobrio,
1190 1178 1297 1234 quo
1338 1163 1592 1219 Ecclesia:
1636 1163 1918 1219 catholica:

328 1258 675 1316 detestabiles
696 1258 818 1313 facti
843 1259 994 1324 estis,
1037 1257 1199 1313 sinite
1227 1256 1497 1312 Christum
1540 1256 1771 1327 parvulis
1798 1270 1919 1312 esse

326 1349 532 1406 Jesum.
571 1349 726 1418 Quod
757 1349 978 1405 omnino
1006 1364 1114 1405 non
1144 1349 1269 1415 erit,
1312 1348 1359 1404 si
1402 1364 1512 1404 non
1558 1348 1638 1403 eis
1676 1346 1920 1404 conferet

328 1449 549 1512 propter
570 1442 711 1512 quod
744 1440 848 1497 hoc
890 1457 1088 1497 nomen
1115 1442 1343 1512 accepit,
1366 1441 1417 1495 id
1447 1449 1549 1509 cst,
1589 1441 1634 1496 si
1671 1456 1778 1495 non
1821 1455 1919 1496 eos

326 1532 505 1587 salvos
548 1532 705 1588 faciet
748 1548 780 1588 a
834 1534 1066 1603 peccatis
1111 1548 1298 1589 eorum
1342 1532 1626 1606 (Matt/1.},
1655 1533 1771 1604 2|).
1807 1532 1919 1591 lloc

327 1623 490 1694 igitur
514 1624 583 1680 de
612 1624 711 1679 ista
746 1625 914 1695 gratia
939 1624 1121 1689 dicite,
1155 1634 1213 1680 ut
1242 1624 1540 1681 offensione
1586 1624 1917 1681 Christiano-

326 1733 444 1771 rum
470 1716 539 1773 dc
562 1733 664 1787 qua
689 1717 1077 1788 conqucrimitti
1102 1717 1357 1783 carentis,
1387 1716 1528 1787 quod
1568 1716 1702 1772 dixit
1730 1718 1917 1773 catho-

325 1810 459 1865 licus
493 1811 682 1867 doctus
706 1811 999 1883 doctorqnc
1029 1810 1352 1882 Gregorius:
1379 1828 1397 1862 ι
1426 1809 1700 1866 Venerare
1727 1811 1918 1865 nativi-

328 1914 513 1969 tatem,
539 1920 632 1972 per
652 1919 810 1973 quam
832 1912 1059 1958 terrena:
1078 1901 1372 1958 nativitatis
1401 1901 1629 1957 vinculis
1658 1901 1916 1958 liberatus

323 2008 403 2048 es.
444 2012 460 2045 ι
507 1993 664 2049 Nullo
693 1994 871 2064 itaque
902 1992 1065 2049 modo
1089 1991 1155 2047 ad
1186 1992 1341 2047 istam
1372 1992 1599 2063 gratiam
1648 1992 1917 2062 pertinere

331 2085 576 2153 parvulos
606 2083 959 2150 confitemini,
1006 2082 1260 2153 quamdiu
1287 2082 1493 2153 negatis
1515 2097 1611 2138 eos
1641 2068 1917 2139 nativitate

324 2174 530 2231 cu-lesti
550 2189 582 2228 a
612 2180 839 2229 terrente
868 2173 1167 2229 nativitatis
1194 2173 1423 2229 vinculis
1455 2173 1695 2230 liberari.

396 2263 529 2320 LIV.
567 2264 686 2320 Jun.
710 2263 842 2332 Qum
871 2265 1147 2336 quoniam,
1199 2274 1253 2320 ut
1280 2265 1430 2320 locus
1456 2264 1668 2320 interim
1710 2264 1795 2320 hic
1823 2278 1919 2335 pa-

326 2355 574 2419 tiebatur,
615 2354 840 2422 munivi,
889 2363 1222 2411 revertamur
1251 2355 1344 2411 illo
1392 2354 1532 2410 unde
1572 2355 1801 2426 digressi
1819 2371 1915 2409 su-

325 2461 480 2511 inus;
527 2447 596 2503 de
639 2446 742 2502 hoc
762 2447 897 2516 ipso,
957 2447 1279 2516 ubicumque
1329 2455 1690 2516 Opportunum
1732 2445 1913 2514 fuerit,

327 2537 538 2607 plenius
566 2537 814 2593 locuturi.
865 2537 1001 2592 Ecce
1043 2547 1240 2607 quanta
1281 2535 1636 2592 confessionis
1679 2537 1819 2605 luce,
1862 2545 1919 2593 et

326 2644 423 2684 eos
447 2630 536 2700 qui
564 2629 830 2699 Baptisma
855 2629 1091 2698 paruulis
1112 2627 1461 2699 denegarem,
1483 2636 1537 2682 et
1552 2644 1648 2684 vos
1678 2628 1768 2698 qui
1798 2644 1916 2698 CJIIS

322 2720 631 2791 prmjudicio
646 2720 909 2791 justitiam
934 2720 1027 2775 Dei
1049 2719 1258 2776 audetis
1283 2719 1574 2786 maculare,
1594 2721 1912 2791 reprobavi:

324 2797 628 2885 protestans
654 2814 805 2870 aliud
825 2829 915 2869 me
952 2830 1057 2868 non
1091 2825 1295 2880 tenere,
1323 2828 1482 2885 quam
1511 2813 1751 2869 instituta
1796 2829 1914 2886 my-

321 2907 482 2961 steria
516 2906 727 2969 iisdem,
765 2906 960 2976 quibus
987 2904 1177 2960 tradita
1226 2914 1352 2960 sunt
1380 2907 1401 2937 '
1432 2905 1631 2969 verbis,
1686 2905 1738 2958 in
1767 2905 1912 2959 omni

327 3015 547 3070 prorsus
571 3008 727 3055 a-talc
750 3012 869 3054 esse
895 2997 1194 3063 tractanda,
1239 3011 1342 3053 nec
1370 3012 1467 3066 pro
1495 3013 1778 3055 causarum
1820 3014 1913 3049 va-

322 3093 514 3148 rietate
564 3092 762 3148 debere
812 3091 1007 3146 mutari
1031 3107 1045 3145 :
1073 3105 1257 3144 verum
1290 3089 1408 3145 lieni
1465 3096 1799 3159 peccatorem
1845 3104 1917 3145 cx

323 3186 468 3241 male
491 3182 725 3253 perfecte
766 3183 1000 3249 bonum;
1050 3182 1393 3237 innocentem
1432 3190 1610 3235 autem
1655 3180 1745 3251 qui
1784 3181 1910 3235 titil-

325 3280 435 3332 lum
466 3276 624 3331 habet
654 3275 853 3331 malum
901 3274 1127 3344 prepria:
1158 3273 1470 3337 voluntatis,
1517 3288 1585 3327 ex
1627 3270 1768 3325 bono
1797 3270 1911 3326 fieri

324 3366 624 3432 meliorem,
679 3365 733 3420 id
778 3372 881 3427 est,
930 3365 1199 3433 optimum
1232 3380 1245 3417 :
1275 3372 1333 3417 ut
1381 3361 1541 3416 ambo
1590 3360 1805 3431 quidem
1856 3360 1910 3415 in

315 3460 515 3516 Christi
538 3459 776 3515 membra
799 3465 1072 3513 transeant
1094 3456 1389 3511 consecrati
1409 3471 1424 3520 ;
1456 3453 1549 3510 sed
1569 3467 1707 3509 cutis
1720 3452 1914 3522 deprc-

320 3553 518 3607 hensus
548 3552 599 3605 in
630 3549 766 3604 mala
798 3549 927 3613 vita,
958 3549 1097 3603 alter
1125 3546 1175 3601 in
1200 3546 1334 3602 bona
1382 3555 1592 3600 natura.
1643 3544 1735 3600 llle
1763 3544 1909 3600 enim

319 3641 675 3698 innocentiam
697 3655 857 3710 quam
886 3646 1106 3694 exortus
1133 3645 1437 3707 acceperat,
1493 3651 1653 3705 prava
1699 3636 1911 3692 actione

322 3734 562 3804 corrupit
593 3749 606 3788 :
636 3732 722 3786 hic
750 3746 876 3786 vero
900 3731 1018 3785 sine
1052 3728 1230 3794 laude,
1276 3728 1394 3783 sine
1421 3727 1644 3783 crimine
1669 3727 1911 3783 volunta-

322 3827 412 3895 tis,
443 3826 546 3882 hoc
572 3825 743 3880 solum
772 3822 955 3890 habet,
983 3820 1125 3892 quod
1151 3836 1182 3876 a
1211 3820 1320 3876 Deo
1345 3819 1625 3875 conditore
1650 3823 1904 3891 suscepit,

327 3922 416 3992 qui
439 3920 670 3976 infucata
700 3919 721 3951 ³
747 3918 1101 3990 priuucvitatc
1114 3916 1340 3984 felicior,
1372 3916 1572 3972 bonum
1590 3916 1909 3988 simplicita-

325 4013 395 4067 tis
418 4027 531 4067 sua:
561 4011 749 4066 vitiare
771 4025 876 4064 non
926 4008 1118 4078 potuit,
1147 4008 1349 4063 nullum
1379 4007 1583 4063 habens
1598 4007 1666 4063 de
1702 4009 1911 4065 actibus

321 4103 594 4168 meritum,
620 4101 713 4158 sed
741 4101 843 4158 hoc
872 4101 1043 4157 solum
1071 4100 1332 4166 retinens,
1368 4099 1511 4172 quod
1541 4100 1672 4157 tanti
1702 4101 1911 4172 opificis

316 4193 628 4263 dignatione
653 4192 910 4264 possedit.

393 4287 531 4339 Anc.
561 4285 742 4351 Quare
761 4298 890 4354 ergo
917 4282 1281 4353 gravejugum
1310 4297 1472 4352 super
1491 4298 1613 4338 cum
1640 4299 1668 4338 a
1691 4282 1781 4340 die
1817 4299 1911 4340 ex-

319 4374 426 4430 itus
454 4362 521 4430 de
552 4384 737 4429 ventre
779 4376 964 4430 matris
993 4374 1108 4444 ejus
1149 4373 1336 4449 (Eccli.
1368 4390 1457 4441 XL,
1487 4375 1539 4447 l)
1567 4374 1592 4428 ?
1628 4373 1736 4430 Cur
1763 4384 1908 4430 tanta

321 4467 737 4537 eort'uptibilitas
757 4467 1018 4536 corporis,
1037 4466 1204 4522 uthac
1226 4466 1578 4538 aggravetur‘
1601 4467 1776 4523 anima
1794 4468 1911 4537 ejus

327 4560 480 4630 (δίῳ.
507 4573 583 4623 ix,
606 4557 854 4628 15)?Cur
870 4566 1010 4612 tanta
1029 4559 1224 4613 mentis
1250 4558 1522 4625 obtunsio,
1545 4560 1780 4614 utetiam
1798 4559 1910 4629 pla-

319 4651 399 4721 gis
419 4648 694 4704 erudiatur
711 4647 932 4702 tarditas
960 4647 1116 4717 ejus?
1137 4649 1448 4717 Quousque,
1475 4649 1709 4715 .lulianc,
1732 4650 1909 4720 gravis

292 4760 380 4798 ‘es
409 4740 613 4795 corde?
632 4754 914 4810 quousque
937 4738 1113 4809 diligis
1142 4740 1451 4804 vanitatem,
1475 4749 1527 4794 et
1548 4742 1746 4809 quzeris
1769 4757 1911 4797 meu-

318 4832 528 4886 dacium
560 4829 732 4901 (Psaf.
761 4845 834 4896 tv,
868 4830 945 4900 5),
995 4844 1103 4899 quo
1128 4838 1300 4884 vestra
1353 4829 1573 4883 ltu‘resis
1615 4830 1909 4883 l'ulciatur?

319 4924 588 4990 Numquid
615 4925 658 4979 si
686 4938 845 4979 nemo
872 4930 1183 4993 peccasset,
1220 4922 1262 4976 si
1291 4928 1475 4976 natura
1504 4920 1733 4975 lnnuana
1762 4923 1812 4975 in
1846 4937 1908 4978 ea

319 5032 424 5086 qua
445 5015 660 5072 condita
687 5024 768 5072 est
796 5014 1031 5069 bonitate
1059 5013 1362 5077 mansisset,
1391 5012 1551 5067 etiam
1581 5012 1909 5092 inparadiso

322 5108 387 5162 ad
421 5108 549 5162 istas
579 5105 741 5161 homo
763 5106 1028 5173 miserias,
1058 5114 1114 5159 ut
1154 5104 1254 5159 alia
1295 5113 1518 5170 taceam,
1554 5105 1910 5160 nasceretur?

394 5195 502 5252 ΙΝ.
536 5196 656 5252 JcL.
686 5196 842 5252 ditas
867 5197 1026 5269 igitur
1044 5196 1129 5251 illa
1145 5196 1285 5263 sicut
1306 5194 1725 5250 misericordiam
1755 5194 1911 5251 Chri-

321 5288 390 5344 sti
419 5287 667 5359 prmdicat
699 5288 965 5352 innovata,
993 5287 1044 5342 id
1067 5295 1171 5354 est,
1204 5286 1506 5342 innovantis
1533 5286 1770 5359 mystcrii
1799 5289 1908 5342 vir-

324 5390 436 5435 tute
464 5388 746 5450 provecta;
798 5379 869 5433 ita
900 5378 1230 5448 iniquitatem
1264 5378 1480 5448 judicis,
1514 5378 1785 5433 infamiam
1820 5380 1910 5450 ju-

324 5470 509 5535 stitia’,
536 5477 628 5523 aut
647 5477 912 5533 accusata,
940 5475 1036 5522 aut
1058 5477 1339 5538 aggravata
1368 5468 1658 5523 convincit.

395 5563 533 5616 Acc.
564 5558 644 5613 Ex
670 5571 772 5629 qua
802 5566 1063 5612 vetustate
1100 5566 1230 5612 tetas
1263 5558 1350 5612 illa
1392 5557 1591 5613 dicitur
1634 5558 1907 5625 innovata,

337 5665 460 5707 cum
512 5649 582 5705 sit
619 5657 739 5704 ortu
783 5645 957 5703 nova?
994 5646 1158 5701 Lahia
1194 5646 1378 5702 dolosa
1420 5658 1544 5703 sunt
1585 5649 1684 5704 ista
1715 5667 1728 5702 :
1759 5650 1803 5707 si
1834 5652 1912 5705 vis

386 5742 404 5773 ι
445 5750 570 5802 atss.,
603 5743 834 5791 uteretur.

386 5804 407 5864 ξ
444 5798 680 5859 stantis,
700 5813 809 5864 qua:
831 5798 1024 5864 tradita
1043 5804 1153 5850 sum
1179 5811 1198 5850 :
1230 5813 1327 5851 non
1364 5801 1524 5852 minus
1542 5808 1698 5854 recte.

389 5863 411 5895 ⁸
444 5865 572 5913 Idem
595 5861 750 5913 codex
788 5869 919 5921 Man,
943 5861 1196 5924 infuscata.

386 5936 409 5957 ·
441 5927 515 5977 sic
537 5934 641 5977 Mss.
666 5926 804 5988 Editi,
838 5930 1200 5988 ugqratmrctur.

1746 426 1949 484 LIBER
1991 426 2265 485 PRIMUS.

2032 535 2320 591 agnoscere
2337 527 2674 587 vetustatem,
2701 536 2764 577 ex
2785 536 2887 593 qua
2909 522 3114 592 parvuli
3134 522 3421 581 christiana
3446 527 3465 559 ‘
3492 542 3617 594 me

2030 613 2099 667 tia
2125 623 2467 679 renovantur,
2501 613 2625 669 andi
2670 613 2897 670 fideliter
2922 614 3064 685 quod
3086 616 3160 672 ait
3193 616 3354 671 homo
3389 618 3480 674 Dei
3507 618 3617 674 Rea

2028 703 2180 758 ticius
2207 704 2283 759 ab
2306 704 2690 775 Augustoduno
2711 706 3016 777 episcopus,
3048 708 3137 779 qui
3165 723 3284 763 cum
3326 708 3617 768 Mclchiade

2027 794 2270 850 Romano
2293 796 2546 867 episcopo
2565 797 2834 868 quendam
2855 798 3017 869 judex
3048 800 3208 864 sedit,
3240 799 3618 872 Donatumque

2025 886 2297 941 damnavit
2340 886 2670 944 lvcrcticum.
2726 892 2821 946 llic
2869 892 3012 948 enim
3043 908 3165 950 cum
3214 894 3282 950 de
3322 896 3619 953 christiano

2030 977 2353 1048 Baptismate
2370 979 2703 1051 loqueretur:
2726 1000 2749 1033 ο
2774 981 2922 1038 lianc
2940 985 3113 1055 igitur,
3143 1004 3164 1039 ›
3199 984 3389 1056 inquit,
3423 1005 3443 1038 ‹
3473 988 3618 1058 prin-

2024 1067 2251 1137 cipalem
2309 1084 2430 1125 08ςο
2482 1069 2536 1126 in
2589 1071 2825 1127 Ecclesia
2889 1074 3292 1146 indulgentiam,
3343 1078 3615 1132 neminem

2027 1159 2282 1228 praeterit,
2314 1160 2366 1214 in
2397 1177 2499 1231 qua
2526 1161 2729 1233 antiqui
2757 1163 3000 1219 criminis
3027 1180 3188 1222 onme
3217 1166 3421 1237 pondus
3451 1182 3620 1238 expet

2024 1248 2291 1316 nimus,et
2316 1250 2633 1321 ignorantia:
2650 1263 2850 1309 nostrm
2875 1253 3111 1311 facinora
3136 1257 3309 1328 prisca
3337 1257 3614 1324 dolemus;

2024 1340 2111 1396 ubi
2150 1349 2205 1396 et
2246 1352 2480 1398 veterem
2530 1343 2801 1400 hominem
2844 1360 2967 1403 cum
3016 1348 3270 1420 ingenitis
3318 1350 3621 1405 sceleribus

2022 1431 2265 1487 exuinnts
2297 1452 2316 1486 ι
2357 1430 2456 1506 (a).
2488 1433 2724 1491 Audisne
2771 1453 2880 1493 non
2924 1449 3109 1509 postea
3140 1450 3464 1511 perpetrata,
3518 1441 3627 1497 sed‘

2022 1522 2183 1577 etiam
2205 1524 2435 1595 ingenita
2461 1525 2661 1582 scelera
2689 1530 2885 1584 veteris
2912 1529 3190 1588 hominis?
3212 1533 3473 1605 Numquid
3505 1532 3614 1588 ita»

2024 1612 2260 1668 niclucus
2288 1612 2382 1670 fuit
2409 1616 2508 1672 iste
2536 1616 2773 1674 Reticius
2790 1620 2816 1674 ‘i
2837 1620 3116 1687 Quomodo
3132 1639 3263 1694 ergo
3295 1640 3398 1678 non
3425 1624 3617 1681 dolose

2022 1702 2263 1760 innovari
2294 1704 2544 1776 parvulos
2572 1708 2747 1765 dicitis
2773 1711 2825 1766 in
2853 1710 3147 1768 christiana
3179 1717 3610 1785 regeneratione,

2022 1795 2116 1864 qui
2142 1796 2280 1851 mala
2304 1812 2424 1868 qua:
2446 1797 2777 1868 ingeneravit
2808 1802 3008 1874 antiqui
3041 1804 3281 1861 criminis
3321 1806 3530 1877 pondus
3560 1808 3611 1862 iu

2024 1895 2202 1942 vetere
2230 1886 2446 1945 homine
2472 1905 2581 1964 non
2604 1891 2763 1947 vultis
2790 1895 3126 1965 agnoscere?
3174 1895 3396 1963 Deinde,
3440 1898 3483 1952 si
3523 1913 3617 1969 ag.

2021 1988 2238 2049 gravata
2283 1989 2414 2036 tetas
2459 1983 2545 2038 illa
2592 1983 2924 2055 iniquitatem
2976 1987 3174 2057 judicis
3216 1989 3507 2054 convincit,
3562 1997 3619 2043 ut

2021 2070 2176 2139 dicis,
2210 2072 2350 2128 itane
2376 2089 2483 2128 non
2520 2083 2602 2131 est
2634 2085 2917 2147 aggravata
2963 2078 3111 2149 gravi
3137 2078 3268 2151 jugo
3289 2095 3452 2151 super
3481 2079 3617 2136 filios

2022 2165 2230 2221 Adam?
2267 2165 2331 2221 Et
2358 2175 2535 2222 tamen
2558 2177 2774 2224 nonest
2817 2168 2939 2225 hinc
2981 2170 3193 2244 iniquus
3222 2172 3393 2238 Deus;
3433 2188 3497 2228 ac
3523 2184 3619 2244 per

2025 2258 2125 2313 hoc
2165 2259 2359 2314 merito
2390 2269 2474 2315 est
2511 2271 2815 2332 aggravata.
2862 2261 3077 2320 Nullum
3106 2274 3189 2320 est
3237 2276 3418 2322 autem
3460 2267 3617 2338 hujus

2021 2349 2196 2404 relatis
2212 2349 2457 2405 meritmn
2476 2351 2673 2405 malum
2692 2394 2706 2419 ,
2734 2353 2781 2407 si
2808 2364 3012 2409 nonest
3033 2355 3291 2427 originale
3312 2367 3611 2427 peceatum.

2094 2441 2228 2497 LVI.
2259 2441 2377 2499 Jun.
2420 2442 2538 2498 Non
2565 2459 2694 2516 ergo
2731 2445 2938 2501 unitate
2976 2446 3307 2503 Sacramenti
3340 2464 3429 2504 rea
3461 2465 3614 2504 mon-

2022 2542 2221 2589 stratur
2247 2533 2466 2590 infantia
2486 2578 2502 2603 ,
2532 2536 2628 2592 scd
2656 2538 2876 2594 veritate
2897 2539 3080 2612 judicii
3112 2541 3245 2597 nihil
3281 2541 3423 2597 aliud
3451 2559 3612 2616 quam

2026 2624 2283 2680 innocens
2311 2626 2656 2697 approbatur.

2093 2719 2231 2773 Anc.
2262 2716 2533 2776 lnvcnissc
2558 2728 2610 2776 te
2632 2732 2786 2791 putas
2806 2738 2969 2794 quare
2994 2724 3292 2797 baptizctur
3311 2746 3325 2783 :
3344 2728 3429 2784 die
3448 2744 3615 2800 quare

2021 2808 2355 2865 cxsuﬂlctur.
2397 2811 2556 2866 Certe
2596 2811 2793 2883 Pelagii
2848 2817 3083 2873 auctoris
3123 2818 3283 2873 vestri
3326 2835 3516 2891 magna
3558 2829 3615 2877 et

2021 2899 2214 2956 invicta
2244 2910 2327 2957 est
2373 2911 2552 2973 putata
2600 2913 2864 2961 sententia
2888 2947 2905 2974 ,
2940 2909 3026 2964 ubi
3054 2909 3126 2964 ait
3152 2928 3164 2964 :
3192 2910 3254 2966 Si
3282 2912 3410 2967 Δάαι
3435 2930 3615 2983 pecca-

2019 3001 2123 3045 tum
2151 2993 2303 3047 etiam
2332 3011 2434 3049 non
2464 2996 2785 3065 peccantibus
2808 3000 2998 3064 nocuit,
3029 3018 3149 3073 ergo
3173 3012 3222 3057 ct
3248 3002 3440 3059 Christi
3450 3007 3613 3076 justi-

2020 3084 2089 3136 tia
2116 3084 2270 3139 etiam
2311 3102 2411 3140 non
2449 3086 2768 3168 credentibus
2809 3093 3012 3160 prodest
3051 3093 3144 3164 (ὸ).
3195 3094 3332 3164 Quid
3374 3111 3502 3168 ergo
3544 3097 3614 3153 de

2018 3176 2251 3245 parvulis
2292 3164 2507 3232 dicitisi
2543 3181 2758 3257 quando
2805 3182 3179 3254 baptizantur?
3222 3164 3494 3256 Credunt,
3542 3204 3611 3245 an

2019 3282 2124 3321 non
2163 3268 2422 3324 credunt?
2467 3270 2522 3325 Si
2567 3271 2848 3337 dixeritis.
2892 3275 3012 3332 Non
3055 3278 3612 3352 creduntzquomodo

2020 3375 2124 3414 non
2146 3358 2168 3392 ³
2194 3360 2272 3415 eis
2296 3360 2496 3419 Citriin
2521 3363 2725 3433 justitia
2751 3366 2912 3422 etiam
2945 3385 3049 3424 non
3080 3350 3428 3428 credentibus
3450 3350 3609 3444 prod-

2016 3458 2118 3514 est,
2147 3459 2203 3504 ut
2241 3467 2461 3523 regnum
2487 3455 2745 3510 coalorum
2786 3459 3132 3528 possideant?
3158 3462 3265 3517 Aut
3291 3463 3336 3518 si
3361 3464 3614 3533 prodest,

2017 3550 2076 3593 ut
2103 3540 2352 3610 eogimini
2378 3544 2620 3599 confiteri
2644 3562 2659 3597 :
2683 3546 2762 3603 sic
2791 3548 2951 3618 igitur
2974 3549 3053 3605 eis
3084 3552 3265 3607 nocuit
3305 3553 3436 3609 Αάςυ
3474 3570 3605 3628 pec-

2016 3640 2195 3685 eatum
2218 3632 2451 3687 nondum
2476 3636 2728 3706 peccandi
2756 3636 3076 3697 habentibus
3101 3642 3449 3710 voluntatem,
3479 3662 3599 3718 quo-

2017 3720 2178 3777 modo
2215 3722 2297 3777 eis
2338 3724 2557 3792 prodest
2584 3725 2790 3795 justitia
2836 3728 3034 3785 Christi
3076 3730 3313 3788 nondum
3353 3735 3609 3792 credendi

2020 3808 2334 3867 habentibus
2359 3814 2724 3889 voluntatem:
2741 3818 2795 3874 Si
2822 3830 3005 3875 autem
3028 3820 3272 3879 dixeritis
3292 3866 3307 3890 ,
3336 3824 3439 3880 Per
3466 3826 3603 3881 alios

2016 3903 2243 3959 credunt
2266 3924 2281 3961 :
2307 3907 2385 3963 sic
2423 3908 2581 3964 etiam
2625 3926 2737 3981 per,
2755 3912 2916 3969 alium
2962 3925 3336 3985 peccaverunt.
3371 3920 3437 3975 Et
3468 3935 3605 3992 quo-

2020 3993 2160 4049 niam
2210 4012 2393 4052 vernm
2447 4007 2529 4054 est
2582 4001 2724 4071 quod
2761 4018 2855 4073 per
2900 4004 3036 4059 alios
3087 4006 3314 4064 credunt
3364 4008 3613 4080 (propter

2020 4084 2121 4140 hoc
2167 4087 2309 4142 enim
2345 4096 2401 4144 et
2441 4089 2626 4146 fideles
2657 4107 2751 4162 per
2774 4101 2936 4148 totam
2969 4095 3265 4152 Eeclesiam
3296 4094 3609 4172 nuneupan-

2020 4176 2127 4247 tur)
2152 4194 2166 4227 :
2190 4176 2432 4248 profecto
2474 4181 2747 4249 pertinent
2775 4183 2842 4239 ad
2875 4183 3006 4240 illud
3033 4186 3175 4257 quod
3202 4188 3278 4242 ait
3323 4189 3602 4254 Dominus,

2020 4266 2122 4333 Qui
2148 4277 2315 4323 autem
2359 4286 2461 4325 non
2491 4272 2783 4341 crediderit,
2819 4275 3236 4332 condenmabimr
3260 4278 3452 4349 (Marc.
3482 4295 3599 4347 ut,

2019 4358 2132 4426 16).
2161 4357 2671 4418 Condemnabuutur
2700 4380 2829 4436 ergo
2853 4365 2899 4420 si
2927 4382 3022 4437 per
3048 4367 3183 4422 alios
3214 4383 3320 4423 non
3349 4370 3606 4435 credant,

2016 4461 2137 4501 eum
2178 4463 2272 4518 per
2309 4466 2370 4506 se
2414 4450 2559 4521 ipsos
2601 4469 2707 4509 non
2751 4455 2932 4511 valent
2974 4457 3198 4515 credere
3223 4477 3237 4512 :
3262 4459 3611 4516 condemnari

2016 4548 2194 4596 autem
2222 4540 2363 4611 iuste
2388 4544 2534 4598 nullo
2558 4546 2719 4602 modo
2751 4557 3000 4618 possent,
3033 4550 3079 4606 si
3107 4566 3210 4606 non
3242 4552 3342 4606 sub
3366 4561 3609 4622 peccato,

2016 4647 2080 4687 ac
2123 4649 2217 4704 per
2259 4630 2361 4691 hoc
2404 4645 2459 4692 et
2500 4638 2600 4692 sub
2640 4643 2842 4710 peccati
2905 4643 3144 4712 principe
3192 4656 3541 4701 nascerentur
3561 4644 3604 4700 ⁸.

2018 4722 2243 4793 Propter
2272 4725 2372 4781 hoc
2412 4742 2540 4797 ergo
2565 4739 2618 4783 et
2643 4730 3014 4787 cxsnfflautur.
3054 4733 3348 4790 Removete
3381 4735 3447 4790 ab
3484 4736 3561 4791 eis
3585 4728 3615 4769 ί

2016 4811 2377 4884 deceptoriam
2421 4817 2706 4872 vanitatem
2740 4831 2971 4875 vestram
2999 4839 3012 4876 :
3036 4823 3197 4878 sinite
3235 4826 3485 4892 parvulos
3515 4841 3607 4881 vc-

2018 4902 2135 4958 nirc
2164 4902 2228 4956 ad
2260 4904 2442 4960 Jcsum
2471 4906 2596 4979 (Id.
2626 4925 2677 4973 ς,
2717 4910 2814 4980 14)
2846 4912 2933 4979 qui
2967 4912 3170 4967 salvum
3204 4914 3327 4968 facit
3354 4915 3606 4984 populum

2017 5008 2172 5048 suum
2209 4995 2291 5067 (in
2319 5012 2425 5067 quo
2453 4999 2633 5070 utique
2671 5009 2724 5056 et
2770 5002 2868 5073 ipsi
2901 5004 3062 5076 sunt)
3086 5021 3117 5060 a
3150 5008 3387 5077 peceatis
3419 5022 3605 5064 eorum

2022 5083 2234 5156 (Matth.
2267 5102 2314 5154 ι,
2342 5086 2456 5162 at).

2082 5176 2101 5253 ξ
2133 5178 2678 5253 Ξίεὲίεε-Ρειῖιί-ξυςθευν
2703 5181 2979 5253 thesim

2080 5240 2103 5272 ι
2134 5239 2251 5290 Editi
2266 5275 2295 5305 ,_
2309 5241 2451 5294 dicis.
2473 5250 2539 5305 Et,
2561 5239 2684 5295 infra
2703 5258 2716 5295 :
2734 5245 2792 5297 si
2818 5246 3035 5305 dixeris,
3076 5256 3178 5300 Non
3225 5250 3447 5301 credunt;
3490 5257 3612 5305 item

2017 5302 2296 5379 pesteaisi
2309 5304 2694 5379 autem
2720 5302 3107 5379 At_manusa-ipu
3124 5318 3406 5364 constanter
3428 5314 3481 5364 in
3503 5302 3612 5379 plu;

2018 5361 2106 5427 rati
2131 5374 2364 5427 numero,
2390 5366 2572 5427 dicitis,
2596 5366 2840 5420 dixeritis.

2084 5423 2105 5456 ³
2138 5429 2236 5496 [ioc
2248 5423 2358 5478 loco
2373 5429 2550 5496 deerat
2560 5423 2807 5492 particula
2827 5443 3050 5496 negans:
3076 5440 3246 5496 postea
3270 5447 3392 5485 vero
3422 5435 3615 5489 duobus

2020 5482 2266 5562 F?!“..!9€l§
2287 5496 2453 5562 ορηιω
2476 5482 3157 5562 minuimus-ama
3171 5482 3404 5562 mea:

2019 5548 2391 5623 latiignicrins
2421 5566 2434 5601 :
2460 5558 2552 5602 aut
2571 5551 2750 5623 si'nan‘
2774 5548 2989 5618 prodest',
3014 5563 3065 5607 ut
3088 5556 3316 5623 cogimim'
3346 5556 3566 5621 conﬁteri
3593 5571 3614 5610 .'

2017 5610 2259 5699 sic‘igitur
2290 5610 2361 5664 eis
2383 5626 2487 5687 non.
2497 5612 2658 5664 nocuit
2672 5610 2797 5666 «die
2818 5610 3086 5679 peccatum.

2137 5682 2211 5719 sic
2231 5681 2335 5724 Mss.
2369 5676 2508 5727 Edttt.
2530 5683 2811 5727 nascrmtur.

2137 5701 2211 5719 υιυ
2231 5701 2335 5724 nam.
2369 5701 2508 5736 nuru,
2530 5701 2780 5727 uuouuutu
2794 5711 2811 5726 ο

2083 5731 2104 5795 ε
2138 5736 2248 5795 ἔδων.
2274 5741 2377 5795 Its.,
2403 5751 2436 5787 a
2456 5731 2604 5788 vobis.

2084 5793 2158 5861 (επὶ
2184 5796 2297 5861 Vide
2318 5793 2482 5861 supra,
2504 5800 2587 5850 lib.
2617 5799 2637 5849 t
2664 5808 2832 5851 contra
2852 5798 3109 5860 tulianum,
3134 5815 3183 5851 η.
3208 5802 3259 5851 7.

2085 5850 2158 5920 (ι’)
2183 5858 2297 5910 Vide
2306 5850 2549 5924 supra,'de
2568 5850 2875 5913 Pcecatorum
2891 5850 3083 5919 Meritis.
3096 5850 3186 5912 'Iib.
3203 5863 3253 5923 3,
3272 5876 3321 5911 n.
3340 5859 3390 5917 2.
3408 5868 3458 5911 et
3473 5859 3611 5921 infra,

2026 5924 2298 5975 ttercateris
2334 5924 2755 5975 commonitorium
2775 5956 2791 5985 ,
2816 5926 2865 5974 in
2900 5924 3185 5987 Appendicis
3212 5929 3354 5985 parte
3376 5924 3608 5976 seuutda.
