4118 6576
616 466 752 527 ποτε)

681 578 839 637 LVII.
871 579 991 639 ιω..
1017 579 1332 653 Quanquam
1361 579 1516 648 mihi,
1545 588 1604 637 ut
1630 579 1699 635 de
1724 587 1863 635 statu
1884 573 2203 646 explicando

608 672 867 729 immorer
900 673 1280 745 parvulorum,
1315 671 1697 743 consequentia
1740 668 1965 726 rationis
1998 664 2200 734 indicit,

605 780 725 834 quae
754 779 842 821 res
859 780 953 822 sua
974 765 1091 837 lege
1115 774 1426 837 conjunctas
1450 762 1614 821 dividi
1641 780 1746 823 non
1772 764 1917 820 sinit.
1934 761 2215 819 Caeterum

606 853 814 912 facilior
835 867 981 914 esset
1014 856 1219 929 jactura
1247 858 1599 923 nascentium,
1628 856 1671 912 si
1703 871 1809 911 non
1831 856 1910 912 eis
1937 853 2201 925 comperi-

603 946 880 1005 clitaretur
909 950 926 982 ⁸
960 950 1077 1020 ipsa
1131 949 1401 1020 majestas.
1446 950 1653 1004 Evcusa
1701 948 1863 1020 igitur
1910 948 2100 1015 Deum,
2143 956 2197 1002 ct

605 1052 798 1094 accusa
830 1040 1151 1111 parvulum:
1192 1042 1396 1111 justum
1440 1039 1697 1096 doceatur
1744 1040 1836 1094 ille
1876 1038 2018 1111 quod
2049 1038 2194 1106 facit,

604 1130 695 1200 qui
726 1132 845 1188 sine
859 1131 1065 1202 justitia
1087 1131 1227 1187 Dens
1254 1147 1374 1188 esse
1403 1146 1510 1187 non
1536 1139 1740 1203 potest;
1769 1141 1823 1188 et
1848 1132 2051 1203 quaevis
2074 1147 2197 1187 sus-

603 1223 765 1293 cipiat
790 1236 1017 1295 persona
1044 1223 1387 1295 supplicium.
1423 1221 1693 1280 Caeterum
1736 1238 1880 1281 nunc
1919 1231 2070 1279 extra
2105 1238 2195 1279 sa~

602 1316 880 1388 crilegium
909 1331 997 1372 res
1017 1332 1149 1387 quas
1193 1326 1347 1387 putas
1375 1331 1497 1372 esse
1525 1322 1822 1380 consertus,
1872 1324 2057 1371 mutuo
2094 1313 2194 1371 sibi

603 1407 947 1464 vehementer
989 1416 1305 1479 repugnant.
1351 1404 1494 1463 Dicis
1533 1407 1701 1473 enim,
1743 1407 1991 1477 quoniam
2034 1406 2194 1462 unis‘

600 1499 889 1572 mysteriis,
940 1498 1233 1554 idololatrm
1280 1510 1345 1554 ac
1388 1496 1666 1569 parricidae
1712 1497 1757 1565 ⁸,
1803 1498 2113 1553 imbuuntur
2140 1502 2197 1552 et

600 1590 824 1661 parvuli,
849 1606 1037 1646 omnes
1058 1590 1315 1646 scelestos
1338 1605 1496 1661 posse
1520 1590 1763 1645 convinci
1792 1600 1881 1645 :et
1900 1589 2052 1644 addis
2080 1603 2192 1644 rem

597 1684 767 1739 multo
790 1682 1184 1751 absurdiorem,
1217 1699 1245 1737 a
1272 1682 1602 1739 Sacramenti
1629 1683 1805 1754 hujus,
1850 1697 1957 1754 quo
1983 1681 2050 1738 de
2077 1681 2192 1750 agi-

596 1791 737 1841 mus,
763 1784 979 1830 auctore
1008 1775 1178 1830 aliena
1211 1783 1428 1846 peccata
1466 1775 1839 1831 innocentibus
1879 1773 2187 1846 imputari‘.

596 1860 709 1920 Iloc
732 1863 976 1936 estquod
1004 1880 1242 1937 pugnare
1265 1864 1397 1928 dixi.
1436 1866 1558 1937 quia
1582 1882 1689 1922 non
1717 1867 1859 1937 capit
1886 1881 2066 1920 rerum
2097 1880 2190 1920 na-

594 1954 710 2011 tura
741 1966 798 2012 ut
830 1975 934 2012 uno
960 1967 1203 2029 tempore
1242 1967 1298 2015 et
1332 1959 1468 2015 adeo
1496 1959 1567 2014 sit
1604 1959 1909 2014 misericors
1938 1957 2103 2025 Deus,
2133 1966 2191 2014 ut

593 2050 802 2119 propria
820 2048 1103 2122 unicuique
1128 2049 1401 2106 confitenti
1429 2060 1641 2122 peccata
1661 2051 1954 2117 condonet;
1977 2058 2031 2106 ct
2053 2048 2190 2106 adeo

589 2140 845 2209 crudelis,
870 2152 925 2196 ut
951 2145 1220 2199 innocenti
1247 2143 1502 2214 impingat
1523 2143 1718 2199 aliena.
1743 2143 1940 2214 Ilorum
1968 2156 2187 2213 prorsus

586 2245 708 2284 cum
753 2232 979 2288 alterum
1018 2233 1253 2300 dederis,
1286 2234 1514 2289 alterum
1545 2233 1710 2291 tulisti
1735 2233 1758 2267 ⁸
1787 2252 1801 2290 :
1827 2235 1872 2290 si
1900 2234 2062 2289 donat
2088 2251 2184 2291 ve-

588 2318 731 2377 niam
756 2323 881 2388 reis,
911 2339 1016 2379 non
1059 2323 1416 2381 calumniatur
1463 2327 1722 2399 innosiis;
1752 2326 1798 2383 si
1831 2325 2186 2385 calunmiatur

586 2410 853 2478 innocuis,
883 2428 1152 2485 nunquam
1184 2415 1352 2486 parcit
1377 2417 1643 2472 obnoxiis.

659 2506 796 2562 Aue.
826 2505 906 2561 Tu
934 2509 1110 2577 potius
1155 2507 1285 2565 facis
1322 2509 1573 2581 injustum
1623 2510 1810 2576 Deum,
1837 2527 1957 2569 cum
1987 2513 2077 2570 tibi
2104 2514 2181 2568 vi-

584 2595 743 2652 detur
770 2597 1022 2667 injustum
1050 2609 1269 2670 peccata
1296 2610 1505 2672 patrum
1534 2601 1760 2658 reddere
1782 2602 1835 2658 in
1863 2602 2018 2670 filios,
2037 2604 2179 2675 quod

584 2702 645 2743 se
668 2689 758 2745 ille
785 2689 961 2747 facere
979 2699 1034 2746 et
1060 2692 1237 2747 verbis
1262 2707 1406 2762 saepe
1431 2700 1655 2749 testatur
1673 2701 1730 2749 et
1744 2694 1901 2750 rebus
1922 2696 2174 2752 ostendit.

584 2778 688 2847 Tu,
717 2781 950 2853 inquam,
980 2781 1111 2839 facis
1151 2782 1402 2854 injustum
1448 2786 1636 2853 Deum,
1684 2786 1785 2842 sub
1822 2787 1973 2859 cujus
2001 2789 2177 2843 omni-

582 2873 818 2942 potentis
844 2890 973 2930 cura
996 2889 1116 2930 cum
1135 2875 1316 2931 videas
1342 2876 1491 2946 gravi
1514 2878 1642 2948 jugo
1669 2878 1901 2933 miseria:
1929 2879 2176 2948 parvulos

581 2963 778 3032 premi,
809 2964 1012 3020 nullum
1040 2979 1135 3021 eos
1163 2974 1435 3037 peccatum
1465 2965 1662 3023 habere
1690 2967 1988 3037 contendis,
2014 2969 2175 3025 simul

582 3068 841 3111 accusans
878 3064 935 3112 ct
965 3057 1154 3124 Deum,
1191 3066 1246 3114 et
1282 3058 1573 3115 Ecclesium
1616 3078 1631 3114 :
1664 3060 1832 3117 Deum
1864 3061 2101 3133 quidem,
2126 3062 2175 3120 si

580 3153 870 3214 gravantur
895 3155 947 3202 et
976 3146 1284 3219 affliguntur
1308 3149 1587 3217 immeriti;
1621 3150 1916 3207 Ecclesiam
1940 3168 2090 3218 vero,
2127 3155 2172 3210 si

583 3236 934 3293 essufllantur
970 3253 1002 3294 a
1042 3239 1162 3310 jure
1205 3239 1482 3297 diabolica:
1529 3244 1809 3313 potestatis
1857 3243 2037 3301 alieni.
2069 3245 2171 3302 Ubi

579 3337 759 3385 autem
789 3330 1090 3401 somniasti,
1140 3330 1435 3390 idololatris
1477 3346 1532 3391 et
1575 3337 1854 3409 parricidis
1892 3339 2171 3411 originalia

579 3423 920 3490 parvulorum
945 3436 1044 3480 nos
1059 3440 1270 3497 :rquare
1291 3437 1506 3498 peccata
1521 3428 1547 3482 ’ἲ
1574 3427 1952 3486 Verumtamen
1975 3440 2173 3503 myste-

581 3511 677 3566 riis
707 3511 871 3567 indita
897 3514 1145 3570 remissio
1170 3525 1531 3586 peccatorum,
1563 3519 1617 3573 in
1646 3520 1898 3590 peccatis,
1920 3530 1975 3576 ct
2003 3523 2172 3592 majo-

576 3602 745 3667 ribus.
783 3613 839 3660 et
880 3606 1198 3672 minoribus,
1225 3616 1280 3664 et
1317 3609 1575 3679 pluribus,
1623 3617 1681 3665 et
1716 3612 2076 3681 paucioribus,
2116 3623 2171 3670 et

577 3696 822 3766 singulis,
850 3710 975 3753 vera
1002 3709 1122 3754 est:
1154 3699 1207 3754 in
1236 3699 1543 3757 nullis.vero
1580 3703 1837 3772 peccatis,
1871 3702 2011 3759 sicut
2049 3719 2170 3760 csse

575 3789 918 3857 parvulorum
954 3788 1152 3858 dicitis,
1199 3789 1332 3846 falsa
1360 3801 1461 3847 est.
1495 3792 1585 3848 Sic
1624 3801 1802 3849 autem
1844 3792 2016 3849 aliena
2045 3803 2172 3851 sunt

576 3878 853 3947 originalia
885 3888 1105 3948 peccata
1144 3890 1364 3952 pr0ptcr
1399 3881 1603 3936 nullum
1646 3881 1699 3937 in
1747 3883 1825 3938 eis
1856 3894 2052 3940 nostrae
2077 3899 2169 3941 \o—

575 3965 795 4022 luntatis
833 3969 1130 4035 arbitrium,
1174 3982 1231 4026 ut
1274 3979 1451 4026 tamen
1496 3981 1713 4043 propter
1739 3972 1960 4044 originis
1987 3984 2170 4031 conta-

575 4060 721 4129 gium
751 4074 871 4115 esse
908 4062 1245 4117 inveniantur
1278 4072 1333 4118 et
1365 4072 1569 4118 nostra.
1596 4064 1733 4133 Quid
1766 4074 1849 4122 est
1872 4081 2001 4139 ergo
2026 4068 2168 4140 quod

575 4150 796 4217 clamas,
819 4161 874 4207 et
897 4152 1034 4207 dicis
1065 4169 1167 4208 non
1198 4168 1355 4226 posse
1386 4154 1552 4210 Deum
1573 4165 1627 4211 et
1654 4156 1922 4225 dimittere
1954 4168 2166 4231 peccata

575 4242 867 4311 majoribus
903 4248 1135 4317 prepria,
1166 4257 1217 4302 et
1260 4248 1522 4317 imputare
1553 4250 1784 4319 parvulis
1810 4252 1981 4308 aliena
2022 4270 2035 4308 :
2070 4270 2168 4310 nec

577 4334 660 4389 vis
694 4335 992 4403 attendere,
1034 4337 1175 4408 quod
1206 4339 1415 4394 nonnisi
1460 4339 1513 4395 in
1549 4339 1761 4399 Christo
1797 4346 1995 4400 renatis
2017 4356 2167 4402 utra-

573 4441 710 4495 que;
742 4443 848 4481 non
880 4427 1079 4483 renatis
1107 4438 1283 4486 autem
1311 4431 1365 4485 in
1392 4431 1626 4499 Christo,
1649 4443 1839 4490 neutra
1867 4436 2097 4494 dimittat
2117 4440 2165 4495 ’ἲ

576 4517 693 4587 Ipsa
720 4529 845 4572 sunt
868 4519 1010 4574 enim
1035 4520 1338 4577 christiana:
1361 4524 1546 4594 gratim
1576 4537 1909 4583 sacramenta
1933 4529 2164 4587 abscon-

572 4610 682 4664 dita
710 4611 1036 4682 sapientibus
1064 4622 1119 4670 et
1155 4616 1528 4688 prudentibus,
1571 4629 1627 4675 et
1670 4621 1900 4678 revelata
1928 4624 2165 4695 parvulis

572 4702 592 4772 (
604 4701 786 4757 Matth.
806 4719 880 4772 ιι,
902 4703 1020 4777 25).
1047 4705 1103 4762 In
1121 4708 1313 4779 quibus
1332 4725 1366 4764 ο
1386 4710 1431 4764 si
1451 4724 1620 4781 esses,
1643 4727 1744 4769 nec
1766 4715 1921 4785 quasi
1942 4731 2165 4787 magnus

571 4792 624 4847 in
649 4802 736 4850 tua
765 4795 960 4853 virtute
985 4798 1303 4866 confideres,
1329 4802 1566 4872 profecto
1584 4803 1928 4876 intelligercs,
1953 4806 2030 4863 sic
2056 4808 2159 4862 im-

572 4887 746 4958 putari
787 4890 1055 4959 generatis
1102 4893 1336 4962 parvulis
1378 4893 1688 4963 injustitiam
1738 4896 1894 4966 primi
1930 4896 2161 4955 hominis

569 4965 636 5033 ad
659 4980 993 5036 subeundum
1032 4982 1371 5052 supplicium,
1398 4965 1845 5058 quemadmodum
1874 4988 2163 5063 imputatur

572 5072 808 5142 parvulis
831 5077 1161 5144 rcgeneratis
1183 5077 1385 5146 justitia
1415 5078 1634 5134 secundi
1674 5079 1907 5135 hominis
1924 5081 1993 5137 ad
2017 5084 2159 5137 obti-

573 5161 805 5217 nendum
838 5178 1059 5235 regnum
1089 5167 1344 5223 caelorum
1374 5187 1388 5221 :
1417 5169 1660 5238 quamvis
1702 5170 1975 5226 voluntate
2000 5184 2161 5244 atque

569 5266 734 5323 opere
762 5260 976 5324 proprio
1014 5272 1113 5313 nec
1137 5254 1285 5315 illum
1322 5260 1376 5315 in
1415 5259 1579 5326 malo,
1606 5245 1720 5316 nec.
1747 5261 1907 5318 istum
1935 5264 1989 5319 in
2018 5264 2160 5321 bene

569 5345 905 5416 reperiantur
928 5348 1140 5405 imitati.

628 5527 650 5598 ξ
681 5528 757 5598 sic
777 5533 884 5579 uss.
908 5530 1027 5598 aditi
1042 5564 1058 5590 ,
1081 5528 1127 5580 si
1145 5540 1238 5581 non
1252 5544 1363 5583 cum
1382 5533 1453 5598 eis
1468 5531 1847 5598 periclitaretur.

627 5589 651 5660 ξ
682 5591 1223 5660 [Ιίρνςηιηιξξοιςὶιριρτωη
1247 5589 1532 5660 auctoritate
1556 5596 1885 5660 restituimus,
1903 5597 2029 5649 unis.

628 5650 650 5683 ³
683 5651 898 5724 adiuuat
910 5650 1181 5724 factafata
1200 5666 1259 5703 ac
1281 5654 1563 5724 parricidaz.
1579 5658 1764 5724 _Abest,
1787 5650 1919 5721 ut,'a
1954 5662 2154 5724 quibus-

562 5709 673 5781 dam
696 5709 814 5781 stas.
828 5712 898 5773 [ut
920 5712 1194 5781 idololatra:
1212 5728 1270 5765 ac
1282 5709 1600 5781 parricida.)

772 5782 904 5851 “mss.
918 5773 1394 5851 :sacranignti
1415 5776 1560 5848 ludus
1573 5773 1645 5851 ‘He
1666 5794 1760 5847 (pro
1780 5780 1969 5851 agimus
1991 5790 2152 5837 αιιειοο

565 5846 670 5907 "'1'
684 5833 850 5907 έξιίςηα
870 5843 1070 5907 revecta
1089 5833 1415 5907 ίηιῖοςρηρίῡαε
1430 5833 1689 5905 bimum:

625 5894 649 5957 ξ
681 5897 755 5957 sic
776 5894 883 5948 uss:
908 5897 1047 5957 edin,
1069 5897 1314 5951 sustulisti.

628 5955 652 5990 ⁸
681 5956 755 6006 sic
770 5963 876 6009 Ms.
890 5958 1015 6011 aliti
1031 5955 1050 6021 ί
1068 5956 1387 6013 dimittantur.

1308 463 1555 524 OPERlS
1591 461 2006 523 IMPERFECTI
2044 460 2318 518 CONTRA
2356 458 2717 531 JULIANUM,
2757 461 2815 520 8.
2847 458 3223 525 AUGUSTINI

3756 467 3884 526 l080

2387 571 2567 629 LVIII.
2597 573 2717 630 Jun.
2747 574 2890 632 Nihil
2920 576 3095 649 itaque
3134 578 3187 633 in
3216 577 3395 634 verbis
3422 576 3545 643 tuis.
3574 588 3806 652 coactus,
3834 591 3885 636 ut

2311 662 2466 732 dicis,
2514 665 2706 723 timore
2744 669 3001 740 prtctcrii.
3041 669 3179 738 Quid
3223 670 3367 725 enim
3408 670 3460 725 in
3506 679 3612 726 tam
3637 672 3886 743 elegantis

2311 753 2507 826 ingenii
2538 772 2747 826 possem
2773 773 2966 827 pavere
2990 761 3372 826 monumentis,
3402 760 3502 816 nisi
3528 761 3663 818 forte
3682 762 3778 817 hoc
3795 778 3881 818 so-

2311 844 2440 913 lum,
2467 846 2608 917 quod
2628 847 2907 906 horrorem
2930 849 2999 906 de
3011 850 3479 908 obseenitatistuta
3500 852 3881 926 impugnatione

2306 939 2616 1010 perpetior?

2378 1032 2514 1089 Aue.
2556 1031 2612 1088 Si
2639 1046 2850 1091 emeres
2876 1034 2974 1091 ista
3018 1036 3256 1093 convicia
3282 1075 3298 1103 ,
3343 1038 3621 1110 prodigum
3660 1048 3714 1097 te
3740 1040 3874 1097 dice-

2305 1132 2418 1176 rem
2450 1140 2463 1177 :
2488 1123 2656 1193 gratis
2681 1124 2771 1180 tibi
2802 1126 3076 1197 adjacent;
3106 1142 3204 1184 cur
3227 1143 3335 1185 non
3359 1130 3438 1186 eis
3465 1130 3677 1201 fruaris,
3699 1118 3882 1204 quibus

2305 1212 2620 1269 maledicum
2645 1215 2879 1271 animum
2909 1219 3119 1289 pascis?

2373 1304 2510 1360 LIX.
2552 1306 2674 1363 Jun.
2704 1309 2842 1364 Audi
2888 1310 3067 1382 igitur,
3095 1320 3278 1367 contra
3313 1327 3375 1368 ea
3402 1326 3520 1386 qua:
3546 1313 3743 1382 dixisti,
3764 1315 3878 1373 bre-

2300 1395 2440 1453 viter
2468 1416 2483 1453 :
2511 1414 2615 1454 non
2653 1408 2780 1457 sunt
2833 1403 3087 1459 Ecclesiae
3125 1404 3402 1461 catholica:
3449 1418 3683 1476 pectora,
3719 1423 3833 1479 qua:
3857 1410 3874 1441 ι

2299 1501 2478 1542 sermo
2506 1498 2628 1546 tuus
2656 1494 2927 1561 convenit,
2973 1494 3019 1549 si
3058 1509 3089 1550 a
3120 1495 3318 1566 pietate
3348 1504 3404 1551 et
3440 1497 3644 1554 ratione
3681 1498 3875 1555 discur-

2297 1578 2448 1635 dant.
2480 1580 2631 1651 Quod
2660 1592 2946 1656 utrumque
2986 1587 3345 1657 committunt,
3388 1603 3509 1645 cum
3554 1605 3651 1645 nec
3677 1590 3752 1659 de
3784 1592 3872 1647 Dei

2296 1670 2546 1740 :equitate
2572 1671 2711 1728 bene
2735 1675 3021 1743 aestimant,
3048 1692 3150 1733 nec
3187 1679 3559 1751 mysteriorum
3578 1721 3594 1747 ,
3625 1696 3742 1752 qum
3773 1682 3871 1737 cri~

2298 1761 2591 1833 minantur,
2618 1760 2936 1839 sapientiam
2979 1778 3034 1825 et
3056 1770 3270 1826 divitias
3311 1772 3628 1844 intelligunt.
3659 1773 3770 1829 Non
3792 1784 3870 1829 est

2298 1853 2415 1911 haec
2442 1855 2575 1913 fides
2623 1859 2918 1931 antiquitus
2966 1862 3157 1917 tradita
3206 1872 3365 1935 atque
3402 1863 3637 1932 fundata,
3685 1866 3781 1920 nisi
3816 1866 3866 1920 iu

2295 1947 2541 2004 conciliis
2568 1950 2991 2022 malignantium,
3021 1953 3273 2026 inspirata
3300 1971 3331 2011 a
3360 1956 3593 2024 diabolo,
3615 1958 3807 2028 prolata
3835 1974 3867 2012 a

2292 2035 2604 2105 Maniclueo,
2627 2042 2890 2099 celebrata
2922 2059 2952 2099 a
2986 2045 3273 2117 Marcione,
3313 2047 3530 2114 Fausto,
3570 2049 3864 2115 Adimanto,

2291 2129 2643 2202 omnibusque
2671 2147 2855 2190 eorum
2885 2136 3224 2204 satellitibus,
3274 2147 3330 2194 et
3366 2150 3509 2195 nunc
3540 2155 3570 2194 a
3603 2147 3654 2195 te
3690 2141 3742 2196 in
3771 2140 3854 2195 Ita.

2292 2218 2413 2273 liam
2439 2222 2483 2285 ',
2510 2222 2653 2292 quod
2682 2224 2919 2295 graviter
2944 2228 3227 2298 gemimus,
3254 2241 3518 2287 eructata.

2359 2311 2494 2368 Auu.
2536 2312 2654 2383 Quo
2688 2330 2804 2385 ore,
2829 2330 2933 2388 qua
2960 2318 3139 2377 fronte
3162 2323 3447 2378 concilium
3475 2325 3860 2397 malignantium

2287 2402 2442 2469 dit-ts,
2491 2409 2901 2466 consensionem
2939 2421 3017 2469 tot
3053 2414 3458 2483 catholicorum,
3500 2418 3589 2487 qui
3623 2418 3861 2473 doctores

2287 2494 2648 2554 Ecelesiarum
2678 2499 2889 2559 fuerunt
2916 2512 3042 2561 ante
3069 2507 3206 2562 nos?
3232 2507 3393 2578 Quasi
3420 2525 3566 2577 vero,
3594 2511 3637 2565 si
3665 2512 3715 2565 in
3738 2526 3861 2567 con-

2284 2587 2408 2642 cilio
2436 2589 2831 2662 episcOporum,
2858 2596 3000 2668 quod
3022 2613 3127 2654 non
3148 2600 3452 2668 salubriter,
3476 2603 3568 2658 sed
3584 2606 3856 2674 jactantcr,

2283 2691 2502 2753 propter
2525 2695 2729 2742 chIras
2755 2690 3080 2760 qtucstiones
3115 2693 3313 2751 debere
3337 2695 3512 2751 dicitis
3535 2700 3855 2770 congregari,

2282 2773 2532 2830 sederent
2554 2777 2787 2851 episcopi
2807 2795 2943 2850 quos
2961 2797 3120 2853 supra
3144 2788 3454 2853 memoravi,
3483 2797 3538 2845 ut
3560 2789 3691 2845 alios
3708 2791 3860 2845 omit-

2283 2874 2425 2953 tam,
2477 2867 2792 2938 Cyprianus,
2854 2872 3116 2943 Hilarius,
3168 2877 3503 2947 Ambrosius,
3556 2880 3855 2953 Gregorius,

2280 2952 2523 3023 Basilius,
2555 2957 2790 3017 Joannes
2817 2962 3433 3039 Constantinopolitaan
3451 3013 3468 3039 ,
3488 2952 3709 3043 reliquos
3725 2973 3855 3031 ’θο-

2279 3060 2397 3102 rum
2439 3050 2529 3120 qui
2557 3066 2698 3108 nunc
2727 3062 2949 3112 manent
2984 3055 3140 3114 facile
3174 3061 3512 3134 inveniretis,
3543 3080 3675 3136 quos
3701 3067 3778 3122 eis
3804 3068 3854 3123 in

2276 3137 2520 3197 doctrina
2552 3145 2914 3205 ecclesiastica
2957 3152 3250 3224 antiquitus
3281 3156 3472 3213 tradita
3505 3173 3733 3229 mquam,
3765 3177 3858 3216 ne-

2276 3230 2404 3287 dum
2431 3236 2684 3303 praeferre
2711 3241 2959 3309 possetis.
2987 3243 3122 3299 Cum
3156 3258 3286 3317 ergo
3314 3245 3415 3318 ipsi
3451 3257 3633 3304 contra
3671 3265 3762 3305 vos
3790 3252 3856 3306 de

2276 3334 2499 3395 peccato
2526 3328 2768 3400 originali
2801 3331 3077 3401 proferant
3100 3345 3310 3404 apertas
3348 3338 3621 3409 clarasque
3642 3350 3857 3396 senteno

2277 3414 2397 3481 tias,
2420 3425 2476 3471 et
2504 3432 2637 3487 quas
2667 3420 2823 3489 paulo
2849 3431 2973 3478 ante
2999 3426 3171 3494 posui,
3203 3435 3259 3482 et
3286 3427 3417 3484 alias
3445 3430 3724 3500 plurimas;
3758 3432 3856 3486 ho-

2274 3520 2466 3563 rumne
2496 3509 2549 3564 in
2585 3510 2847 3568 catholica
2879 3516 3099 3573 veritate
3126 3532 3446 3577 consensum
3474 3523 3679 3579 audetis
3707 3527 3857 3582 mali-

2273 3600 2551 3668 gnantium
2578 3605 2847 3675 appellare
2867 3606 3187 3665 concilium?
3211 3620 3266 3668 et
3291 3614 3556 3685 cogitatis,
3595 3616 3717 3686 quid
3741 3618 3856 3674 istis

2273 3691 2651 3749 contradicatis
2677 3693 2720 3759 ⁸,
2746 3711 2813 3753 ac
2842 3712 2946 3754 non
2976 3701 3152 3770 potius
3180 3718 3287 3774 quo
3309 3705 3535 3777 fugiatis,
3558 3707 3602 3763 si
3626 3708 3705 3764 eis
3727 3724 3857 3765 con-

2273 3782 2475 3839 sentire
2497 3796 2601 3839 non
2636 3786 2833 3843 vultis?
2855 3788 2959 3845 Sed
2986 3793 3237 3863 quoniam
3269 3810 3356 3852 me
3378 3796 3555 3853 dixisti
3587 3809 3857 3856 eructassc

2274 3875 2326 3929 in
2358 3873 2561 3931 Italiam
2599 3879 2741 3949 quod
2778 3884 3024 3952 gematis,
3067 3885 3311 3942 eumdem
3354 3889 3502 3944 illum
3544 3891 3857 3963 episcopum

2273 3965 2436 4021 Italia:
2455 3982 2486 4022 a
2511 3977 2601 4023 tuo
2624 3968 2844 4027 doctore
2870 3973 3139 4031 laudatum
3164 3978 3215 4033 in
3239 3986 3381 4034 tuam
3403 3979 3631 4037 frontem
3652 3985 3856 4053 replico

2272 4056 2636 4115 Ambrosium.
2670 4079 2690 4112 ι
2721 4061 2921 4120 Omnes
2961 4065 3223 4134 homines,
3256 4088 3274 4117 ι
3321 4072 3510 4143 inquit,
3558 4092 3577 4126 ι
3609 4075 3708 4130 suh
3733 4092 3858 4146 pec-

2271 4156 2392 4203 cato
2419 4150 2712 4219 nascimur,
2744 4170 2973 4224 quorum
3001 4158 3115 4227 ipse
3136 4172 3287 4218 ortus
3327 4163 3378 4217 in
3414 4164 3541 4220 vitio
3565 4175 3645 4221 est
3672 4184 3686 4220 :
3715 4168 3857 4222 sient

2273 4236 2437 4295 habes
2481 4241 2700 4312 lectum,
2746 4245 2958 4304 dicente
3007 4250 3194 4320 David,
3244 4253 3378 4309 Ecce
3416 4256 3469 4310 in
3514 4257 3858 4329 iniquitatibus

2266 4340 2541 4401 conceptus
2555 4349 2689 4403 sum,
2711 4346 2758 4390 ct
2778 4337 2831 4391 in
2851 4338 3044 4395 delictis
3064 4344 3254 4413 peperit
3275 4361 3353 4400 me
3371 4355 3528 4401 mater
3550 4363 3657 4401 mea
3676 4347 3852 4419 (I‘saf.

2272 4437 2324 4488 ι,
2356 4423 2434 4494 7).
2468 4424 2595 4481 Ideo
2622 4428 2769 4484 Pauli
2805 4445 2933 4487 caro
2971 4448 3165 4504 corpus
3193 4439 3382 4494 mortis
3411 4450 3544 4505 erat,
3565 4441 3702 4497 sicut
3738 4443 3859 4512 ipse

2270 4513 2377 4567 ait:
2412 4514 2538 4582 Quis
2559 4532 2637 4572 me
2660 4519 2885 4575 liberabit
2913 4522 2977 4577 de
2998 4541 3208 4597 corpore
3233 4530 3407 4584 mortis
3435 4533 3588 4602 hujus
3670 4533 3853 4604 (Rom.

2270 4620 2363 4673 vn,
2384 4606 2507 4680 24)?
2533 4610 2761 4666 «Christi
2776 4622 2952 4670 autem
2973 4630 3102 4671 caro
3122 4618 3698 4693 damnavitpeccatntn,
3712 4627 3859 4695 quod

2270 4702 2539 4757 nascendo
2570 4719 2677 4758 non
2703 4707 2891 4773 sensit,
2922 4708 3063 4778 quod
3090 4712 3369 4769 moriendo
3400 4715 3679 4781 crucifixit,
3713 4727 3770 4771 ut
3799 4719 3856 4772 in

2268 4807 2430 4849 carne
2465 4805 2645 4851 nostra
2673 4808 2816 4853 esset
2844 4799 3153 4869 justilieatio
3179 4818 3275 4875 per
3318 4807 3560 4877 gratiam,
3606 4809 3691 4864 ubi
3736 4820 3863 4865 erat

2267 4894 2392 4941 ante
2419 4886 2648 4942 colluvie
2666 4904 2762 4959 per
2782 4891 2992 4961 culpam
3017 4909 3037 4946 ι
3065 4893 3167 4968 (De
3185 4895 3507 4967 l’ccnitemia,
3533 4900 3621 4958 lib.
3649 4904 3703 4969 I,
3731 4920 3857 4975 cap.

2265 4976 2303 5032 2
2352 4980 2428 5034 vel
2476 4981 2552 5051 5).
2604 4981 2753 5038 llaue
2777 4998 2906 5056 ergo
2947 4986 3104 5042 fidem
3133 4990 3422 5061 antiquitus
3459 4993 3701 5049 traditam
3731 4996 3861 5052 dico

2265 5078 2426 5139 atque
2470 5070 2741 5141 fundatam
2776 5092 2790 5128 :
2833 5084 2887 5130 tu
2929 5080 3128 5145 renuis,
3173 5091 3228 5136 et
3271 5083 3355 5137 eui
3404 5085 3696 5163 reluctcris,
3742 5104 3860 5144 non

2266 5162 2508 5230 respicis.
2551 5164 2817 5238 Numquid
2848 5168 2971 5225 huic
3000 5186 3119 5227 eam
3150 5188 3179 5226 a
3212 5173 3426 5229 diabolo
3450 5176 3627 5233 dicere
3649 5182 3860 5248 poteris

2266 5250 2616 5322 inspiratam?
2643 5256 2909 5329 Numquid
2953 5260 3053 5316 iste
3092 5261 3419 5321 Manicha-us
3444 5269 3563 5323 est?
3588 5272 3857 5341 numquid

2263 5342 2519 5411 Marcion,
2551 5346 2797 5413 Faustus,
2827 5349 3175 5409 Adimantus?
3199 5354 3314 5411 Non
3344 5356 3542 5427 utique,
3570 5359 3663 5414 sed
3691 5360 3862 5431 longe

2265 5435 2349 5491 his
2391 5437 2687 5508 dissimilis,
2742 5441 3004 5515 longeque
3049 5450 3369 5504 contrarius.
3421 5451 3659 5523 Pelagius
3700 5465 3862 5511 certe

2264 5529 2409 5587 dicat
2433 5536 2552 5605 quis
2572 5535 2673 5591 iste
2698 5536 2788 5591 sit.
2815 5535 2929 5608 Ille,
2955 5540 3045 5596 ille
3073 5550 3174 5607 est,
3205 5543 3357 5614 cujus
3389 5544 3567 5613 fidem,
3591 5556 3646 5602 et
3673 5549 3863 5618 puris-

2326 5668 2343 5701 ³
2361 5669 2549 5745 ‘Bditi,’
2575 5672 2762 5745 quibus.
2786 5681 2842 5727 At
2859 5685 2987 5739 Mss,
3011 5691 3139 5745 qum.
3162 5680 3367 5745 Respicit
3404 5682 3614 5734 Julianus
3630 5684 3689 5734 ad
3733 5683 3858 5736 illud

2262 5736 2834 5811 gatﬁugltstinocitatum
2857 5736 3002 5811 supra
3019 5736 3037 5804 ζ
3070 5752 3176 5806 cap.
3195 5736 3267 5794 ΒΞ
3277 5757 3291 5793 :
3330 5751 3503 5796 cimcta
3517 5745 3751 5799 Ecclesia
3763 5758 3875 5811 at:

2259 5790 2450 5856 tltoliccé
2471 5799 2664 5856 pectora
2686 5800 2914 5853 convenit.

2325 5855 2567 5919 {sic
2592 5857 2732 5919 εὸια,
2760 5861 2914 5914 Italia.
3585 5912 3590 5916 .

2326 5914 2348 6003 ἰ
2371 5916 2550 6003 seu;
2558 5914 3304 6003 “’i‘ﬂsé.-,.t'°_'i‘sms"a€=ﬁt“‘!
3321 5929 3521 6003 αθωίοδε

2327 5976 2348 6009 ⁸
2370 5976 2443 6029 sic
2461 5976 2566 6032 me.
2605 5976 2668 6037 Δι’
2684 5983 2822 6053 editi,
2842 5987 2961 6051 quid
2978 5976 3185 6045 ad
3198 5976 3561 6045 ἷὸίὰἆὶᾶἲὲἆῖέι.
