4140 6512
418 388 549 448 103!

415 509 611 564 simum
639 505 693 562 in
717 503 1009 577 Scripturis
1046 515 1264 560 sensum
1291 514 1359 559 ne
1384 496 1633 554 inimicus
1656 493 1871 566 quidem
1899 509 2000 548 au-

415 614 508 655 sus
533 608 617 654 est
641 597 1059 670 reprehendere.
1078 594 1214 665 Quid
1244 602 1348 657 est,
1373 589 1620 647 Iuliane?
1640 588 1727 644 ubi
1753 596 1807 643 te
1829 586 2005 641 vides?

417 691 530 758 Ille,
575 692 728 762 cujus
773 706 842 747 ne
884 690 1128 745 inimicus
1168 686 1386 758 quidem
1423 681 1818 754 reprehendere
1844 693 2008 734 ausus

416 790 502 836 est
532 780 711 844 tidem,
741 781 877 836 hanc
906 779 1137 835 habebat
1157 777 1336 844 Iidem,
1363 790 1522 846 quam
1541 782 1598 828 tu
1625 772 1697 827 ita
1720 770 2004 842 reprehen—

417 873 523 941 dis,
555 884 613 929 ut
637 890 754 930 eam
782 874 989 929 tribuas
1010 871 1252 929 conciliis
1276 868 1700 941 malignantium.
1726 867 1865 922 Ecce
1896 881 2005 920 non

418 973 503 1021 est
525 979 733 1033 eorum,
758 966 854 1022 sed
878 975 961 1021 est
984 965 1251 1020 Ambrosii
1277 981 1292 1019 :
1314 964 1438 1035 quia
1459 976 1582 1018 vera
1604 968 1707 1027 est,
1731 960 1851 1031 quia
1877 973 2006 1014 sana

418 1067 521 1123 εει,
561 1059 706 1128 quia,
748 1067 809 1114 ut
847 1058 980 1127 dixi,
1021 1058 1311 1129 antiquitus
1360 1055 1549 1111 tradita
1593 1062 1751 1124 atque
1795 1050 2006 1107 fundata

420 1157 522 1214 est,
557 1149 671 1205 hare
702 1158 757 1206 et
790 1166 909 1206 mea
937 1158 1040 1206 est.
1069 1150 1184 1204 Non
1211 1164 1310 1221 ego
1338 1148 1474 1203 hanc
1511 1147 1564 1201 in
1602 1145 1805 1202 Italiam
1833 1142 2005 1218 (quod

420 1256 517 1296 vos
544 1257 758 1312 gemere
784 1242 983 1314 dicitis)
1007 1242 1245 1300 eructavi
1269 1260 1283 1297 :
1313 1241 1406 1296 sed
1435 1241 1611 1311 potius
1649 1239 1718 1294 ab
1752 1238 1856 1294 isto
1889 1238 2016 1308 cpi;

419 1347 585 1405 scopo
629 1335 792 1391 Italize
830 1336 968 1392 hanc
1005 1337 1328 1407 praedicante
1354 1344 1410 1392 et
1436 1335 1663 1391 docente
1689 1333 2007 1389 ‘lavacrum

419 1427 839 1497 regenerationis
888 1429 1087 1498 accepi.
1137 1427 1397 1496 Quoniam
1437 1425 1569 1481 ﬁdes
1614 1425 1712 1480 ista
1751 1423 2010 1481 catholica

420 1524 528 1582 est,
550 1525 605 1571 ει
632 1525 806 1572 tamen
836 1526 923 1573 tua
947 1534 1053 1573 non
1077 1527 1160 1574 cst
1188 1537 1203 1573 :
1237 1526 1290 1573 ιιι
1319 1533 1448 1588 ergo
1476 1516 1566 1571 ubi
1606 1517 1703 1571 es?
1732 1514 1886 1582 Vide,
1913 1514 2011 1569 ob-

366 1663 372 1668 ,
421 1619 596 1672 sccro,
623 1615 678 1661 et
706 1607 840 1662 redi.
868 1607 1062 1664 Videre
1087 1608 1179 1662 tibi
1209 1607 1450 1680 expedit,
1482 1622 1587 1662 non
1613 1605 1852 1662 invidere
1879 1622 1894 1659 :
1922 1620 2011 1661 re-

420 1697 537 1753 dire
556 1700 819 1770 cupimus,
850 1716 959 1755 non
988 1701 1181 1772 perire.

492 1788 607 1844 LX.
635 1789 756 1846 Jun.
788 1789 927 1845 Nihil
963 1799 1048 1847 est
1075 1790 1274 1861 peccati
1304 1790 1357 1845 in
1389 1788 1627 1857 homine,
1664 1789 1716 1845 si
1753 1786 1887 1843 nihil
1926 1794 2013 1843 est

424 1880 655 1950 propriae
689 1880 992 1935 voluntatis.
1028 1882 1109 1932 vel
1138 1879 1467 1939 assensionis
1497 1896 1511 1934 :
1551 1879 1656 1934 hoc
1680 1878 1810 1934 mihi
1840 1877 2016 1932 homi-

425 1986 550 2024 num
571 1986 763 2041 genus,
790 1978 931 2042 quod
972 1981 1054 2028 vel
1105 1980 1290 2028 Ievntcr
1318 1979 1475 2042 sapit,
1520 1971 1638 2026 sine
1683 1968 2014 2025 dubitatione

422 2062 709 2116 consentit.
740 2061 821 2116 Tu
844 2072 1022 2118 autem
1050 2062 1305 2119 concedis
1332 2061 1464 2117 nihil
1503 2060 1668 2117 fuisse
1702 2061 1755 2114 in
1779 2050 2015 2130 parvulis

422 2151 652 2220 propriae
678 2152 965 2209 voluntatis
1010 2169 1029 2208 :
1077 2168 1184 2209 non
1228 2167 1349 2225 ego,
1394 2152 1492 2209 sed
1530 2152 1668 2208 ratio
1716 2149 2013 2217 concludit,

424 2241 555 2296 nihil
582 2242 740 2312 igitur
764 2244 816 2297 in
836 2244 917 2299 eis
946 2259 1072 2301 esse
1098 2245 1321 2315 peccati.
1352 2245 1694 2315 Nequaquam
1720 2257 1850 2315 ergo
1884 2256 2015 2313 pro-

424 2344 542 2401 pter
558 2333 658 2389 hoc
680 2334 749 2389 ad
781 2335 1074 2391 Ecclesium
1100 2335 1431 2403 deferuntur,
1455 2344 1513 2390 ut
1532 2333 1877 2400 infamentur,
1907 2333 2017 2388 imo

425 2432 484 2480 ιιι
509 2425 766 2481 infament
791 2428 990 2481 Deum:
1018 2427 1111 2482 sed
1131 2426 1465 2490 deferuntur,
1496 2433 1556 2480 ιιι
1579 2425 1795 2479 laudent
1822 2424 2010 2488 Deum,

424 2534 584 2587 quem
608 2527 664 2573 ει
683 2519 939 2573 bonorum
966 2518 1285 2573 naturalium
1305 2526 1360 2574 et
1377 2518 1640 2574 donorum
1661 2516 2017 2587 spiritualium

427 2617 784 2681 protestantur
811 2619 1107 2666 auctorem.

502 2702 639 2758 Auc.
659 2699 775 2755 Non
794 2699 1137 2765 infamantur,
1154 2714 1279 2755 cum
1301 2697 1658 2755 exsufllantur
1673 2714 1688 2764 ;
1706 2695 1803 2752 sed
1814 2709 2017 2752 eruun-

429 2798 515 2847 tur
553 2792 622 2847 dc
659 2799 926 2863 potestate
963 2792 1304 2847 tenebrarum
1337 2808 1351 2844 :
1385 2805 1484 2846 nec
1528 2788 1787 2845 infamant
1821 2785 2015 2854 Deum,

427 2883 522 2940 sed
551 2899 657 2954 quo
685 2894 929 2940 creatore
968 2885 1077 2939 nati
1120 2893 1265 2950 sunt,
1310 2883 1412 2938 hoc
1451 2882 1687 2953 indigent
1708 2881 2016 2937 salvatore:

428 2986 483 3032 et
506 2975 627 3033 ideo
652 2977 1002 3044 reuaseendo,
1048 2992 1114 3031 ex
1143 2976 1311 3031 Adam
1343 2974 1735 3029 transferuntur
1765 2972 1834 3028 ad
1867 2971 2021 3027 Chri-

429 3076 590 3123 stum.
613 3067 714 3124 Ubi
733 3077 912 3122 autem
939 3066 1143 3134 dixisti,
1171 3083 1190 3119 ι
1217 3065 1360 3122 Nihil
1381 3074 1464 3121 est
1485 3064 1688 3135 peccati
1709 3064 1763 3117 in
1782 3063 2018 3130 homine,

428 3159 474 3214 si
518 3160 646 3214 nihil
677 3169 761 3214 est
813 3159 1041 3230 propriae
1087 3158 1396 3226 voluntatis,
1442 3157 1526 3211 vel
1576 3155 1904 3210 assensionis
1943 3171 1957 3208 :
1992 3172 2016 3208 ι

428 3251 636 3321 plenius
660 3266 843 3306 verum
866 3250 1096 3314 diceres,
1119 3249 1165 3305 si
1193 3248 1441 3315 adderes,
1465 3246 1560 3303 Vel
1586 3245 1943 3316 contagionis.

501 3342 637 3397 LXI.
667 3342 784 3397 IUL.
811 3340 1081 3413 Originale
1108 3349 1287 3396 autem
1314 3348 1587 3410 peccatum
1606 3337 1651 3393 si
1677 3324 2022 3408 generatione

429 3434 619 3508 prima:
662 3435 956 3490 nativitatis
984 3432 1287 3495 attrahitur,
1334 3430 1545 3501 nuptias
1571 3428 1787 3500 quidem
1828 3442 1859 3481 a
1910 3426 2022 3482 Deo

432 3525 699 3582 institutas
726 3525 983 3579 damnare
1006 3532 1201 3593 potest,
1228 3530 1481 3577 eteterum
1507 3519 1703 3574 auferri
1733 3533 1764 3572 a
1785 3516 2022 3588 parvulis

431 3630 537 3671 non
566 3624 777 3685 potest:
805 3614 1056 3684 quoniam
1076 3611 1218 3684 quod
1248 3611 1562 3676 innascitur,
1581 3624 1748 3680 usque
1772 3607 1840 3663 ad
1861 3606 2022 3662 ﬁnem

431 3710 570 3781 ejus,
607 3709 707 3769 ,ειιί
761 3723 793 3763 a
841 3707 1221 3779 principiorum
1268 3704 1446 3760 causis
1491 3702 1785 3766 iulneserit,
1834 3714 2021 3772 perse-

430 3812 600 3860 verat.

501 3895 638 3950 Auc.
668 3892 777 3947 Nec
790 3891 1004 3963 nuptias
1018 3890 1254 3955 damnat,
1273 3888 1397 3959 quia
1422 3902 1529 3942 non
1558 3886 1687 3957 ipsae
1712 3893 1837 3941 sunt
1862 3897 2024 3941 causa

432 3987 579 4058 ejus;
607 3988 703 4041 ει²
725 3986 962 4040 aufertur
998 3984 1066 4040 ab
1103 3980 1482 4054 Omnipotente
1515 3980 1627 4047 illo,
1667 3980 1760 4051 qui
1784 3987 1841 4036 et
1861 3978 2024 4033 homo

435 4076 580 4133 nasci
604 4076 776 4145 potuit
798 4077 915 4131 sine
932 4074 1045 4130 illo.

506 4166 667 4223 LXII.
697 4166 815 4223 ιω..
845 4165 1055 4221 Nullam
1088 4162 1266 4235 itaque
1295 4163 1389 4219 tibi
1418 4161 1739 4218 calumniam
1779 4174 2025 4216 commo-

437 4273 645 4323 vcmus,
675 4256 825 4328 quasi
859 4255 1082 4312 damnes
1111 4254 1347 4326 nuptias,
1374 4262 1429 4308 et
1448 4252 1600 4324 quasi
1616 4252 1907 4318 hominem,
1936 4250 2026 4321 qui

435 4365 499 4405 ex
528 4349 633 4404 illis
657 4347 914 4412 nascitur,
936 4361 1071 4416 Opus
1099 4345 1297 4402 diaboli
1321 4360 1441 4402 esse
1461 4345 1638 4410 dicas;
1668 4358 1768 4399 nec
1795 4340 2026 4398 inﬁdeli-

438 4448 520 4495 ter
544 4439 645 4494 hoe
669 4438 970 4508 obiicimus,
1000 4452 1101 4493 nec
1139 4436 1385 4507 imperite
1417 4436 1759 4506 colligimus:
1800 4433 1895 4489 sed
1936 4432 2028 4503 qui

438 4529 509 4583 sit
532 4528 966 4598 consequentium
997 4527 1382 4583 sententiarum
1412 4526 1655 4594 effectus,
1698 4526 1928 4582 sollicite
1971 4533 2030 4580 ει

439 4618 757 4688 simpliciter
793 4618 1083 4673 intuemur.
1112 4616 1391 4687 Nunquam
1418 4627 1543 4671 sunt
1573 4618 1714 4672 enim
1743 4617 1860 4673 sine
1888 4631 2031 4673 como

441 4710 700 4766 mixtione
724 4709 923 4779 nuptiae
949 4709 1275 4783 corporales.
1309 4708 1386 4763 Tu
1417 4708 1570 4773 dicis,
1602 4710 1925 4779 quicumque
1961 4724 2029 4764 ex

442 4802 529 4857 illa
555 4800 943 4857 commixtione
966 4808 1276 4863 nascuntur,
1304 4798 1370 4852 ad
1399 4798 1670 4852 diabolum
1713 4797 1982 4867 pertinere
2013 4815 2027 4851 :

441 4891 602 4947 dubio
627 4890 810 4962 procul
840 4891 1152 4962 pronuntias
1171 4889 1383 4959 nuptias
1411 4888 1478 4943 ad
1512 4887 1601 4958 jus
1625 4887 1886 4944 daemonis
1906 4902 2032 4958 per-

445 4985 635 5042 linere.

513 5079 652 5134 Anc.
680 5075 946 5147 Numquid
972 5089 1069 5129 nos
1092 5071 1334 5139 dicimus,
1367 5072 1484 5128 sine
1515 5069 1896 5127 commixtione
1915 5084 2038 5125 cor-

445 5166 592 5235 poris
622 5166 832 5235 nuptias
851 5165 907 5221 in
929 5164 1175 5236 paradiso
1202 5178 1325 5220 esse
1349 5163 1609 5235 potuisse,
1649 5162 1694 5217 si
1718 5177 1875 5218 nemo
1903 5176 2034 5234 pec-

447 5255 660 5311 casset?
684 5254 789 5310 Sed
812 5270 918 5309 non
940 5255 1010 5310 ibi
1035 5263 1177 5310 esset
1202 5255 1422 5321 malum,
1441 5268 1547 5325 quo
1560 5268 1698 5308 nunc
1714 5252 1853 5308 bene
1873 5253 2039 5308 utitur

448 5344 697 5417 pudicitia
719 5345 1034 5416 conjugalis.
1065 5345 1195 5401 Illud
1220 5357 1397 5401 autem
1425 5346 1620 5400 malum
1642 5352 1724 5400 est
1748 5359 1777 5398 a
1796 5344 2035 5410 vulnere,

449 5434 591 5508 quod
617 5434 878 5490 diabolica
922 5434 1114 5489 inﬂixit
1142 5436 1357 5490 astutia.
1393 5436 1527 5491 IIinc
1556 5450 1646 5491 rea
1678 5443 1888 5489 tenetur
1916 5449 2040 5503 pro-

453 5544 587 5601 pago
617 5525 922 5582 mortalium
951 5543 964 5580 :
1009 5526 1134 5581 hinc
1161 5535 1243 5582 est
1274 5528 1362 5597 qui
1394 5527 1630 5582 nascitur
1672 5526 1772 5581 sub
1799 5525 2040 5597 principe

452 5723 660 5836 (1οέἑέςὲ
694 5721 1035 5784 manum-imi,
1060 5726 1186 5785 post,
1211 5717 1338 5773 hanc
1356 5721 1679 5791 prwdt'cante,
1714 5727 1961 5790 omittunt,
1998 5733 2044 5822 ct

522 5848 543 5879 ι
570 5855 589 5893 ι
603 5847 860 5911 iguicrius,
881 5850 949 5898 ut.
972 5844 1141 5897 Melius
1162 5851 1292 5911 uss,
1315 5854 1378 5902 et.

1799 373 2002 434 LIBER
2038 372 2313 433 ιιιιιιιιιε.

3568 375 3707 432 ιοεε
3740 361 3744 365 ’

2119 498 2483 560 peccatorum,
2514 483 2687 542 donec
2711 492 3021 541 renascatur
3044 485 3098 541 in
3122 485 3357 553 Christo,
3386 489 3477 559 qui
3505 490 3706 546 nullum

2116 580 2301 637 habuit
2321 578 2543 633 omnino
2570 587 2883 648 peccatum;
2910 592 2943 631 a
2972 593 3079 648 quo
3105 578 3224 633 solo
3249 579 3517 636 vinculum
3544 583 3708 639 solvi-

2118 679 2205 725 tur
2230 669 2439 736 mortis,
2467 668 2589 738 quia
2618 668 2765 723 solus
2797 668 2893 723 fuit
2915 668 3050 723 liber
3079 669 3130 723 iu
3160 670 3405 726 mortuis.

2190 761 2372 817 LXIII.
2389 761 2507 817 ιυι..
2530 761 2669 816 Dicis
2692 761 2828 816 trahi
2855 771 3059 817 naturae
3076 761 3382 818 conditione
3409 774 3706 835 peccatum,

2117 854 2209 925 qni
2234 855 2317 909 vis
2346 854 2449 909 hoc
2485 853 2683 908 malum
2715 869 2745 908 a
2775 853 3052 911 voluntate
3097 854 3257 925 primi
3305 855 3538 913 hominis
3571 860 3716 915 acci-

2117 947 2283 1003 disse.
2308 946 2504 1002 Diﬁ’ero
2531 945 2617 1001 hic
2644 946 3073 1016 responsionem,
3102 962 3205 1018 qua
3233 948 3633 1005 convincendus
3652 965 3714 1005 es

2119 1038 2261 1108 quod
2288 1038 2406 1093 sine
2430 1036 2748 1092 verecundia
2775 1037 3070 1093 mentiaris.
3098 1037 3203 1094 Sed
3221 1038 3362 1108 quod
3384 1038 3451 1093 ad
3480 1054 3716 1109 prmsen-

2120 1137 2226 1184 tem
2257 1128 2432 1183 locum
2463 1137 2688 1198 spectat,
2733 1127 2945 1198 colligo,
2976 1134 3034 1182 et
3074 1128 3350 1198 sapientia:
3377 1130 3714 1185 ratiocinanti

2119 1221 2303 1287 credo,
2325 1220 2468 1292 quod
2491 1231 2735 1275 naturam
2761 1220 3011 1277 videlicet
3035 1219 3355 1277 diaholicam
3395 1222 3514 1278 sine
3538 1224 3713 1278 ambi-

2119 1314 2317 1386 guitate
2336 1312 2583 1368 deﬁnias.
2611 1310 2742 1367 Nam
2763 1311 2809 1366 si
2835 1312 2889 1367 in
2915 1328 2979 1367 ea
3002 1312 3086 1368 vel
3110 1327 3206 1383 per
3224 1328 3343 1367 eam
3364 1321 3466 1381 est,
3497 1323 3716 1384 prepter

2120 1404 2264 1475 quod
2299 1403 2461 1459 homo
2486 1418 2519 1458 ε
2548 1402 2764 1459 diabolo
2813 1403 3149 1473 possidetur;
3180 1402 3579 1459 irrefutabiliter
3603 1405 3720 1460 dia-

2122 1498 2229 1553 boli
2255 1506 2358 1564 est,
2391 1513 2487 1568 per
2504 1497 2645 1568 quod
2672 1496 2765 1551 Dei
2795 1495 3085 1567 imaginem
3108 1496 3209 1552 sibi
3233 1497 3408 1566 potuit
3423 1496 3715 1553 vindicare.

2122 1589 2237 1648 Imo
2267 1607 2366 1647 nec
2394 1590 2567 1661 imago
2587 1589 2682 1645 Dei
2702 1597 2806 1656 est,
2830 1603 2949 1660 qua:
2974 1604 3071 1660 per
3090 1596 3338 1644 exortum
3369 1603 3524 1644 suum
3557 1589 3610 1644 in
3636 1582 3718 1644 re;

2119 1697 2226 1754 gno
2254 1681 2449 1736 diaboli
2474 1690 2575 1736 est.

2193 1776 2331 1831 Anc.
2370 1771 2587 1838 Credis,
2634 1770 2727 1826 sed
2763 1770 3004 1842 opinanti
3047 1769 3284 1826 stultitim
3307 1809 3325 1837 ,
3365 1784 3473 1825 non
3502 1771 3716 1826 ratioci-

2121 1865 2270 1921 nanti
2296 1862 2591 1934 sapientiae.
2616 1861 2746 1918 Sine
2775 1861 3024 1931 parvulos
3043 1861 3158 1916 erui
3185 1860 3253 1916 de
3276 1868 3538 1931 potestate
3560 1868 3712 1921 tene-

2121 1954 2361 2021 brarum,
2391 1960 2448 2007 ut
2470 1950 2668 2007 Christi
2690 1949 3078 2005 transferantur
3115 1949 3169 2004 in
3195 1964 3439 2020 regnum.
3469 1949 3602 2004 Nam
3631 1950 3718 2005 di-

2121 2046 2295 2103 cendo
2317 2059 2411 2101 eos
2431 2043 2627 2099 veteris
2653 2042 2832 2097 delicti
2862 2056 2967 2095 non
2997 2041 3194 2095 habere
3219 2041 3544 2110 contagium,
3572 2042 3718 2096 etsic

2122 2134 2447 2192 removendo
2462 2149 2495 2189 a
2518 2132 2883 2189 misericordia
2904 2126 3224 2195 SalvatOris,
3252 2131 3344 2201 qui
3364 2132 3566 2186 salvum
3593 2130 3718 2187 facit

2124 2230 2376 2302 p0polum
2393 2243 2546 2284 suum
2562 2243 2591 2282 a
2608 2229 3056 2298 peccatlseorum,
3074 2224 3214 2279 unde
3229 2232 3446 2279 vocatus
3462 2233 3543 2279 est
3556 2223 3716 2280 Iesus

2126 2321 2347 2395 (Matth.
2368 2336 2405 2389 ι,
2427 2320 2554 2393 2|);
2587 2319 2718 2374 nihil
2747 2319 2881 2390 agis,
2900 2318 3001 2373 nisi
3034 2326 3091 2372 ut
3111 2317 3191 2372 ira
3221 2318 3313 2372 Dei
3328 2326 3540 2372 maneat
3557 2330 3720 2386 Super

2123 2428 2239 2480 eos,
2257 2413 2325 2471 de
2348 2428 2451 2483 qua
2467 2412 2675 2467 locutus
2687 2421 2770 2466 est
2785 2409 2907 2474 .Ioh,
2924 2409 3144 2464 dicens:
3164 2407 3332 2462 Homo
3352 2417 3501 2462 natus
3521 2424 3583 2462 ca:
3602 2424 3719 2461 nm-

2125 2506 2264 2572 tierc,
2294 2504 2456 2559 brevis
2479 2504 2612 2570 vim,
2643 2512 2689 2557 et
2713 2501 2893 2572 plenus
2915 2500 3027 2566 irce,
3042 2509 3089 2554 et
3114 2500 3244 2555 sicut
3259 2500 3357 2570 ﬂos
3381 2500 3483 2571 feni
3503 2499 3709 2566 decidit,

2126 2595 2257 2668 fugit
2284 2605 2451 2649 autent
2471 2595 2601 2649 sicut
2627 2592 2837 2657 umbra,
2857 2602 2902 2646 et
2930 2608 3033 2646 non
3055 2591 3206 2646 stabit
3238 2606 3257 2645 :
3281 2607 3446 2645 nonne
3470 2601 3516 2645 et
3559 2592 3716 2661 hujus

2124 2702 2299 2741 curant
2323 2685 2506 2756 fecisti,
2527 2685 2725 2739 ethunc
2746 2683 2906 2756 fecisti
2934 2684 3128 2737 intrare
3157 2682 3211 2736 in
3224 2692 3509 2755 conspectu
3544 2684 3598 2737 in
3628 2684 3721 2753 ju-

2125 2778 2356 2832 dicium?
2384 2776 2511 2843 Quis
2539 2778 2672 2830 enim
2706 2777 2801 2831 erit
2828 2776 3046 2829 mundus
3082 2790 3116 2827 a
3156 2773 3429 2828 sontibus?
3472 2772 3552 2828 Ne
3589 2791 3720 2829 unus

2125 2868 2350 2939 quidem,
2382 2867 2578 2921 etiamsi
2597 2867 2749 2920 unius
2775 2865 2927 2934 fuerit
2952 2865 3052 2919 diei
3078 2865 3177 2919 vita
3196 2866 3310 2936 ejus
3345 2881 3500 2935 super
3536 2875 3721 2920 terram

2132 2957 2288 3032 (Job.
2314 2974 2431 3026 xw,
2456 2959 2569 3021 1-4,
2593 2975 2692 3013 sec.
2713 2957 2857 3014 LXX
2874 2956 2915 3030 ).
2943 2957 3049 3014 Sed
3076 2956 3341 3024 videlicet,
3370 2958 3530 3012 homo
3555 2958 3716 3013 mise-

2126 3050 2318 3115 ricors,
2352 3050 2623 3104 miseraris
2668 3049 2949 3119 imaginem
2990 3048 3106 3116 Dei,
3156 3063 3225 3103 ne
3265 3048 3413 3103 dicas
3452 3064 3569 3103 eam
3614 3049 3716 3103 sub

2128 3150 2349 3213 peccato
2376 3143 2658 3211 carnaliter
2669 3142 2833 3196 nasci.
2853 3140 3073 3211 unam
3091 3140 3323 3197 crudelis
3351 3150 3431 3196 εει
3463 3142 3560 3196 ista
3579 3157 3715 3196 vana

2128 3231 2492 3286 misericordia
2527 3238 2636 3295 tua,
2664 3247 2782 3301 qua:
2827 3232 3058 3301 parvulis
3096 3240 3256 3302 negat
3296 3230 3718 3287 misericordiam

2127 3322 2419 3379 Salvatoris
2433 3323 2513 3378 sui
2541 3341 2554 3377 :
2581 3323 2671 3394 qui
2701 3324 2847 3377 venit
2874 3337 3117 3393 qumrerc
3147 3323 3284 3392 quod
3314 3323 3545 3393 perierat
3567 3321 3719 3392 (Luc.

2129 3430 2219 3469 xu
2243 3455 2259 3481 ,
2302 3413 2424 3485 ιο)ι
2454 3413 2558 3468 Per
2586 3414 2701 3468 illas
2729 3411 2888 3483 igitur
2912 3412 3102 3468 sordes
3125 3454 3141 3478 ,
3181 3414 3299 3467 sine
3336 3413 3529 3484 quibus
3559 3412 3722 3468 homo

2131 3506 2230 3562 Dei
2259 3506 2389 3562 dicit
2424 3521 2545 3562 esse
2583 3507 2878 3572 neminem,
2920 3506 3019 3562 etsi
3048 3507 3205 3563 unius
3241 3506 3346 3561 dici
3381 3508 3449 3561 sit
3474 3506 3578 3562 vita
3609 3506 3725 3577 ejus

2129 3611 2293 3668 super
2318 3606 2539 3664 terram,
2579 3597 2681 3652 sibi
2728 3597 2961 3653 vindicat
2996 3596 3241 3655 diabolus
3274 3598 3559 3670 imaginem
3605 3599 3722 3666 Dei,

2130 3703 2237 3742 non
2285 3702 2384 3757 per
2427 3687 2809 3753 substantiam,
2852 3702 3013 3758 quam
3064 3689 3267 3743 creavit
3310 3688 3470 3744 Deus.
3528 3689 3718 3744 Vitiata

2129 3786 2213 3833 est
2240 3777 2382 3834 enim
2406 3778 2615 3846 natdra,
2647 3794 2753 3834 non
2784 3778 2970 3834 vitium
2997 3787 3099 3835 est.
3130 3779 3234 3835 Sed
3255 3781 3358 3849 tu‘,
3396 3799 3415 3832 ι
3449 3779 3559 3836 Νεε
3581 3781 3717 3834 ima-

2128 3883 2198 3939 go
2226 3869 2318 3924 Dei
2340 3880 2446 3933 est,
2478 3888 2497 3922 ι
2529 3871 2724 3941 inquis,
2760 3889 2779 3923 ι
2817 3886 2935 3941 qum
2962 3886 3058 3940 per
3083 3881 3328 3926 exortum
3356 3887 3510 3927 suum
3547 3873 3598 3927 iu
3635 3887 3727 3927 rc-

2129 3975 2237 4032 gno
2273 3961 2470 4017 diaboli
2493 3970 2595 4018 est.
2636 3982 2655 4017 ι
2688 3962 2846 4032 Quid,
2890 3964 2936 4018 si
2977 3964 3073 4018 tibi
3104 3964 3240 4021 alios
3274 3964 3439 4033 dicat,
3486 3964 3605 4020 Non
3644 3972 3728 4022 cst

2132 4055 2307 4126 imago
2331 4055 2445 4120 Dei,
2471 4071 2590 4125 quze
2636 4056 2783 4110 nullo
2828 4070 2919 4111 rea
2946 4065 3188 4126 peccato,
3225 4071 3331 4111 non
3362 4068 3537 4112 tamen
3565 4057 3730 4112 intrat

2132 4145 2186 4200 in
2208 4161 2429 4217 regnum
2462 4146 2595 4201 Dei?
2622 4161 2818 4212 nonne,
2850 4147 2975 4218 quid
2999 4147 3326 4219 respondeas
3348 4163 3451 4203 non
3484 4148 3725 4213 habebis,

2132 4238 2178 4294 si
2203 4253 2336 4293 vana
2364 4238 2689 4309 respondere
2717 4239 2990 4294 nolueris?
3038 4230 3107 4295 Et
3135 4248 3281 4295 certe
3325 4247 3606 4313 pgnptcrea
3645 4248 3732 4294 cst

2136 4329 2296 4384 homo
2316 4330 2489 4401 imago
2511 4331 2625 4396 Dei,
2646 4331 2768 4401 quia
2796 4329 2964 4386 factus
2988 4338 3070 4385 εει
3093 4329 3161 4385 ad
3181 4330 3581 4386 similitudinem
3609 4330 3729 4385 Dei.

2134 4421 2243 4477 Cur
2266 4436 2395 4492 ergo
2423 4429 2479 4476 et
2514 4421 2734 4476 vanitati
2760 4421 2950 4476 similis
2981 4420 3155 4477 factus
3198 4430 3301 4489 est,
3330 4430 3551 4492 propter
3587 4420 3730 4490 quod

2134 4512 2250 4569 dies
2276 4517 2393 4584 ejus
2418 4513 2563 4568 velut
2605 4506 2790 4567 umbra
2816 4521 3147 4583 prtetercunt
3174 4511 3193 4583 (
3216 4510 3363 4566 Psal.
3397 4527 3578 4578 CXLIII,
3610 4512 3645 4565 4
3668 4510 3731 4581 )?

2136 4602 2254 4658 Non
2285 4602 2429 4658 enim
2458 4602 2526 4656 ab
2566 4602 2667 4656 hac
2698 4605 2929 4655 vanitate
2972 4611 3315 4671 scparaturus
3359 4615 3418 4656 es
3458 4599 3728 4670 parvulos,

2136 4709 2257 4749 cum
2285 4693 2401 4748 dies
2426 4708 2612 4761 eorum
2658 4695 2801 4748 velut
2827 4693 3014 4747 umbra
3061 4701 3405 4762 przetcreaut.
3445 4692 3726 4746 Postremo

2139 4784 2396 4854 numquid
2427 4797 2523 4838 eos
2559 4791 2615 4839 et
2651 4799 2682 4837 a
2718 4784 3019 4838 viventibus
3063 4782 3373 4852 separabis?
3418 4782 3555 4836 Audi
3606 4798 3736 4852 ergo

2139 4890 2261 4930 eum
2292 4874 2385 4945 qui
2411 4874 2540 4929 dicit
2578 4874 2632 4929 in
2673 4873 2928 4929 Psalmo:
2971 4872 3106 4928 Ecce
3141 4883 3329 4927 veteres
3379 4874 3592 4943 posuisti
3630 4873 3734 4928 dies

2140 4983 2295 5033 meos,
2334 4975 2382 5021 et
2424 4966 2699 5021 substantia
2733 4982 2845 5020 mea
2889 4974 3127 5036 tanquam
3169 4965 3299 5020 ntltit
3344 4976 3462 5020 ante
3509 4974 3595 5032 te;
3648 4982 3734 5020 re-

2141 5066 2423 5112 rumtamen
2464 5057 2696 5112 universa
2723 5057 2939 5120 uanitas,
2968 5058 3131 5111 omnis
3161 5058 3313 5111 homo
3340 5058 3508 5111 vivens
3539 5058 3557 5129 (
3585 5056 3736 5114 I’sal.

2143 5164 2366 5213 xxxvm,
2395 5146 2489 5220 6).
2511 5148 2646 5204 Cum
2676 5164 2803 5218 ergo
2823 5148 2893 5202 sit
2921 5148 3096 5218 imago
3124 5148 3217 5204 Dei
3259 5148 3434 5203 omnis
3466 5148 3626 5203 homo
3654 5148 3736 5204 vi-

2146 5253 2296 5306 vens,
2320 5237 2407 5294 die
2432 5238 2572 5294 unde
2593 5240 2662 5294 sit
2685 5241 2845 5294 etiam
2878 5240 3086 5294 vanitas
3110 5239 3287 5293 omnis
3326 5239 3488 5295 homo
3530 5241 3738 5295 vivens.

2147 5333 2253 5389 Sed
2276 5333 2400 5403 quid
2422 5333 2663 5387 dicturus
2684 5348 2765 5394 es,
2786 5332 2875 5401 qui
2905 5347 3010 5387 non
3032 5332 3113 5387 vis
3139 5335 3453 5402 agnuswrc,
3477 5332 3618 5386 aliud
3646 5334 3741 5386 ho-

2147 5440 2264 5479 rum
2291 5439 2411 5479 esse
2439 5439 2505 5477 ex
2531 5422 2838 5477 conditione
2866 5423 2976 5488 Dei,
3007 5423 3151 5477 aliud
3178 5422 3437 5478 accidisse
3456 5438 3522 5477 ex
3551 5423 3739 5477 condio

2151 5514 2294 5569 tione
2321 5514 2562 5584 peccati?
2586 5515 2900 5580 Permittite,
2928 5529 3255 5585 quaesumus,
3276 5523 3333 5570 ut
3358 5515 3519 5569 homo
3535 5515 3748 5580 vivens,

2147 5603 2239 5675 qui
2265 5604 2330 5659 ad
2361 5605 2451 5660 Dei
2477 5604 2878 5661 similitudinem
2907 5604 3077 5662 factus
3121 5614 3238 5674 est,
3284 5600 3505 5661 eruatur
3529 5620 3559 5658 a
3588 5614 3739 5675 pote.

2149 5705 2289 5753 state
2314 5697 2671 5766 tenebrarum,
2704 5697 2804 5755 sub
2826 5713 2928 5770 qua
2955 5698 3173 5755 vanitati
3197 5696 3388 5756 similis
3412 5695 3585 5754 factus
3608 5707 3693 5755 est
3719 5714 3734 5754 :

2217 5849 2233 5882 ι
2264 5849 2489 5914 t‘iguict'ii
2516 5853 2681 5917 editi),
2706 5863 2818 5908 tum.
2866 5859 2996 5917 MSS»
3015 5855 3086 5903 τηε
