  <div class='ocr_page' id='page_1' title='image "/cluster/home/n/w/nwhite01/storage/ocr_20150623/44-45/uc1.31175026792435/551.png"; bbox 0 0 4118 6568; ppageno 0'>
   <div class='ocr_carea' id='block_1_1' title="bbox 446 440 580 498">
    <p class='ocr_par' dir='ltr' id='par_1_1' title="bbox 446 440 580 498">
     <span class='ocr_line' id='line_1_1' title="bbox 446 440 580 498; baseline 0.015 -2"><span class='ocrx_word' id='word_1_1' title='bbox 446 440 580 498; x_wconf 70' lang='grc'><strong>1085</strong></span> 
     </span>
    </p>
   </div>
   <div class='ocr_carea' id='block_1_2' title="bbox 443 537 2017 612">
    <p class='ocr_par' dir='ltr' id='par_1_2' title="bbox 443 537 2017 612">
     <span class='ocr_line' id='line_1_2' title="bbox 443 537 2017 612; baseline -0.014 -1"><span class='ocrx_word' id='word_1_2' title='bbox 443 561 662 612; x_wconf 82' lang='lat' dir='ltr'><strong>ematur</strong></span> <span class='ocrx_word' id='word_1_3' title='bbox 705 556 882 606; x_wconf 87' lang='lat' dir='ltr'><strong>autem</strong></span> <span class='ocrx_word' id='word_1_4' title='bbox 928 560 1070 602; x_wconf 93' lang='lat' dir='ltr'><strong>nunc</strong></span> <span class='ocrx_word' id='word_1_5' title='bbox 1109 544 1321 600; x_wconf 90' lang='lat' dir='ltr'><strong>interim</strong></span> <span class='ocrx_word' id='word_1_6' title='bbox 1359 557 1390 596; x_wconf 89' lang='lat' dir='ltr'><strong>a</strong></span> <span class='ocrx_word' id='word_1_7' title='bbox 1435 549 1613 596; x_wconf 92' lang='lat' dir='ltr'><strong>reatus</strong></span> <span class='ocrx_word' id='word_1_8' title='bbox 1662 537 2017 609; x_wconf 79' lang='lat' dir='ltr'><strong>obligatione;</strong></span> 
     </span>
    </p>
   </div>
   <div class='ocr_carea' id='block_1_3' title="bbox 442 628 2024 716">
    <p class='ocr_par' dir='ltr' id='par_1_3' title="bbox 442 628 2024 716">
     <span class='ocr_line' id='line_1_3' title="bbox 442 628 2024 716; baseline -0.013 -16"><span class='ocrx_word' id='word_1_9' title='bbox 442 653 565 716; x_wconf 87' lang='lat' dir='ltr'><strong>post</strong></span> <span class='ocrx_word' id='word_1_10' title='bbox 593 642 730 699; x_wconf 87' lang='lat' dir='ltr'><strong>hanc</strong></span> <span class='ocrx_word' id='word_1_11' title='bbox 756 654 885 696; x_wconf 86' lang='lat' dir='ltr'><strong>vero</strong></span> <span class='ocrx_word' id='word_1_12' title='bbox 921 634 1321 707; x_wconf 88' lang='lat' dir='ltr'><strong>corruptibilem</strong></span> <span class='ocrx_word' id='word_1_13' title='bbox 1361 633 1545 696; x_wconf 80' lang='lat' dir='ltr'><strong>vitam,</strong></span> <span class='ocrx_word' id='word_1_14' title='bbox 1579 629 1647 685; x_wconf 92' lang='lat' dir='ltr'><strong>ab</strong></span> <span class='ocrx_word' id='word_1_15' title='bbox 1676 628 1819 684; x_wconf 91' lang='lat' dir='ltr'><strong>omni</strong></span> <span class='ocrx_word' id='word_1_16' title='bbox 1864 628 2024 682; x_wconf 86' lang='lat' dir='ltr'><strong>etiam</strong></span> 
     </span>
    </p>
   </div>
   <div class='ocr_carea' id='block_1_4' title="bbox 442 736 694 792">
    <p class='ocr_par' dir='ltr' id='par_1_4' title="bbox 442 736 694 792">
     <span class='ocr_line' id='line_1_4' title="bbox 442 736 694 792; baseline -0.008 -2"><span class='ocrx_word' id='word_1_17' title='bbox 442 736 694 792; x_wconf 80' lang='lat' dir='ltr'><strong>vanitate.</strong></span> 
     </span>
    </p>
   </div>
   <div class='ocr_carea' id='block_1_5' title="bbox 517 811 2028 892">
    <p class='ocr_par' dir='ltr' id='par_1_5' title="bbox 517 811 2028 892">
     <span class='ocr_line' id='line_1_5' title="bbox 517 811 2028 892; baseline -0.011 -11"><span class='ocrx_word' id='word_1_18' title='bbox 517 824 698 881; x_wconf 74' lang='lat' dir='ltr'><strong>LXIV.</strong></span> <span class='ocrx_word' id='word_1_19' title='bbox 726 823 846 879; x_wconf 74' lang='grc' dir='ltr'>ιω..</span> <span class='ocrx_word' id='word_1_20' title='bbox 876 821 932 879; x_wconf 87' lang='lat' dir='ltr'><strong>Si</strong></span> <span class='ocrx_word' id='word_1_21' title='bbox 961 820 1120 892; x_wconf 86' lang='lat' dir='ltr'><strong>igitur</strong></span> <span class='ocrx_word' id='word_1_22' title='bbox 1138 818 1283 889; x_wconf 88' lang='lat' dir='ltr'><strong>legas</strong></span> <span class='ocrx_word' id='word_1_23' title='bbox 1304 829 1439 886; x_wconf 89' lang='lat' dir='ltr'><strong>opus</strong></span> <span class='ocrx_word' id='word_1_24' title='bbox 1468 828 1664 879; x_wconf 87' lang='lat' dir='ltr'><strong>meum,</strong></span> <span class='ocrx_word' id='word_1_25' title='bbox 1693 811 1910 868; x_wconf 91' lang='lat' dir='ltr'><strong>desines</strong></span> <span class='ocrx_word' id='word_1_26' title='bbox 1929 811 2028 865; x_wconf 91' lang='lat' dir='ltr'><strong>mi-</strong></span> 
     </span>
    </p>
   </div>
   <div class='ocr_carea' id='block_1_6' title="bbox 443 911 2025 983">
    <p class='ocr_par' dir='ltr' id='par_1_6' title="bbox 443 911 2025 983">
     <span class='ocr_line' id='line_1_6' title="bbox 443 911 2025 983; baseline -0.01 -11"><span class='ocrx_word' id='word_1_27' title='bbox 443 917 575 983; x_wconf 84' lang='lat' dir='ltr'><strong>rari,</strong></span> <span class='ocrx_word' id='word_1_28' title='bbox 603 931 699 971; x_wconf 90' lang='lat' dir='ltr'><strong>cur</strong></span> <span class='ocrx_word' id='word_1_29' title='bbox 717 914 783 970; x_wconf 91' lang='lat' dir='ltr'><strong>ad</strong></span> <span class='ocrx_word' id='word_1_30' title='bbox 810 912 969 968; x_wconf 86' lang='lat' dir='ltr'><strong>verba</strong></span> <span class='ocrx_word' id='word_1_31' title='bbox 994 920 1103 977; x_wconf 91' lang='lat' dir='ltr'><strong>tua,</strong></span> <span class='ocrx_word' id='word_1_32' title='bbox 1133 923 1251 981; x_wconf 68' lang='lat' dir='ltr'><strong>quas</strong></span> <span class='ocrx_word' id='word_1_33' title='bbox 1278 922 1436 977; x_wconf 90' lang='lat' dir='ltr'><strong>supra</strong></span> <span class='ocrx_word' id='word_1_34' title='bbox 1459 920 1759 975; x_wconf 83' lang='lat' dir='ltr'><strong>posueram,</strong></span> <span class='ocrx_word' id='word_1_35' title='bbox 1789 911 2025 957; x_wconf 90' lang='lat' dir='ltr'><strong>reverte-</strong></span> 
     </span>
    </p>
   </div>
   <div class='ocr_carea' id='block_1_7' title="bbox 445 995 2027 1073">
    <p class='ocr_par' dir='ltr' id='par_1_7' title="bbox 445 995 2027 1073">
     <span class='ocr_line' id='line_1_7' title="bbox 445 995 2027 1073; baseline -0.011 -10"><span class='ocrx_word' id='word_1_36' title='bbox 445 1008 567 1063; x_wconf 87' lang='lat' dir='ltr'><strong>rim.</strong></span> <span class='ocrx_word' id='word_1_37' title='bbox 603 1005 955 1061; x_wconf 88' lang='lat' dir='ltr'><strong>Promiseram</strong></span> <span class='ocrx_word' id='word_1_38' title='bbox 985 1002 1180 1073; x_wconf 82' lang='lat' dir='ltr'><strong>quippe</strong></span> <span class='ocrx_word' id='word_1_39' title='bbox 1210 1014 1295 1054; x_wconf 92' lang='lat' dir='ltr'><strong>me</strong></span> <span class='ocrx_word' id='word_1_40' title='bbox 1321 997 1387 1053; x_wconf 91' lang='lat' dir='ltr'><strong>de</strong></span> <span class='ocrx_word' id='word_1_41' title='bbox 1411 996 1623 1066; x_wconf 86' lang='lat' dir='ltr'><strong>scriptis</strong></span> <span class='ocrx_word' id='word_1_42' title='bbox 1645 995 1749 1049; x_wconf 87' lang='lat' dir='ltr'><strong>tuis</strong></span> <span class='ocrx_word' id='word_1_43' title='bbox 1776 995 2027 1063; x_wconf 88' lang='lat' dir='ltr'><strong>probatu-</strong></span> 
     </span>
    </p>
   </div>
   <div class='ocr_carea' id='block_1_8' title="bbox 447 1085 2026 1166">
    <p class='ocr_par' dir='ltr' id='par_1_8' title="bbox 447 1085 2026 1166">
     <span class='ocr_line' id='line_1_8' title="bbox 447 1085 2026 1166; baseline -0.009 -14"><span class='ocrx_word' id='word_1_44' title='bbox 447 1115 587 1161; x_wconf 90' lang='lat' dir='ltr'><strong>rum,</strong></span> <span class='ocrx_word' id='word_1_45' title='bbox 617 1096 864 1166; x_wconf 87' lang='lat' dir='ltr'><strong>quoniam</strong></span> <span class='ocrx_word' id='word_1_46' title='bbox 906 1102 961 1149; x_wconf 91' lang='lat' dir='ltr'><strong>tu</strong></span> <span class='ocrx_word' id='word_1_47' title='bbox 1002 1093 1138 1147; x_wconf 90' lang='lat' dir='ltr'><strong>inter</strong></span> <span class='ocrx_word' id='word_1_48' title='bbox 1168 1090 1492 1160; x_wconf 81' lang='lat' dir='ltr'><strong>impietatem</strong></span> <span class='ocrx_word' id='word_1_49' title='bbox 1526 1101 1684 1156; x_wconf 88' lang='lat' dir='ltr'><strong>quam</strong></span> <span class='ocrx_word' id='word_1_50' title='bbox 1714 1085 1944 1146; x_wconf 79' lang='lat' dir='ltr'><strong>hiberas.</strong></span> <span class='ocrx_word' id='word_1_51' title='bbox 1975 1093 2026 1139; x_wconf 89' lang='lat' dir='ltr'><strong>et</strong></span> 
     </span>
    </p>
   </div>
   <div class='ocr_carea' id='block_1_9' title="bbox 444 1174 2028 1258">
    <p class='ocr_par' dir='ltr' id='par_1_9' title="bbox 444 1174 2028 1258">
     <span class='ocr_line' id='line_1_9' title="bbox 444 1174 2028 1258; baseline -0.008 -15"><span class='ocrx_word' id='word_1_52' title='bbox 444 1189 562 1258; x_wconf 89' lang='lat' dir='ltr'><strong>ejus</strong></span> <span class='ocrx_word' id='word_1_53' title='bbox 592 1186 840 1240; x_wconf 75' lang='lat' dir='ltr'><strong>invidiam</strong></span> <span class='ocrx_word' id='word_1_54' title='bbox 869 1198 1027 1253; x_wconf 90' lang='lat' dir='ltr'><strong>quam</strong></span> <span class='ocrx_word' id='word_1_55' title='bbox 1056 1180 1298 1244; x_wconf 89' lang='lat' dir='ltr'><strong>timebas,</strong></span> <span class='ocrx_word' id='word_1_56' title='bbox 1330 1177 1528 1248; x_wconf 89' lang='lat' dir='ltr'><strong>pariter</strong></span> <span class='ocrx_word' id='word_1_57' title='bbox 1551 1183 1835 1245; x_wconf 88' lang='lat' dir='ltr'><strong>utrumque</strong></span> <span class='ocrx_word' id='word_1_58' title='bbox 1858 1174 2028 1230; x_wconf 80' lang='lat' dir='ltr'><strong>dixis-</strong></span> 
     </span>
    </p>
   </div>
   <div class='ocr_carea' id='block_1_10' title="bbox 449 1265 2027 1348">
    <p class='ocr_par' dir='ltr' id='par_1_10' title="bbox 449 1265 2027 1348">
     <span class='ocr_line' id='line_1_10' title="bbox 449 1265 2027 1348; baseline -0.01 -13"><span class='ocrx_word' id='word_1_59' title='bbox 449 1294 560 1345; x_wconf 88' lang='lat' dir='ltr'><strong>ses,</strong></span> <span class='ocrx_word' id='word_1_60' title='bbox 588 1290 641 1334; x_wconf 91' lang='lat' dir='ltr'><strong>et</strong></span> <span class='ocrx_word' id='word_1_61' title='bbox 660 1278 798 1348; x_wconf 88' lang='lat' dir='ltr'><strong>quod</strong></span> <span class='ocrx_word' id='word_1_62' title='bbox 829 1291 858 1330; x_wconf 90' lang='lat' dir='ltr'><strong>a</strong></span> <span class='ocrx_word' id='word_1_63' title='bbox 887 1272 1195 1339; x_wconf 84' lang='lat' dir='ltr'><strong>Catholicis,</strong></span> <span class='ocrx_word' id='word_1_64' title='bbox 1221 1268 1439 1340; x_wconf 91' lang='lat' dir='ltr'><strong>etquod</strong></span> <span class='ocrx_word' id='word_1_65' title='bbox 1475 1283 1504 1321; x_wconf 93' lang='lat' dir='ltr'><strong>a</strong></span> <span class='ocrx_word' id='word_1_66' title='bbox 1535 1266 1837 1322; x_wconf 71' lang='lat' dir='ltr'><strong>Manicltzeis</strong></span> <span class='ocrx_word' id='word_1_67' title='bbox 1860 1265 2027 1321; x_wconf 87' lang='lat' dir='ltr'><strong>asscri</strong></span> 
     </span>
    </p>
   </div>
   <div class='ocr_carea' id='block_1_11' title="bbox 446 1356 2028 1437">
    <p class='ocr_par' dir='ltr' id='par_1_11' title="bbox 446 1356 2028 1437">
     <span class='ocr_line' id='line_1_11' title="bbox 446 1356 2028 1437; baseline -0.009 -13"><span class='ocrx_word' id='word_1_68' title='bbox 446 1370 603 1425; x_wconf 84' lang='lat' dir='ltr'><strong>solet.</strong></span> <span class='ocrx_word' id='word_1_69' title='bbox 637 1370 729 1423; x_wconf 83' lang='lat' dir='ltr'><strong>Est</strong></span> <span class='ocrx_word' id='word_1_70' title='bbox 772 1368 946 1437; x_wconf 83' lang='lat' dir='ltr'><strong>itaque</strong></span> <span class='ocrx_word' id='word_1_71' title='bbox 987 1365 1055 1419; x_wconf 85' lang='lat' dir='ltr'><strong>ibi</strong></span> <span class='ocrx_word' id='word_1_72' title='bbox 1095 1362 1214 1418; x_wconf 90' lang='lat' dir='ltr'><strong>talis</strong></span> <span class='ocrx_word' id='word_1_73' title='bbox 1256 1360 1389 1416; x_wconf 85' lang='lat' dir='ltr'><strong>ordo</strong></span> <span class='ocrx_word' id='word_1_74' title='bbox 1426 1359 1709 1414; x_wconf 85' lang='lat' dir='ltr'><strong>verborum</strong></span> <span class='ocrx_word' id='word_1_75' title='bbox 1753 1356 2028 1411; x_wconf 66' lang='lat' dir='ltr'><strong>admotus‘</strong></span> 
     </span>
    </p>
   </div>
   <div class='ocr_carea' id='block_1_12' title="bbox 451 1449 2026 1528">
    <p class='ocr_par' dir='ltr' id='par_1_12' title="bbox 451 1449 2026 1528">
     <span class='ocr_line' id='line_1_12' title="bbox 451 1449 2026 1528; baseline -0.008 -15"><span class='ocrx_word' id='word_1_76' title='bbox 451 1470 542 1513; x_wconf 90' lang='lat' dir='ltr'><strong>tuo</strong></span> <span class='ocrx_word' id='word_1_77' title='bbox 559 1459 737 1528; x_wconf 79' lang='lat' dir='ltr'><strong>capiti,</strong></span> <span class='ocrx_word' id='word_1_78' title='bbox 755 1458 893 1527; x_wconf 90' lang='lat' dir='ltr'><strong>quod</strong></span> <span class='ocrx_word' id='word_1_79' title='bbox 923 1471 1063 1511; x_wconf 89' lang='lat' dir='ltr'><strong>nunc</strong></span> <span class='ocrx_word' id='word_1_80' title='bbox 1088 1455 1259 1509; x_wconf 83' lang='lat' dir='ltr'><strong>fronte</strong></span> <span class='ocrx_word' id='word_1_81' title='bbox 1286 1452 1624 1524; x_wconf 69' lang='lat' dir='ltr'><strong>sycophanta:</strong></span> <span class='ocrx_word' id='word_1_82' title='bbox 1652 1449 2026 1519; x_wconf 80' lang='lat' dir='ltr'><strong>interpolatum</strong></span> 
     </span>
    </p>
   </div>
   <div class='ocr_carea' id='block_1_13' title="bbox 450 1539 2026 1612">
    <p class='ocr_par' dir='ltr' id='par_1_13' title="bbox 450 1539 2026 1612">
     <span class='ocr_line' id='line_1_13' title="bbox 450 1539 2026 1612; baseline -0.008 -8"><span class='ocrx_word' id='word_1_83' title='bbox 450 1550 613 1605; x_wconf 65' lang='lat' dir='ltr'><strong>fni~se</strong></span> <span class='ocrx_word' id='word_1_84' title='bbox 643 1551 892 1603; x_wconf 84' lang='lat' dir='ltr'><strong>mentitus</strong></span> <span class='ocrx_word' id='word_1_85' title='bbox 918 1561 996 1602; x_wconf 91' lang='lat' dir='ltr'><strong>es.</strong></span> <span class='ocrx_word' id='word_1_86' title='bbox 1024 1546 1147 1601; x_wconf 90' lang='lat' dir='ltr'><strong>Scio</strong></span> <span class='ocrx_word' id='word_1_87' title='bbox 1175 1560 1262 1607; x_wconf 86' lang='lat' dir='ltr'><strong>me</strong></span> <span class='ocrx_word' id='word_1_88' title='bbox 1285 1558 1470 1612; x_wconf 83' lang='lat' dir='ltr'><strong>magna</strong></span> <span class='ocrx_word' id='word_1_89' title='bbox 1501 1541 1786 1610; x_wconf 48' lang='lat' dir='ltr'><strong>pollicitum</strong></span> <span class='ocrx_word' id='word_1_90' title='bbox 1804 1582 1816 1604; x_wconf 92' lang='lat'><strong>,</strong></span> <span class='ocrx_word' id='word_1_91' title='bbox 1843 1539 1893 1592; x_wconf 93' lang='lat' dir='ltr'><strong>id</strong></span> <span class='ocrx_word' id='word_1_92' title='bbox 1923 1546 2026 1602; x_wconf 85' lang='lat' dir='ltr'><strong>est,</strong></span> 
     </span>
    </p>
   </div>
   <div class='ocr_carea' id='block_1_14' title="bbox 446 1628 2029 1703">
    <p class='ocr_par' dir='ltr' id='par_1_14' title="bbox 446 1628 2029 1703">
     <span class='ocr_line' id='line_1_14' title="bbox 446 1628 2029 1703; baseline -0.008 -8"><span class='ocrx_word' id='word_1_93' title='bbox 446 1653 515 1697; x_wconf 90' lang='lat' dir='ltr'><strong>.nt</strong></span> <span class='ocrx_word' id='word_1_94' title='bbox 551 1642 617 1696; x_wconf 88' lang='lat' dir='ltr'><strong>de</strong></span> <span class='ocrx_word' id='word_1_95' title='bbox 643 1640 931 1695; x_wconf 83' lang='lat' dir='ltr'><strong>adversarii</strong></span> <span class='ocrx_word' id='word_1_96' title='bbox 959 1636 1295 1693; x_wconf 86' lang='lat' dir='ltr'><strong>sermonibus</strong></span> <span class='ocrx_word' id='word_1_97' title='bbox 1319 1633 1691 1703; x_wconf 81' lang='lat' dir='ltr'><strong>approbarem,</strong></span> <span class='ocrx_word' id='word_1_98' title='bbox 1723 1641 1778 1686; x_wconf 89' lang='lat' dir='ltr'><strong>et</strong></span> <span class='ocrx_word' id='word_1_99' title='bbox 1819 1644 1913 1685; x_wconf 90' lang='lat' dir='ltr'><strong>eos</strong></span> <span class='ocrx_word' id='word_1_100' title='bbox 1941 1628 2029 1699; x_wconf 87' lang='lat' dir='ltr'><strong>qui</strong></span> 
     </span>
    </p>
   </div>
   <div class='ocr_carea' id='block_1_15' title="bbox 454 1723 2031 1801">
    <p class='ocr_par' dir='ltr' id='par_1_15' title="bbox 454 1723 2031 1801">
     <span class='ocr_line' id='line_1_15' title="bbox 454 1723 2031 1801; baseline -0.008 -14"><span class='ocrx_word' id='word_1_101' title='bbox 454 1734 697 1788; x_wconf 81' lang='lat' dir='ltr'><strong>homines</strong></span> <span class='ocrx_word' id='word_1_102' title='bbox 717 1747 849 1801; x_wconf 85' lang='lat' dir='ltr'><strong>0an</strong></span> <span class='ocrx_word' id='word_1_103' title='bbox 877 1732 965 1785; x_wconf 83' lang='lat' dir='ltr'><strong>Dei</strong></span> <span class='ocrx_word' id='word_1_104' title='bbox 1000 1737 1212 1799; x_wconf 85' lang='lat' dir='ltr'><strong>negant,</strong></span> <span class='ocrx_word' id='word_1_105' title='bbox 1237 1728 1357 1799; x_wconf 87' lang='lat' dir='ltr'><strong>jure</strong></span> <span class='ocrx_word' id='word_1_106' title='bbox 1395 1725 1657 1789; x_wconf 89' lang='lat' dir='ltr'><strong>damnari,</strong></span> <span class='ocrx_word' id='word_1_107' title='bbox 1697 1733 1747 1781; x_wconf 92' lang='lat' dir='ltr'><strong>ct</strong></span> <span class='ocrx_word' id='word_1_108' title='bbox 1771 1725 1925 1778; x_wconf 85' lang='lat' dir='ltr'><strong>istum</strong></span> <span class='ocrx_word' id='word_1_109' title='bbox 1951 1723 2031 1792; x_wconf 56' lang='lat' dir='ltr'><strong>ip.</strong></span> 
     </span>
    </p>
   </div>
   <div class='ocr_carea' id='block_1_16' title="bbox 450 1816 2032 1893">
    <p class='ocr_par' dir='ltr' id='par_1_16' title="bbox 450 1816 2032 1893">
     <span class='ocr_line' id='line_1_16' title="bbox 450 1816 2032 1893; baseline -0.008 -16"><span class='ocrx_word' id='word_1_110' title='bbox 450 1838 589 1888; x_wconf 89' lang='lat' dir='ltr'><strong>sum,</strong></span> <span class='ocrx_word' id='word_1_111' title='bbox 624 1824 712 1893; x_wconf 89' lang='lat' dir='ltr'><strong>qui</strong></span> <span class='ocrx_word' id='word_1_112' title='bbox 743 1824 842 1876; x_wconf 91' lang='lat' dir='ltr'><strong>hoc</strong></span> <span class='ocrx_word' id='word_1_113' title='bbox 868 1822 1155 1877; x_wconf 72' lang='lat' dir='ltr'><strong>emititetnr</strong></span> <span class='ocrx_word' id='word_1_114' title='bbox 1177 1860 1193 1886; x_wconf 91' lang='lat'><strong>,</strong></span> <span class='ocrx_word' id='word_1_115' title='bbox 1219 1817 1350 1873; x_wconf 87' lang='lat' dir='ltr'><strong>nihil</strong></span> <span class='ocrx_word' id='word_1_116' title='bbox 1377 1816 1520 1870; x_wconf 84' lang='lat' dir='ltr'><strong>aliud</strong></span> <span class='ocrx_word' id='word_1_117' title='bbox 1548 1830 1728 1886; x_wconf 82' lang='lat' dir='ltr'><strong>agere,</strong></span> <span class='ocrx_word' id='word_1_118' title='bbox 1771 1829 1928 1884; x_wconf 89' lang='lat' dir='ltr'><strong>quam</strong></span> <span class='ocrx_word' id='word_1_119' title='bbox 1975 1820 2032 1865; x_wconf 90' lang='lat' dir='ltr'><strong>ut</strong></span> 
     </span>
    </p>
   </div>
   <div class='ocr_carea' id='block_1_17' title="bbox 450 1904 2029 1985">
    <p class='ocr_par' dir='ltr' id='par_1_17' title="bbox 450 1904 2029 1985">
     <span class='ocr_line' id='line_1_17' title="bbox 450 1904 2029 1985; baseline -0.01 -16"><span class='ocrx_word' id='word_1_120' title='bbox 450 1915 710 1985; x_wconf 84' lang='lat' dir='ltr'><strong>peculium</strong></span> <span class='ocrx_word' id='word_1_121' title='bbox 740 1913 935 1968; x_wconf 75' lang='lat' dir='ltr'><strong>diaboli</strong></span> <span class='ocrx_word' id='word_1_122' title='bbox 973 1910 1255 1966; x_wconf 88' lang='lat' dir='ltr'><strong>conﬁrmet</strong></span> <span class='ocrx_word' id='word_1_123' title='bbox 1279 1922 1400 1965; x_wconf 90' lang='lat' dir='ltr'><strong>esse</strong></span> <span class='ocrx_word' id='word_1_124' title='bbox 1434 1906 1687 1978; x_wconf 81' lang='lat' dir='ltr'><strong>quidquid</strong></span> <span class='ocrx_word' id='word_1_125' title='bbox 1723 1905 1791 1960; x_wconf 90' lang='lat' dir='ltr'><strong>de</strong></span> <span class='ocrx_word' id='word_1_126' title='bbox 1815 1904 2029 1973; x_wconf 84' lang='lat' dir='ltr'><strong>nuptia-</strong></span> 
     </span>
    </p>
   </div>
   <div class='ocr_carea' id='block_1_18' title="bbox 455 1993 2034 2072">
    <p class='ocr_par' dir='ltr' id='par_1_18' title="bbox 455 1993 2034 2072">
     <span class='ocr_line' id='line_1_18' title="bbox 455 1993 2034 2072; baseline -0.011 -9"><span class='ocrx_word' id='word_1_127' title='bbox 455 2023 571 2063; x_wconf 85' lang='lat' dir='ltr'><strong>rum</strong></span> <span class='ocrx_word' id='word_1_128' title='bbox 605 2005 924 2061; x_wconf 82' lang='lat' dir='ltr'><strong>fecunditate</strong></span> <span class='ocrx_word' id='word_1_129' title='bbox 954 2001 1210 2072; x_wconf 87' lang='lat' dir='ltr'><strong>procedit.</strong></span> <span class='ocrx_word' id='word_1_130' title='bbox 1244 2000 1357 2055; x_wconf 90' lang='lat' dir='ltr'><strong>lloc</strong></span> <span class='ocrx_word' id='word_1_131' title='bbox 1378 1997 1520 2054; x_wconf 88' lang='lat' dir='ltr'><strong>enim</strong></span> <span class='ocrx_word' id='word_1_132' title='bbox 1548 2011 1765 2065; x_wconf 82' lang='lat' dir='ltr'><strong>genere,</strong></span> <span class='ocrx_word' id='word_1_133' title='bbox 1798 1993 2034 2063; x_wconf 58' lang='lat' dir='ltr'><strong>patroci—</strong></span> 
     </span>
    </p>
   </div>
   <div class='ocr_carea' id='block_1_19' title="bbox 452 2084 2032 2166">
    <p class='ocr_par' dir='ltr' id='par_1_19' title="bbox 452 2084 2032 2166">
     <span class='ocr_line' id='line_1_19' title="bbox 452 2084 2032 2166; baseline -0.011 -12"><span class='ocrx_word' id='word_1_134' title='bbox 452 2099 524 2154; x_wconf 87' lang='lat' dir='ltr'><strong>nii</strong></span> <span class='ocrx_word' id='word_1_135' title='bbox 550 2098 630 2151; x_wconf 91' lang='lat' dir='ltr'><strong>sui</strong></span> <span class='ocrx_word' id='word_1_136' title='bbox 657 2111 866 2166; x_wconf 87' lang='lat' dir='ltr'><strong>quoque</strong></span> <span class='ocrx_word' id='word_1_137' title='bbox 895 2094 1117 2164; x_wconf 80' lang='lat' dir='ltr'><strong>legibus,</strong></span> <span class='ocrx_word' id='word_1_138' title='bbox 1140 2089 1552 2146; x_wconf 73' lang='lat' dir='ltr'><strong>Manichmornm</strong></span> <span class='ocrx_word' id='word_1_139' title='bbox 1582 2086 1764 2156; x_wconf 83' lang='lat' dir='ltr'><strong>Opinio</strong></span> <span class='ocrx_word' id='word_1_140' title='bbox 1788 2084 2032 2139; x_wconf 87' lang='lat' dir='ltr'><strong>destrue-</strong></span> 
     </span>
    </p>
   </div>
   <div class='ocr_carea' id='block_1_20' title="bbox 451 2173 2035 2251">
    <p class='ocr_par' dir='ltr' id='par_1_20' title="bbox 451 2173 2035 2251">
     <span class='ocr_line' id='line_1_20' title="bbox 451 2173 2035 2251; baseline -0.01 -8"><span class='ocrx_word' id='word_1_141' title='bbox 451 2198 558 2243; x_wconf 89' lang='lat' dir='ltr'><strong>tur.</strong></span> <span class='ocrx_word' id='word_1_142' title='bbox 581 2187 777 2242; x_wconf 84' lang='lat' dir='ltr'><strong>Verum</strong></span> <span class='ocrx_word' id='word_1_143' title='bbox 810 2187 861 2241; x_wconf 90' lang='lat' dir='ltr'><strong>id</strong></span> <span class='ocrx_word' id='word_1_144' title='bbox 892 2194 997 2240; x_wconf 84' lang='lat' dir='ltr'><strong>tota</strong></span> <span class='ocrx_word' id='word_1_145' title='bbox 1020 2183 1137 2239; x_wconf 88' lang='lat' dir='ltr'><strong>libri</strong></span> <span class='ocrx_word' id='word_1_146' title='bbox 1166 2181 1284 2251; x_wconf 87' lang='lat' dir='ltr'><strong>ejus</strong></span> <span class='ocrx_word' id='word_1_147' title='bbox 1312 2178 1529 2235; x_wconf 75' lang='lat' dir='ltr'><strong>exordia</strong></span> <span class='ocrx_word' id='word_1_148' title='bbox 1556 2176 1912 2247; x_wconf 85' lang='lat' dir='ltr'><strong>publicarunt.</strong></span> <span class='ocrx_word' id='word_1_149' title='bbox 1945 2173 2035 2228; x_wconf 83' lang='lat' dir='ltr'><strong>Ait</strong></span> 
     </span>
    </p>
   </div>
   <div class='ocr_carea' id='block_1_21' title="bbox 447 2263 2033 2348">
    <p class='ocr_par' dir='ltr' id='par_1_21' title="bbox 447 2263 2033 2348">
     <span class='ocr_line' id='line_1_21' title="bbox 447 2263 2033 2348; baseline -0.009 -15"><span class='ocrx_word' id='word_1_150' title='bbox 447 2281 593 2334; x_wconf 86' lang='lat' dir='ltr'><strong>enim</strong></span> <span class='ocrx_word' id='word_1_151' title='bbox 618 2294 752 2348; x_wconf 81' lang='lat' dir='ltr'><strong>Opus</strong></span> <span class='ocrx_word' id='word_1_152' title='bbox 788 2292 909 2332; x_wconf 89' lang='lat' dir='ltr'><strong>esse</strong></span> <span class='ocrx_word' id='word_1_153' title='bbox 937 2275 1172 2330; x_wconf 90' lang='lat' dir='ltr'><strong>divinum</strong></span> <span class='ocrx_word' id='word_1_154' title='bbox 1201 2271 1468 2333; x_wconf 87' lang='lat' dir='ltr'><strong>homines,</strong></span> <span class='ocrx_word' id='word_1_155' title='bbox 1495 2268 1587 2338; x_wconf 94' lang='lat' dir='ltr'><strong>qni</strong></span> <span class='ocrx_word' id='word_1_156' title='bbox 1622 2283 1687 2322; x_wconf 76' lang='lat' dir='ltr'><strong>ex</strong></span> <span class='ocrx_word' id='word_1_157' title='bbox 1720 2265 1934 2336; x_wconf 89' lang='lat' dir='ltr'><strong>nuptiis,</strong></span> <span class='ocrx_word' id='word_1_158' title='bbox 1980 2263 2033 2318; x_wconf 91' lang='lat' dir='ltr'><strong>id</strong></span> 
     </span>
    </p>
   </div>
   <div class='ocr_carea' id='block_1_22' title="bbox 448 2356 2034 2436">
    <p class='ocr_par' dir='ltr' id='par_1_22' title="bbox 448 2356 2034 2436">
     <span class='ocr_line' id='line_1_22' title="bbox 448 2356 2034 2436; baseline -0.009 -11"><span class='ocrx_word' id='word_1_159' title='bbox 448 2378 553 2436; x_wconf 87' lang='lat' dir='ltr'><strong>est,</strong></span> <span class='ocrx_word' id='word_1_160' title='bbox 582 2385 648 2424; x_wconf 84' lang='lat' dir='ltr'><strong>ex</strong></span> <span class='ocrx_word' id='word_1_161' title='bbox 685 2368 919 2422; x_wconf 88' lang='lat' dir='ltr'><strong>maribus</strong></span> <span class='ocrx_word' id='word_1_162' title='bbox 946 2373 1235 2419; x_wconf 86' lang='lat' dir='ltr'><strong>nascuntur</strong></span> <span class='ocrx_word' id='word_1_163' title='bbox 1272 2371 1323 2416; x_wconf 90' lang='lat' dir='ltr'><strong>et</strong></span> <span class='ocrx_word' id='word_1_164' title='bbox 1354 2360 1564 2419; x_wconf 77' lang='lat' dir='ltr'><strong>feminis</strong></span> <span class='ocrx_word' id='word_1_165' title='bbox 1591 2377 1605 2413; x_wconf 91' lang='lat'><strong>:</strong></span> <span class='ocrx_word' id='word_1_166' title='bbox 1632 2373 1735 2429; x_wconf 89' lang='lat' dir='ltr'><strong>qua</strong></span> <span class='ocrx_word' id='word_1_167' title='bbox 1773 2356 2034 2413; x_wconf 91' lang='lat' dir='ltr'><strong>sententia</strong></span> 
     </span>
    </p>
   </div>
   <div class='ocr_carea' id='block_1_23' title="bbox 450 2448 2037 2530">
    <p class='ocr_par' dir='ltr' id='par_1_23' title="bbox 450 2448 2037 2530">
     <span class='ocr_line' id='line_1_23' title="bbox 450 2448 2037 2530; baseline -0.008 -15"><span class='ocrx_word' id='word_1_168' title='bbox 450 2476 612 2516; x_wconf 83' lang='lat' dir='ltr'><strong>mune</strong></span> <span class='ocrx_word' id='word_1_169' title='bbox 626 2460 767 2530; x_wconf 85' lang='lat' dir='ltr'><strong>quod</strong></span> <span class='ocrx_word' id='word_1_170' title='bbox 786 2467 902 2515; x_wconf 88' lang='lat' dir='ltr'><strong>erat</strong></span> <span class='ocrx_word' id='word_1_171' title='bbox 919 2467 1135 2513; x_wconf 80' lang='lat' dir='ltr'><strong>acturus</strong></span> <span class='ocrx_word' id='word_1_172' title='bbox 1154 2456 1361 2518; x_wconf 83' lang='lat' dir='ltr'><strong>evertit,</strong></span> <span class='ocrx_word' id='word_1_173' title='bbox 1381 2453 1638 2521; x_wconf 91' lang='lat' dir='ltr'><strong>nobisque</strong></span> <span class='ocrx_word' id='word_1_174' title='bbox 1654 2451 1941 2505; x_wconf 88' lang='lat' dir='ltr'><strong>assentitur</strong></span> <span class='ocrx_word' id='word_1_175' title='bbox 1963 2448 2037 2502; x_wconf 88' lang='lat' dir='ltr'><strong>di-</strong></span> 
     </span>
    </p>
   </div>
   <div class='ocr_carea' id='block_1_24' title="bbox 452 2543 2036 2620">
    <p class='ocr_par' dir='ltr' id='par_1_24' title="bbox 452 2543 2036 2620">
     <span class='ocr_line' id='line_1_24' title="bbox 452 2543 2036 2620; baseline -0.006 -13"><span class='ocrx_word' id='word_1_176' title='bbox 452 2553 697 2608; x_wconf 90' lang='lat' dir='ltr'><strong>centibus</strong></span> <span class='ocrx_word' id='word_1_177' title='bbox 709 2567 830 2607; x_wconf 89' lang='lat' dir='ltr'><strong>esse</strong></span> <span class='ocrx_word' id='word_1_178' title='bbox 843 2550 1055 2620; x_wconf 89' lang='lat' dir='ltr'><strong>impios,</strong></span> <span class='ocrx_word' id='word_1_179' title='bbox 1073 2550 1159 2618; x_wconf 92' lang='lat' dir='ltr'><strong>qui</strong></span> <span class='ocrx_word' id='word_1_180' title='bbox 1179 2548 1293 2603; x_wconf 80' lang='lat' dir='ltr'><strong>inre</strong></span> <span class='ocrx_word' id='word_1_181' title='bbox 1310 2546 1538 2600; x_wconf 86' lang='lat' dir='ltr'><strong>audeant</strong></span> <span class='ocrx_word' id='word_1_182' title='bbox 1553 2543 1838 2613; x_wconf 76' lang='lat' dir='ltr'><strong>denegare.</strong></span> <span class='ocrx_word' id='word_1_183' title='bbox 1863 2543 2036 2597; x_wconf 82' lang='lat' dir='ltr'><strong>Abso-</strong></span> 
     </span>
    </p>
   </div>
   <div class='ocr_carea' id='block_1_25' title="bbox 454 2633 2034 2714">
    <p class='ocr_par' dir='ltr' id='par_1_25' title="bbox 454 2633 2034 2714">
     <span class='ocr_line' id='line_1_25' title="bbox 454 2633 2034 2714; baseline -0.008 -14"><span class='ocrx_word' id='word_1_184' title='bbox 454 2645 564 2700; x_wconf 89' lang='lat' dir='ltr'><strong>luta</strong></span> <span class='ocrx_word' id='word_1_185' title='bbox 597 2644 754 2714; x_wconf 87' lang='lat' dir='ltr'><strong>igitur</strong></span> <span class='ocrx_word' id='word_1_186' title='bbox 770 2644 878 2711; x_wconf 91' lang='lat' dir='ltr'><strong>jam</strong></span> <span class='ocrx_word' id='word_1_187' title='bbox 902 2656 1003 2694; x_wconf 89' lang='lat' dir='ltr'><strong>una</strong></span> <span class='ocrx_word' id='word_1_188' title='bbox 1036 2655 1159 2710; x_wconf 90' lang='lat' dir='ltr'><strong>pars</strong></span> <span class='ocrx_word' id='word_1_189' title='bbox 1180 2647 1262 2694; x_wconf 89' lang='lat' dir='ltr'><strong>est</strong></span> <span class='ocrx_word' id='word_1_190' title='bbox 1282 2646 1554 2707; x_wconf 90' lang='lat' dir='ltr'><strong>:superest</strong></span> <span class='ocrx_word' id='word_1_191' title='bbox 1577 2645 1634 2691; x_wconf 92' lang='lat' dir='ltr'><strong>ut</strong></span> <span class='ocrx_word' id='word_1_192' title='bbox 1656 2634 1956 2699; x_wconf 88' lang='lat' dir='ltr'><strong>ostendam,</strong></span> <span class='ocrx_word' id='word_1_193' title='bbox 1982 2633 2034 2688; x_wconf 90' lang='lat' dir='ltr'><strong>id</strong></span> 
     </span>
    </p>
   </div>
   <div class='ocr_carea' id='block_1_26' title="bbox 457 2726 2038 2805">
    <p class='ocr_par' dir='ltr' id='par_1_26' title="bbox 457 2726 2038 2805">
     <span class='ocr_line' id='line_1_26' title="bbox 457 2726 2038 2805; baseline -0.005 -15"><span class='ocrx_word' id='word_1_194' title='bbox 457 2752 580 2790; x_wconf 87' lang='lat' dir='ltr'><strong>cum</strong></span> <span class='ocrx_word' id='word_1_195' title='bbox 608 2734 749 2805; x_wconf 88' lang='lat' dir='ltr'><strong>quod</strong></span> <span class='ocrx_word' id='word_1_196' title='bbox 781 2749 952 2803; x_wconf 90' lang='lat' dir='ltr'><strong>nuper</strong></span> <span class='ocrx_word' id='word_1_197' title='bbox 976 2733 1311 2803; x_wconf 86' lang='lat' dir='ltr'><strong>impugnarat</strong></span> <span class='ocrx_word' id='word_1_198' title='bbox 1347 2741 1609 2785; x_wconf 87' lang='lat' dir='ltr'><strong>astruere.</strong></span> <span class='ocrx_word' id='word_1_199' title='bbox 1638 2727 1843 2794; x_wconf 87' lang='lat' dir='ltr'><strong>Quibus</strong></span> <span class='ocrx_word' id='word_1_200' title='bbox 1883 2726 2038 2782; x_wconf 88' lang='lat' dir='ltr'><strong>dictis</strong></span> 
     </span>
    </p>
   </div>
   <div class='ocr_carea' id='block_1_27' title="bbox 455 2818 2032 2901">
    <p class='ocr_par' dir='ltr' id='par_1_27' title="bbox 455 2818 2032 2901">
     <span class='ocr_line' id='line_1_27' title="bbox 455 2818 2032 2901; baseline -0.004 -21"><span class='ocrx_word' id='word_1_201' title='bbox 455 2835 661 2901; x_wconf 89' lang='lat' dir='ltr'><strong>partem</strong></span> <span class='ocrx_word' id='word_1_202' title='bbox 694 2827 766 2881; x_wconf 80' lang='lat' dir='ltr'><strong>tui</strong></span> <span class='ocrx_word' id='word_1_203' title='bbox 803 2825 991 2896; x_wconf 86' lang='lat' dir='ltr'><strong>capitis</strong></span> <span class='ocrx_word' id='word_1_204' title='bbox 1019 2823 1322 2889; x_wconf 82' lang='lat' dir='ltr'><strong>retractavi,</strong></span> <span class='ocrx_word' id='word_1_205' title='bbox 1362 2821 1414 2876; x_wconf 91' lang='lat' dir='ltr'><strong>in</strong></span> <span class='ocrx_word' id='word_1_206' title='bbox 1442 2837 1542 2892; x_wconf 88' lang='lat' dir='ltr'><strong>qua</strong></span> <span class='ocrx_word' id='word_1_207' title='bbox 1570 2821 1781 2875; x_wconf 78' lang='lat' dir='ltr'><strong>dixeras</strong></span> <span class='ocrx_word' id='word_1_208' title='bbox 1806 2838 1821 2875; x_wconf 89' lang='lat'><strong>:</strong></span> <span class='ocrx_word' id='word_1_209' title='bbox 1855 2838 1873 2872; x_wconf 85' lang='grc' dir='ltr'><strong>ι</strong></span> <span class='ocrx_word' id='word_1_210' title='bbox 1898 2818 2032 2883; x_wconf 83' lang='lat' dir='ltr'><strong>Eos,</strong></span> 
     </span>
    </p>
   </div>
   <div class='ocr_carea' id='block_1_28' title="bbox 453 2912 2039 2990">
    <p class='ocr_par' dir='ltr' id='par_1_28' title="bbox 453 2912 2039 2990">
     <span class='ocr_line' id='line_1_28' title="bbox 453 2912 2039 2990; baseline -0.003 -20"><span class='ocrx_word' id='word_1_211' title='bbox 453 2920 544 2990; x_wconf 78' lang='lat' dir='ltr'><strong>qui</strong></span> <span class='ocrx_word' id='word_1_212' title='bbox 561 2919 629 2974; x_wconf 88' lang='lat' dir='ltr'><strong>de</strong></span> <span class='ocrx_word' id='word_1_213' title='bbox 646 2918 733 2973; x_wconf 91' lang='lat' dir='ltr'><strong>tali</strong></span> <span class='ocrx_word' id='word_1_214' title='bbox 750 2918 1126 2973; x_wconf 79' lang='lat' dir='ltr'><strong>commixtione</strong></span> <span class='ocrx_word' id='word_1_215' title='bbox 1138 2924 1447 2981; x_wconf 90' lang='lat' dir='ltr'><strong>nascuntur,</strong></span> <span class='ocrx_word' id='word_1_216' title='bbox 1465 2914 1690 2969; x_wconf 85' lang='lat' dir='ltr'><strong>dicimus</strong></span> <span class='ocrx_word' id='word_1_217' title='bbox 1707 2912 1916 2967; x_wconf 83' lang='lat' dir='ltr'><strong>trahere</strong></span> <span class='ocrx_word' id='word_1_218' title='bbox 1932 2912 2039 2967; x_wconf 88' lang='lat' dir='ltr'><strong>ori-</strong></span> 
     </span>
    </p>
   </div>
   <div class='ocr_carea' id='block_1_29' title="bbox 455 3004 2037 3079">
    <p class='ocr_par' dir='ltr' id='par_1_29' title="bbox 455 3004 2037 3079">
     <span class='ocr_line' id='line_1_29' title="bbox 455 3004 2037 3079; baseline -0.002 -17"><span class='ocrx_word' id='word_1_219' title='bbox 455 3010 632 3079; x_wconf 88' lang='lat' dir='ltr'><strong>ginale</strong></span> <span class='ocrx_word' id='word_1_220' title='bbox 667 3018 959 3079; x_wconf 89' lang='lat' dir='ltr'><strong>peceatum,</strong></span> <span class='ocrx_word' id='word_1_221' title='bbox 989 3023 1187 3078; x_wconf 85' lang='lat' dir='ltr'><strong>eosque</strong></span> <span class='ocrx_word' id='word_1_222' title='bbox 1212 3007 1279 3061; x_wconf 91' lang='lat' dir='ltr'><strong>de</strong></span> <span class='ocrx_word' id='word_1_223' title='bbox 1304 3005 1609 3076; x_wconf 88' lang='lat' dir='ltr'><strong>parentibus</strong></span> <span class='ocrx_word' id='word_1_224' title='bbox 1636 3004 2037 3076; x_wconf 80' lang='lat' dir='ltr'><strong>qualibuscum-</strong></span> 
     </span>
    </p>
   </div>
   <div class='ocr_carea' id='block_1_30' title="bbox 457 3093 2035 3168">
    <p class='ocr_par' dir='ltr' id='par_1_30' title="bbox 457 3093 2035 3168">
     <span class='ocr_line' id='line_1_30' title="bbox 457 3093 2035 3168; baseline -0.001 -19"><span class='ocrx_word' id='word_1_225' title='bbox 457 3114 563 3168; x_wconf 86' lang='lat' dir='ltr'><strong>que</strong></span> <span class='ocrx_word' id='word_1_226' title='bbox 589 3108 891 3161; x_wconf 89' lang='lat' dir='ltr'><strong>nascantur,</strong></span> <span class='ocrx_word' id='word_1_227' title='bbox 926 3112 1031 3151; x_wconf 93' lang='lat' dir='ltr'><strong>non</strong></span> <span class='ocrx_word' id='word_1_228' title='bbox 1063 3111 1316 3165; x_wconf 81' lang='lat' dir='ltr'><strong>negamus</strong></span> <span class='ocrx_word' id='word_1_229' title='bbox 1340 3095 1514 3150; x_wconf 85' lang='lat' dir='ltr'><strong>adhuc</strong></span> <span class='ocrx_word' id='word_1_230' title='bbox 1545 3110 1663 3149; x_wconf 87' lang='lat' dir='ltr'><strong>esse</strong></span> <span class='ocrx_word' id='word_1_231' title='bbox 1687 3094 1785 3149; x_wconf 87' lang='lat' dir='ltr'><strong>sub</strong></span> <span class='ocrx_word' id='word_1_232' title='bbox 1804 3093 2035 3159; x_wconf 88' lang='lat' dir='ltr'><strong>diabolo,</strong></span> 
     </span>
    </p>
   </div>
   <div class='ocr_carea' id='block_1_31' title="bbox 457 3186 2040 3257">
    <p class='ocr_par' dir='ltr' id='par_1_31' title="bbox 457 3186 2040 3257">
     <span class='ocr_line' id='line_1_31' title="bbox 457 3186 2040 3257; baseline -0.002 -13"><span class='ocrx_word' id='word_1_233' title='bbox 457 3190 558 3244; x_wconf 90' lang='lat' dir='ltr'><strong>nisi</strong></span> <span class='ocrx_word' id='word_1_234' title='bbox 582 3199 924 3244; x_wconf 88' lang='lat' dir='ltr'><strong>renascantur</strong></span> <span class='ocrx_word' id='word_1_235' title='bbox 944 3190 995 3243; x_wconf 92' lang='lat' dir='ltr'><strong>in</strong></span> <span class='ocrx_word' id='word_1_236' title='bbox 1024 3188 1256 3253; x_wconf 88' lang='lat' dir='ltr'><strong>Christo,</strong></span> <span class='ocrx_word' id='word_1_237' title='bbox 1286 3197 1337 3243; x_wconf 92' lang='lat' dir='ltr'><strong>et</strong></span> <span class='ocrx_word' id='word_1_238' title='bbox 1371 3203 1464 3257; x_wconf 91' lang='lat' dir='ltr'><strong>per</strong></span> <span class='ocrx_word' id='word_1_239' title='bbox 1483 3187 1597 3257; x_wconf 89' lang='lat' dir='ltr'><strong>ejus</strong></span> <span class='ocrx_word' id='word_1_240' title='bbox 1622 3186 1844 3257; x_wconf 76' lang='lat' dir='ltr'><strong>gratiam</strong></span> <span class='ocrx_word' id='word_1_241' title='bbox 1861 3186 1929 3242; x_wconf 91' lang='lat' dir='ltr'><strong>de</strong></span> <span class='ocrx_word' id='word_1_242' title='bbox 1947 3201 2040 3257; x_wconf 90' lang='lat' dir='ltr'><strong>po-</strong></span> 
     </span>
    </p>
   </div>
   <div class='ocr_carea' id='block_1_32' title="bbox 458 3277 2038 3348">
    <p class='ocr_par' dir='ltr' id='par_1_32' title="bbox 458 3277 2038 3348">
     <span class='ocr_line' id='line_1_32' title="bbox 458 3277 2038 3348; baseline 0 -14"><span class='ocrx_word' id='word_1_243' title='bbox 458 3288 650 3334; x_wconf 87' lang='lat' dir='ltr'><strong>testate</strong></span> <span class='ocrx_word' id='word_1_244' title='bbox 697 3280 831 3333; x_wconf 89' lang='lat' dir='ltr'><strong>cruti</strong></span> <span class='ocrx_word' id='word_1_245' title='bbox 880 3279 1240 3345; x_wconf 87' lang='lat' dir='ltr'><strong>tenebrarum,</strong></span> <span class='ocrx_word' id='word_1_246' title='bbox 1287 3278 1343 3334; x_wconf 88' lang='lat' dir='ltr'><strong>in</strong></span> <span class='ocrx_word' id='word_1_247' title='bbox 1389 3293 1611 3348; x_wconf 88' lang='lat' dir='ltr'><strong>regnum</strong></span> <span class='ocrx_word' id='word_1_248' title='bbox 1662 3277 1805 3339; x_wconf 90' lang='lat' dir='ltr'><strong>illius</strong></span> <span class='ocrx_word' id='word_1_249' title='bbox 1846 3278 1935 3348; x_wconf 92' lang='lat' dir='ltr'><strong>qui</strong></span> <span class='ocrx_word' id='word_1_250' title='bbox 1971 3293 2038 3334; x_wconf 77' lang='lat' dir='ltr'><strong>ex</strong></span> 
     </span>
    </p>
   </div>
   <div class='ocr_carea' id='block_1_33' title="bbox 454 3371 2035 3443">
    <p class='ocr_par' dir='ltr' id='par_1_33' title="bbox 454 3371 2035 3443">
     <span class='ocr_line' id='line_1_33' title="bbox 454 3371 2035 3443; baseline 0.001 -16"><span class='ocrx_word' id='word_1_251' title='bbox 454 3371 641 3427; x_wconf 90' lang='lat' dir='ltr'><strong>eadem</strong></span> <span class='ocrx_word' id='word_1_252' title='bbox 698 3388 858 3428; x_wconf 80' lang='lat' dir='ltr'><strong>sexus</strong></span> <span class='ocrx_word' id='word_1_253' title='bbox 901 3374 1174 3443; x_wconf 88' lang='lat' dir='ltr'><strong>utriusque</strong></span> <span class='ocrx_word' id='word_1_254' title='bbox 1212 3374 1593 3429; x_wconf 82' lang='lat' dir='ltr'><strong>commixtione</strong></span> <span class='ocrx_word' id='word_1_255' title='bbox 1644 3374 1787 3428; x_wconf 89' lang='lat' dir='ltr'><strong>nasci</strong></span> <span class='ocrx_word' id='word_1_256' title='bbox 1835 3373 2035 3438; x_wconf 91' lang='lat' dir='ltr'><strong>noluit,</strong></span> 
     </span>
    </p>
   </div>
   <div class='ocr_carea' id='block_1_34' title="bbox 458 3462 2039 3535">
    <p class='ocr_par' dir='ltr' id='par_1_34' title="bbox 458 3462 2039 3535">
     <span class='ocr_line' id='line_1_34' title="bbox 458 3462 2039 3535; baseline 0.002 -17"><span class='ocrx_word' id='word_1_257' title='bbox 458 3462 861 3520; x_wconf 84' lang='lat' dir='ltr'><strong>transferantur.</strong></span> <span class='ocrx_word' id='word_1_258' title='bbox 895 3485 914 3518; x_wconf 82' lang='grc' dir='ltr'><strong>ι</strong></span> <span class='ocrx_word' id='word_1_259' title='bbox 940 3466 1046 3520; x_wconf 90' lang='lat' dir='ltr'><strong>Cur</strong></span> <span class='ocrx_word' id='word_1_260' title='bbox 1063 3480 1189 3535; x_wconf 86' lang='lat' dir='ltr'><strong>ergo</strong></span> <span class='ocrx_word' id='word_1_261' title='bbox 1207 3473 1359 3535; x_wconf 87' lang='lat' dir='ltr'><strong>putes</strong></span> <span class='ocrx_word' id='word_1_262' title='bbox 1388 3464 1511 3519; x_wconf 90' lang='lat' dir='ltr'><strong>hinc</strong></span> <span class='ocrx_word' id='word_1_263' title='bbox 1542 3473 1593 3519; x_wconf 88' lang='lat' dir='ltr'><strong>te</strong></span> <span class='ocrx_word' id='word_1_264' title='bbox 1616 3464 1858 3519; x_wconf 78' lang='lat' dir='ltr'><strong>excusari</strong></span> <span class='ocrx_word' id='word_1_265' title='bbox 1879 3478 2039 3535; x_wconf 87' lang='lat' dir='ltr'><strong>posse</strong></span> 
     </span>
    </p>
   </div>
   <div class='ocr_carea' id='block_1_35' title="bbox 457 3553 2035 3625">
    <p class='ocr_par' dir='ltr' id='par_1_35' title="bbox 457 3553 2035 3625">
     <span class='ocr_line' id='line_1_35' title="bbox 457 3553 2035 3625; baseline -0.003 -14"><span class='ocrx_word' id='word_1_266' title='bbox 457 3553 525 3611; x_wconf 79' lang='lat' dir='ltr'><strong>ab</strong></span> <span class='ocrx_word' id='word_1_267' title='bbox 550 3568 733 3609; x_wconf 89' lang='lat' dir='ltr'><strong>errore</strong></span> <span class='ocrx_word' id='word_1_268' title='bbox 759 3554 1170 3609; x_wconf 83' lang='lat' dir='ltr'><strong>Maniclneorum</strong></span> <span class='ocrx_word' id='word_1_269' title='bbox 1195 3594 1211 3620; x_wconf 91' lang='lat'><strong>,</strong></span> <span class='ocrx_word' id='word_1_270' title='bbox 1253 3555 1377 3625; x_wconf 90' lang='lat' dir='ltr'><strong>quia</strong></span> <span class='ocrx_word' id='word_1_271' title='bbox 1402 3568 1564 3609; x_wconf 90' lang='lat' dir='ltr'><strong>ausus</strong></span> <span class='ocrx_word' id='word_1_272' title='bbox 1607 3568 1667 3609; x_wconf 88' lang='lat' dir='ltr'><strong>es</strong></span> <span class='ocrx_word' id='word_1_273' title='bbox 1693 3555 2035 3622; x_wconf 88' lang='lat' dir='ltr'><strong>sententiam,</strong></span> 
     </span>
    </p>
   </div>
   <div class='ocr_carea' id='block_1_36' title="bbox 459 3643 2035 3716">
    <p class='ocr_par' dir='ltr' id='par_1_36' title="bbox 459 3643 2035 3716">
     <span class='ocr_line' id='line_1_36' title="bbox 459 3643 2035 3716; baseline 0.001 -18"><span class='ocrx_word' id='word_1_274' title='bbox 459 3657 580 3698; x_wconf 87' lang='lat' dir='ltr'><strong>cum</strong></span> <span class='ocrx_word' id='word_1_275' title='bbox 603 3659 706 3713; x_wconf 91' lang='lat' dir='ltr'><strong>qua</strong></span> <span class='ocrx_word' id='word_1_276' title='bbox 726 3644 975 3699; x_wconf 89' lang='lat' dir='ltr'><strong>omnibus</strong></span> <span class='ocrx_word' id='word_1_277' title='bbox 1000 3644 1195 3716; x_wconf 83' lang='lat' dir='ltr'><strong>ingenii</strong></span> <span class='ocrx_word' id='word_1_278' title='bbox 1225 3644 1298 3699; x_wconf 93' lang='lat' dir='ltr'><strong>tui</strong></span> <span class='ocrx_word' id='word_1_279' title='bbox 1324 3644 1524 3699; x_wconf 88' lang='lat' dir='ltr'><strong>viribus</strong></span> <span class='ocrx_word' id='word_1_280' title='bbox 1551 3643 1860 3710; x_wconf 89' lang='lat' dir='ltr'><strong>luctabaris,</strong></span> <span class='ocrx_word' id='word_1_281' title='bbox 1889 3643 2035 3700; x_wconf 86' lang='lat' dir='ltr'><strong>inse-</strong></span> 
     </span>
    </p>
   </div>
   <div class='ocr_carea' id='block_1_37' title="bbox 458 3734 2037 3805">
    <p class='ocr_par' dir='ltr' id='par_1_37' title="bbox 458 3734 2037 3805">
     <span class='ocr_line' id='line_1_37' title="bbox 458 3734 2037 3805; baseline 0.001 -15"><span class='ocrx_word' id='word_1_282' title='bbox 458 3749 609 3799; x_wconf 87' lang='lat' dir='ltr'><strong>rere;</strong></span> <span class='ocrx_word' id='word_1_283' title='bbox 634 3751 753 3789; x_wconf 90' lang='lat' dir='ltr'><strong>cum</strong></span> <span class='ocrx_word' id='word_1_284' title='bbox 782 3734 883 3791; x_wconf 89' lang='lat' dir='ltr'><strong>hoc</strong></span> <span class='ocrx_word' id='word_1_285' title='bbox 908 3751 1015 3791; x_wconf 91' lang='lat' dir='ltr'><strong>non</strong></span> <span class='ocrx_word' id='word_1_286' title='bbox 1044 3736 1397 3805; x_wconf 90' lang='lat' dir='ltr'><strong>patrocinium</strong></span> <span class='ocrx_word' id='word_1_287' title='bbox 1420 3736 1619 3790; x_wconf 87' lang='lat' dir='ltr'><strong>erroris</strong></span> <span class='ocrx_word' id='word_1_288' title='bbox 1648 3737 1742 3800; x_wconf 91' lang='lat' dir='ltr'><strong>tui,</strong></span> <span class='ocrx_word' id='word_1_289' title='bbox 1770 3735 1863 3791; x_wconf 89' lang='lat' dir='ltr'><strong>sed</strong></span> <span class='ocrx_word' id='word_1_290' title='bbox 1884 3737 2037 3792; x_wconf 86' lang='lat' dir='ltr'><strong>testi-</strong></span> 
     </span>
    </p>
   </div>
   <div class='ocr_carea' id='block_1_38' title="bbox 458 3826 2039 3899">
    <p class='ocr_par' dir='ltr' id='par_1_38' title="bbox 458 3826 2039 3899">
     <span class='ocr_line' id='line_1_38' title="bbox 458 3826 2039 3899; baseline 0.002 -19"><span class='ocrx_word' id='word_1_291' title='bbox 458 3827 694 3881; x_wconf 88' lang='lat' dir='ltr'><strong>monium</strong></span> <span class='ocrx_word' id='word_1_292' title='bbox 724 3830 793 3883; x_wconf 90' lang='lat' dir='ltr'><strong>sit</strong></span> <span class='ocrx_word' id='word_1_293' title='bbox 812 3829 1048 3883; x_wconf 71' lang='lat' dir='ltr'><strong>stultitia:</strong></span> <span class='ocrx_word' id='word_1_294' title='bbox 1073 3829 1376 3899; x_wconf 81' lang='lat' dir='ltr'><strong>singularis,</strong></span> <span class='ocrx_word' id='word_1_295' title='bbox 1407 3828 1498 3899; x_wconf 92' lang='lat' dir='ltr'><strong>qui</strong></span> <span class='ocrx_word' id='word_1_296' title='bbox 1521 3838 1671 3897; x_wconf 89' lang='lat' dir='ltr'><strong>putas</strong></span> <span class='ocrx_word' id='word_1_297' title='bbox 1690 3826 2039 3899; x_wconf 84' lang='lat' dir='ltr'><strong>Calliphontis</strong></span> 
     </span>
    </p>
   </div>
   <div class='ocr_carea' id='block_1_39' title="bbox 458 3918 2041 3989">
    <p class='ocr_par' dir='ltr' id='par_1_39' title="bbox 458 3918 2041 3989">
     <span class='ocr_line' id='line_1_39' title="bbox 458 3918 2041 3989; baseline 0.001 -19"><span class='ocrx_word' id='word_1_298' title='bbox 458 3933 609 3972; x_wconf 87' lang='lat' dir='ltr'><strong>more</strong></span> <span class='ocrx_word' id='word_1_299' title='bbox 628 3918 875 3973; x_wconf 87' lang='lat' dir='ltr'><strong>virtutem</strong></span> <span class='ocrx_word' id='word_1_300' title='bbox 896 3928 950 3973; x_wconf 93' lang='lat' dir='ltr'><strong>et</strong></span> <span class='ocrx_word' id='word_1_301' title='bbox 970 3920 1114 3983; x_wconf 90' lang='lat' dir='ltr'><strong>vitia,</strong></span> <span class='ocrx_word' id='word_1_302' title='bbox 1133 3918 1392 3989; x_wconf 84' lang='lat' dir='ltr'><strong>justitiam</strong></span> <span class='ocrx_word' id='word_1_303' title='bbox 1417 3928 1470 3972; x_wconf 91' lang='lat' dir='ltr'><strong>et</strong></span> <span class='ocrx_word' id='word_1_304' title='bbox 1495 3918 1825 3987; x_wconf 89' lang='lat' dir='ltr'><strong>iniquitatem</strong></span> <span class='ocrx_word' id='word_1_305' title='bbox 1843 3918 2041 3973; x_wconf 76' lang='lat' dir='ltr'><strong>oratio-</strong></span> 
     </span>
    </p>
   </div>
   <div class='ocr_carea' id='block_1_40' title="bbox 456 4007 2041 4076">
    <p class='ocr_par' dir='ltr' id='par_1_40' title="bbox 456 4007 2041 4076">
     <span class='ocr_line' id='line_1_40' title="bbox 456 4007 2041 4076; baseline 0 -13"><span class='ocrx_word' id='word_1_306' title='bbox 456 4022 526 4064; x_wconf 90' lang='lat' dir='ltr'><strong>ne</strong></span> <span class='ocrx_word' id='word_1_307' title='bbox 570 4016 656 4060; x_wconf 88' lang='lat' dir='ltr'><strong>tua</strong></span> <span class='ocrx_word' id='word_1_308' title='bbox 701 4023 856 4076; x_wconf 85' lang='lat' dir='ltr'><strong>posse</strong></span> <span class='ocrx_word' id='word_1_309' title='bbox 894 4007 950 4062; x_wconf 90' lang='lat' dir='ltr'><strong>in</strong></span> <span class='ocrx_word' id='word_1_310' title='bbox 996 4008 1195 4063; x_wconf 69' lang='lat' dir='ltr'><strong>hedera</strong></span> <span class='ocrx_word' id='word_1_311' title='bbox 1237 4008 1561 4063; x_wconf 86' lang='lat' dir='ltr'><strong>convenire?</strong></span> <span class='ocrx_word' id='word_1_312' title='bbox 1586 4007 1737 4074; x_wconf 85' lang='lat' dir='ltr'><strong>Quod</strong></span> <span class='ocrx_word' id='word_1_313' title='bbox 1766 4016 1941 4061; x_wconf 88' lang='lat' dir='ltr'><strong>autem</strong></span> <span class='ocrx_word' id='word_1_314' title='bbox 1965 4010 2041 4064; x_wconf 92' lang='lat' dir='ltr'><strong>ait</strong></span> 
     </span>
    </p>
   </div>
   <div class='ocr_carea' id='block_1_41' title="bbox 457 4098 2038 4170">
    <p class='ocr_par' dir='ltr' id='par_1_41' title="bbox 457 4098 2038 4170">
     <span class='ocr_line' id='line_1_41' title="bbox 457 4098 2038 4170; baseline 0.001 -17"><span class='ocrx_word' id='word_1_315' title='bbox 457 4098 769 4166; x_wconf 84' lang='lat' dir='ltr'><strong>Apostolus,</strong></span> <span class='ocrx_word' id='word_1_316' title='bbox 820 4099 920 4166; x_wconf 81' lang='lat' dir='ltr'><strong>Qui</strong></span> <span class='ocrx_word' id='word_1_317' title='bbox 961 4100 1094 4154; x_wconf 86' lang='lat' dir='ltr'><strong>eruit</strong></span> <span class='ocrx_word' id='word_1_318' title='bbox 1135 4116 1227 4154; x_wconf 80' lang='lat' dir='ltr'><strong>nos</strong></span> <span class='ocrx_word' id='word_1_319' title='bbox 1273 4098 1338 4153; x_wconf 84' lang='lat' dir='ltr'><strong>de</strong></span> <span class='ocrx_word' id='word_1_320' title='bbox 1374 4108 1613 4170; x_wconf 78' lang='lat' dir='ltr'><strong>potestate</strong></span> <span class='ocrx_word' id='word_1_321' title='bbox 1630 4099 1962 4165; x_wconf 85' lang='lat' dir='ltr'><strong>tenebrarum,</strong></span> <span class='ocrx_word' id='word_1_322' title='bbox 1990 4109 2038 4155; x_wconf 87' lang='lat' dir='ltr'><strong>et</strong></span> 
     </span>
    </p>
   </div>
   <div class='ocr_carea' id='block_1_42' title="bbox 458 4188 2037 4261">
    <p class='ocr_par' dir='ltr' id='par_1_42' title="bbox 458 4188 2037 4261">
     <span class='ocr_line' id='line_1_42' title="bbox 458 4188 2037 4261; baseline 0.002 -19"><span class='ocrx_word' id='word_1_323' title='bbox 458 4189 717 4244; x_wconf 82' lang='lat' dir='ltr'><strong>:ranstulit</strong></span> <span class='ocrx_word' id='word_1_324' title='bbox 733 4189 785 4243; x_wconf 88' lang='lat' dir='ltr'><strong>in</strong></span> <span class='ocrx_word' id='word_1_325' title='bbox 801 4205 1007 4259; x_wconf 74' lang='lat' dir='ltr'><strong>regnum</strong></span> <span class='ocrx_word' id='word_1_326' title='bbox 1038 4188 1165 4245; x_wconf 86' lang='lat' dir='ltr'><strong>Filii</strong></span> <span class='ocrx_word' id='word_1_327' title='bbox 1184 4189 1466 4245; x_wconf 81' lang='lat' dir='ltr'><strong>dilectionis</strong></span> <span class='ocrx_word' id='word_1_328' title='bbox 1490 4205 1598 4246; x_wconf 77' lang='lat' dir='ltr'><strong>sua:</strong></span> <span class='ocrx_word' id='word_1_329' title='bbox 1611 4206 1629 4254; x_wconf 80' lang='lat'><strong>,&#39;</strong></span> <span class='ocrx_word' id='word_1_330' title='bbox 1657 4190 1773 4261; x_wconf 88' lang='lat' dir='ltr'><strong>lege</strong></span> <span class='ocrx_word' id='word_1_331' title='bbox 1792 4198 2037 4261; x_wconf 89' lang='lat' dir='ltr'><strong>quartum</strong></span> 
     </span>
    </p>
   </div>
   <div class='ocr_carea' id='block_1_43' title="bbox 456 4281 2036 4355">
    <p class='ocr_par' dir='ltr' id='par_1_43' title="bbox 456 4281 2036 4355">
     <span class='ocr_line' id='line_1_43' title="bbox 456 4281 2036 4355; baseline 0.004 -22"><span class='ocrx_word' id='word_1_332' title='bbox 456 4281 635 4351; x_wconf 87' lang='lat' dir='ltr'><strong>operis</strong></span> <span class='ocrx_word' id='word_1_333' title='bbox 657 4281 761 4336; x_wconf 91' lang='lat' dir='ltr'><strong>mei</strong></span> <span class='ocrx_word' id='word_1_334' title='bbox 783 4282 995 4348; x_wconf 93' lang='lat' dir='ltr'><strong>librum,</strong></span> <span class='ocrx_word' id='word_1_335' title='bbox 1027 4290 1082 4338; x_wconf 91' lang='lat' dir='ltr'><strong>et</strong></span> <span class='ocrx_word' id='word_1_336' title='bbox 1106 4294 1234 4339; x_wconf 92' lang='lat' dir='ltr'><strong>tunc</strong></span> <span class='ocrx_word' id='word_1_337' title='bbox 1256 4283 1346 4338; x_wconf 90' lang='lat' dir='ltr'><strong>tibi</strong></span> <span class='ocrx_word' id='word_1_338' title='bbox 1375 4283 1502 4354; x_wconf 90' lang='lat' dir='ltr'><strong>quid</strong></span> <span class='ocrx_word' id='word_1_339' title='bbox 1520 4283 1766 4355; x_wconf 80' lang='lat' dir='ltr'><strong>Magister</strong></span> <span class='ocrx_word' id='word_1_340' title='bbox 1788 4284 2036 4342; x_wconf 88' lang='lat' dir='ltr'><strong>Gentium</strong></span> 
     </span>
    </p>
   </div>
   <div class='ocr_carea' id='block_1_44' title="bbox 455 4373 1042 4439">
    <p class='ocr_par' dir='ltr' id='par_1_44' title="bbox 455 4373 1042 4439">
     <span class='ocr_line' id='line_1_44' title="bbox 455 4373 1042 4439; baseline 0.005 -12"><span class='ocrx_word' id='word_1_341' title='bbox 455 4373 702 4439; x_wconf 89' lang='lat' dir='ltr'><strong>senserit,</strong></span> <span class='ocrx_word' id='word_1_342' title='bbox 730 4374 1042 4430; x_wconf 89' lang='lat' dir='ltr'><strong>innotescet.</strong></span> 
     </span>
    </p>
   </div>
   <div class='ocr_carea' id='block_1_45' title="bbox 532 4464 2040 4537">
    <p class='ocr_par' dir='ltr' id='par_1_45' title="bbox 532 4464 2040 4537">
     <span class='ocr_line' id='line_1_45' title="bbox 532 4464 2040 4537; baseline 0.003 -19"><span class='ocrx_word' id='word_1_343' title='bbox 532 4465 667 4530; x_wconf 74' lang='lat' dir='ltr'><strong>Acs.</strong></span> <span class='ocrx_word' id='word_1_344' title='bbox 697 4464 862 4520; x_wconf 83' lang='lat' dir='ltr'><strong>Sexto</strong></span> <span class='ocrx_word' id='word_1_345' title='bbox 908 4475 1091 4520; x_wconf 87' lang='lat' dir='ltr'><strong>nostro</strong></span> <span class='ocrx_word' id='word_1_346' title='bbox 1129 4480 1443 4535; x_wconf 86' lang='lat' dir='ltr'><strong>responsum</strong></span> <span class='ocrx_word' id='word_1_347' title='bbox 1483 4476 1563 4522; x_wconf 84' lang='lat' dir='ltr'><strong>est</strong></span> <span class='ocrx_word' id='word_1_348' title='bbox 1600 4477 1792 4537; x_wconf 74' lang='lat' dir='ltr'><strong>quarto</strong></span> <span class='ocrx_word' id='word_1_349' title='bbox 1833 4477 1945 4537; x_wconf 91' lang='lat' dir='ltr'><strong>tuo,</strong></span> <span class='ocrx_word' id='word_1_350' title='bbox 1985 4478 2040 4525; x_wconf 91' lang='lat' dir='ltr'><strong>et</strong></span> 
     </span>
    </p>
   </div>
   <div class='ocr_carea' id='block_1_46' title="bbox 461 4558 2034 4633">
    <p class='ocr_par' dir='ltr' id='par_1_46' title="bbox 461 4558 2034 4633">
     <span class='ocr_line' id='line_1_46' title="bbox 461 4558 2034 4633; baseline 0.005 -24"><span class='ocrx_word' id='word_1_351' title='bbox 461 4571 601 4611; x_wconf 90' lang='lat' dir='ltr'><strong>nunc</strong></span> <span class='ocrx_word' id='word_1_352' title='bbox 626 4572 724 4626; x_wconf 88' lang='lat' dir='ltr'><strong>ego</strong></span> <span class='ocrx_word' id='word_1_353' title='bbox 750 4558 917 4627; x_wconf 83' lang='lat' dir='ltr'><strong>magis</strong></span> <span class='ocrx_word' id='word_1_354' title='bbox 944 4558 1207 4614; x_wconf 90' lang='lat' dir='ltr'><strong>admoneo</strong></span> <span class='ocrx_word' id='word_1_355' title='bbox 1234 4568 1295 4614; x_wconf 93' lang='lat' dir='ltr'><strong>ut</strong></span> <span class='ocrx_word' id='word_1_356' title='bbox 1339 4560 1424 4614; x_wconf 91' lang='lat' dir='ltr'><strong>illa</strong></span> <span class='ocrx_word' id='word_1_357' title='bbox 1452 4569 1538 4615; x_wconf 92' lang='lat' dir='ltr'><strong>tua</strong></span> <span class='ocrx_word' id='word_1_358' title='bbox 1582 4569 1637 4615; x_wconf 91' lang='lat' dir='ltr'><strong>et</strong></span> <span class='ocrx_word' id='word_1_359' title='bbox 1678 4577 1794 4617; x_wconf 89' lang='lat' dir='ltr'><strong>mea</strong></span> <span class='ocrx_word' id='word_1_360' title='bbox 1833 4563 2034 4633; x_wconf 85' lang='lat' dir='ltr'><strong>legant,</strong></span> 
     </span>
    </p>
   </div>
   <div class='ocr_carea' id='block_1_47' title="bbox 457 4649 2035 4723">
    <p class='ocr_par' dir='ltr' id='par_1_47' title="bbox 457 4649 2035 4723">
     <span class='ocr_line' id='line_1_47' title="bbox 457 4649 2035 4723; baseline 0.006 -21"><span class='ocrx_word' id='word_1_361' title='bbox 457 4649 549 4720; x_wconf 91' lang='lat' dir='ltr'><strong>qni</strong></span> <span class='ocrx_word' id='word_1_362' title='bbox 584 4650 765 4704; x_wconf 89' lang='lat' dir='ltr'><strong>volunt</strong></span> <span class='ocrx_word' id='word_1_363' title='bbox 790 4652 927 4706; x_wconf 89' lang='lat' dir='ltr'><strong>scire</strong></span> <span class='ocrx_word' id='word_1_364' title='bbox 951 4662 1203 4723; x_wconf 90' lang='lat' dir='ltr'><strong>quantum</strong></span> <span class='ocrx_word' id='word_1_365' title='bbox 1227 4652 1294 4708; x_wconf 92' lang='lat' dir='ltr'><strong>ibi</strong></span> <span class='ocrx_word' id='word_1_366' title='bbox 1323 4652 1487 4708; x_wconf 90' lang='lat' dir='ltr'><strong>fueris</strong></span> <span class='ocrx_word' id='word_1_367' title='bbox 1511 4669 1540 4707; x_wconf 89' lang='lat' dir='ltr'><strong>a</strong></span> <span class='ocrx_word' id='word_1_368' title='bbox 1576 4654 1797 4710; x_wconf 87' lang='lat' dir='ltr'><strong>veritate</strong></span> <span class='ocrx_word' id='word_1_369' title='bbox 1826 4655 2035 4721; x_wconf 86' lang='lat' dir='ltr'><strong>devius,</strong></span> 
     </span>
    </p>
   </div>
   <div class='ocr_carea' id='block_1_48' title="bbox 459 4741 2035 4810">
    <p class='ocr_par' dir='ltr' id='par_1_48' title="bbox 459 4741 2035 4810">
     <span class='ocr_line' id='line_1_48' title="bbox 459 4741 2035 4810; baseline 0.004 -15"><span class='ocrx_word' id='word_1_370' title='bbox 459 4750 511 4795; x_wconf 93' lang='lat' dir='ltr'><strong>et</strong></span> <span class='ocrx_word' id='word_1_371' title='bbox 536 4749 732 4810; x_wconf 88' lang='lat' dir='ltr'><strong>quanta</strong></span> <span class='ocrx_word' id='word_1_372' title='bbox 763 4741 837 4796; x_wconf 89' lang='lat' dir='ltr'><strong>sis</strong></span> <span class='ocrx_word' id='word_1_373' title='bbox 861 4742 1083 4797; x_wconf 85' lang='lat' dir='ltr'><strong>veritate</strong></span> <span class='ocrx_word' id='word_1_374' title='bbox 1112 4743 1409 4799; x_wconf 87' lang='lat' dir='ltr'><strong>convictus.</strong></span> <span class='ocrx_word' id='word_1_375' title='bbox 1439 4745 1512 4801; x_wconf 81' lang='lat' dir='ltr'><strong>De</strong></span> <span class='ocrx_word' id='word_1_376' title='bbox 1547 4744 1646 4800; x_wconf 88' lang='lat' dir='ltr'><strong>hac</strong></span> <span class='ocrx_word' id='word_1_377' title='bbox 1672 4754 1849 4801; x_wconf 89' lang='lat' dir='ltr'><strong>autem</strong></span> <span class='ocrx_word' id='word_1_378' title='bbox 1875 4746 2035 4802; x_wconf 91' lang='lat' dir='ltr'><strong>char-</strong></span> 
     </span>
    </p>
   </div>
   <div class='ocr_carea' id='block_1_49' title="bbox 458 4830 2035 4907">
    <p class='ocr_par' dir='ltr' id='par_1_49' title="bbox 458 4830 2035 4907">
     <span class='ocr_line' id='line_1_49' title="bbox 458 4830 2035 4907; baseline 0.005 -23"><span class='ocrx_word' id='word_1_379' title='bbox 458 4830 586 4897; x_wconf 90' lang='lat' dir='ltr'><strong>tula,</strong></span> <span class='ocrx_word' id='word_1_380' title='bbox 615 4831 665 4885; x_wconf 93' lang='lat' dir='ltr'><strong>in</strong></span> <span class='ocrx_word' id='word_1_381' title='bbox 696 4848 796 4902; x_wconf 89' lang='lat' dir='ltr'><strong>qua</strong></span> <span class='ocrx_word' id='word_1_382' title='bbox 813 4848 877 4888; x_wconf 82' lang='lat' dir='ltr'><strong>ex</strong></span> <span class='ocrx_word' id='word_1_383' title='bbox 899 4833 1000 4887; x_wconf 89' lang='lat' dir='ltr'><strong>tuis</strong></span> <span class='ocrx_word' id='word_1_384' title='bbox 1018 4834 1165 4888; x_wconf 87' lang='lat' dir='ltr'><strong>libris</strong></span> <span class='ocrx_word' id='word_1_385' title='bbox 1189 4835 1430 4905; x_wconf 71' lang='lat' dir='ltr'><strong>qumdam</strong></span> <span class='ocrx_word' id='word_1_386' title='bbox 1460 4835 1709 4906; x_wconf 87' lang='lat' dir='ltr'><strong>decerpta</strong></span> <span class='ocrx_word' id='word_1_387' title='bbox 1734 4836 2035 4907; x_wconf 87' lang='lat' dir='ltr'><strong>conscripta</strong></span> 
     </span>
    </p>
   </div>
   <div class='ocr_carea' id='block_1_50' title="bbox 456 4923 2033 4997">
    <p class='ocr_par' dir='ltr' id='par_1_50' title="bbox 456 4923 2033 4997">
     <span class='ocr_line' id='line_1_50' title="bbox 456 4923 2033 4997; baseline 0.004 -21"><span class='ocrx_word' id='word_1_388' title='bbox 456 4932 599 4988; x_wconf 87' lang='lat' dir='ltr'><strong>sunt,</strong></span> <span class='ocrx_word' id='word_1_389' title='bbox 641 4923 865 4978; x_wconf 90' lang='lat' dir='ltr'><strong>liberum</strong></span> <span class='ocrx_word' id='word_1_390' title='bbox 890 4924 981 4978; x_wconf 91' lang='lat' dir='ltr'><strong>tibi</strong></span> <span class='ocrx_word' id='word_1_391' title='bbox 1009 4934 1091 4980; x_wconf 85' lang='lat' dir='ltr'><strong>est</strong></span> <span class='ocrx_word' id='word_1_392' title='bbox 1120 4925 1248 4980; x_wconf 90' lang='lat' dir='ltr'><strong>mihi</strong></span> <span class='ocrx_word' id='word_1_393' title='bbox 1287 4927 1549 4996; x_wconf 90' lang='lat' dir='ltr'><strong>imputare</strong></span> <span class='ocrx_word' id='word_1_394' title='bbox 1578 4927 1718 4997; x_wconf 90' lang='lat' dir='ltr'><strong>quod</strong></span> <span class='ocrx_word' id='word_1_395' title='bbox 1761 4928 1849 4984; x_wconf 91' lang='lat' dir='ltr'><strong>ille</strong></span> <span class='ocrx_word' id='word_1_396' title='bbox 1888 4928 2033 4996; x_wconf 87' lang='lat' dir='ltr'><strong>fecit,</strong></span> 
     </span>
    </p>
   </div>
   <div class='ocr_carea' id='block_1_51' title="bbox 455 5013 2037 5090">
    <p class='ocr_par' dir='ltr' id='par_1_51' title="bbox 455 5013 2037 5090">
     <span class='ocr_line' id='line_1_51' title="bbox 455 5013 2037 5090; baseline 0.006 -27"><span class='ocrx_word' id='word_1_397' title='bbox 455 5013 543 5081; x_wconf 90' lang='lat' dir='ltr'><strong>qni</strong></span> <span class='ocrx_word' id='word_1_398' title='bbox 568 5029 686 5069; x_wconf 89' lang='lat' dir='ltr'><strong>eam</strong></span> <span class='ocrx_word' id='word_1_399' title='bbox 708 5015 849 5068; x_wconf 89' lang='lat' dir='ltr'><strong>misit</strong></span> <span class='ocrx_word' id='word_1_400' title='bbox 871 5015 1090 5081; x_wconf 78' lang='lat' dir='ltr'><strong>honuni,</strong></span> <span class='ocrx_word' id='word_1_401' title='bbox 1110 5031 1139 5070; x_wconf 89' lang='lat' dir='ltr'><strong>a</strong></span> <span class='ocrx_word' id='word_1_402' title='bbox 1166 5032 1271 5087; x_wconf 90' lang='lat' dir='ltr'><strong>quo</strong></span> <span class='ocrx_word' id='word_1_403' title='bbox 1297 5019 1457 5073; x_wconf 89' lang='lat' dir='ltr'><strong>missa</strong></span> <span class='ocrx_word' id='word_1_404' title='bbox 1479 5027 1561 5073; x_wconf 92' lang='lat' dir='ltr'><strong>est</strong></span> <span class='ocrx_word' id='word_1_405' title='bbox 1588 5019 1738 5073; x_wconf 91' lang='lat' dir='ltr'><strong>mihi.</strong></span> <span class='ocrx_word' id='word_1_406' title='bbox 1767 5018 2037 5090; x_wconf 69' lang='lat' dir='ltr'><strong>llle’quipo</strong></span> 
     </span>
    </p>
   </div>
   <div class='ocr_carea' id='block_1_52' title="bbox 457 5102 2034 5179">
    <p class='ocr_par' dir='ltr' id='par_1_52' title="bbox 457 5102 2034 5179">
     <span class='ocr_line' id='line_1_52' title="bbox 457 5102 2034 5179; baseline 0.008 -27"><span class='ocrx_word' id='word_1_407' title='bbox 457 5118 521 5169; x_wconf 88' lang='lat' dir='ltr'><strong>pe</strong></span> <span class='ocrx_word' id='word_1_408' title='bbox 547 5102 689 5170; x_wconf 78' lang='lat' dir='ltr'><strong>quod</strong></span> <span class='ocrx_word' id='word_1_409' title='bbox 720 5103 904 5170; x_wconf 89' lang='lat' dir='ltr'><strong>voluit,</strong></span> <span class='ocrx_word' id='word_1_410' title='bbox 933 5105 984 5157; x_wconf 93' lang='lat' dir='ltr'><strong>in</strong></span> <span class='ocrx_word' id='word_1_411' title='bbox 1018 5120 1081 5160; x_wconf 90' lang='lat' dir='ltr'><strong>ea</strong></span> <span class='ocrx_word' id='word_1_412' title='bbox 1126 5108 1301 5175; x_wconf 85' lang='lat' dir='ltr'><strong>posuit</strong></span> <span class='ocrx_word' id='word_1_413' title='bbox 1328 5123 1392 5163; x_wconf 80' lang='lat' dir='ltr'><strong>ex</strong></span> <span class='ocrx_word' id='word_1_414' title='bbox 1419 5123 1582 5177; x_wconf 82' lang='lat' dir='ltr'><strong>Opere</strong></span> <span class='ocrx_word' id='word_1_415' title='bbox 1613 5109 1756 5174; x_wconf 80' lang='lat' dir='ltr'><strong>tno&#39;,</strong></span> <span class='ocrx_word' id='word_1_416' title='bbox 1804 5117 1859 5163; x_wconf 88' lang='lat' dir='ltr'><strong>et</strong></span> <span class='ocrx_word' id='word_1_417' title='bbox 1894 5109 2034 5179; x_wconf 88' lang='lat' dir='ltr'><strong>qu0d</strong></span> 
     </span>
    </p>
   </div>
   <div class='ocr_carea' id='block_1_53' title="bbox 459 5192 2035 5268">
    <p class='ocr_par' dir='ltr' id='par_1_53' title="bbox 459 5192 2035 5268">
     <span class='ocr_line' id='line_1_53' title="bbox 459 5192 2035 5268; baseline 0.007 -25"><span class='ocrx_word' id='word_1_418' title='bbox 459 5192 623 5246; x_wconf 83' lang='lat' dir='ltr'><strong>voluit</strong></span> <span class='ocrx_word' id='word_1_419' title='bbox 652 5195 991 5262; x_wconf 70' lang='lat' dir='ltr'><strong>przetermisit</strong></span> <span class='ocrx_word' id='word_1_420' title='bbox 1019 5214 1033 5251; x_wconf 91' lang='lat'><strong>:</strong></span> <span class='ocrx_word' id='word_1_421' title='bbox 1065 5198 1204 5252; x_wconf 90' lang='lat' dir='ltr'><strong>unde</strong></span> <span class='ocrx_word' id='word_1_422' title='bbox 1231 5198 1326 5254; x_wconf 88' lang='lat' dir='ltr'><strong>tibi</strong></span> <span class='ocrx_word' id='word_1_423' title='bbox 1362 5199 1471 5268; x_wconf 89' lang='lat' dir='ltr'><strong>jam</strong></span> <span class='ocrx_word' id='word_1_424' title='bbox 1501 5213 1657 5267; x_wconf 91' lang='lat' dir='ltr'><strong>supra</strong></span> <span class='ocrx_word' id='word_1_425' title='bbox 1686 5199 1916 5254; x_wconf 85' lang='lat' dir='ltr'><strong>breviter</strong></span> <span class='ocrx_word' id='word_1_426' title='bbox 1946 5216 2035 5256; x_wconf 88' lang='lat' dir='ltr'><strong>sa-</strong></span> 
     </span>
    </p>
   </div>
   <div class='ocr_carea' id='block_1_54' title="bbox 461 5283 2034 5359">
    <p class='ocr_par' dir='ltr' id='par_1_54' title="bbox 461 5283 2034 5359">
     <span class='ocr_line' id='line_1_54' title="bbox 461 5283 2034 5359; baseline 0.005 -23"><span class='ocrx_word' id='word_1_427' title='bbox 461 5283 631 5352; x_wconf 63' lang='lat' dir='ltr'><strong>lisque</strong></span> <span class='ocrx_word' id='word_1_428' title='bbox 658 5285 924 5353; x_wconf 84' lang='lat' dir='ltr'><strong>respondi.</strong></span> <span class='ocrx_word' id='word_1_429' title='bbox 954 5287 1088 5354; x_wconf 85' lang='lat' dir='ltr'><strong>Quid</strong></span> <span class='ocrx_word' id='word_1_430' title='bbox 1124 5299 1175 5343; x_wconf 92' lang='lat' dir='ltr'><strong>te</strong></span> <span class='ocrx_word' id='word_1_431' title='bbox 1206 5288 1449 5343; x_wconf 91' lang='lat' dir='ltr'><strong>obscuris</strong></span> <span class='ocrx_word' id='word_1_432' title='bbox 1477 5288 1579 5341; x_wconf 90' lang='lat' dir='ltr'><strong>tuis</strong></span> <span class='ocrx_word' id='word_1_433' title='bbox 1602 5287 1859 5344; x_wconf 83' lang='lat' dir='ltr'><strong>adversus</strong></span> <span class='ocrx_word' id='word_1_434' title='bbox 1888 5290 2034 5359; x_wconf 79' lang='lat' dir='ltr'><strong>Apo-</strong></span> 
     </span>
    </p>
   </div>
   <div class='ocr_carea' id='block_1_55' title="bbox 459 5374 2036 5449">
    <p class='ocr_par' dir='ltr' id='par_1_55' title="bbox 459 5374 2036 5449">
     <span class='ocr_line' id='line_1_55' title="bbox 459 5374 2036 5449; baseline 0.005 -22"><span class='ocrx_word' id='word_1_435' title='bbox 459 5374 577 5427; x_wconf 80' lang='lat' dir='ltr'><strong>stoli</strong></span> <span class='ocrx_word' id='word_1_436' title='bbox 607 5375 880 5431; x_wconf 86' lang='lat' dir='ltr'><strong>manifesta</strong></span> <span class='ocrx_word' id='word_1_437' title='bbox 924 5379 1133 5432; x_wconf 91' lang='lat' dir='ltr'><strong>conaris</strong></span> <span class='ocrx_word' id='word_1_438' title='bbox 1172 5378 1480 5432; x_wconf 73' lang='lat' dir='ltr'><strong>involvere?</strong></span> <span class='ocrx_word' id='word_1_439' title='bbox 1509 5377 1599 5433; x_wconf 91' lang='lat' dir='ltr'><strong>Ille</strong></span> <span class='ocrx_word' id='word_1_440' title='bbox 1646 5379 1809 5433; x_wconf 88' lang='lat' dir='ltr'><strong>Deum</strong></span> <span class='ocrx_word' id='word_1_441' title='bbox 1842 5381 2036 5449; x_wconf 64' lang='lat' dir='ltr'><strong>priudi-</strong></span> 
     </span>
    </p>
   </div>
   <div class='ocr_carea' id='block_1_56' title="bbox 458 5468 2032 5538">
    <p class='ocr_par' dir='ltr' id='par_1_56' title="bbox 458 5468 2032 5538">
     <span class='ocr_line' id='line_1_56' title="bbox 458 5468 2032 5538; baseline 0.008 -20"><span class='ocrx_word' id='word_1_442' title='bbox 458 5480 586 5520; x_wconf 75' lang='lat' dir='ltr'><strong>cans</strong></span> <span class='ocrx_word' id='word_1_443' title='bbox 636 5468 729 5532; x_wconf 83' lang='lat' dir='ltr'><strong>ait,</strong></span> <span class='ocrx_word' id='word_1_444' title='bbox 779 5468 878 5535; x_wconf 86' lang='lat' dir='ltr'><strong>Qui</strong></span> <span class='ocrx_word' id='word_1_445' title='bbox 920 5471 1047 5522; x_wconf 80' lang='lat' dir='ltr'><strong>eruit</strong></span> <span class='ocrx_word' id='word_1_446' title='bbox 1100 5485 1190 5521; x_wconf 84' lang='lat' dir='ltr'><strong>nos</strong></span> <span class='ocrx_word' id='word_1_447' title='bbox 1225 5470 1288 5522; x_wconf 82' lang='lat' dir='ltr'><strong>de</strong></span> <span class='ocrx_word' id='word_1_448' title='bbox 1335 5480 1576 5538; x_wconf 79' lang='lat' dir='ltr'><strong>potestate</strong></span> <span class='ocrx_word' id='word_1_449' title='bbox 1621 5473 1955 5538; x_wconf 81' lang='lat' dir='ltr'><strong>tenebrarum,</strong></span> <span class='ocrx_word' id='word_1_450' title='bbox 1987 5484 2032 5529; x_wconf 84' lang='lat' dir='ltr'><strong>ct</strong></span> 
     </span>
    </p>
   </div>
   <div class='ocr_carea' id='block_1_57' title="bbox 456 5560 2031 5634">
    <p class='ocr_par' dir='ltr' id='par_1_57' title="bbox 456 5560 2031 5634">
     <span class='ocr_line' id='line_1_57' title="bbox 456 5560 2031 5634; baseline 0.008 -25"><span class='ocrx_word' id='word_1_451' title='bbox 456 5561 713 5613; x_wconf 79' lang='lat' dir='ltr'><strong>tr:mstulit</strong></span> <span class='ocrx_word' id='word_1_452' title='bbox 738 5562 790 5614; x_wconf 86' lang='lat' dir='ltr'><strong>in</strong></span> <span class='ocrx_word' id='word_1_453' title='bbox 818 5577 1028 5630; x_wconf 85' lang='lat' dir='ltr'><strong>regnum</strong></span> <span class='ocrx_word' id='word_1_454' title='bbox 1058 5560 1182 5615; x_wconf 81' lang='lat' dir='ltr'><strong>Filii</strong></span> <span class='ocrx_word' id='word_1_455' title='bbox 1202 5561 1461 5617; x_wconf 79' lang='lat' dir='ltr'><strong>citaritatis</strong></span> <span class='ocrx_word' id='word_1_456' title='bbox 1480 5579 1584 5619; x_wconf 61' lang='lat' dir='ltr'><strong>suat</strong></span> <span class='ocrx_word' id='word_1_457' title='bbox 1608 5564 1824 5634; x_wconf 81' lang='lat' dir='ltr'><strong>(Coloss.</strong></span> <span class='ocrx_word' id='word_1_458' title='bbox 1851 5583 1886 5633; x_wconf 84' lang='grc' dir='ltr'>ι,</span> <span class='ocrx_word' id='word_1_459' title='bbox 1909 5569 2031 5634; x_wconf 80' lang='grc'><strong>15);</strong></span> 
     </span>
    </p>
   </div>
   <div class='ocr_carea' id='block_1_58' title="bbox 516 5671 2032 5745">
    <p class='ocr_par' dir='ltr' id='par_1_58' title="bbox 516 5671 2032 5745">
     <span class='ocr_line' id='line_1_58' title="bbox 516 5671 2032 5745; baseline 0.008 -28"><span class='ocrx_word' id='word_1_460' title='bbox 516 5671 534 5743; x_wconf 62' lang='grc' dir='ltr'><strong><em>ξ</em></strong></span> <span class='ocrx_word' id='word_1_461' title='bbox 575 5672 802 5735; x_wconf 80' lang='lat' dir='ltr'><strong>viguierii</strong></span> <span class='ocrx_word' id='word_1_462' title='bbox 848 5672 998 5723; x_wconf 85' lang='lat' dir='ltr'><strong>editio</strong></span> <span class='ocrx_word' id='word_1_463' title='bbox 1022 5705 1039 5732; x_wconf 91' lang='lat'><strong>,</strong></span> <span class='ocrx_word' id='word_1_464' title='bbox 1091 5676 1290 5725; x_wconf 78' lang='lat' dir='ltr'><strong>amotus.</strong></span> <span class='ocrx_word' id='word_1_465' title='bbox 1340 5675 1604 5745; x_wconf 85' lang='lat' dir='ltr'><strong>Castigatur</strong></span> <span class='ocrx_word' id='word_1_466' title='bbox 1645 5691 1707 5728; x_wconf 81' lang='lat' dir='ltr'><strong>ex</strong></span> <span class='ocrx_word' id='word_1_467' title='bbox 1766 5683 2032 5732; x_wconf 65' lang='lat' dir='ltr'><strong>manusert.</strong></span> 
     </span>
    </p>
   </div>
   <div class='ocr_carea' id='block_1_59' title="bbox 457 5737 2027 5903">
    <p class='ocr_par' dir='ltr' id='par_1_59' title="bbox 457 5737 2027 5903">
     <span class='ocr_line' id='line_1_59' title="bbox 457 5737 2027 5903; baseline 0.01 -63"><span class='ocrx_word' id='word_1_468' title='bbox 457 5737 642 5903; x_wconf 49' lang='lat' dir='ltr'><strong>Estne</strong></span> <span class='ocrx_word' id='word_1_469' title='bbox 678 5801 901 5844; x_wconf 79' lang='lat' dir='ltr'><strong>veterum</strong></span> <span class='ocrx_word' id='word_1_470' title='bbox 931 5792 1164 5843; x_wconf 86' lang='lat' dir='ltr'><strong>librorum</strong></span> <span class='ocrx_word' id='word_1_471' title='bbox 1206 5797 1490 5850; x_wconf 82' lang='lat' dir='ltr'><strong>auctoritate</strong></span> <span class='ocrx_word' id='word_1_472' title='bbox 1528 5800 1758 5865; x_wconf 86' lang='lat' dir='ltr'><strong>addimus,</strong></span> <span class='ocrx_word' id='word_1_473' title='bbox 1797 5816 1858 5854; x_wconf 72' lang='lat' dir='ltr'><strong>ex</strong></span> <span class='ocrx_word' id='word_1_474' title='bbox 1886 5816 2027 5868; x_wconf 80' lang='lat' dir='ltr'><strong>opere</strong></span> 
     </span>
    </p>
   </div>
   <div class='ocr_carea' id='block_1_60' title="bbox 1115 418 3014 488">
    <p class='ocr_par' dir='ltr' id='par_1_60' title="bbox 1115 418 3014 488">
     <span class='ocr_line' id='line_1_60' title="bbox 1115 418 3014 488; baseline -0.007 0"><span class='ocrx_word' id='word_1_475' title='bbox 1115 427 1360 488; x_wconf 81' lang='lat' dir='ltr'><strong>OPERIS</strong></span> <span class='ocrx_word' id='word_1_476' title='bbox 1396 422 1803 482; x_wconf 72' lang='lat' dir='ltr'><strong>IMPERFECTI</strong></span> <span class='ocrx_word' id='word_1_477' title='bbox 1841 420 2111 477; x_wconf 75' lang='lat' dir='ltr'><strong>CONTRA</strong></span> <span class='ocrx_word' id='word_1_478' title='bbox 2154 418 2507 488; x_wconf 72' lang='lat' dir='ltr'><strong>JULIANUM,</strong></span> <span class='ocrx_word' id='word_1_479' title='bbox 2549 420 2606 477; x_wconf 84' lang='lat' dir='ltr'><strong>S.</strong></span> <span class='ocrx_word' id='word_1_480' title='bbox 2651 418 3014 478; x_wconf 79' lang='lat' dir='ltr'><strong>AUGUSTINI</strong></span> 
     </span>
    </p>
   </div>
   <div class='ocr_carea' id='block_1_61' title="bbox 2096 228 2121 247">
    <p class='ocr_par' dir='ltr' id='par_1_61' title="bbox 2096 228 2121 247">
     <span class='ocr_line' id='line_1_61' title="bbox 2096 228 2121 247; baseline 0 0"><span class='ocrx_word' id='word_1_481' title='bbox 2096 228 2121 247; x_wconf 62' lang='grc' dir='ltr'><em>Ι</em></span> 
     </span>
    </p>
   </div>
   <div class='ocr_carea' id='block_1_62' title="bbox 3573 425 3712 484">
    <p class='ocr_par' dir='ltr' id='par_1_62' title="bbox 3573 425 3712 484">
     <span class='ocr_line' id='line_1_62' title="bbox 3573 425 3712 484; baseline 0.007 -2"><span class='ocrx_word' id='word_1_482' title='bbox 3573 425 3712 484; x_wconf 67' lang='grc'><strong>1081</strong></span> 
     </span>
    </p>
   </div>
   <div class='ocr_carea' id='block_1_63' title="bbox 2132 535 3710 609">
    <p class='ocr_par' dir='ltr' id='par_1_63' title="bbox 2132 535 3710 609">
     <span class='ocr_line' id='line_1_63' title="bbox 2132 535 3710 609; baseline 0.006 -20"><span class='ocrx_word' id='word_1_483' title='bbox 2132 546 2188 590; x_wconf 89' lang='lat' dir='ltr'><strong>et</strong></span> <span class='ocrx_word' id='word_1_484' title='bbox 2211 544 2265 590; x_wconf 91' lang='lat' dir='ltr'><strong>tu</strong></span> <span class='ocrx_word' id='word_1_485' title='bbox 2291 535 2424 591; x_wconf 89' lang='lat' dir='ltr'><strong>dicis</strong></span> <span class='ocrx_word' id='word_1_486' title='bbox 2454 536 2558 592; x_wconf 86' lang='lat' dir='ltr'><strong>hoc</strong></span> <span class='ocrx_word' id='word_1_487' title='bbox 2579 535 2814 603; x_wconf 74' lang='lat' dir='ltr'><strong>abillo‘,</strong></span> <span class='ocrx_word' id='word_1_488' title='bbox 2840 537 3079 608; x_wconf 83' lang='lat' dir='ltr'><strong>exceptis</strong></span> <span class='ocrx_word' id='word_1_489' title='bbox 3116 539 3369 609; x_wconf 70' lang='lat' dir='ltr'><strong>parvulis,</strong></span> <span class='ocrx_word' id='word_1_490' title='bbox 3399 539 3623 597; x_wconf 86' lang='lat' dir='ltr'><strong>dictum.</strong></span> <span class='ocrx_word' id='word_1_491' title='bbox 3651 544 3710 598; x_wconf 88' lang='lat' dir='ltr'><strong>Si</strong></span> 
     </span>
    </p>
   </div>
   <div class='ocr_carea' id='block_1_64' title="bbox 2130 629 3696 701">
    <p class='ocr_par' dir='ltr' id='par_1_64' title="bbox 2130 629 3696 701">
     <span class='ocr_line' id='line_1_64' title="bbox 2130 629 3696 701; baseline 0.004 -18"><span class='ocrx_word' id='word_1_492' title='bbox 2130 642 2259 699; x_wconf 83' lang='lat' dir='ltr'><strong>ergo</strong></span> <span class='ocrx_word' id='word_1_493' title='bbox 2285 644 2390 684; x_wconf 92' lang='lat' dir='ltr'><strong>non</strong></span> <span class='ocrx_word' id='word_1_494' title='bbox 2424 639 2682 684; x_wconf 88' lang='lat' dir='ltr'><strong>eruuntur</strong></span> <span class='ocrx_word' id='word_1_495' title='bbox 2707 630 2913 700; x_wconf 82' lang='lat' dir='ltr'><strong>parvuli</strong></span> <span class='ocrx_word' id='word_1_496' title='bbox 2938 629 3007 685; x_wconf 89' lang='lat' dir='ltr'><strong>de</strong></span> <span class='ocrx_word' id='word_1_497' title='bbox 3039 639 3300 701; x_wconf 90' lang='lat' dir='ltr'><strong>potestate</strong></span> <span class='ocrx_word' id='word_1_498' title='bbox 3340 634 3696 698; x_wconf 87' lang='lat' dir='ltr'><strong>tenebrarum,</strong></span> 
     </span>
    </p>
   </div>
   <div class='ocr_carea' id='block_1_65' title="bbox 2131 721 3708 795">
    <p class='ocr_par' dir='ltr' id='par_1_65' title="bbox 2131 721 3708 795">
     <span class='ocr_line' id='line_1_65' title="bbox 2131 721 3708 795; baseline 0.004 -20"><span class='ocrx_word' id='word_1_499' title='bbox 2131 736 2238 775; x_wconf 88' lang='lat' dir='ltr'><strong>non</strong></span> <span class='ocrx_word' id='word_1_500' title='bbox 2268 732 2393 775; x_wconf 90' lang='lat' dir='ltr'><strong>sunt</strong></span> <span class='ocrx_word' id='word_1_501' title='bbox 2419 721 2611 776; x_wconf 87' lang='lat' dir='ltr'><strong>mortui</strong></span> <span class='ocrx_word' id='word_1_502' title='bbox 2637 741 2650 776; x_wconf 92' lang='lat'>:</span> <span class='ocrx_word' id='word_1_503' title='bbox 2682 723 2727 776; x_wconf 91' lang='lat' dir='ltr'><strong>si</strong></span> <span class='ocrx_word' id='word_1_504' title='bbox 2748 737 2853 777; x_wconf 92' lang='lat' dir='ltr'><strong>non</strong></span> <span class='ocrx_word' id='word_1_505' title='bbox 2872 732 2994 778; x_wconf 90' lang='lat' dir='ltr'><strong>sunt</strong></span> <span class='ocrx_word' id='word_1_506' title='bbox 3008 724 3225 790; x_wconf 90' lang='lat' dir='ltr'><strong>mortui,</strong></span> <span class='ocrx_word' id='word_1_507' title='bbox 3239 740 3463 795; x_wconf 73' lang='lat' dir='ltr'><strong>nonpro</strong></span> <span class='ocrx_word' id='word_1_508' title='bbox 3480 726 3560 782; x_wconf 87' lang='lat' dir='ltr'><strong>eis</strong></span> <span class='ocrx_word' id='word_1_509' title='bbox 3577 743 3708 781; x_wconf 87' lang='lat' dir='ltr'><strong>mor-</strong></span> 
     </span>
    </p>
   </div>
   <div class='ocr_carea' id='block_1_66' title="bbox 2134 811 3707 885">
    <p class='ocr_par' dir='ltr' id='par_1_66' title="bbox 2134 811 3707 885">
     <span class='ocr_line' id='line_1_66' title="bbox 2134 811 3707 885; baseline 0.006 -19"><span class='ocrx_word' id='word_1_510' title='bbox 2134 821 2254 866; x_wconf 88' lang='lat' dir='ltr'><strong>tuus</strong></span> <span class='ocrx_word' id='word_1_511' title='bbox 2280 820 2362 866; x_wconf 92' lang='lat' dir='ltr'><strong>est</strong></span> <span class='ocrx_word' id='word_1_512' title='bbox 2388 811 2630 867; x_wconf 80' lang='lat' dir='ltr'><strong>Christus</strong></span> <span class='ocrx_word' id='word_1_513' title='bbox 2662 830 2677 867; x_wconf 90' lang='lat'><strong>:</strong></span> <span class='ocrx_word' id='word_1_514' title='bbox 2705 823 2760 869; x_wconf 91' lang='lat' dir='ltr'><strong>tu</strong></span> <span class='ocrx_word' id='word_1_515' title='bbox 2776 820 2952 868; x_wconf 90' lang='lat' dir='ltr'><strong>autem</strong></span> <span class='ocrx_word' id='word_1_516' title='bbox 2983 814 3142 868; x_wconf 91' lang='lat' dir='ltr'><strong>etiam</strong></span> <span class='ocrx_word' id='word_1_517' title='bbox 3173 829 3268 885; x_wconf 91' lang='lat' dir='ltr'><strong>pro</strong></span> <span class='ocrx_word' id='word_1_518' title='bbox 3296 814 3422 885; x_wconf 87' lang='lat' dir='ltr'><strong>ipsis</strong></span> <span class='ocrx_word' id='word_1_519' title='bbox 3443 816 3707 876; x_wconf 82' lang='lat' dir='ltr'><strong>Christum</strong></span> 
     </span>
    </p>
   </div>
   <div class='ocr_carea' id='block_1_67' title="bbox 2133 902 3708 975">
    <p class='ocr_par' dir='ltr' id='par_1_67' title="bbox 2133 902 3708 975">
     <span class='ocr_line' id='line_1_67' title="bbox 2133 902 3708 975; baseline 0.005 -20"><span class='ocrx_word' id='word_1_520' title='bbox 2133 911 2397 955; x_wconf 88' lang='lat' dir='ltr'><strong>mortuum</strong></span> <span class='ocrx_word' id='word_1_521' title='bbox 2415 902 2716 969; x_wconf 89' lang='lat' dir='ltr'><strong>conﬁteris;</strong></span> <span class='ocrx_word' id='word_1_522' title='bbox 2738 911 2794 959; x_wconf 90' lang='lat' dir='ltr'><strong>et</strong></span> <span class='ocrx_word' id='word_1_523' title='bbox 2809 904 2947 959; x_wconf 90' lang='lat' dir='ltr'><strong>idem</strong></span> <span class='ocrx_word' id='word_1_524' title='bbox 2965 904 3093 960; x_wconf 88' lang='lat' dir='ltr'><strong>dicit</strong></span> <span class='ocrx_word' id='word_1_525' title='bbox 3115 905 3424 975; x_wconf 69' lang='lat' dir='ltr'><strong>Apostolus,</strong></span> <span class='ocrx_word' id='word_1_526' title='bbox 3450 906 3593 964; x_wconf 81' lang='lat' dir='ltr'><strong>Unus</strong></span> <span class='ocrx_word' id='word_1_527' title='bbox 3611 924 3708 975; x_wconf 81' lang='lat' dir='ltr'><strong>pro</strong></span> 
     </span>
    </p>
   </div>
   <div class='ocr_carea' id='block_1_68' title="bbox 2132 993 3708 1070">
    <p class='ocr_par' dir='ltr' id='par_1_68' title="bbox 2132 993 3708 1070">
     <span class='ocr_line' id='line_1_68' title="bbox 2132 993 3708 1070; baseline 0.008 -25"><span class='ocrx_word' id='word_1_528' title='bbox 2132 993 2361 1047; x_wconf 77' lang='lat' dir='ltr'><strong>omnibus</strong></span> <span class='ocrx_word' id='word_1_529' title='bbox 2383 1004 2609 1048; x_wconf 77' lang='lat' dir='ltr'><strong>mortuus</strong></span> <span class='ocrx_word' id='word_1_530' title='bbox 2646 1004 2751 1061; x_wconf 77' lang='lat' dir='ltr'><strong>est;</strong></span> <span class='ocrx_word' id='word_1_531' title='bbox 2773 1012 2889 1066; x_wconf 82' lang='lat' dir='ltr'><strong>ergo</strong></span> <span class='ocrx_word' id='word_1_532' title='bbox 2912 1012 3083 1051; x_wconf 81' lang='lat' dir='ltr'><strong>omnes</strong></span> <span class='ocrx_word' id='word_1_533' title='bbox 3122 999 3307 1051; x_wconf 84' lang='lat' dir='ltr'><strong>mortui</strong></span> <span class='ocrx_word' id='word_1_534' title='bbox 3332 1007 3447 1053; x_wconf 82' lang='lat' dir='ltr'><strong>sunt</strong></span> <span class='ocrx_word' id='word_1_535' title='bbox 3475 999 3549 1070; x_wconf 83' lang='lat' dir='ltr'><strong>(ll</strong></span> <span class='ocrx_word' id='word_1_536' title='bbox 3586 999 3708 1060; x_wconf 84' lang='lat' dir='ltr'><strong>Cor.</strong></span> 
     </span>
    </p>
   </div>
   <div class='ocr_carea' id='block_1_69' title="bbox 2132 1082 3713 1163">
    <p class='ocr_par' dir='ltr' id='par_1_69' title="bbox 2132 1082 3713 1163">
     <span class='ocr_line' id='line_1_69' title="bbox 2132 1082 3713 1163; baseline 0.008 -27"><span class='ocrx_word' id='word_1_537' title='bbox 2132 1097 2185 1148; x_wconf 88' lang='lat' dir='ltr'><strong>v,</strong></span> <span class='ocrx_word' id='word_1_538' title='bbox 2222 1082 2343 1155; x_wconf 72' lang='grc'><strong>14).</strong></span> <span class='ocrx_word' id='word_1_539' title='bbox 2399 1084 2682 1140; x_wconf 78' lang='lat' dir='ltr'><strong>Coiiclusio</strong></span> <span class='ocrx_word' id='word_1_540' title='bbox 2723 1085 2840 1142; x_wconf 83' lang='lat' dir='ltr'><strong>haec</strong></span> <span class='ocrx_word' id='word_1_541' title='bbox 2863 1087 3103 1157; x_wconf 83' lang='lat' dir='ltr'><strong>Apostoli</strong></span> <span class='ocrx_word' id='word_1_542' title='bbox 3143 1087 3334 1143; x_wconf 87' lang='lat' dir='ltr'><strong>invicta</strong></span> <span class='ocrx_word' id='word_1_543' title='bbox 3368 1099 3492 1144; x_wconf 88' lang='lat' dir='ltr'><strong>est:</strong></span> <span class='ocrx_word' id='word_1_544' title='bbox 3526 1106 3589 1146; x_wconf 92' lang='lat' dir='ltr'><strong>ac</strong></span> <span class='ocrx_word' id='word_1_545' title='bbox 3614 1108 3713 1163; x_wconf 87' lang='lat' dir='ltr'><strong>per</strong></span> 
     </span>
    </p>
   </div>
   <div class='ocr_carea' id='block_1_70' title="bbox 2132 1173 3707 1252">
    <p class='ocr_par' dir='ltr' id='par_1_70' title="bbox 2132 1173 3707 1252">
     <span class='ocr_line' id='line_1_70' title="bbox 2132 1173 3707 1252; baseline 0.008 -24"><span class='ocrx_word' id='word_1_546' title='bbox 2132 1173 2236 1230; x_wconf 88' lang='lat' dir='ltr'><strong>bne</strong></span> <span class='ocrx_word' id='word_1_547' title='bbox 2262 1177 2383 1245; x_wconf 86' lang='lat' dir='ltr'><strong>quia</strong></span> <span class='ocrx_word' id='word_1_548' title='bbox 2422 1184 2478 1231; x_wconf 90' lang='lat' dir='ltr'><strong>et</strong></span> <span class='ocrx_word' id='word_1_549' title='bbox 2512 1192 2607 1246; x_wconf 87' lang='lat' dir='ltr'><strong>pro</strong></span> <span class='ocrx_word' id='word_1_550' title='bbox 2629 1178 2861 1247; x_wconf 78' lang='lat' dir='ltr'><strong>parvulis</strong></span> <span class='ocrx_word' id='word_1_551' title='bbox 2891 1188 3132 1234; x_wconf 88' lang='lat' dir='ltr'><strong>mortuus</strong></span> <span class='ocrx_word' id='word_1_552' title='bbox 3155 1189 3256 1247; x_wconf 91' lang='lat' dir='ltr'><strong>est,</strong></span> <span class='ocrx_word' id='word_1_553' title='bbox 3290 1181 3525 1252; x_wconf 87' lang='lat' dir='ltr'><strong>profecto</strong></span> <span class='ocrx_word' id='word_1_554' title='bbox 3549 1186 3707 1240; x_wconf 82' lang='lat' dir='ltr'><strong>etiam</strong></span> 
     </span>
    </p>
   </div>
   <div class='ocr_carea' id='block_1_71' title="bbox 2134 1266 3711 1341">
    <p class='ocr_par' dir='ltr' id='par_1_71' title="bbox 2134 1266 3711 1341">
     <span class='ocr_line' id='line_1_71' title="bbox 2134 1266 3711 1341; baseline 0.007 -23"><span class='ocrx_word' id='word_1_555' title='bbox 2134 1266 2336 1335; x_wconf 90' lang='lat' dir='ltr'><strong>parvuli</strong></span> <span class='ocrx_word' id='word_1_556' title='bbox 2366 1268 2559 1322; x_wconf 88' lang='lat' dir='ltr'><strong>mortui</strong></span> <span class='ocrx_word' id='word_1_557' title='bbox 2608 1278 2749 1325; x_wconf 93' lang='lat' dir='ltr'><strong>sunt.</strong></span> <span class='ocrx_word' id='word_1_558' title='bbox 2794 1268 3032 1324; x_wconf 80' lang='lat' dir='ltr'><strong>Mortuus</strong></span> <span class='ocrx_word' id='word_1_559' title='bbox 3058 1278 3142 1324; x_wconf 89' lang='lat' dir='ltr'><strong>est</strong></span> <span class='ocrx_word' id='word_1_560' title='bbox 3172 1287 3330 1341; x_wconf 87' lang='lat' dir='ltr'><strong>porro</strong></span> <span class='ocrx_word' id='word_1_561' title='bbox 3361 1271 3621 1335; x_wconf 88' lang='lat' dir='ltr'><strong>Christus.</strong></span> <span class='ocrx_word' id='word_1_562' title='bbox 3651 1283 3711 1329; x_wconf 88' lang='lat' dir='ltr'><strong>ut</strong></span> 
     </span>
    </p>
   </div>
   <div class='ocr_carea' id='block_1_72' title="bbox 2132 1360 3703 1433">
    <p class='ocr_par' dir='ltr' id='par_1_72' title="bbox 2132 1360 3703 1433">
     <span class='ocr_line' id='line_1_72' title="bbox 2132 1360 3703 1433; baseline 0.003 -20"><span class='ocrx_word' id='word_1_563' title='bbox 2132 1367 2411 1415; x_wconf 88' lang='lat' dir='ltr'><strong>cvacuaret</strong></span> <span class='ocrx_word' id='word_1_564' title='bbox 2432 1374 2553 1413; x_wconf 88' lang='lat' dir='ltr'><strong>eum</strong></span> <span class='ocrx_word' id='word_1_565' title='bbox 2577 1361 2664 1430; x_wconf 86' lang='lat' dir='ltr'><strong>qui</strong></span> <span class='ocrx_word' id='word_1_566' title='bbox 2695 1368 3009 1430; x_wconf 86' lang='lat' dir='ltr'><strong>potestatem</strong></span> <span class='ocrx_word' id='word_1_567' title='bbox 3038 1360 3265 1417; x_wconf 84' lang='lat' dir='ltr'><strong>habebat</strong></span> <span class='ocrx_word' id='word_1_568' title='bbox 3293 1363 3497 1429; x_wconf 91' lang='lat' dir='ltr'><strong>mortis,</strong></span> <span class='ocrx_word' id='word_1_569' title='bbox 3530 1364 3579 1418; x_wconf 88' lang='lat' dir='ltr'><strong>id</strong></span> <span class='ocrx_word' id='word_1_570' title='bbox 3604 1374 3703 1433; x_wconf 84' lang='lat' dir='ltr'><strong>est,</strong></span> 
     </span>
    </p>
   </div>
   <div class='ocr_carea' id='block_1_73' title="bbox 2132 1450 3708 1524">
    <p class='ocr_par' dir='ltr' id='par_1_73' title="bbox 2132 1450 3708 1524">
     <span class='ocr_line' id='line_1_73' title="bbox 2132 1450 3708 1524; baseline 0.004 -18"><span class='ocrx_word' id='word_1_571' title='bbox 2132 1451 2400 1506; x_wconf 88' lang='lat' dir='ltr'><strong>diabolum</strong></span> <span class='ocrx_word' id='word_1_572' title='bbox 2441 1450 2641 1524; x_wconf 77' lang='lat' dir='ltr'><strong>(Hebr.</strong></span> <span class='ocrx_word' id='word_1_573' title='bbox 2670 1469 2728 1518; x_wconf 86' lang='grc' dir='ltr'>ιι,</span> <span class='ocrx_word' id='word_1_574' title='bbox 2755 1452 2864 1523; x_wconf 71' lang='grc' dir='ltr'><strong>Η).</strong></span> <span class='ocrx_word' id='word_1_575' title='bbox 2894 1454 3022 1508; x_wconf 90' lang='lat' dir='ltr'><strong>Sine</strong></span> <span class='ocrx_word' id='word_1_576' title='bbox 3051 1454 3208 1524; x_wconf 80' lang='lat' dir='ltr'><strong>igitur</strong></span> <span class='ocrx_word' id='word_1_577' title='bbox 3247 1457 3514 1524; x_wconf 86' lang='lat' dir='ltr'><strong>parvulos,</strong></span> <span class='ocrx_word' id='word_1_578' title='bbox 3546 1465 3600 1510; x_wconf 92' lang='lat' dir='ltr'><strong>nt</strong></span> <span class='ocrx_word' id='word_1_579' title='bbox 3628 1458 3708 1512; x_wconf 87' lang='lat' dir='ltr'><strong>vi-</strong></span> 
     </span>
    </p>
   </div>
   <div class='ocr_carea' id='block_1_74' title="bbox 2133 1542 3707 1617">
    <p class='ocr_par' dir='ltr' id='par_1_74' title="bbox 2133 1542 3707 1617">
     <span class='ocr_line' id='line_1_74' title="bbox 2133 1542 3707 1617; baseline 0.003 -19"><span class='ocrx_word' id='word_1_580' title='bbox 2133 1553 2280 1612; x_wconf 88' lang='lat' dir='ltr'><strong>vant,</strong></span> <span class='ocrx_word' id='word_1_581' title='bbox 2307 1545 2376 1599; x_wconf 90' lang='lat' dir='ltr'><strong>dc</strong></span> <span class='ocrx_word' id='word_1_582' title='bbox 2404 1555 2661 1612; x_wconf 87' lang='lat' dir='ltr'><strong>potestate</strong></span> <span class='ocrx_word' id='word_1_583' title='bbox 2681 1547 2794 1602; x_wconf 90' lang='lat' dir='ltr'><strong>erui</strong></span> <span class='ocrx_word' id='word_1_584' title='bbox 2825 1547 3182 1602; x_wconf 84' lang='lat' dir='ltr'><strong>tenebrarum.</strong></span> <span class='ocrx_word' id='word_1_585' title='bbox 3218 1547 3352 1615; x_wconf 86' lang='lat' dir='ltr'><strong>Quid</strong></span> <span class='ocrx_word' id='word_1_586' title='bbox 3392 1560 3473 1604; x_wconf 89' lang='lat' dir='ltr'><strong>est</strong></span> <span class='ocrx_word' id='word_1_587' title='bbox 3498 1542 3707 1617; x_wconf 82' lang='lat' dir='ltr'><strong>’autem,</strong></span> 
     </span>
    </p>
   </div>
   <div class='ocr_carea' id='block_1_75' title="bbox 2133 1635 3705 1708">
    <p class='ocr_par' dir='ltr' id='par_1_75' title="bbox 2133 1635 3705 1708">
     <span class='ocr_line' id='line_1_75' title="bbox 2133 1635 3705 1708; baseline 0.002 -18"><span class='ocrx_word' id='word_1_588' title='bbox 2133 1635 2273 1706; x_wconf 90' lang='lat' dir='ltr'><strong>quod</strong></span> <span class='ocrx_word' id='word_1_589' title='bbox 2320 1635 2446 1690; x_wconf 87' lang='lat' dir='ltr'><strong>mihi</strong></span> <span class='ocrx_word' id='word_1_590' title='bbox 2482 1635 2832 1707; x_wconf 82' lang='lat' dir='ltr'><strong>Calliphontis</strong></span> <span class='ocrx_word' id='word_1_591' title='bbox 2868 1653 3070 1692; x_wconf 87' lang='lat' dir='ltr'><strong>morem</strong></span> <span class='ocrx_word' id='word_1_592' title='bbox 3102 1638 3308 1708; x_wconf 85' lang='lat' dir='ltr'><strong>objieis,</strong></span> <span class='ocrx_word' id='word_1_593' title='bbox 3339 1640 3421 1694; x_wconf 87' lang='lat' dir='ltr'><strong>vel</strong></span> <span class='ocrx_word' id='word_1_594' title='bbox 3445 1655 3705 1704; x_wconf 87' lang='lat' dir='ltr'><strong>errorem,</strong></span> 
     </span>
    </p>
   </div>
   <div class='ocr_carea' id='block_1_76' title="bbox 2135 1715 3708 1801">
    <p class='ocr_par' dir='ltr' id='par_1_76' title="bbox 2135 1715 3708 1801">
     <span class='ocr_line' id='line_1_76' title="bbox 2135 1715 3708 1801; baseline 0.004 -20"><span class='ocrx_word' id='word_1_595' title='bbox 2135 1728 2186 1781; x_wconf 90' lang='lat' dir='ltr'><strong>in</strong></span> <span class='ocrx_word' id='word_1_596' title='bbox 2214 1742 2279 1782; x_wconf 92' lang='lat' dir='ltr'><strong>eo</strong></span> <span class='ocrx_word' id='word_1_597' title='bbox 2304 1727 2444 1795; x_wconf 88' lang='lat' dir='ltr'><strong>quod</strong></span> <span class='ocrx_word' id='word_1_598' title='bbox 2467 1744 2550 1782; x_wconf 89' lang='lat' dir='ltr'><strong>me</strong></span> <span class='ocrx_word' id='word_1_599' title='bbox 2567 1737 2753 1799; x_wconf 84' lang='lat' dir='ltr'><strong>putare</strong></span> <span class='ocrx_word' id='word_1_600' title='bbox 2767 1727 2901 1784; x_wconf 90' lang='lat' dir='ltr'><strong>dicis</strong></span> <span class='ocrx_word' id='word_1_601' title='bbox 2928 1729 3174 1783; x_wconf 88' lang='lat' dir='ltr'><strong>virtutem</strong></span> <span class='ocrx_word' id='word_1_602' title='bbox 3197 1738 3252 1784; x_wconf 90' lang='lat' dir='ltr'><strong>et</strong></span> <span class='ocrx_word' id='word_1_603' title='bbox 3280 1731 3426 1793; x_wconf 87' lang='lat' dir='ltr'><strong>vitia,</strong></span> <span class='ocrx_word' id='word_1_604' title='bbox 3451 1715 3708 1801; x_wconf 79' lang='lat' dir='ltr'><strong>justitiaiu</strong></span> 
     </span>
    </p>
   </div>
   <div class='ocr_carea' id='block_1_77' title="bbox 2132 1819 3711 1889">
    <p class='ocr_par' dir='ltr' id='par_1_77' title="bbox 2132 1819 3711 1889">
     <span class='ocr_line' id='line_1_77' title="bbox 2132 1819 3711 1889; baseline 0.004 -16"><span class='ocrx_word' id='word_1_605' title='bbox 2132 1830 2188 1874; x_wconf 89' lang='lat' dir='ltr'><strong>et</strong></span> <span class='ocrx_word' id='word_1_606' title='bbox 2215 1819 2542 1889; x_wconf 76' lang='lat' dir='ltr'><strong>iniquitatem</strong></span> <span class='ocrx_word' id='word_1_607' title='bbox 2571 1820 2811 1874; x_wconf 88' lang='lat' dir='ltr'><strong>oratione</strong></span> <span class='ocrx_word' id='word_1_608' title='bbox 2839 1835 2956 1876; x_wconf 87' lang='lat' dir='ltr'><strong>mea</strong></span> <span class='ocrx_word' id='word_1_609' title='bbox 2997 1835 3152 1889; x_wconf 91' lang='lat' dir='ltr'><strong>posse</strong></span> <span class='ocrx_word' id='word_1_610' title='bbox 3195 1820 3248 1875; x_wconf 88' lang='lat' dir='ltr'><strong>in</strong></span> <span class='ocrx_word' id='word_1_611' title='bbox 3286 1820 3480 1877; x_wconf 62' lang='lat' dir='ltr'><strong>[rudera</strong></span> <span class='ocrx_word' id='word_1_612' title='bbox 3513 1838 3711 1880; x_wconf 89' lang='lat' dir='ltr'><strong>conve-</strong></span> 
     </span>
    </p>
   </div>
   <div class='ocr_carea' id='block_1_78' title="bbox 2135 1911 3709 1983">
    <p class='ocr_par' dir='ltr' id='par_1_78' title="bbox 2135 1911 3709 1983">
     <span class='ocr_line' id='line_1_78' title="bbox 2135 1911 3709 1983; baseline 0.003 -17"><span class='ocrx_word' id='word_1_613' title='bbox 2135 1911 2284 1966; x_wconf 88' lang='lat' dir='ltr'><strong>nire?</strong></span> <span class='ocrx_word' id='word_1_614' title='bbox 2312 1913 2423 1983; x_wconf 89' lang='lat' dir='ltr'><strong>Ego</strong></span> <span class='ocrx_word' id='word_1_615' title='bbox 2442 1912 2655 1983; x_wconf 89' lang='lat' dir='ltr'><strong>quidem</strong></span> <span class='ocrx_word' id='word_1_616' title='bbox 2679 1912 2819 1967; x_wconf 89' lang='lat' dir='ltr'><strong>absit</strong></span> <span class='ocrx_word' id='word_1_617' title='bbox 2842 1921 2900 1967; x_wconf 93' lang='lat' dir='ltr'><strong>ut</strong></span> <span class='ocrx_word' id='word_1_618' title='bbox 2926 1913 3027 1966; x_wconf 88' lang='lat' dir='ltr'><strong>hoc</strong></span> <span class='ocrx_word' id='word_1_619' title='bbox 3068 1913 3151 1968; x_wconf 87' lang='lat' dir='ltr'><strong>vel</strong></span> <span class='ocrx_word' id='word_1_620' title='bbox 3179 1913 3342 1969; x_wconf 86' lang='lat' dir='ltr'><strong>corde</strong></span> <span class='ocrx_word' id='word_1_621' title='bbox 3368 1924 3591 1976; x_wconf 86' lang='lat' dir='ltr'><strong>teneam,</strong></span> <span class='ocrx_word' id='word_1_622' title='bbox 3623 1917 3709 1970; x_wconf 86' lang='lat' dir='ltr'><strong>vel</strong></span> 
     </span>
    </p>
   </div>
   <div class='ocr_carea' id='block_1_79' title="bbox 2135 2001 3709 2059">
    <p class='ocr_par' dir='ltr' id='par_1_79' title="bbox 2135 2001 3709 2059">
     <span class='ocr_line' id='line_1_79' title="bbox 2135 2001 3709 2059; baseline 0.001 -1"><span class='ocrx_word' id='word_1_623' title='bbox 2135 2017 2383 2058; x_wconf 84' lang='lat' dir='ltr'><strong>sermone</strong></span> <span class='ocrx_word' id='word_1_624' title='bbox 2407 2001 2661 2058; x_wconf 87' lang='lat' dir='ltr'><strong>suadeam</strong></span> <span class='ocrx_word' id='word_1_625' title='bbox 2689 2020 2703 2057; x_wconf 89' lang='lat'><strong>:</strong></span> <span class='ocrx_word' id='word_1_626' title='bbox 2726 2001 2821 2058; x_wconf 89' lang='lat' dir='ltr'><strong>sed</strong></span> <span class='ocrx_word' id='word_1_627' title='bbox 2840 2011 2946 2058; x_wconf 86' lang='lat' dir='ltr'><strong>tam</strong></span> <span class='ocrx_word' id='word_1_628' title='bbox 2969 2002 3103 2057; x_wconf 91' lang='lat' dir='ltr'><strong>bene</strong></span> <span class='ocrx_word' id='word_1_629' title='bbox 3130 2012 3181 2058; x_wconf 90' lang='lat' dir='ltr'><strong>te</strong></span> <span class='ocrx_word' id='word_1_630' title='bbox 3207 2002 3528 2059; x_wconf 76' lang='lat' dir='ltr'><strong>intellexisse</strong></span> <span class='ocrx_word' id='word_1_631' title='bbox 3553 2004 3709 2059; x_wconf 90' lang='lat' dir='ltr'><strong>istum</strong></span> 
     </span>
    </p>
   </div>
   <div class='ocr_carea' id='block_1_80' title="bbox 2137 2094 3709 2166">
    <p class='ocr_par' dir='ltr' id='par_1_80' title="bbox 2137 2094 3709 2166">
     <span class='ocr_line' id='line_1_80' title="bbox 2137 2094 3709 2166; baseline 0.003 -18"><span class='ocrx_word' id='word_1_632' title='bbox 2137 2095 2506 2165; x_wconf 85' lang='lat' dir='ltr'><strong>philosophum</strong></span> <span class='ocrx_word' id='word_1_633' title='bbox 2537 2094 2795 2166; x_wconf 82' lang='lat' dir='ltr'><strong>gratulor.</strong></span> <span class='ocrx_word' id='word_1_634' title='bbox 2829 2095 3041 2150; x_wconf 86' lang='lat' dir='ltr'><strong>Etenim</strong></span> <span class='ocrx_word' id='word_1_635' title='bbox 3068 2111 3190 2151; x_wconf 90' lang='lat' dir='ltr'><strong>cum</strong></span> <span class='ocrx_word' id='word_1_636' title='bbox 3225 2097 3314 2151; x_wconf 87' lang='lat' dir='ltr'><strong>ille</strong></span> <span class='ocrx_word' id='word_1_637' title='bbox 3355 2097 3616 2166; x_wconf 87' lang='lat' dir='ltr'><strong>putaverit</strong></span> <span class='ocrx_word' id='word_1_638' title='bbox 3656 2098 3709 2152; x_wconf 90' lang='lat' dir='ltr'><strong>iu</strong></span> 
     </span>
    </p>
   </div>
   <div class='ocr_carea' id='block_1_81' title="bbox 2136 2187 3704 2257">
    <p class='ocr_par' dir='ltr' id='par_1_81' title="bbox 2136 2187 3704 2257">
     <span class='ocr_line' id='line_1_81' title="bbox 2136 2187 3704 2257; baseline 0.003 -15"><span class='ocrx_word' id='word_1_639' title='bbox 2136 2188 2331 2242; x_wconf 88' lang='lat' dir='ltr'><strong>virtute</strong></span> <span class='ocrx_word' id='word_1_640' title='bbox 2355 2187 2516 2241; x_wconf 89' lang='lat' dir='ltr'><strong>animi</strong></span> <span class='ocrx_word' id='word_1_641' title='bbox 2546 2195 2601 2242; x_wconf 91' lang='lat' dir='ltr'><strong>et</strong></span> <span class='ocrx_word' id='word_1_642' title='bbox 2642 2187 2910 2257; x_wconf 81' lang='lat' dir='ltr'><strong>voluptate</strong></span> <span class='ocrx_word' id='word_1_643' title='bbox 2937 2189 3179 2257; x_wconf 82' lang='lat' dir='ltr'><strong>corporis</strong></span> <span class='ocrx_word' id='word_1_644' title='bbox 3205 2202 3325 2243; x_wconf 90' lang='lat' dir='ltr'><strong>esse</strong></span> <span class='ocrx_word' id='word_1_645' title='bbox 3356 2189 3583 2244; x_wconf 88' lang='lat' dir='ltr'><strong>hominis</strong></span> <span class='ocrx_word' id='word_1_646' title='bbox 3612 2188 3704 2246; x_wconf 87' lang='lat' dir='ltr'><strong>bo-</strong></span> 
     </span>
    </p>
   </div>
   <div class='ocr_carea' id='block_1_82' title="bbox 2137 2277 3709 2351">
    <p class='ocr_par' dir='ltr' id='par_1_82' title="bbox 2137 2277 3709 2351">
     <span class='ocr_line' id='line_1_82' title="bbox 2137 2277 3709 2351; baseline 0.002 -20"><span class='ocrx_word' id='word_1_647' title='bbox 2137 2293 2264 2332; x_wconf 90' lang='lat' dir='ltr'><strong>num</strong></span> <span class='ocrx_word' id='word_1_648' title='bbox 2292 2277 2391 2351; x_wconf 88' lang='lat' dir='ltr'><strong>(a);</strong></span> <span class='ocrx_word' id='word_1_649' title='bbox 2416 2287 2472 2332; x_wconf 90' lang='lat' dir='ltr'><strong>tu</strong></span> <span class='ocrx_word' id='word_1_650' title='bbox 2494 2293 2616 2332; x_wconf 89' lang='lat' dir='ltr'><strong>eum</strong></span> <span class='ocrx_word' id='word_1_651' title='bbox 2633 2277 2768 2332; x_wconf 90' lang='lat' dir='ltr'><strong>dicis</strong></span> <span class='ocrx_word' id='word_1_652' title='bbox 2784 2278 3005 2334; x_wconf 77' lang='lat' dir='ltr'><strong>virtutes</strong></span> <span class='ocrx_word' id='word_1_653' title='bbox 3019 2287 3074 2334; x_wconf 90' lang='lat' dir='ltr'><strong>et</strong></span> <span class='ocrx_word' id='word_1_654' title='bbox 3095 2278 3215 2334; x_wconf 85' lang='lat' dir='ltr'><strong>vitia</strong></span> <span class='ocrx_word' id='word_1_655' title='bbox 3236 2278 3466 2334; x_wconf 85' lang='lat' dir='ltr'><strong>voluisse</strong></span> <span class='ocrx_word' id='word_1_656' title='bbox 3486 2279 3709 2350; x_wconf 79' lang='lat' dir='ltr'><strong>conjun-</strong></span> 
     </span>
    </p>
   </div>
   <div class='ocr_carea' id='block_1_83' title="bbox 2136 2368 3717 2441">
    <p class='ocr_par' dir='ltr' id='par_1_83' title="bbox 2136 2368 3717 2441">
     <span class='ocr_line' id='line_1_83' title="bbox 2136 2368 3717 2441; baseline 0.001 -15"><span class='ocrx_word' id='word_1_657' title='bbox 2136 2384 2266 2440; x_wconf 82' lang='lat' dir='ltr'><strong>gere</strong></span> <span class='ocrx_word' id='word_1_658' title='bbox 2289 2386 2311 2424; x_wconf 66' lang='grc' dir='ltr'><strong>ς</strong></span> <span class='ocrx_word' id='word_1_659' title='bbox 2341 2384 2406 2425; x_wconf 91' lang='lat' dir='ltr'><strong>ac</strong></span> <span class='ocrx_word' id='word_1_660' title='bbox 2431 2385 2524 2439; x_wconf 88' lang='lat' dir='ltr'><strong>per</strong></span> <span class='ocrx_word' id='word_1_661' title='bbox 2543 2368 2675 2433; x_wconf 85' lang='lat' dir='ltr'><strong>hoc,</strong></span> <span class='ocrx_word' id='word_1_662' title='bbox 2707 2370 2844 2425; x_wconf 85' lang='lat' dir='ltr'><strong>sicut</strong></span> <span class='ocrx_word' id='word_1_663' title='bbox 2867 2369 3068 2437; x_wconf 88' lang='lat' dir='ltr'><strong>decuit,</strong></span> <span class='ocrx_word' id='word_1_664' title='bbox 3103 2371 3286 2425; x_wconf 87' lang='lat' dir='ltr'><strong>vitium</strong></span> <span class='ocrx_word' id='word_1_665' title='bbox 3320 2371 3562 2441; x_wconf 74' lang='lat' dir='ltr'><strong>judicssti</strong></span> <span class='ocrx_word' id='word_1_666' title='bbox 3591 2386 3717 2428; x_wconf 73' lang='lat' dir='ltr'><strong>esse</strong></span> 
     </span>
    </p>
   </div>
   <div class='ocr_carea' id='block_1_84' title="bbox 2138 2462 3716 2535">
    <p class='ocr_par' dir='ltr' id='par_1_84' title="bbox 2138 2462 3716 2535">
     <span class='ocr_line' id='line_1_84' title="bbox 2138 2462 3716 2535; baseline 0.001 -17"><span class='ocrx_word' id='word_1_667' title='bbox 2138 2463 2434 2533; x_wconf 86' lang='lat' dir='ltr'><strong>corporalis</strong></span> <span class='ocrx_word' id='word_1_668' title='bbox 2487 2462 2847 2535; x_wconf 89' lang='lat' dir='ltr'><strong>appetentiam</strong></span> <span class='ocrx_word' id='word_1_669' title='bbox 2878 2464 3166 2534; x_wconf 87' lang='lat' dir='ltr'><strong>voluptatis</strong></span> <span class='ocrx_word' id='word_1_670' title='bbox 3198 2481 3212 2516; x_wconf 91' lang='lat'><strong>:</strong></span> <span class='ocrx_word' id='word_1_671' title='bbox 3238 2463 3423 2519; x_wconf 85' lang='lat' dir='ltr'><strong>vitium</strong></span> <span class='ocrx_word' id='word_1_672' title='bbox 3450 2465 3716 2535; x_wconf 86' lang='lat' dir='ltr'><strong>estigitur</strong></span> 
     </span>
    </p>
   </div>
   <div class='ocr_carea' id='block_1_85' title="bbox 2140 2552 3716 2624">
    <p class='ocr_par' dir='ltr' id='par_1_85' title="bbox 2140 2552 3716 2624">
     <span class='ocr_line' id='line_1_85' title="bbox 2140 2552 3716 2624; baseline 0.002 -17"><span class='ocrx_word' id='word_1_673' title='bbox 2140 2553 2337 2620; x_wconf 80' lang='lat' dir='ltr'><strong>libido,</strong></span> <span class='ocrx_word' id='word_1_674' title='bbox 2368 2568 2528 2623; x_wconf 87' lang='lat' dir='ltr'><strong>quam</strong></span> <span class='ocrx_word' id='word_1_675' title='bbox 2556 2553 2759 2608; x_wconf 84' lang='lat' dir='ltr'><strong>laudas.</strong></span> <span class='ocrx_word' id='word_1_676' title='bbox 2814 2552 3096 2623; x_wconf 86' lang='lat' dir='ltr'><strong>Subrepsit</strong></span> <span class='ocrx_word' id='word_1_677' title='bbox 3133 2553 3311 2623; x_wconf 86' lang='lat' dir='ltr'><strong>itaque</strong></span> <span class='ocrx_word' id='word_1_678' title='bbox 3350 2553 3716 2624; x_wconf 80' lang='lat' dir='ltr'><strong>undecumque</strong></span> 
     </span>
    </p>
   </div>
   <div class='ocr_carea' id='block_1_86' title="bbox 2140 2645 3715 2715">
    <p class='ocr_par' dir='ltr' id='par_1_86' title="bbox 2140 2645 3715 2715">
     <span class='ocr_line' id='line_1_86' title="bbox 2140 2645 3715 2715; baseline -0.002 -13"><span class='ocrx_word' id='word_1_679' title='bbox 2140 2648 2245 2702; x_wconf 90' lang='lat' dir='ltr'><strong>tuis</strong></span> <span class='ocrx_word' id='word_1_680' title='bbox 2271 2645 2519 2702; x_wconf 89' lang='lat' dir='ltr'><strong>sensibus</strong></span> <span class='ocrx_word' id='word_1_681' title='bbox 2545 2646 2761 2712; x_wconf 89' lang='lat' dir='ltr'><strong>veritas,</strong></span> <span class='ocrx_word' id='word_1_682' title='bbox 2784 2654 2842 2700; x_wconf 91' lang='lat' dir='ltr'><strong>ut</strong></span> <span class='ocrx_word' id='word_1_683' title='bbox 2864 2660 3127 2715; x_wconf 61' lang='lat' dir='ltr'><strong>susceptae</strong></span> <span class='ocrx_word' id='word_1_684' title='bbox 3157 2652 3262 2700; x_wconf 82' lang='lat' dir='ltr'><strong>tua:</strong></span> <span class='ocrx_word' id='word_1_685' title='bbox 3290 2659 3501 2701; x_wconf 83' lang='lat' dir='ltr'><strong>causam</strong></span> <span class='ocrx_word' id='word_1_686' title='bbox 3527 2645 3715 2715; x_wconf 88' lang='lat' dir='ltr'><strong>paulu-</strong></span> 
     </span>
    </p>
   </div>
   <div class='ocr_carea' id='block_1_87' title="bbox 2141 2736 3226 2808">
    <p class='ocr_par' dir='ltr' id='par_1_87' title="bbox 2141 2736 3226 2808">
     <span class='ocr_line' id='line_1_87' title="bbox 2141 2736 3226 2808; baseline -0.002 -15"><span class='ocrx_word' id='word_1_687' title='bbox 2141 2739 2249 2793; x_wconf 89' lang='lat' dir='ltr'><strong>lum</strong></span> <span class='ocrx_word' id='word_1_688' title='bbox 2277 2737 2554 2803; x_wconf 88' lang='lat' dir='ltr'><strong>deserens,</strong></span> <span class='ocrx_word' id='word_1_689' title='bbox 2584 2736 2728 2808; x_wconf 89' lang='lat' dir='ltr'><strong>quod</strong></span> <span class='ocrx_word' id='word_1_690' title='bbox 2746 2736 2974 2792; x_wconf 87' lang='lat' dir='ltr'><strong>dicimus</strong></span> <span class='ocrx_word' id='word_1_691' title='bbox 2995 2736 3226 2791; x_wconf 85' lang='lat' dir='ltr'><strong>diceres.</strong></span> 
     </span>
    </p>
   </div>
   <div class='ocr_carea' id='block_1_88' title="bbox 2215 2829 3717 2902">
    <p class='ocr_par' dir='ltr' id='par_1_88' title="bbox 2215 2829 3717 2902">
     <span class='ocr_line' id='line_1_88' title="bbox 2215 2829 3717 2902; baseline -0.001 -14"><span class='ocrx_word' id='word_1_692' title='bbox 2215 2831 2377 2888; x_wconf 73' lang='lat' dir='ltr'><strong>LXV.</strong></span> <span class='ocrx_word' id='word_1_693' title='bbox 2405 2831 2523 2887; x_wconf 65' lang='lat' dir='ltr'><strong>Jun.</strong></span> <span class='ocrx_word' id='word_1_694' title='bbox 2548 2831 2713 2902; x_wconf 79' lang='lat' dir='ltr'><strong>Argui</strong></span> <span class='ocrx_word' id='word_1_695' title='bbox 2741 2845 2891 2902; x_wconf 80' lang='lat' dir='ltr'><strong>ergo,</strong></span> <span class='ocrx_word' id='word_1_696' title='bbox 2920 2839 2977 2886; x_wconf 92' lang='lat' dir='ltr'><strong>et</strong></span> <span class='ocrx_word' id='word_1_697' title='bbox 3000 2830 3122 2899; x_wconf 89' lang='lat' dir='ltr'><strong>jure</strong></span> <span class='ocrx_word' id='word_1_698' title='bbox 3140 2830 3311 2900; x_wconf 88' lang='lat' dir='ltr'><strong>argui,</strong></span> <span class='ocrx_word' id='word_1_699' title='bbox 3343 2829 3597 2901; x_wconf 81' lang='lat' dir='ltr'><strong>dejectam</strong></span> <span class='ocrx_word' id='word_1_700' title='bbox 3615 2841 3637 2872; x_wconf 75' lang='grc' dir='ltr'><strong>ι</strong></span> <span class='ocrx_word' id='word_1_701' title='bbox 3660 2839 3717 2887; x_wconf 86' lang='lat' dir='ltr'><strong>et</strong></span> 
     </span>
    </p>
   </div>
   <div class='ocr_carea' id='block_1_89' title="bbox 2141 2921 3718 2995">
    <p class='ocr_par' dir='ltr' id='par_1_89' title="bbox 2141 2921 3718 2995">
     <span class='ocr_line' id='line_1_89' title="bbox 2141 2921 3718 2995; baseline -0.001 -15"><span class='ocrx_word' id='word_1_702' title='bbox 2141 2924 2370 2980; x_wconf 85' lang='lat' dir='ltr'><strong>debilem</strong></span> <span class='ocrx_word' id='word_1_703' title='bbox 2399 2924 2733 2989; x_wconf 68' lang='lat' dir='ltr'><strong>varietatem,</strong></span> <span class='ocrx_word' id='word_1_704' title='bbox 2759 2938 2865 2995; x_wconf 89' lang='lat' dir='ltr'><strong>qua</strong></span> <span class='ocrx_word' id='word_1_705' title='bbox 2885 2922 3061 2979; x_wconf 80' lang='lat' dir='ltr'><strong>fuerat</strong></span> <span class='ocrx_word' id='word_1_706' title='bbox 3087 2921 3333 2978; x_wconf 81' lang='lat' dir='ltr'><strong>eﬁ&#39;ectum</strong></span> <span class='ocrx_word' id='word_1_707' title='bbox 3358 2931 3481 2978; x_wconf 92' lang='lat' dir='ltr'><strong>utet</strong></span> <span class='ocrx_word' id='word_1_708' title='bbox 3506 2925 3718 2994; x_wconf 84' lang='lat' dir='ltr'><strong>nuptias</strong></span> 
     </span>
    </p>
   </div>
   <div class='ocr_carea' id='block_1_90' title="bbox 2142 3013 3719 3085">
    <p class='ocr_par' dir='ltr' id='par_1_90' title="bbox 2142 3013 3719 3085">
     <span class='ocr_line' id='line_1_90' title="bbox 2142 3013 3719 3085; baseline -0.001 -13"><span class='ocrx_word' id='word_1_709' title='bbox 2142 3025 2194 3074; x_wconf 90' lang='lat' dir='ltr'><strong>te</strong></span> <span class='ocrx_word' id='word_1_710' title='bbox 2222 3030 2326 3071; x_wconf 93' lang='lat' dir='ltr'><strong>non</strong></span> <span class='ocrx_word' id='word_1_711' title='bbox 2356 3017 2612 3071; x_wconf 89' lang='lat' dir='ltr'><strong>damnare</strong></span> <span class='ocrx_word' id='word_1_712' title='bbox 2637 3014 2991 3085; x_wconf 57' lang='lat' dir='ltr'><strong>praemittens</strong></span> <span class='ocrx_word' id='word_1_713' title='bbox 3010 3013 3056 3082; x_wconf 85' lang='grc'><em>³,</em></span> <span class='ocrx_word' id='word_1_714' title='bbox 3084 3022 3139 3069; x_wconf 92' lang='lat' dir='ltr'><strong>et</strong></span> <span class='ocrx_word' id='word_1_715' title='bbox 3162 3013 3372 3069; x_wconf 85' lang='lat' dir='ltr'><strong>diceres</strong></span> <span class='ocrx_word' id='word_1_716' title='bbox 3394 3055 3412 3080; x_wconf 94' lang='lat'><strong>,</strong></span> <span class='ocrx_word' id='word_1_717' title='bbox 3437 3014 3506 3069; x_wconf 86' lang='lat' dir='ltr'><strong>ob</strong></span> <span class='ocrx_word' id='word_1_718' title='bbox 3533 3016 3627 3070; x_wconf 89' lang='lat' dir='ltr'><strong>viri</strong></span> <span class='ocrx_word' id='word_1_719' title='bbox 3662 3024 3719 3071; x_wconf 88' lang='lat' dir='ltr'><strong>et</strong></span> 
     </span>
    </p>
   </div>
   <div class='ocr_carea' id='block_1_91' title="bbox 2143 3106 3720 3179">
    <p class='ocr_par' dir='ltr' id='par_1_91' title="bbox 2143 3106 3720 3179">
     <span class='ocr_line' id='line_1_91' title="bbox 2143 3106 3720 3179; baseline -0.001 -15"><span class='ocrx_word' id='word_1_720' title='bbox 2143 3110 2354 3164; x_wconf 71' lang='lat' dir='ltr'><strong>femitia:</strong></span> <span class='ocrx_word' id='word_1_721' title='bbox 2383 3108 2838 3176; x_wconf 78' lang='lat' dir='ltr'><strong>cominixtionem,</strong></span> <span class='ocrx_word' id='word_1_722' title='bbox 2869 3121 3030 3179; x_wconf 90' lang='lat' dir='ltr'><strong>quam</strong></span> <span class='ocrx_word' id='word_1_723' title='bbox 3073 3106 3142 3162; x_wconf 93' lang='lat' dir='ltr'><strong>de</strong></span> <span class='ocrx_word' id='word_1_724' title='bbox 3191 3107 3489 3177; x_wconf 85' lang='lat' dir='ltr'><strong>nuptiarum</strong></span> <span class='ocrx_word' id='word_1_725' title='bbox 3533 3107 3720 3163; x_wconf 83' lang='lat' dir='ltr'><strong>condi-</strong></span> 
     </span>
    </p>
   </div>
   <div class='ocr_carea' id='block_1_92' title="bbox 2143 3200 3717 3273">
    <p class='ocr_par' dir='ltr' id='par_1_92' title="bbox 2143 3200 3717 3273">
     <span class='ocr_line' id='line_1_92' title="bbox 2143 3200 3717 3273; baseline 0 -16"><span class='ocrx_word' id='word_1_726' title='bbox 2143 3203 2288 3258; x_wconf 78' lang='lat' dir='ltr'><strong>liutze</strong></span> <span class='ocrx_word' id='word_1_727' title='bbox 2318 3212 2374 3259; x_wconf 89' lang='lat' dir='ltr'><strong>et</strong></span> <span class='ocrx_word' id='word_1_728' title='bbox 2420 3209 2605 3255; x_wconf 89' lang='lat' dir='ltr'><strong>natura</strong></span> <span class='ocrx_word' id='word_1_729' title='bbox 2636 3201 2818 3256; x_wconf 85' lang='lat' dir='ltr'><strong>venire</strong></span> <span class='ocrx_word' id='word_1_730' title='bbox 2867 3200 3201 3273; x_wconf 86' lang='lat' dir='ltr'><strong>perspicuum</strong></span> <span class='ocrx_word' id='word_1_731' title='bbox 3245 3208 3366 3266; x_wconf 88' lang='lat' dir='ltr'><strong>est,</strong></span> <span class='ocrx_word' id='word_1_732' title='bbox 3397 3201 3583 3256; x_wconf 91' lang='lat' dir='ltr'><strong>imo-in</strong></span> <span class='ocrx_word' id='word_1_733' title='bbox 3611 3216 3717 3272; x_wconf 76' lang='lat' dir='ltr'><strong>qua</strong></span> 
     </span>
    </p>
   </div>
   <div class='ocr_carea' id='block_1_93' title="bbox 2140 3291 3717 3367">
    <p class='ocr_par' dir='ltr' id='par_1_93' title="bbox 2140 3291 3717 3367">
     <span class='ocr_line' id='line_1_93' title="bbox 2140 3291 3717 3367; baseline -0.001 -18"><span class='ocrx_word' id='word_1_734' title='bbox 2140 3295 2252 3349; x_wconf 89' lang='lat' dir='ltr'><strong>sola</strong></span> <span class='ocrx_word' id='word_1_735' title='bbox 2300 3292 2583 3367; x_wconf 88' lang='lat' dir='ltr'><strong>(quantum</strong></span> <span class='ocrx_word' id='word_1_736' title='bbox 2613 3292 2680 3348; x_wconf 89' lang='lat' dir='ltr'><strong>ad</strong></span> <span class='ocrx_word' id='word_1_737' title='bbox 2712 3291 3017 3347; x_wconf 82' lang='lat' dir='ltr'><strong>conﬂictum</strong></span> <span class='ocrx_word' id='word_1_738' title='bbox 3051 3300 3290 3347; x_wconf 88' lang='lat' dir='ltr'><strong>nostrum</strong></span> <span class='ocrx_word' id='word_1_739' title='bbox 3330 3291 3585 3363; x_wconf 74' lang='lat' dir='ltr'><strong>respicit)</strong></span> <span class='ocrx_word' id='word_1_740' title='bbox 3614 3308 3717 3347; x_wconf 62' lang='lat' dir='ltr'><strong>nuc</strong></span> 
     </span>
    </p>
   </div>
   <div class='ocr_carea' id='block_1_94' title="bbox 2141 3382 3716 3456">
    <p class='ocr_par' dir='ltr' id='par_1_94' title="bbox 2141 3382 3716 3456">
     <span class='ocr_line' id='line_1_94' title="bbox 2141 3382 3716 3456; baseline 0 -17"><span class='ocrx_word' id='word_1_741' title='bbox 2141 3385 2371 3456; x_wconf 86' lang='lat' dir='ltr'><strong>ptiarum</strong></span> <span class='ocrx_word' id='word_1_742' title='bbox 2390 3384 2580 3438; x_wconf 84' lang='lat' dir='ltr'><strong>veritas</strong></span> <span class='ocrx_word' id='word_1_743' title='bbox 2605 3391 2705 3452; x_wconf 88' lang='lat' dir='ltr'><strong>est,</strong></span> <span class='ocrx_word' id='word_1_744' title='bbox 2721 3382 2966 3439; x_wconf 83' lang='lat' dir='ltr'><strong>homines</strong></span> <span class='ocrx_word' id='word_1_745' title='bbox 2993 3383 3045 3439; x_wconf 88' lang='lat' dir='ltr'><strong>in</strong></span> <span class='ocrx_word' id='word_1_746' title='bbox 3065 3383 3259 3438; x_wconf 85' lang='lat' dir='ltr'><strong>diaboli</strong></span> <span class='ocrx_word' id='word_1_747' title='bbox 3282 3383 3400 3454; x_wconf 85' lang='lat' dir='ltr'><strong>jura</strong></span> <span class='ocrx_word' id='word_1_748' title='bbox 3419 3385 3716 3440; x_wconf 87' lang='lat' dir='ltr'><strong>transcribi.</strong></span> 
     </span>
    </p>
   </div>
   <div class='ocr_carea' id='block_1_95' title="bbox 2213 3474 3719 3535">
    <p class='ocr_par' dir='ltr' id='par_1_95' title="bbox 2213 3474 3719 3535">
     <span class='ocr_line' id='line_1_95' title="bbox 2213 3474 3719 3535; baseline 0.001 -2"><span class='ocrx_word' id='word_1_749' title='bbox 2213 3480 2347 3535; x_wconf 74' lang='lat' dir='ltr'><strong>Asc.</strong></span> <span class='ocrx_word' id='word_1_750' title='bbox 2399 3477 2455 3533; x_wconf 89' lang='lat' dir='ltr'><strong>Si</strong></span> <span class='ocrx_word' id='word_1_751' title='bbox 2485 3478 2538 3533; x_wconf 88' lang='lat' dir='ltr'><strong>in</strong></span> <span class='ocrx_word' id='word_1_752' title='bbox 2577 3477 2689 3532; x_wconf 81' lang='lat' dir='ltr'><strong>sola</strong></span> <span class='ocrx_word' id='word_1_753' title='bbox 2736 3476 2836 3533; x_wconf 91' lang='lat' dir='ltr'><strong>viri</strong></span> <span class='ocrx_word' id='word_1_754' title='bbox 2877 3484 2932 3533; x_wconf 91' lang='lat' dir='ltr'><strong>et</strong></span> <span class='ocrx_word' id='word_1_755' title='bbox 2961 3474 3171 3532; x_wconf 73' lang='lat' dir='ltr'><strong>femina:</strong></span> <span class='ocrx_word' id='word_1_756' title='bbox 3225 3478 3602 3533; x_wconf 76' lang='lat' dir='ltr'><strong>commixtione</strong></span> <span class='ocrx_word' id='word_1_757' title='bbox 3634 3488 3719 3534; x_wconf 87' lang='lat' dir='ltr'><strong>est</strong></span> 
     </span>
    </p>
   </div>
   <div class='ocr_carea' id='block_1_96' title="bbox 2144 3568 3717 3639">
    <p class='ocr_par' dir='ltr' id='par_1_96' title="bbox 2144 3568 3717 3639">
     <span class='ocr_line' id='line_1_96' title="bbox 2144 3568 3717 3639; baseline 0.001 -17"><span class='ocrx_word' id='word_1_758' title='bbox 2144 3569 2337 3624; x_wconf 83' lang='lat' dir='ltr'><strong>veritas</strong></span> <span class='ocrx_word' id='word_1_759' title='bbox 2395 3569 2738 3639; x_wconf 83' lang='lat' dir='ltr'><strong>nuptiarum;</strong></span> <span class='ocrx_word' id='word_1_760' title='bbox 2786 3568 2974 3624; x_wconf 86' lang='lat' dir='ltr'><strong>eadem</strong></span> <span class='ocrx_word' id='word_1_761' title='bbox 3019 3582 3149 3639; x_wconf 88' lang='lat' dir='ltr'><strong>ergo</strong></span> <span class='ocrx_word' id='word_1_762' title='bbox 3193 3576 3278 3625; x_wconf 87' lang='lat' dir='ltr'><strong>est</strong></span> <span class='ocrx_word' id='word_1_763' title='bbox 3318 3569 3513 3624; x_wconf 85' lang='lat' dir='ltr'><strong>veritas</strong></span> <span class='ocrx_word' id='word_1_764' title='bbox 3561 3568 3717 3624; x_wconf 87' lang='lat' dir='ltr'><strong>adut-</strong></span> 
     </span>
    </p>
   </div>
   <div class='ocr_carea' id='block_1_97' title="bbox 2145 3658 3720 3732">
    <p class='ocr_par' dir='ltr' id='par_1_97' title="bbox 2145 3658 3720 3732">
     <span class='ocr_line' id='line_1_97' title="bbox 2145 3658 3720 3732; baseline -0.001 -16"><span class='ocrx_word' id='word_1_765' title='bbox 2145 3661 2396 3716; x_wconf 89' lang='lat' dir='ltr'><strong>teriorum</strong></span> <span class='ocrx_word' id='word_1_766' title='bbox 2449 3675 2569 3732; x_wconf 76' lang='lat' dir='ltr'><strong>qua:</strong></span> <span class='ocrx_word' id='word_1_767' title='bbox 2642 3659 2941 3730; x_wconf 87' lang='lat' dir='ltr'><strong>nuptiarum</strong></span> <span class='ocrx_word' id='word_1_768' title='bbox 2972 3699 2990 3726; x_wconf 94' lang='lat'><strong>,</strong></span> <span class='ocrx_word' id='word_1_769' title='bbox 3045 3658 3166 3729; x_wconf 89' lang='lat' dir='ltr'><strong>quia</strong></span> <span class='ocrx_word' id='word_1_770' title='bbox 3231 3659 3284 3714; x_wconf 92' lang='lat' dir='ltr'><strong>in</strong></span> <span class='ocrx_word' id='word_1_771' title='bbox 3339 3660 3575 3730; x_wconf 86' lang='lat' dir='ltr'><strong>utrisque.</strong></span> <span class='ocrx_word' id='word_1_772' title='bbox 3634 3669 3720 3714; x_wconf 86' lang='lat' dir='ltr'><strong>est</strong></span> 
     </span>
    </p>
   </div>
   <div class='ocr_carea' id='block_1_98' title="bbox 2142 3749 3717 3822">
    <p class='ocr_par' dir='ltr' id='par_1_98' title="bbox 2142 3749 3717 3822">
     <span class='ocr_line' id='line_1_98' title="bbox 2142 3749 3717 3822; baseline -0.003 -14"><span class='ocrx_word' id='word_1_773' title='bbox 2142 3752 2242 3808; x_wconf 89' lang='lat' dir='ltr'><strong>ista</strong></span> <span class='ocrx_word' id='word_1_774' title='bbox 2294 3766 2461 3808; x_wconf 80' lang='lat' dir='ltr'><strong>sexus</strong></span> <span class='ocrx_word' id='word_1_775' title='bbox 2512 3751 2787 3822; x_wconf 90' lang='lat' dir='ltr'><strong>utriusque</strong></span> <span class='ocrx_word' id='word_1_776' title='bbox 2830 3749 3159 3806; x_wconf 78' lang='lat' dir='ltr'><strong>commixtio.</strong></span> <span class='ocrx_word' id='word_1_777' title='bbox 3222 3749 3374 3819; x_wconf 87' lang='lat' dir='ltr'><strong>Quod</strong></span> <span class='ocrx_word' id='word_1_778' title='bbox 3425 3751 3468 3805; x_wconf 89' lang='lat' dir='ltr'><strong>si</strong></span> <span class='ocrx_word' id='word_1_779' title='bbox 3526 3751 3717 3807; x_wconf 85' lang='lat' dir='ltr'><strong>absur-</strong></span> 
     </span>
    </p>
   </div>
   <div class='ocr_carea' id='block_1_99' title="bbox 2141 3842 3721 3911">
    <p class='ocr_par' dir='ltr' id='par_1_99' title="bbox 2141 3842 3721 3911">
     <span class='ocr_line' id='line_1_99' title="bbox 2141 3842 3721 3911; baseline -0.001 -10"><span class='ocrx_word' id='word_1_780' title='bbox 2141 3845 2421 3901; x_wconf 81' lang='lat' dir='ltr'><strong>dissimum</strong></span> <span class='ocrx_word' id='word_1_781' title='bbox 2445 3851 2555 3907; x_wconf 90' lang='lat' dir='ltr'><strong>est;</strong></span> <span class='ocrx_word' id='word_1_782' title='bbox 2587 3858 2693 3899; x_wconf 89' lang='lat' dir='ltr'><strong>non</strong></span> <span class='ocrx_word' id='word_1_783' title='bbox 2719 3843 2773 3898; x_wconf 93' lang='lat' dir='ltr'><strong>in</strong></span> <span class='ocrx_word' id='word_1_784' title='bbox 2805 3842 2954 3911; x_wconf 83' lang='lat' dir='ltr'><strong>sola,</strong></span> <span class='ocrx_word' id='word_1_785' title='bbox 2994 3852 3052 3897; x_wconf 92' lang='lat' dir='ltr'><strong>ut</strong></span> <span class='ocrx_word' id='word_1_786' title='bbox 3079 3842 3312 3909; x_wconf 89' lang='lat' dir='ltr'><strong>deliras,</strong></span> <span class='ocrx_word' id='word_1_787' title='bbox 3344 3843 3721 3899; x_wconf 76' lang='lat' dir='ltr'><strong>commixtione</strong></span> 
     </span>
    </p>
   </div>
   <div class='ocr_carea' id='block_1_100' title="bbox 2142 3932 3720 4005">
    <p class='ocr_par' dir='ltr' id='par_1_100' title="bbox 2142 3932 3720 4005">
     <span class='ocr_line' id='line_1_100' title="bbox 2142 3932 3720 4005; baseline -0.003 -13"><span class='ocrx_word' id='word_1_788' title='bbox 2142 3936 2308 3992; x_wconf 87' lang='lat' dir='ltr'><strong>maris</strong></span> <span class='ocrx_word' id='word_1_789' title='bbox 2334 3945 2384 3989; x_wconf 90' lang='lat' dir='ltr'><strong>et</strong></span> <span class='ocrx_word' id='word_1_790' title='bbox 2412 3933 2622 3990; x_wconf 63' lang='lat' dir='ltr'><strong>femina:</strong></span> <span class='ocrx_word' id='word_1_791' title='bbox 2648 3933 2951 4005; x_wconf 88' lang='lat' dir='ltr'><strong>nuptiarum</strong></span> <span class='ocrx_word' id='word_1_792' title='bbox 2983 3932 3181 3987; x_wconf 84' lang='lat' dir='ltr'><strong>veritas</strong></span> <span class='ocrx_word' id='word_1_793' title='bbox 3207 3940 3311 3998; x_wconf 91' lang='lat' dir='ltr'><strong>est,</strong></span> <span class='ocrx_word' id='word_1_794' title='bbox 3334 3933 3575 4003; x_wconf 90' lang='lat' dir='ltr'><strong>quamvis</strong></span> <span class='ocrx_word' id='word_1_795' title='bbox 3601 3933 3720 3988; x_wconf 89' lang='lat' dir='ltr'><strong>sine</strong></span> 
     </span>
    </p>
   </div>
   <div class='ocr_carea' id='block_1_101' title="bbox 2143 4024 3718 4100">
    <p class='ocr_par' dir='ltr' id='par_1_101' title="bbox 2143 4024 3718 4100">
     <span class='ocr_line' id='line_1_101' title="bbox 2143 4024 3718 4100; baseline -0.003 -16"><span class='ocrx_word' id='word_1_796' title='bbox 2143 4029 2232 4084; x_wconf 89' lang='lat' dir='ltr'><strong>illa</strong></span> <span class='ocrx_word' id='word_1_797' title='bbox 2301 4026 2502 4100; x_wconf 75' lang='lat' dir='ltr'><strong>nuptiae.</strong></span> <span class='ocrx_word' id='word_1_798' title='bbox 2548 4024 2687 4080; x_wconf 88' lang='lat' dir='ltr'><strong>ﬁlios</strong></span> <span class='ocrx_word' id='word_1_799' title='bbox 2737 4038 3031 4096; x_wconf 86' lang='lat' dir='ltr'><strong>propagare</strong></span> <span class='ocrx_word' id='word_1_800' title='bbox 3074 4039 3180 4079; x_wconf 88' lang='lat' dir='ltr'><strong>non</strong></span> <span class='ocrx_word' id='word_1_801' title='bbox 3223 4025 3426 4094; x_wconf 77' lang='lat' dir='ltr'><strong>possint</strong></span> <span class='ocrx_word' id='word_1_802' title='bbox 3454 4042 3469 4080; x_wconf 91' lang='lat'><strong>:</strong></span> <span class='ocrx_word' id='word_1_803' title='bbox 3495 4025 3585 4080; x_wconf 89' lang='lat' dir='ltr'><strong>sed</strong></span> <span class='ocrx_word' id='word_1_804' title='bbox 3614 4025 3718 4079; x_wconf 86' lang='lat' dir='ltr'><strong>alia</strong></span> 
     </span>
    </p>
   </div>
   <div class='ocr_carea' id='block_1_102' title="bbox 2141 4116 3716 4191">
    <p class='ocr_par' dir='ltr' id='par_1_102' title="bbox 2141 4116 3716 4191">
     <span class='ocr_line' id='line_1_102' title="bbox 2141 4116 3716 4191; baseline -0.003 -17"><span class='ocrx_word' id='word_1_805' title='bbox 2141 4128 2266 4175; x_wconf 91' lang='lat' dir='ltr'><strong>sunt</strong></span> <span class='ocrx_word' id='word_1_806' title='bbox 2287 4120 2354 4174; x_wconf 88' lang='lat' dir='ltr'><strong>ad</strong></span> <span class='ocrx_word' id='word_1_807' title='bbox 2383 4119 2592 4190; x_wconf 88' lang='lat' dir='ltr'><strong>nuptias</strong></span> <span class='ocrx_word' id='word_1_808' title='bbox 2615 4117 2844 4191; x_wconf 86' lang='lat' dir='ltr'><strong>&#39;proprie</strong></span> <span class='ocrx_word' id='word_1_809' title='bbox 2866 4117 3214 4187; x_wconf 89' lang='lat' dir='ltr'><strong>pertinentia,</strong></span> <span class='ocrx_word' id='word_1_810' title='bbox 3252 4116 3445 4188; x_wconf 87' lang='lat' dir='ltr'><strong>quibus</strong></span> <span class='ocrx_word' id='word_1_811' title='bbox 3469 4117 3535 4172; x_wconf 91' lang='lat' dir='ltr'><strong>ab</strong></span> <span class='ocrx_word' id='word_1_812' title='bbox 3557 4116 3716 4171; x_wconf 82' lang='lat' dir='ltr'><strong>adul-</strong></span> 
     </span>
    </p>
   </div>
   <div class='ocr_carea' id='block_1_103' title="bbox 2143 4209 3719 4283">
    <p class='ocr_par' dir='ltr' id='par_1_103' title="bbox 2143 4209 3719 4283">
     <span class='ocr_line' id='line_1_103' title="bbox 2143 4209 3719 4283; baseline -0.004 -14"><span class='ocrx_word' id='word_1_813' title='bbox 2143 4213 2292 4269; x_wconf 90' lang='lat' dir='ltr'><strong>teriis</strong></span> <span class='ocrx_word' id='word_1_814' title='bbox 2318 4214 2518 4283; x_wconf 72' lang='lat' dir='ltr'><strong>nuptiae</strong></span> <span class='ocrx_word' id='word_1_815' title='bbox 2538 4211 2936 4275; x_wconf 89' lang='lat' dir='ltr'><strong>discernuntur,</strong></span> <span class='ocrx_word' id='word_1_816' title='bbox 2961 4211 3099 4266; x_wconf 89' lang='lat' dir='ltr'><strong>sicut</strong></span> <span class='ocrx_word' id='word_1_817' title='bbox 3143 4217 3227 4265; x_wconf 81' lang='lat' dir='ltr'><strong>est</strong></span> <span class='ocrx_word' id='word_1_818' title='bbox 3290 4209 3391 4265; x_wconf 90' lang='lat' dir='ltr'><strong>tori</strong></span> <span class='ocrx_word' id='word_1_819' title='bbox 3417 4209 3719 4280; x_wconf 77' lang='lat' dir='ltr'><strong>coniugalis</strong></span> 
     </span>
    </p>
   </div>
   <div class='ocr_carea' id='block_1_104' title="bbox 2144 4302 3717 4373">
    <p class='ocr_par' dir='ltr' id='par_1_104' title="bbox 2144 4302 3717 4373">
     <span class='ocr_line' id='line_1_104' title="bbox 2144 4302 3717 4373; baseline -0.001 -13"><span class='ocrx_word' id='word_1_820' title='bbox 2144 4305 2316 4371; x_wconf 87' lang='lat' dir='ltr'><strong>ﬁdes,</strong></span> <span class='ocrx_word' id='word_1_821' title='bbox 2368 4313 2424 4361; x_wconf 90' lang='lat' dir='ltr'><strong>et</strong></span> <span class='ocrx_word' id='word_1_822' title='bbox 2472 4319 2599 4360; x_wconf 88' lang='lat' dir='ltr'><strong>cura</strong></span> <span class='ocrx_word' id='word_1_823' title='bbox 2649 4303 2891 4360; x_wconf 89' lang='lat' dir='ltr'><strong>ordinate</strong></span> <span class='ocrx_word' id='word_1_824' title='bbox 2938 4302 3077 4358; x_wconf 88' lang='lat' dir='ltr'><strong>ﬁlios</strong></span> <span class='ocrx_word' id='word_1_825' title='bbox 3131 4302 3553 4372; x_wconf 89' lang='lat' dir='ltr'><strong>procreaudi,et</strong></span> <span class='ocrx_word' id='word_1_826' title='bbox 3594 4318 3717 4373; x_wconf 65' lang='lat' dir='ltr'><strong>quas</strong></span> 
     </span>
    </p>
   </div>
   <div class='ocr_carea' id='block_1_105' title="bbox 2142 4393 3713 4463">
    <p class='ocr_par' dir='ltr' id='par_1_105' title="bbox 2142 4393 3713 4463">
     <span class='ocr_line' id='line_1_105' title="bbox 2142 4393 3713 4463; baseline -0.002 -10"><span class='ocrx_word' id='word_1_827' title='bbox 2142 4396 2372 4453; x_wconf 78' lang='lat' dir='ltr'><strong>maxima</strong></span> <span class='ocrx_word' id='word_1_828' title='bbox 2418 4396 2714 4452; x_wconf 84' lang='lat' dir='ltr'><strong>diﬁ&#39;erentia</strong></span> <span class='ocrx_word' id='word_1_829' title='bbox 2752 4405 2871 4461; x_wconf 88' lang='lat' dir='ltr'><strong>est,</strong></span> <span class='ocrx_word' id='word_1_830' title='bbox 2912 4396 3085 4450; x_wconf 88' lang='lat' dir='ltr'><strong>bonus</strong></span> <span class='ocrx_word' id='word_1_831' title='bbox 3124 4409 3251 4450; x_wconf 92' lang='lat' dir='ltr'><strong>usus</strong></span> <span class='ocrx_word' id='word_1_832' title='bbox 3283 4393 3438 4459; x_wconf 87' lang='lat' dir='ltr'><strong>mali,</strong></span> <span class='ocrx_word' id='word_1_833' title='bbox 3482 4393 3585 4449; x_wconf 86' lang='lat' dir='ltr'><strong>hoc</strong></span> <span class='ocrx_word' id='word_1_834' title='bbox 3607 4403 3713 4463; x_wconf 87' lang='lat' dir='ltr'><strong>est,</strong></span> 
     </span>
    </p>
   </div>
   <div class='ocr_carea' id='block_1_106' title="bbox 2141 4485 3716 4559">
    <p class='ocr_par' dir='ltr' id='par_1_106' title="bbox 2141 4485 3716 4559">
     <span class='ocr_line' id='line_1_106' title="bbox 2141 4485 3716 4559; baseline -0.001 -15"><span class='ocrx_word' id='word_1_835' title='bbox 2141 4490 2314 4544; x_wconf 92' lang='lat' dir='ltr'><strong>bonus</strong></span> <span class='ocrx_word' id='word_1_836' title='bbox 2332 4502 2459 4543; x_wconf 87' lang='lat' dir='ltr'><strong>usus</strong></span> <span class='ocrx_word' id='word_1_837' title='bbox 2477 4486 2924 4558; x_wconf 73' lang='lat' dir='ltr'><strong>concupiscentia:</strong></span> <span class='ocrx_word' id='word_1_838' title='bbox 2937 4486 3114 4543; x_wconf 87' lang='lat' dir='ltr'><strong>carnis</strong></span> <span class='ocrx_word' id='word_1_839' title='bbox 3130 4528 3147 4555; x_wconf 92' lang='lat'><strong>,</strong></span> <span class='ocrx_word' id='word_1_840' title='bbox 3176 4501 3283 4559; x_wconf 93' lang='lat' dir='ltr'><strong>quo</strong></span> <span class='ocrx_word' id='word_1_841' title='bbox 3321 4485 3464 4541; x_wconf 87' lang='lat' dir='ltr'><strong>malo</strong></span> <span class='ocrx_word' id='word_1_842' title='bbox 3490 4486 3716 4543; x_wconf 85' lang='lat' dir='ltr'><strong>adulteri</strong></span> 
     </span>
    </p>
   </div>
   <div class='ocr_carea' id='block_1_107' title="bbox 2139 4580 2549 4637">
    <p class='ocr_par' dir='ltr' id='par_1_107' title="bbox 2139 4580 2549 4637">
     <span class='ocr_line' id='line_1_107' title="bbox 2139 4580 2549 4637; baseline -0.007 -1"><span class='ocrx_word' id='word_1_843' title='bbox 2139 4588 2359 4637; x_wconf 89' lang='lat' dir='ltr'><strong>utuntur</strong></span> <span class='ocrx_word' id='word_1_844' title='bbox 2386 4580 2549 4635; x_wconf 90' lang='lat' dir='ltr'><strong>male.</strong></span> 
     </span>
    </p>
   </div>
   <div class='ocr_carea' id='block_1_108' title="bbox 2210 4662 3715 4738">
    <p class='ocr_par' dir='ltr' id='par_1_108' title="bbox 2210 4662 3715 4738">
     <span class='ocr_line' id='line_1_108' title="bbox 2210 4662 3715 4738; baseline -0.003 -11"><span class='ocrx_word' id='word_1_845' title='bbox 2210 4671 2396 4727; x_wconf 77' lang='lat' dir='ltr'><strong>LXVI.</strong></span> <span class='ocrx_word' id='word_1_846' title='bbox 2418 4670 2537 4728; x_wconf 70' lang='lat' dir='ltr'><strong>Jun.</strong></span> <span class='ocrx_word' id='word_1_847' title='bbox 2568 4669 2738 4738; x_wconf 87' lang='lat' dir='ltr'><strong>Quam</strong></span> <span class='ocrx_word' id='word_1_848' title='bbox 2776 4662 3209 4726; x_wconf 82' lang='lat' dir='ltr'><strong>commixtionem</strong></span> <span class='ocrx_word' id='word_1_849' title='bbox 3235 4669 3306 4725; x_wconf 87' lang='lat' dir='ltr'><strong>ita</strong></span> <span class='ocrx_word' id='word_1_850' title='bbox 3332 4668 3715 4726; x_wconf 76' lang='lat' dir='ltr'><strong>exsecrabilem</strong></span> 
     </span>
    </p>
   </div>
   <div class='ocr_carea' id='block_1_109' title="bbox 2140 4760 3714 4833">
    <p class='ocr_par' dir='ltr' id='par_1_109' title="bbox 2140 4760 3714 4833">
     <span class='ocr_line' id='line_1_109' title="bbox 2140 4760 3714 4833; baseline -0.003 -16"><span class='ocrx_word' id='word_1_851' title='bbox 2140 4762 2464 4833; x_wconf 88' lang='lat' dir='ltr'><strong>persuadere</strong></span> <span class='ocrx_word' id='word_1_852' title='bbox 2515 4770 2740 4817; x_wconf 90' lang='lat' dir='ltr'><strong>conatus</strong></span> <span class='ocrx_word' id='word_1_853' title='bbox 2766 4776 2846 4825; x_wconf 92' lang='lat' dir='ltr'><strong>es,</strong></span> <span class='ocrx_word' id='word_1_854' title='bbox 2880 4770 2938 4815; x_wconf 95' lang='lat' dir='ltr'><strong>nt</strong></span> <span class='ocrx_word' id='word_1_855' title='bbox 2965 4761 3097 4816; x_wconf 80' lang='lat' dir='ltr'><strong>velis</strong></span> <span class='ocrx_word' id='word_1_856' title='bbox 3134 4760 3356 4831; x_wconf 62' lang='lat' dir='ltr'><strong>intelligi</strong></span> <span class='ocrx_word' id='word_1_857' title='bbox 3401 4760 3714 4826; x_wconf 88' lang='lat' dir='ltr'><strong>Christum,</strong></span> 
     </span>
    </p>
   </div>
   <div class='ocr_carea' id='block_1_110' title="bbox 2140 4851 3717 4925">
    <p class='ocr_par' dir='ltr' id='par_1_110' title="bbox 2140 4851 3717 4925">
     <span class='ocr_line' id='line_1_110' title="bbox 2140 4851 3717 4925; baseline -0.003 -17"><span class='ocrx_word' id='word_1_858' title='bbox 2140 4870 2245 4908; x_wconf 86' lang='lat' dir='ltr'><strong>non</strong></span> <span class='ocrx_word' id='word_1_859' title='bbox 2270 4860 2485 4925; x_wconf 90' lang='lat' dir='ltr'><strong>propter</strong></span> <span class='ocrx_word' id='word_1_860' title='bbox 2507 4852 2645 4923; x_wconf 89' lang='lat' dir='ltr'><strong>signi</strong></span> <span class='ocrx_word' id='word_1_861' title='bbox 2691 4851 3029 4922; x_wconf 86' lang='lat' dir='ltr'><strong>splendorem</strong></span> <span class='ocrx_word' id='word_1_862' title='bbox 3049 4893 3064 4921; x_wconf 92' lang='lat'><strong>,</strong></span> <span class='ocrx_word' id='word_1_863' title='bbox 3092 4852 3188 4907; x_wconf 91' lang='lat' dir='ltr'><strong>sed</strong></span> <span class='ocrx_word' id='word_1_864' title='bbox 3217 4860 3436 4923; x_wconf 80' lang='lat' dir='ltr'><strong>propter</strong></span> <span class='ocrx_word' id='word_1_865' title='bbox 3460 4852 3717 4907; x_wconf 85' lang='lat' dir='ltr'><strong>damnan-</strong></span> 
     </span>
    </p>
   </div>
   <div class='ocr_carea' id='block_1_111' title="bbox 2139 4943 3717 5015">
    <p class='ocr_par' dir='ltr' id='par_1_111' title="bbox 2139 4943 3717 5015">
     <span class='ocr_line' id='line_1_111' title="bbox 2139 4943 3717 5015; baseline -0.001 -15"><span class='ocrx_word' id='word_1_866' title='bbox 2139 4945 2262 5000; x_wconf 91' lang='lat' dir='ltr'><strong>dam</strong></span> <span class='ocrx_word' id='word_1_867' title='bbox 2288 4959 2511 5000; x_wconf 78' lang='lat' dir='ltr'><strong>scxuum</strong></span> <span class='ocrx_word' id='word_1_868' title='bbox 2559 4943 2991 5015; x_wconf 88' lang='lat' dir='ltr'><strong>conjunctionem</strong></span> <span class='ocrx_word' id='word_1_869' title='bbox 3038 4943 3186 4998; x_wconf 86' lang='lat' dir='ltr'><strong>nasci</strong></span> <span class='ocrx_word' id='word_1_870' title='bbox 3209 4943 3277 4998; x_wconf 92' lang='lat' dir='ltr'><strong>de</strong></span> <span class='ocrx_word' id='word_1_871' title='bbox 3313 4943 3518 5014; x_wconf 78' lang='lat' dir='ltr'><strong>virgine</strong></span> <span class='ocrx_word' id='word_1_872' title='bbox 3545 4950 3717 4999; x_wconf 84' lang='lat' dir='ltr'><strong>matre</strong></span> 
     </span>
    </p>
   </div>
   <div class='ocr_carea' id='block_1_112' title="bbox 2140 5033 3721 5105">
    <p class='ocr_par' dir='ltr' id='par_1_112' title="bbox 2140 5033 3721 5105">
     <span class='ocr_line' id='line_1_112' title="bbox 2140 5033 3721 5105; baseline 0.001 -17"><span class='ocrx_word' id='word_1_873' title='bbox 2140 5036 2396 5091; x_wconf 86' lang='lat' dir='ltr'><strong>voluisse.</strong></span> <span class='ocrx_word' id='word_1_874' title='bbox 2424 5033 2563 5102; x_wconf 87' lang='lat' dir='ltr'><strong>Quid</strong></span> <span class='ocrx_word' id='word_1_875' title='bbox 2592 5049 2722 5105; x_wconf 88' lang='lat' dir='ltr'><strong>ergo</strong></span> <span class='ocrx_word' id='word_1_876' title='bbox 2751 5048 2982 5105; x_wconf 88' lang='lat' dir='ltr'><strong>unquam</strong></span> <span class='ocrx_word' id='word_1_877' title='bbox 3010 5048 3041 5088; x_wconf 92' lang='lat' dir='ltr'><strong>a</strong></span> <span class='ocrx_word' id='word_1_878' title='bbox 3076 5049 3340 5105; x_wconf 91' lang='lat' dir='ltr'><strong>quoquam</strong></span> <span class='ocrx_word' id='word_1_879' title='bbox 3388 5035 3490 5090; x_wconf 89' lang='lat' dir='ltr'><strong>dici</strong></span> <span class='ocrx_word' id='word_1_880' title='bbox 3520 5035 3721 5104; x_wconf 89' lang='lat' dir='ltr'><strong>impro-</strong></span> 
     </span>
    </p>
   </div>
   <div class='ocr_carea' id='block_1_113' title="bbox 2139 5124 3720 5197">
    <p class='ocr_par' dir='ltr' id='par_1_113' title="bbox 2139 5124 3720 5197">
     <span class='ocr_line' id='line_1_113' title="bbox 2139 5124 3720 5197; baseline 0 -15"><span class='ocrx_word' id='word_1_881' title='bbox 2139 5126 2260 5183; x_wconf 81' lang='lat' dir='ltr'><strong>bius</strong></span> <span class='ocrx_word' id='word_1_882' title='bbox 2284 5134 2377 5181; x_wconf 90' lang='lat' dir='ltr'><strong>ant</strong></span> <span class='ocrx_word' id='word_1_883' title='bbox 2400 5125 2762 5197; x_wconf 89' lang='lat' dir='ltr'><strong>impudentius</strong></span> <span class='ocrx_word' id='word_1_884' title='bbox 2787 5126 2996 5196; x_wconf 86' lang='lat' dir='ltr'><strong>potuit,</strong></span> <span class='ocrx_word' id='word_1_885' title='bbox 3024 5141 3183 5196; x_wconf 89' lang='lat' dir='ltr'><strong>quam</strong></span> <span class='ocrx_word' id='word_1_886' title='bbox 3212 5124 3313 5181; x_wconf 92' lang='lat' dir='ltr'><strong>hoc</strong></span> <span class='ocrx_word' id='word_1_887' title='bbox 3334 5165 3351 5193; x_wconf 93' lang='lat'><strong>,</strong></span> <span class='ocrx_word' id='word_1_888' title='bbox 3393 5125 3533 5195; x_wconf 92' lang='lat' dir='ltr'><strong>quod</strong></span> <span class='ocrx_word' id='word_1_889' title='bbox 3579 5125 3720 5182; x_wconf 79' lang='lat' dir='ltr'><strong>duos</strong></span> 
     </span>
    </p>
   </div>
   <div class='ocr_carea' id='block_1_114' title="bbox 2141 5217 3719 5290">
    <p class='ocr_par' dir='ltr' id='par_1_114' title="bbox 2141 5217 3719 5290">
     <span class='ocr_line' id='line_1_114' title="bbox 2141 5217 3719 5290; baseline 0.003 -20"><span class='ocrx_word' id='word_1_890' title='bbox 2141 5221 2286 5275; x_wconf 85' lang='lat' dir='ltr'><strong>velut</strong></span> <span class='ocrx_word' id='word_1_891' title='bbox 2313 5234 2464 5290; x_wconf 88' lang='lat' dir='ltr'><strong>reges</strong></span> <span class='ocrx_word' id='word_1_892' title='bbox 2484 5219 2553 5274; x_wconf 90' lang='lat' dir='ltr'><strong>de</strong></span> <span class='ocrx_word' id='word_1_893' title='bbox 2581 5218 2924 5274; x_wconf 87' lang='lat' dir='ltr'><strong>humanitatis</strong></span> <span class='ocrx_word' id='word_1_894' title='bbox 2954 5218 3293 5289; x_wconf 87' lang='lat' dir='ltr'><strong>possessione</strong></span> <span class='ocrx_word' id='word_1_895' title='bbox 3314 5225 3580 5273; x_wconf 85' lang='lat' dir='ltr'><strong>certantes</strong></span> <span class='ocrx_word' id='word_1_896' title='bbox 3623 5217 3719 5274; x_wconf 89' lang='lat' dir='ltr'><strong>his</strong></span> 
     </span>
    </p>
   </div>
   <div class='ocr_carea' id='block_1_115' title="bbox 2139 5309 3717 5385">
    <p class='ocr_par' dir='ltr' id='par_1_115' title="bbox 2139 5309 3717 5385">
     <span class='ocr_line' id='line_1_115' title="bbox 2139 5309 3717 5385; baseline -0.003 -16"><span class='ocrx_word' id='word_1_897' title='bbox 2139 5313 2328 5385; x_wconf 81' lang='lat' dir='ltr'><strong>signis,</strong></span> <span class='ocrx_word' id='word_1_898' title='bbox 2346 5320 2402 5368; x_wconf 91' lang='lat' dir='ltr'><strong>et</strong></span> <span class='ocrx_word' id='word_1_899' title='bbox 2425 5312 2532 5367; x_wconf 93' lang='lat' dir='ltr'><strong>duo</strong></span> <span class='ocrx_word' id='word_1_900' title='bbox 2558 5326 2747 5368; x_wconf 91' lang='lat' dir='ltr'><strong>eorum</strong></span> <span class='ocrx_word' id='word_1_901' title='bbox 2774 5326 2934 5383; x_wconf 89' lang='lat' dir='ltr'><strong>regna</strong></span> <span class='ocrx_word' id='word_1_902' title='bbox 2961 5311 3244 5381; x_wconf 86' lang='lat' dir='ltr'><strong>separasti,</strong></span> <span class='ocrx_word' id='word_1_903' title='bbox 3262 5320 3322 5366; x_wconf 91' lang='lat' dir='ltr'><strong>ut</strong></span> <span class='ocrx_word' id='word_1_904' title='bbox 3339 5310 3545 5366; x_wconf 87' lang='lat' dir='ltr'><strong>diceres</strong></span> <span class='ocrx_word' id='word_1_905' title='bbox 3562 5351 3577 5375; x_wconf 91' lang='lat'><strong>,</strong></span> <span class='ocrx_word' id='word_1_906' title='bbox 3596 5309 3717 5364; x_wconf 82' lang='lat' dir='ltr'><strong>dia-</strong></span> 
     </span>
    </p>
   </div>
   <div class='ocr_carea' id='block_1_116' title="bbox 2203 5424 3686 5498">
    <p class='ocr_par' dir='ltr' id='par_1_116' title="bbox 2203 5424 3686 5498">
     <span class='ocr_line' id='line_1_116' title="bbox 2203 5424 3686 5498; baseline -0.002 -20"><span class='ocrx_word' id='word_1_907' title='bbox 2203 5428 2528 5498; x_wconf 62' lang='lat' dir='ltr'><strong>fﬁgnierius,</strong></span> <span class='ocrx_word' id='word_1_908' title='bbox 2553 5429 2616 5481; x_wconf 82' lang='lat' dir='ltr'><strong>de</strong></span> <span class='ocrx_word' id='word_1_909' title='bbox 2634 5428 2735 5481; x_wconf 87' lang='lat' dir='ltr'><strong>illo.</strong></span> <span class='ocrx_word' id='word_1_910' title='bbox 2759 5428 2928 5498; x_wconf 64' lang='lat' dir='ltr'><strong>melius</strong></span> <span class='ocrx_word' id='word_1_911' title='bbox 2946 5427 3026 5498; x_wconf 59' lang='lat' dir='ltr'><strong>alii</strong></span> <span class='ocrx_word' id='word_1_912' title='bbox 3048 5427 3188 5498; x_wconf 81' lang='lat' dir='ltr'><strong>libri,_</strong></span> <span class='ocrx_word' id='word_1_913' title='bbox 3203 5430 3264 5476; x_wconf 86' lang='lat' dir='ltr'><strong>ab</strong></span> <span class='ocrx_word' id='word_1_914' title='bbox 3285 5424 3387 5498; x_wconf 74' lang='lat' dir='ltr'><strong>illo.</strong></span> <span class='ocrx_word' id='word_1_915' title='bbox 3430 5488 3441 5498; x_wconf 38' lang='lat'><em>.</em></span> <span class='ocrx_word' id='word_1_916' title='bbox 3647 5486 3686 5498; x_wconf 37' lang='grc' dir='ltr'><em>Α,</em></span> 
     </span>
    </p>
   </div>
   <div class='ocr_carea' id='block_1_117' title="bbox 2200 5488 3721 5552">
    <p class='ocr_par' dir='ltr' id='par_1_117' title="bbox 2200 5488 3721 5552">
     <span class='ocr_line' id='line_1_117' title="bbox 2200 5488 3721 5552; baseline -0.004 -10"><span class='ocrx_word' id='word_1_917' title='bbox 2200 5494 2222 5525; x_wconf 75' lang='grc'>⁸</span> <span class='ocrx_word' id='word_1_918' title='bbox 2245 5488 2349 5542; x_wconf 75' lang='lat' dir='ltr'><strong>Mss.</strong></span> <span class='ocrx_word' id='word_1_919' title='bbox 2382 5488 2589 5542; x_wconf 65' lang='lat' dir='ltr'><strong>manet</strong></span> <span class='ocrx_word' id='word_1_920' title='bbox 2618 5500 2778 5551; x_wconf 84' lang='lat' dir='ltr'><strong>Port.,</strong></span> <span class='ocrx_word' id='word_1_921' title='bbox 2817 5491 3052 5543; x_wconf 81' lang='lat' dir='ltr'><strong>delectam</strong></span> <span class='ocrx_word' id='word_1_922' title='bbox 3087 5503 3106 5541; x_wconf 90' lang='lat'><strong><em>:</em></strong></span> <span class='ocrx_word' id='word_1_923' title='bbox 3144 5490 3191 5540; x_wconf 90' lang='lat' dir='ltr'><strong>id</strong></span> <span class='ocrx_word' id='word_1_924' title='bbox 3224 5495 3319 5549; x_wconf 82' lang='lat' dir='ltr'><strong>est,</strong></span> <span class='ocrx_word' id='word_1_925' title='bbox 3353 5488 3612 5552; x_wconf 83' lang='lat' dir='ltr'><strong>insignem.</strong></span> <span class='ocrx_word' id='word_1_926' title='bbox 3645 5488 3721 5536; x_wconf 78' lang='lat' dir='ltr'><strong>Sic</strong></span> 
     </span>
    </p>
   </div>
   <div class='ocr_carea' id='block_1_118' title="bbox 2143 5552 3719 5612">
    <p class='ocr_par' dir='ltr' id='par_1_118' title="bbox 2143 5552 3719 5612">
     <span class='ocr_line' id='line_1_118' title="bbox 2143 5552 3719 5612; baseline -0.001 -13"><span class='ocrx_word' id='word_1_927' title='bbox 2143 5570 2166 5599; x_wconf 72' lang='grc' dir='ltr'><strong>ι</strong></span> <span class='ocrx_word' id='word_1_928' title='bbox 2187 5553 2434 5605; x_wconf 87' lang='lat' dir='ltr'><strong>delectum</strong></span> <span class='ocrx_word' id='word_1_929' title='bbox 2475 5553 2652 5604; x_wconf 86' lang='lat' dir='ltr'><strong>malum</strong></span> <span class='ocrx_word' id='word_1_930' title='bbox 2674 5571 2697 5602; x_wconf 69' lang='grc' dir='ltr'><strong>ι</strong></span> <span class='ocrx_word' id='word_1_931' title='bbox 2726 5553 2864 5609; x_wconf 80' lang='lat' dir='ltr'><strong>dixit</strong></span> <span class='ocrx_word' id='word_1_932' title='bbox 2897 5553 3064 5603; x_wconf 87' lang='lat' dir='ltr'><strong>cicero</strong></span> <span class='ocrx_word' id='word_1_933' title='bbox 3102 5554 3151 5603; x_wconf 90' lang='lat' dir='ltr'><strong>iu</strong></span> <span class='ocrx_word' id='word_1_934' title='bbox 3187 5552 3408 5602; x_wconf 87' lang='lat' dir='ltr'><strong>oratione</strong></span> <span class='ocrx_word' id='word_1_935' title='bbox 3452 5562 3538 5612; x_wconf 84' lang='lat' dir='ltr'><strong>pro</strong></span> <span class='ocrx_word' id='word_1_936' title='bbox 3569 5554 3719 5599; x_wconf 88' lang='lat' dir='ltr'><strong>Domo</strong></span> 
     </span>
    </p>
   </div>
   <div class='ocr_carea' id='block_1_119' title="bbox 2137 5629 2244 5668">
    <p class='ocr_par' dir='ltr' id='par_1_119' title="bbox 2137 5629 2244 5668">
     <span class='ocr_line' id='line_1_119' title="bbox 2137 5629 2244 5668; baseline -0.028 0"><span class='ocrx_word' id='word_1_937' title='bbox 2137 5629 2224 5668; x_wconf 85' lang='lat' dir='ltr'><strong>sua</strong></span> <span class='ocrx_word' id='word_1_938' title='bbox 2232 5652 2244 5665; x_wconf 86' lang='lat'><strong>.</strong></span> 
     </span>
    </p>
   </div>
   <div class='ocr_carea' id='block_1_120' title="bbox 2200 5678 3530 5744">
    <p class='ocr_par' dir='ltr' id='par_1_120' title="bbox 2200 5678 3530 5744">
     <span class='ocr_line' id='line_1_120' title="bbox 2200 5678 3530 5744; baseline -0.002 -17"><span class='ocrx_word' id='word_1_939' title='bbox 2200 5679 2306 5744; x_wconf 51' lang='lat' dir='ltr'><strong>{Ita</strong></span> <span class='ocrx_word' id='word_1_940' title='bbox 2461 5684 2517 5744; x_wconf 82' lang='lat' dir='ltr'><strong>_At</strong></span> <span class='ocrx_word' id='word_1_941' title='bbox 2538 5678 2675 5739; x_wconf 68' lang='lat' dir='ltr'><strong>mliti,</strong></span> <span class='ocrx_word' id='word_1_942' title='bbox 2699 5679 3018 5744; x_wconf 57' lang='lat' dir='ltr'><strong>propriaque.</strong></span> <span class='ocrx_word' id='word_1_943' title='bbox 3052 5737 3066 5744; x_wconf 89' lang='lat'>_</span> <span class='ocrx_word' id='word_1_944' title='bbox 3155 5736 3166 5744; x_wconf 85' lang='lat'><strong>_</strong></span> <span class='ocrx_word' id='word_1_945' title='bbox 3369 5742 3386 5744; x_wconf 81' lang='lat'><strong><em>_</em></strong></span> <span class='ocrx_word' id='word_1_946' title='bbox 3500 5733 3530 5744; x_wconf 26' lang='grc' dir='ltr'><em>Δ,</em></span> 
     </span>
    </p>
   </div>
   <div class='ocr_carea' id='block_1_121' title="bbox 2199 5736 3720 5805">
    <p class='ocr_par' dir='ltr' id='par_1_121' title="bbox 2199 5736 3720 5805">
     <span class='ocr_line' id='line_1_121' title="bbox 2199 5736 3720 5805; baseline 0.003 -18"><span class='ocrx_word' id='word_1_947' title='bbox 2199 5740 2272 5805; x_wconf 70' lang='grc' dir='ltr'><strong>(ᾳ)</strong></span> <span class='ocrx_word' id='word_1_948' title='bbox 2290 5739 2404 5805; x_wconf 79' lang='lat' dir='ltr'><strong>vide</strong></span> <span class='ocrx_word' id='word_1_949' title='bbox 2426 5736 2723 5805; x_wconf 72' lang='lat' dir='ltr'><strong>ciceronem&quot;,</strong></span> <span class='ocrx_word' id='word_1_950' title='bbox 2749 5740 2872 5791; x_wconf 86' lang='lat' dir='ltr'><strong>libro</strong></span> <span class='ocrx_word' id='word_1_951' title='bbox 2894 5740 2926 5790; x_wconf 79' lang='lat'><strong>2</strong></span> <span class='ocrx_word' id='word_1_952' title='bbox 2948 5736 3336 5805; x_wconf 71' lang='lat' dir='ltr'><strong>Academicarum</strong></span> <span class='ocrx_word' id='word_1_953' title='bbox 3358 5736 3682 5805; x_wconf 59' lang='lat' dir='ltr'><strong>Question“!!!</strong></span> <span class='ocrx_word' id='word_1_954' title='bbox 3702 5766 3720 5792; x_wconf 76' lang='grc' dir='ltr'><strong><em>ο</em></strong></span> 
     </span>
    </p>
   </div>
   <div class='ocr_carea' id='block_1_122' title="bbox 2135 5795 3719 5915">
    <p class='ocr_par' dir='ltr' id='par_1_122' title="bbox 2135 5795 3719 5915">
     <span class='ocr_line' id='line_1_122' title="bbox 2135 5795 3719 5915; baseline -0.004 -64"><span class='ocrx_word' id='word_1_955' title='bbox 2135 5795 2341 5915; x_wconf 55' lang='lat' dir='ltr'><strong>ﬁt</strong></span> <span class='ocrx_word' id='word_1_956' title='bbox 2354 5802 2406 5915; x_wconf 60' lang='grc' dir='ltr'><strong>οξ</strong></span> <span class='ocrx_word' id='word_1_957' title='bbox 2439 5800 2512 5914; x_wconf 59' lang='lat' dir='ltr'><strong>dt;</strong></span> <span class='ocrx_word' id='word_1_958' title='bbox 2548 5795 2765 5867; x_wconf 76' lang='lat' dir='ltr'><strong>Finibus,</strong></span> <span class='ocrx_word' id='word_1_959' title='bbox 2797 5810 2848 5855; x_wconf 89' lang='lat' dir='ltr'><strong>ct</strong></span> <span class='ocrx_word' id='word_1_960' title='bbox 2882 5801 3189 5861; x_wconf 79' lang='lat' dir='ltr'><strong>laetantium,</strong></span> <span class='ocrx_word' id='word_1_961' title='bbox 3220 5796 3284 5848; x_wconf 84' lang='lat' dir='ltr'><strong>de</strong></span> <span class='ocrx_word' id='word_1_962' title='bbox 3308 5795 3436 5850; x_wconf 73' lang='lat' dir='ltr'><strong>Falsa</strong></span> <span class='ocrx_word' id='word_1_963' title='bbox 3458 5795 3719 5858; x_wconf 73' lang='lat' dir='ltr'><strong>Sapientia,</strong></span> 
     </span>
     <span class='ocr_line' id='line_1_123' title="bbox 2188 5879 2532 5915; baseline -0.003 -2"><span class='ocrx_word' id='word_1_964' title='bbox 2188 5880 2202 5913; x_wconf 82' lang='lat'><strong>)</strong></span> <span class='ocrx_word' id='word_1_965' title='bbox 2315 5901 2329 5915; x_wconf 93' lang='lat'><strong>.</strong></span> <span class='ocrx_word' id='word_1_966' title='bbox 2413 5879 2457 5915; x_wconf 77' lang='grc' dir='ltr'><strong>[ι.</strong></span> <span class='ocrx_word' id='word_1_967' title='bbox 2519 5897 2532 5913; x_wconf 90' lang='grc'><strong>.</strong></span> 
     </span>
    </p>
   </div>
   <div class='ocr_carea' id='block_1_123' title="bbox 2188 5877 2532 5926">
    <p class='ocr_par' dir='ltr' id='par_1_123' title="bbox 2188 5877 2532 5926">
     <span class='ocr_line' id='line_1_124' title="bbox 2188 5877 2532 5926; baseline 0 -13"><span class='ocrx_word' id='word_1_968' title='bbox 2188 5877 2259 5914; x_wconf 68' lang='grc' dir='ltr'><strong>›ι“ο</strong></span> <span class='ocrx_word' id='word_1_969' title='bbox 2281 5877 2329 5925; x_wconf 77' lang='lat' dir='ltr'><strong>o,</strong></span> <span class='ocrx_word' id='word_1_970' title='bbox 2354 5877 2457 5926; x_wconf 84' lang='lat' dir='ltr'><strong>cap.</strong></span> <span class='ocrx_word' id='word_1_971' title='bbox 2484 5877 2532 5914; x_wconf 78' lang='lat'><strong>7.</strong></span> 
     </span>
    </p>
   </div>
  </div>
