4118 6550
509 427 533 486 1
545 427 646 486 08⁸7

503 541 719 598 cundum
745 545 913 591 autem
939 528 1181 588 duritiam
1215 538 1352 583 tuam
1396 533 1445 579 et
1495 539 1582 579 cor
1623 519 1942 592 impamitens
1983 516 2097 568 the—

501 629 728 687 saurizas
753 627 842 682 tibi
873 626 1004 680 iram
1029 625 1082 678 in
1111 621 1191 676 dic
1217 621 1307 674 irae
1336 616 1508 688 (Rom.
1533 629 1592 681 tt,
1613 613 1651 668 ὁ
1672 618 1716 665 ει
1745 609 1825 680 5).
1855 607 2096 662 Exerce-

505 733 592 777 tur
639 733 767 790 ergo
813 716 1065 788 patientia
1113 713 1233 780 Dei,
1291 724 1412 764 eum
1466 721 1574 761 non
1613 703 1806 773 exiguo
1849 708 2094 768 tempore

502 819 843 882 exspectatur
885 807 1116 862 humana
1156 801 1456 859 conversio.
1511 797 1566 850 ln
1625 792 1862 864 parvulis
1907 798 2090 845 autem
2129 853 2134 858 _

509 919 616 960 non
652 910 826 973 potest
843 913 1104 970 apparere
1132 895 1406 967 patientia.
1431 890 1487 946 Si
1510 889 1652 944 enim
1672 892 1853 940 essent
1876 890 2094 973 peccata

509 971 735 1057 naturai,
764 1006 882 1062 qua:
906 990 985 1045 eis
1001 987 1246 1044 Salvator
1265 980 1619 1043 adscriberet;
1649 975 1856 1046 patiens
1878 971 2094 1044 quidem

515 1085 667 1149 falso,
694 1097 867 1137 sazvus
910 1095 1037 1136 vero
1079 1076 1380 1133 certissime
1424 1072 1712 1126 diceretur.
1753 1065 1872 1120 Non
1919 1069 2097 1134 potest

510 1185 688 1230 autem
731 1174 869 1228 Deus
901 1171 999 1226 nisi
1031 1169 1148 1240 pius
1182 1175 1238 1222 et
1268 1167 1447 1236 justus
1479 1176 1632 1227 esse,
1664 1157 1804 1229 quod
1831 1165 1913 1212 est
1955 1156 2096 1210 Deus

514 1280 668 1321 meus
687 1264 842 1320 Jesus
887 1263 1127 1318 Christus
1155 1278 1168 1314 :
1197 1259 1348 1327 cujus
1395 1253 1702 1326 patientiam
1730 1291 1744 1315 ,
1769 1249 1859 1304 vel
1904 1247 2099 1302 Paulus

514 1358 604 1412 diu
635 1363 966 1426 persecutor,
999 1353 1080 1407 vel
1105 1351 1196 1406 alii
1223 1349 1322 1404 sub
1342 1360 1568 1418 quorum
1591 1355 1814 1413 persona
1841 1339 2095 1409 loquitur,

521 1451 727 1523 experti
771 1461 931 1516 sunt;
975 1448 1098 1520 quia
1127 1446 1215 1501 diu
1259 1440 1552 1514 exspectati
1593 1445 1748 1501 sunt,
1803 1435 1935 1490 licet
1978 1445 2099 1487 sero

510 1542 739 1597 liberati.
768 1543 844 1595 Ac
873 1556 967 1610 per
992 1539 1094 1592 hoc
1139 1536 1206 1592 ab
1233 1532 1490 1604 Apostolo
1521 1530 1627 1584 vita
1659 1529 1958 1590 hominum,
1989 1538 2096 1578 non

513 1643 698 1687 natura
725 1633 1029 1687 damnatur.
1077 1625 1471 1682 Commendans
1521 1637 1649 1692 ergo
1693 1621 1830 1674 hanc
1873 1616 2098 1688 gratiam

509 1724 728 1788 Iudaeis,
757 1723 878 1793 quia
905 1721 990 1776 lex
1031 1719 1179 1789 punit
1232 1716 1511 1778 scelestos,
1561 1727 1663 1768 nec
1711 1711 1872 1765 habet
1901 1706 2088 1763 illam‘

511 1813 850 1868 efficientiam
891 1807 1293 1871 miscricordim,
1346 1820 1506 1875 quam
1557 1802 1851 1873 Baptisma,
1889 1799 1942 1852 in
1994 1811 2100 1866 quo

509 1903 846 1960 confessione
873 1901 1019 1958 brevi
1047 1909 1261 1954 actuum
1293 1897 1486 1952 delicta
1516 1903 1829 1964 purgantur,
1860 1887 2098 1944 ostendit

513 1997 707 2052 debere
745 1995 862 2050 illos
914 2008 1130 2049 currere
1160 1990 1226 2046 ad
1271 1989 1566 2052 Christum,
1609 1986 1899 2055 implorare
1941 1995 2099 2050 orem

514 2088 670 2156 hujus
721 2086 1094 2157 indulgentize;
1140 2092 1196 2139 et
1241 2081 1523 2136 advertere
1565 2077 1706 2148 quod
1751 2075 1839 2130 lex
1892 2087 2102 2128 morum

513 2177 826 2234 vulneribus
852 2175 1231 2240 comminatur,
1262 2171 1432 2242 gratia
1467 2183 1594 2224 vero
1623 2165 1916 2223 efficaciter
1953 2162 2100 2219 cele-

511 2272 746 2340 riterque
796 2268 1094 2323 medeatur.
1139 2265 1351 2335 Corpus
1400 2263 1580 2332 itaque
1621 2258 1833 2324 mortis,
1883 2262 2102 2326 peccata

509 2361 646 2418 dixit
672 2376 813 2427 esse,
847 2375 953 2414 non
975 2373 1194 2414 carnem
1224 2372 1237 2408 :
1273 2370 1396 2409 nam
1429 2354 1474 2408 si
1507 2353 1574 2408 de
1605 2351 1971 2407 membrorum
2003 2346 2104 2401 mi-

510 2454 648 2509 seria
679 2452 1093 2522 pronuntiasset,
1117 2463 1274 2518 quam
1297 2453 1516 2516 peccato
1542 2443 1776 2498 :estimas
1793 2439 2102 2510 contigisse,

513 2545 715 2601 rectius
741 2553 967 2598 mortem
996 2539 1261 2611 corporis,
1293 2552 1451 2608 quam
1480 2549 1678 2605 corpus
1705 2533 1895 2588 mortis
1925 2545 2104 2585 vocas-

513 2643 612 2692 set.
635 2633 830 2690 Verum
847 2643 905 2689 ut
920 2634 1078 2698 scias,
1092 2627 1388 2686 secundani
1398 2625 1839 2684 consuetudinem
1857 2623 2105 2693 Scriptu-

517 2743 698 2783 rarum
727 2735 944 2797 peccata
969 2724 1212 2780 membra
1237 2722 1372 2788 diei;
1399 2722 1513 2790 lege
1540 2718 1606 2774 ad
1627 2717 1996 2782 Colossenses,
2017 2717 2108 2772 ubi

523 2819 638 2888 ipse
663 2817 952 2887 Apostolus
972 2817 1063 2881 ait,
1089 2813 1396 2883 Mortiﬁcate
1420 2811 1642 2865 membra
1661 2817 1845 2874 vestra,
1864 2824 1978 2880 qua:
1993 2816 2110 2862 sunt

516 2926 673 2980 super
691 2921 896 2972 terram;
916 2907 1324 2976 fornicationem,
1349 2902 1744 2968 immunditiam,
1762 2911 1807 2954 et
1819 2899 2107 2966 avaritiam,

518 3017 633 3069 qua:
643 3009 713 3055 est
729 2999 1116 3054 simulacrorum
1129 2997 1359 3060 servitus;
1378 3005 1581 3066 propter
1590 3008 1704 3063 quae
1718 2991 1848 3046 venit
1863 2991 1940 3045 ira
1954 2990 2045 3045 Dei
2063 2991 2116 3044 in

521 3093 655 3161 ﬁlios
675 3091 1058 3154 incredulitatis,
1083 3091 1133 3143 in
1156 3089 1330 3159 quibus
1343 3098 1387 3141 et
1401 3104 1484 3142 vos
1504 3085 1779 3156 aliquando
1795 3083 2106 3150 ambulastis,

519 3201 636 3237 cum
663 3183 884 3237 viveretis
913 3183 963 3235 in
994 3183 1094 3235 illis
1119 3180 1333 3254 (Coloss.
1365 3197 1443 3244 ιιι,
1474 3179 1527 3246 5,
1560 3177 1638 3248 6).
1677 3177 1814 3232 Ecce
1845 3173 2114 3247 quomodo

523 3276 763 3330 membra
792 3275 1042 3344 appellat,
1061 3291 1178 3344 qua:
1211 3283 1424 3343 peccata
1447 3271 1778 3344 pronuntiat.
1797 3269 2003 3340 Corpus
2028 3283 2118 3322 au-

526 3375 633 3422 tem
665 3365 868 3438 peccati
903 3367 1026 3420 hic’
1056 3366 1226 3434 ipsum
1250 3363 1316 3418 ad
1340 3364 1629 3428 Romanos,
1667 3360 1821 3415 Vetus
1842 3361 1992 3414 homo
2015 3375 2113 3415 uo-

526 3469 648 3522 ster,
665 3458 853 3528 inquit,
875 3455 1030 3510 simul
1046 3457 1276 3524 conﬁxus
1291 3463 1364 3509 est
1380 3455 1539 3520 cruci,
1559 3463 1614 3506 ut
1629 3452 1921 3506 destruatur
1932 3467 2116 3520 corpus

528 3552 738 3622 peccati,
767 3560 822 3604 ut
853 3549 987 3602 ultra
1017 3565 1118 3602 non
1163 3547 1438 3602 serviamus
1483 3553 1687 3615 peccato
1717 3543 1896 3614 (Rom.
1926 3557 1999 3608 γι,
2030 3541 2110 3610 6).

529 3641 642 3695 lloc
671 3642 850 3711 itaque
881 3655 1028 3694 more
1055 3647 1110 3694 et
1141 3639 1225 3692 hic
1274 3636 1594 3692 exclamavit
1637 3635 1736 3688 sub
1777 3647 2030 3705 persona,
2061 3641 2118 3686 ut

522 3733 774 3796 diximus,
823 3731 1126 3786 Judmorum
1155 3747 1166 3782 :
1195 3728 1351 3782 Miser
1404 3745 1494 3798 ego
1548 3727 1718 3791 homo,
1773 3725 1884 3795 quis
1927 3739 2007 3778 me
2055 3724 2119 3777 li-

529 3826 717 3880 berabit
745 3825 807 3878 de
833 3839 1043 3894 corpore
1069 3823 1243 3876 mortis
1273 3822 1425 3891 hujus
1443 3822 1468 3874 ?
1495 3819 1545 3873 id
1589 3826 1688 3880 est,
1719 3817 1848 3884 Quis
1875 3831 1960 3871 me
1987 3815 2119 3870 Iibe-

527 3916 669 3970 rabit
691 3933 718 3969 a
751 3925 898 3970 reatu
927 3925 1269 3984 peccatorum
1293 3927 1534 3966 meorum
1558 3926 1676 3980 qua:
1703 3909 1968 3972 commisi,
1993 3923 2117 3963 cum

528 4009 698 4063 vitare
741 4004 1069 4076 potuissem?
1122 4018 1242 4073 qum
1289 4003 1422 4073 legis
1470 4001 1731 4056 severitas
1779 4013 1886 4054 non
1931 3999 2115 4064 donat,

527 4095 626 4150 sed
655 4093 956 4160 ulciscitur;
984 4093 1102 4164 quis
1133 4107 1218 4147 me
1245 4093 1312 4147 ab
1355 4091 1438 4146 bis
1483 4089 1766 4156 membris,
1791 4089 1843 4145 id
1872 4095 1955 4144 est
1983 4103 2012 4142 a
2042 4089 2120 4143 vi-

529 4189 639 4252 tiis,
668 4202 787 4258 quce
831 4185 1192 4256 improborum
1227 4182 1522 4238 imitatione
1562 4181 1774 4250 collegi,
1807 4188 1866 4235 ut
1911 4180 2114 4249 peccati

531 4281 748 4353 plenum
771 4293 965 4348 corpus
1013 4288 1364 4341 exstruerem,
1399 4274 1595 4346 poterit
1621 4273 1932 4330 vindicare?
1962 4274 2112 4344 quis,

530 4371 783 4442 inquam?
815 4369 883 4426 Et
933 4369 1241 4438 respondit,
1293 4367 1444 4438 quasi
1491 4382 1668 4422 rerum
1711 4366 1944 4436 ipsarum
1991 4380 2120 4421 voce

528 4462 888 4520 commonitus
913 4479 926 4514 :
949 4459 1124 4514 Gratia
1151 4459 1246 4514 Dei
1268 4475 1356 4530 per
1373 4457 1408 4512 Ι
1412 4475 1550 4514 esum
1565 4457 1820 4513 Christum
1843 4457 2121 4511 Dominum

529 4566 776 4612 nostrum.
823 4552 1002 4609 Gratia
1037 4551 1148 4616 Dei,
1180 4565 1298 4621 qua:
1325 4559 1596 4620 acceptam
1627 4547 1732 4604 fert
1771 4549 2028 4618 justitiam
2057 4547 2120 4600 fi-

529 4649 727 4704 delium
771 4647 886 4700 sine
925 4643 1209 4714 operibus,
1241 4641 1531 4697 secundum
1570 4640 1712 4711 quod
1742 4639 1908 4694 David
1956 4638 2118 4706 dicit,

532 4742 677 4797 Beati
699 4756 910 4811 quorum
931 4739 1152 4792 remissre
1179 4746 1296 4791 sunt
1321 4737 1634 4806 iniquitates,
1663 4745 1708 4788 et
1736 4751 1954 4806 quorum
1993 4743 2123 4788 tecta

531 4845 647 4890 sunt
683 4843 886 4904 peccata
918 4848 936 4886 :
965 4832 1138 4886 beatus
1179 4830 1253 4883 vir
1299 4829 1382 4882 cui
1426 4845 1527 4882 non
1569 4827 1839 4897 imputavit
1871 4825 2122 4880 Dominus

531 4935 790 4995 peccatum
811 4923 976 4996 (Psal.
1009 4939 1160 4991 xxxi,
1181 4923 1202 4976 l
1226 4932 1271 4976 et
1291 4921 1371 4992 2).
1404 4921 1507 4989 Qui
1531 4933 1656 4989 ergo
1697 4917 1822 4973 facit
1849 4917 2121 4973 hominem

533 5017 764 5078 beatum,
793 5016 954 5070 etiam
996 5014 1108 5083 ipse
1151 5014 1337 5068 beatus
1374 5020 1490 5075 est,
1517 5011 1722 5080 justitia
1761 5009 2082 5078 sempiterna
2105 5050 2120 5076 ,

532 5122 631 5178 per
657 5121 812 5174 quam
845 5121 948 5159 non
973 5105 1133 5159 donat
1160 5111 1457 5174 peccatum,
1509 5100 1611 5154 nisi
1641 5099 1782 5169 quod
1804 5099 1924 5170 jure
1951 5099 2124 5168 potuit

535 5201 817 5266 imputare.
849 5196 964 5252 Non
991 5205 1168 5250 autem
1193 5195 1314 5266 jure
1341 5192 1512 5264 potuit
1541 5191 1824 5260 imputare,
1853 5189 1899 5244 si
1921 5205 2026 5244 non
2058 5189 2122 5244 il-

535 5287 625 5342 Iud
661 5287 742 5341 cui
767 5289 1072 5357 imputatur,
1108 5286 1279 5357 potuit
1303 5294 1355 5337 et
1385 5297 1598 5336 cavere.
1631 5281 1796 5335 Nemo
1828 5285 2003 5335 autem
2031 5293 2127 5349 po-

539 5389 642 5434 test
667 5395 856 5436 cavere
889 5380 1168 5434 naturalia.
1217 5375 1379 5445 Igitur
1425 5374 1604 5428 nullus
1657 5388 1878 5443 prorsus
1925 5372 2128 5428 habere

485 5531 488 5534 ,
535 5479 710 5540 potest
736 5471 802 5527 de
828 5481 1032 5526 natura:
1059 5467 1378 5524 necessitate
1404 5473 1700 5535 peccatum.
1733 5465 1860 5520 Ihec
1889 5465 2122 5522 breviter

537 5564 732 5620 dixisse
752 5565 1006 5620 sufficiat:

511 5652 520 5660 ’
608 5658 742 5714 Anc.
776 5657 1011 5712 Conatus
1036 5668 1096 5710 es
1127 5649 1342 5720 quidem
1369 5649 1508 5719 quod
1537 5650 1612 5704 ait
1655 5651 1963 5721 Apostolus,
2003 5649 2129 5719 Quis

603 5837 614 5866 '
645 5844 792 5887 Vetus
811 5833 964 5882 etulex
993 5839 1142 5886 Port.,
1169 5825 1334 5876 ullam.

601 5898 626 5931 ι
646 5899 779 5958 utin,
805 5897 910 5946 hoc.
941 5903 994 5945 At
1017 5901 1148 5950 Mss,
1175 5889 1270 5940 hic.

1209 409 1455 471 OPERIS
1483 402 1890 465 IMPERFECTI
1927 399 2204 458 CONTRA
2243 397 2604 464 JULIANUM,
2645 397 2702 454 S.
2743 394 3111 454 AUGUSTI-Nl

3633 397 3780 456 1088

2207 529 2287 567 me
2330 513 2554 568 liberabit
2595 512 2656 566 de
2689 527 2897 582 corpore
2937 510 3112 565 mortis
3153 509 3348 580 hujus?
3371 509 3426 566 in
3455 525 3667 566 sensom
3699 521 3790 568 ve-

2203 613 2372 661 strum
2393 603 2712 674 disputando
2741 611 3054 658 convertere
3087 620 3101 656 :
3128 599 3226 658 sed
3251 601 3352 658 hoc
3383 611 3435 658 te
3466 618 3568 656 non
3597 618 3783 672 posse,

2204 697 2296 752 ille
2318 696 2507 751 melius
2531 693 2679 759 vidit,
2705 693 2793 764 qui
2815 693 2928 747 viro
2969 693 3162 748 illustri
3205 693 3498 748 chartulam
3529 693 3703 757 misit;
3733 703 3792 750 et

2201 787 2326 843 ideo
2351 785 2512 842 verba
2539 800 2656 840 mea
2683 798 3108 839 commemorans
3131 782 3187 838 id
3212 783 3574 854 przetermisit,
3599 798 3664 838 ne
3694 793 3788 839 tua

2201 879 2470 936 rideretur
2497 886 2804 948 exSpectata
2843 885 2897 932 et
2926 877 3131 948 prolata
3161 877 3457 947 responsio.
3485 877 3615 944 Quis
3641 879 3784 933 enim

2205 986 2311 1026 non
2342 969 2516 1026 rideat
2553 967 2697 1040 quod
2727 967 2907 1022 nescio
2935 975 3114 1022 utrum
3143 967 3298 1022 vobis
3337 967 3657 1038 persuadere
3685 982 3786 1038 po-

2199 1062 2433 1128 tueritis,
2479 1071 2534 1116 et
2571 1071 2748 1114 tamen
2778 1059 2895 1113 aliis
2935 1059 3362 1129 persuadendum
3400 1061 3652 1130 putastis,
3695 1061 3794 1116 Ju-

2203 1153 2306 1208 dati
2351 1151 2668 1223 Apostolum
2713 1147 2992 1205 induxisse
3039 1165 3360 1220 personam,
3407 1153 3638 1210 nondum
3687 1155 3790 1210 sub

2205 1247 2402 1302 Christi
2435 1247 2598 1316 gratia
2647 1248 2959 1312 constituti,
3006 1257 3165 1318 atque
3219 1247 3466 1315 dicentis,
3514 1246 3668 1303 Miser
3695 1264 3788 1319 ego

2206 1341 2376 1406 homo,
2398 1341 2508 1410 quis
2531 1357 2610 1393 me
2627 1338 2852 1394 liberabit
2877 1339 2941 1394 de
2973 1355 3182 1409 corpore
3225 1341 3404 1394 mortis
3433 1341 3626 1412 hujus?
3649 1339 3782 1396 Gra-

2205 1434 2276 1486 tia
2309 1432 2399 1486 Dei
2431 1449 2520 1501 per
2545 1431 2722 1486 Iesum
2745 1431 3007 1487 Christum
3047 1429 3328 1485 Dominum
3373 1441 3614 1486 nostrum.
3643 1432 3785 1488 Itane

2206 1541 2334 1581 vero
2371 1526 2604 1594 Judaeu's,
2647 1527 2990 1598 nondumque
3018 1526 3355 1582 Christianus
3380 1537 3482 1592 est,
3511 1528 3598 1596 qui
3637 1527 3782 1591 dicit,

2205 1617 2301 1672 Dei
2330 1619 2496 1688 gratia
2517 1634 2603 1675 me
2623 1617 2871 1674 liberabit
2887 1633 2986 1690 per
3003 1618 3186 1674 Jesum
3215 1615 3482 1673 Christum
3506 1619 3783 1674 Dominum

2208 1709 2486 1764 nostrum?
2515 1709 2711 1766 Verum
2731 1709 2834 1765 hoc
2860 1709 3049 1765 omitto
3082 1727 3096 1764 :
3125 1709 3256 1764 illud
3284 1717 3459 1765 autem
3484 1709 3602 1780 quis
3629 1708 3783 1775 ferat,

2207 1800 2274 1855 de
2295 1801 2578 1870 prieteritis
2616 1801 2729 1857 suis
2763 1801 2998 1872 peccatis
3051 1809 3238 1872 putare
3275 1800 3542 1856 hominem
3585 1801 3784 1867 dicere,

2209 1891 2336 1957 Quis
2357 1908 2436 1946 me
2466 1892 2696 1947 liberabit
2736 1892 2800 1947 de
2833 1907 3048 1963 corpore
3087 1893 3264 1946 mortis
3302 1893 3494 1962 hujus?
3532 1901 3588 1946 ut
3617 1891 3664 1947 ei
3695 1907 3789 1960 per

2207 1982 2532 2052 ignescentia
2561 1983 2758 2040 Christi
2783 1983 3006 2054 gratiam
3037 1984 3378 2039 remittantur
3408 2001 3422 2038 :
3455 1997 3575 2038 cum
3601 1983 3790 2038 diluci-

2207 2075 2276 2131 de
2293 2085 2564 2145 appareat,
2590 2076 2732 2132 unde
2751 2075 2816 2131 ad
2839 2077 2938 2132 ista
2957 2075 3117 2132 verba
3139 2075 3462 2146 pervenerit?
3481 2075 3612 2131 Ecce
3630 2076 3788 2130 verba

2208 2167 2325 2237 ejus
2345 2177 2468 2223 sunt
2489 2169 2541 2223 in
2563 2169 2781 2224 auribus
2804 2169 3000 2225 nostris
3027 2188 3040 2223 :
3063 2169 3338 2225 videamus
3355 2183 3504 2239 ergo,
3527 2179 3697 2224 utrum
3719 2185 3786 2224 ex

2207 2273 2274 2314 eo
2290 2259 2430 2330 quod
2460 2261 2568 2330 egit
2591 2261 2797 2326 volens,
2821 2275 2889 2315 an
2909 2273 2976 2316 ex
3003 2275 3070 2315 eo
3098 2259 3240 2330 quod
3269 2259 3375 2329 agit
3399 2261 3602 2326 nolens,
3631 2261 3792 2316 mise-

2209 2366 2328 2405 rum
2368 2367 2428 2406 se
2457 2367 2576 2408 esse
2607 2352 2854 2407 fateatur.
2885 2352 3092 2408 Clamat
3131 2353 3310 2418 homo,
3346 2351 3464 2407 Non
3493 2355 3624 2423 quod
3655 2354 3788 2420 vola,

2210 2458 2344 2512 ago;
2384 2441 2473 2497 sed
2499 2443 2635 2514 quod
2675 2443 2789 2510 odi,
2820 2443 2952 2497 illud
2987 2444 3145 2516 jacio.
3175 2443 3402 2510 Clamat,
3431 2443 3550 2498 lam
3577 2462 3674 2498 non
3699 2462 3793 2517 ego

2212 2549 2394 2602 operor
2425 2533 2590 2598 illud,
2660 2534 2748 2588 sed
2793 2533 2848 2587 id
2895 2534 3030 2603 quod
3074 2535 3263 2589 habitat
3299 2535 3352 2588 in
3403 2551 3479 2589 me
3519 2545 3792 2606 peccatur».

2213 2623 2334 2679 Scio
2354 2627 2486 2679 enim
2514 2626 2633 2696 quia
2653 2643 2752 2680 non
2776 2626 2966 2680 habitat
2993 2626 3045 2680 in
3068 2643 3165 2693 me,
3198 2626 3292 2681 hoc
3321 2627 3460 2682 estin
3490 2643 3638 2681 carne
3663 2645 3794 2694 utea,

2212 2717 2396 2773 bonum
2419 2735 2438 2773 :
2461 2719 2587 2774 velle
2626 2721 2760 2774 enim
2789 2721 2990 2792 adjacet
3021 2721 3184 2788 mihi;
3227 2723 3466 2792 perficere
3502 2733 3666 2775 autent
3703 2721 3797 2776 bo-

2214 2827 2354 2876 num,
2387 2827 2488 2866 non
2507 2812 2726 2868 invenio.
2761 2811 2884 2867 Non
2926 2814 3060 2867 enim
3087 2814 3223 2884 quod
3245 2819 3388 2878 volo,
3418 2815 3549 2885 facio
3577 2814 3797 2878 bonum;

2213 2901 2302 2956 sed
2329 2903 2464 2973 quod
2492 2903 2610 2958 nolo
2654 2904 2866 2968 malum,
2899 2904 2993 2958 hoc
3031 2921 3148 2975 ago.
3181 2903 3296 2960 Non
3347 2903 3439 2969 ait,
3473 2904 3630 2970 Feci;
3665 2904 3757 2959 sed
3780 2946 3797 2972 ,

2216 2992 2349 3063 facio
2378 3009 2397 3048 :
2420 3010 2526 3050 non
2552 2995 2645 3058 ait,
2674 2995 2937 3064 Operatus
2967 3009 3084 3050 sum
3107 3013 3121 3061 ;
3145 2995 3263 3062 sed,
3294 3012 3473 3068 cperor
3502 3011 3520 3049 :
3547 3011 3649 3050 non
3677 2997 3751 3049 ait
3777 3036 3794 3060 ,

2217 3087 2349 3158 Egi;
2372 3087 2488 3156 sed,
2512 3105 2608 3159 ago
2633 3104 2652 3143 :
2672 3097 2728 3143 et
2749 3090 2848 3144 hoc
2873 3105 2974 3142 non
3011 3087 3149 3160 quod
3176 3090 3284 3143 volo
3309 3089 3350 3156 ¹,
3375 3088 3467 3144 sed
3502 3089 3634 3159 quod
3657 3089 3798 3146 nolo.
3823 3137 3830 3144 .

2219 3179 2517 3245 Postremo,
2544 3180 2942 3236 eondclectatur
2967 3182 2988 3212 ²
3011 3181 3111 3250 legi
3145 3180 3235 3235 Dei
3263 3179 3551 3236 secundum
3579 3179 3800 3235 interio-

2219 3288 2331 3328 rem
2359 3271 2664 3326 hominem:
2694 3271 2836 3326 vidct
2876 3281 3054 3326 autem
3076 3271 3232 3326 aliam
3263 3271 3431 3341 legem
3468 3271 3520 3325 in
3549 3271 3801 3328 membris

2219 3365 2352 3430 suis,
2381 3372 2766 3434 repugnantem
2807 3363 2908 3434 legi
2941 3362 3134 3418 mentis
3163 3377 3272 3416 suae
3293 3379 3306 3429 ;
3331 3377 3433 3432 qua
3477 3362 3591 3432 lege
3620 3359 3802 3431 utique

2219 3457 2574 3528 compellitur,
2601 3471 2706 3510 non
2734 3455 2873 3526 quod
2902 3456 3031 3518 vult,
3067 3455 3240 3510 facere
3275 3455 3495 3521 bonum,
3524 3453 3616 3508 sed
3654 3453 3800 3524 quod

2222 3563 2329 3602 non
2356 3547 2469 3602 vult
2507 3547 2728 3611 malum,
2761 3545 2864 3601 hoc
2910 3561 3086 3616 agere.
3129 3545 3353 3615 Propter
3375 3545 3473 3600 hoc
3498 3544 3754 3600 exclamat
3783 3561 3800 3599 :

2224 3639 2383 3694 Miser
2409 3655 2498 3709 ego
2527 3639 2698 3704 homo,
2745 3638 2856 3708 quis
2905 3653 2985 3692 me
3032 3636 3260 3692 liberabit
3303 3636 3365 3690 de
3389 3652 3597 3707 corpore
3625 3639 3802 3690 mortis

2223 3731 2374 3804 hujus
2401 3730 2574 3802 (llam.
2617 3747 2712 3796 vn,
2755 3727 2980 3800 15-25)?
3012 3729 3078 3784 Et
3121 3737 3176 3782 tu
3222 3736 3408 3783 contra
3451 3726 3800 3783 clarissimam

2223 3823 2498 3877 veritatem
2528 3821 2711 3876 oculos
2741 3819 2945 3874 claudis
2964 3860 2979 3883 ,
3023 3819 3386 3890 gemitumque
3412 3818 3527 3888 ejus
3555 3817 3796 3886 exponis,

2224 3929 2329 3968 non
2373 3922 2429 3966 ut
2456 3912 2704 3968 omnibus
2743 3921 2920 3982 patet,
2953 3910 3049 3966 sed
3094 3920 3154 3966 ut
3210 3910 3301 3965 tibi
3355 3910 3545 3980 placet,
3597 3909 3800 3974 dicens,

2231 4025 2250 4058 ι
2289 4004 2414 4072 Quis
2443 4020 2520 4056 me
2544 4003 2772 4056 liberabit
2813 4003 2876 4056 de
2902 4018 3112 4072 corpore
3139 4003 3316 4056 mortis
3342 4003 3536 4073 hujus?
3561 4003 3658 4056 hnc
3684 4009 3764 4057 est
3783 4042 3800 4065 ,

2223 4097 2353 4166 Quis
2379 4110 2464 4150 me
2491 4094 2794 4150 liberabita
2833 4103 2983 4149 reatu
3017 4104 3356 4164 peccatorum
3401 4109 3640 4148 meorum
3683 4108 3800 4163 qum

2224 4184 2500 4242 commisi?
2529 4204 2547 4236 ι
2603 4184 2696 4239 llle
2739 4183 2867 4238 dicit
2903 4183 2942 4249 ³,
2979 4183 3127 4250 Quod
3154 4184 3272 4236 nolo
3300 4184 3508 4245 malum,
3542 4183 3634 4235 hoc
3659 4199 3752 4253 ago
3783 4197 3804 4236 :

2225 4289 2275 4334 ct
2313 4288 2366 4332 tu
2398 4277 2530 4333 dicis
2553 4319 2568 4343 ,
2620 4295 2640 4329 ι
2677 4292 2796 4346 qme
2823 4275 3085 4330 commisi.
3117 4295 3136 4327 ι
3171 4275 3349 4345 Usque
3377 4275 3580 4330 adeone
3607 4275 3798 4345 despe-

2225 4385 2314 4426 ras
2343 4371 2410 4424 de
2451 4369 2757 4423 hominibus
2785 4367 2918 4438 ‘qui
2957 4367 3072 4422 hrec
3121 4367 3322 4438 legunt,
3379 4377 3436 4421 ιιι
3483 4383 3588 4422 non
3631 4367 3798 4438 ipsum

2226 4465 2414 4519 malint
2443 4463 2626 4517 audire
2651 4476 2810 4532 quam
2839 4471 2916 4526 te,
2957 4471 3011 4516 et
3035 4459 3134 4530 ipsi
3165 4462 3338 4530 potius
3365 4475 3521 4530 quam
3549 4460 3640 4514 tibi
3681 4475 3800 4514 cre-

2226 4555 2392 4614 dere?
2427 4557 2554 4612 Sine
2603 4556 2872 4610 hominem
2921 4555 3146 4626 gratiam
3197 4555 3312 4620 Dei,
3347 4571 3448 4609 non
3481 4555 3654 4611 solum
3681 4556 3803 4626 quia

2228 4653 2484 4723 peccavit,
2515 4661 2571 4706 ut
2611 4651 2935 4716 absolvatur,
2983 4665 3167 4704 verum
3215 4651 3372 4704 etiam
3421 4665 3486 4704 ne
3517 4657 3715 4718 peccet,
3747 4657 3806 4702 ut

2227 4746 2541 4816 adjuvetur,
2587 4757 2878 4814 exposcere
2913 4761 2925 4795 :
2958 4741 3100 4812 quod
3147 4742 3248 4796 isto
3301 4742 3418 4796 loco
3463 4742 3650 4810 agitur.
3702 4739 3804 4806 Qui

2229 4837 2370 4892 cnim
2399 4836 2545 4898 dicit,
2578 4835 2726 4902 Quod
2753 4835 2870 4887 nolo
2901 4835 3090 4887 malum
3115 4874 3130 4900 ,
3161 4833 3255 4886 hoc
3279 4849 3395 4903 ago,
3427 4847 3531 4886 non
3557 4841 3636 4886 est
3655 4831 3800 4884 locus

2229 4937 2287 4982 ut
2313 4928 2487 4992 dicat,
2519 4925 2732 4980 Dimitte
2755 4926 2896 4979 nobis
2923 4925 3090 4978 debita
3115 4935 3325 4990 nostra;
3352 4925 3466 4990 sed,
3495 4923 3578 4978 Ne
3613 4940 3702 4978 nos
3731 4924 3809 4976 in-

2231 5025 2365 5090 feras
2390 5021 2441 5074 in
2471 5018 2790 5072 tentationem
2821 5015 3028 5088 (Matth.
3055 5033 3127 5084 γι,
3155 5015 3240 5083 12,
3265 5025 3309 5069 et
3327 5015 3434 5088 l5).
3469 5015 3812 5084 Unusquisque

2231 5120 2395 5164 autem
2421 5119 2663 5176 tentatur,
2693 5109 2830 5164 sicut
2855 5109 2930 5162 ait
2975 5107 3249 5176 apostolus
3273 5107 3520 5172 Jacobus,
3557 5121 3590 5157 a
3619 5123 3809 5160 concu-

2234 5202 2475 5274 piscentia
2500 5217 2594 5254 sua
2631 5209 2876 5254 attractus
2925 5208 2970 5254 et
3013 5197 3208 5252 illectus
3251 5197 3454 5270 (Jacobi
3488 5210 3526 5260 ι,
3561 5199 3672 5270 14).
3701 5198 3809 5253 llnc

2233 5297 2428 5352 malum
2459 5305 2540 5351 est
2573 5295 2641 5351 de
2669 5311 2775 5365 quo
2804 5295 2914 5360 ait,
2947 5294 3068 5348 Scio
3113 5293 3230 5362 quia
3269 5309 3369 5346 non
3403 5291 3590 5346 habitat
3619 5293 3668 5344 in
3711 5309 3805 5356 me,

2235 5390 2327 5443 hoc
2349 5398 2420 5443 est
2440 5387 2492 5442 in
2513 5403 2664 5441 carne
2689 5403 2822 5450 mea,
2852 5387 3058 5440 bonum.
3089 5385 3199 5438 lloc
3225 5383 3422 5439 malum
3447 5392 3531 5438 est
3553 5383 3602 5437 in
3631 5398 3815 5451 corpo-

2238 5639 2248 5650 .
2299 5576 2314 5610 ²
2341 5575 2480 5632 aliti,
2499 5581 2544 5648 et
2567 5573 2655 5650 hoc
2677 5585 2772 5624 non
2789 5572 2928 5634 volo;
2959 5573 3304 5637 prietermisso,
3331 5573 3478 5637 quod,
3504 5573 3694 5623 tametsi
3713 5582 3821 5623 erat

2235 5639 2284 5688 in
2309 5639 2665 5698 manuscriptis.

2299 5703 2318 5731 ²
2354 5701 2488 5758 mliti,
2539 5695 2627 5748 cur
2673 5697 2956 5758 delectatur.
3009 5705 3064 5747 At
3103 5703 3207 5746 Mss.
3231 5731 3244 5755 ,
3289 5695 3662 5746 rondelectatm'.

2303 5763 2323 5794 ³
2346 5757 2482 5819 Editi,
2507 5771 2616 5821 qua:
2651 5757 2883 5810 constitisti
2917 5759 2998 5810 ille
3035 5759 3201 5810 dicens
3229 5772 3248 5808 :
3273 5759 3506 5810 mendose
3545 5771 3602 5808 ac
3625 5759 3822 5808 dissen-

2243 5824 2478 5875 tientibus
2499 5824 2848 5882 Inanuscriptis.

2305 5887 2326 5918 δ
2341 5885 2418 5935 sic
2574 5885 2694 5935 Editi
2711 5881 2846 5942 vero,
2873 5881 3174 5935 (lacuaribus
