4118 6520
338 375 474 437 1039

236 526 245 533 -
332 486 607 552 remortis
633 486 813 558 hujus.
865 483 982 542 Hoc
1007 480 1207 538 malum
1257 491 1365 534 non
1414 474 1515 532 fuit
1557 475 1611 530 in
1662 473 1914 546 paradiso

334 592 459 638 ante
478 588 786 652 peccatum;
831 575 954 647 quia
992 570 1229 629 nondum
1271 578 1389 625 erat
1418 566 1534 622 haec
1564 580 1690 621 caro
1720 579 1920 634 corpus

340 674 525 731 mortis
576 670 775 743 hujus:
803 668 891 724 cui
931 666 1137 723 dicetur
1166 662 1220 718 in
1246 660 1354 717 line
1384 660 1426 728 ¹,
1474 657 1572 714 Ubi
1613 666 1706 724 est,
1760 672 1919 722 mors,

337 764 586 823 contentio
611 771 698 817 tua
717 761 744 815 .’
772 758 866 815 sed
893 768 1017 813 tunc
1039 755 1263 819 dicetur,
1296 767 1417 808 cum
1447 748 1795 820 corruptibilc
1822 748 1925 804 hoc

338 856 568 913 induerit
592 852 1070 922 incorruptionem,
1102 856 1155 903 et
1179 847 1406 902 mortale
1436 845 1539 923 hoc
1562 841 1799 899 induerit
1825 841 1928 896 im-

338 947 712 1004 mortalitatem
744 941 789 1014 (Ι
813 942 931 997 Cor.
964 956 1054 1009 xv,
1093 939 1283 1010 55—55)
1315 955 1328 992 :
1362 951 1504 993 nunc
1529 945 1708 991 autem
1732 948 1927 1004 corpus

337 1048 423 1095 est
445 1038 663 1104 mortis;
710 1035 833 1108 quia
880 1033 1022 1090 idem
1050 1033 1165 1104 ipse
1210 1031 1347 1087 dixit
1386 1029 1699 1102 apostolus,
1731 1026 1936 1098 Corpus,

338 1137 593 1182 mortuum
630 1135 703 1181 est
733 1133 937 1197 prapter
974 1132 1235 1197 peccatum
1278 1120 1454 1195 (Rom.
1484 1136 1613 1187 vm,
1644 1118 1758 1191 l0).
1789 1117 1930 1174 Audi

340 1220 631 1276 catholicos
652 1219 1011 1276 intellectores
1031 1216 1271 1288 Apostoli
1296 1232 1312 1283 ;
1334 1214 1518 1287 accipe
1532 1229 1719 1271 eorum
1742 1211 1929 1281 verba,

341 1328 448 1367 non
480 1327 618 1376 mea,
647 1326 769 1366 cum
790 1311 985 1383 quibus
1006 1307 1214 1379 accipio
1242 1306 1479 1363 convicia
1510 1314 1599 1360 tua
1633 1323 1645 1359 :
1677 1302 1800 1359 audi
1822 1318 1930 1358 non

342 1404 632 1476 Pelagium,
664 1402 760 1459 sed
790 1400 1152 1457 Ambrosium.
1183 1416 1202 1450 ι
1233 1398 1404 1454 Etiam
1434 1396 1581 1452 Pauli
1612 1409 1759 1460 caro,
1796 1413 1816 1447 ι
1845 1394 1931 1448 in-

341 1498 476 1569 quit,
510 1515 530 1550 ι
553 1511 748 1567 corpus
774 1496 963 1551 mortis
987 1500 1121 1556 erat,
1135 1491 1271 1546 sicut
1296 1490 1410 1560 ipse
1435 1488 1529 1554 ait,
1563 1486 1690 1552 Quis
1711 1502 1790 1541 me
1812 1484 1934 1539 libe-

343 1588 473 1645 rabit
496 1588 560 1643 de
589 1602 800 1656 corpore
830 1584 1005 1640 mortis
1042 1583 1195 1654 hujus
1289 1579 1391 1651 (De
1415 1577 1735 1641 Poenitentia,
1760 1576 1847 1630 lib.
1879 1576 1931 1641 1,

342 1697 461 1753 cap.
490 1679 528 1734 2
549 1678 624 1734 vel
644 1680 699 1749 5)
721 1677 746 1732 ?
778 1694 798 1729 ι
827 1674 966 1731 Audi
991 1689 1098 1729 non
1117 1671 1451 1737 Ceciestium,
1473 1668 1567 1725 sed
1584 1666 1931 1737 Gregorium:

349 1790 372 1825 ι
404 1771 547 1827 Intra
593 1769 974 1840 nosmetipsos,
1007 1785 1027 1820 ι
1079 1765 1293 1837 inquit,
1349 1782 1369 1817 ι
1405 1761 1638 1834 prepriis
1687 1760 1832 1815 vitiis
1871 1773 1936 1816 ac

347 1862 688 1936 passiouibus
710 1861 1104 1931 impugnamur,
1129 1864 1184 1912 et
1210 1854 1298 1911 die
1325 1862 1594 1923 noctuque
1629 1850 1809 1921 ignitis
1833 1849 1933 1905 sti-

345 1953 503 2009 mulis
546 1951 788 2022 corporis
827 1947 1140 2004 humilitatis
1168 1945 1326 2016 hujus
1359 1953 1415 2001 et
1463 1942 1707 2013 corporis
1745 1940 1937 1996 mortis

345 2058 629 2115 urgemur,
668 2056 813 2121 nunc
843 2041 1092 2103 latenter,
1124 2053 1269 2093 nunc
1293 2036 1454 2092 etiam
1500 2034 1670 2103 palam
1695 2074 1709 2099 ,
1742 2044 1936 2103 provo-

344 2138 592 2193 cantibus
612 2135 808 2206 ubique
834 2143 889 2190 et
916 2131 1252 2188 irritantibus
1290 2144 1470 2185 rerum
1503 2127 1790 2183 visibilium
1819 2124 1944 2181 ille-

343 2228 544 2293 cebris,
573 2226 686 2281 luto
722 2224 826 2281 hoc
853 2223 1021 2292 faecis,
1042 2221 1129 2279 cui
1159 2221 1492 2287 inhaesimus,
1520 2218 1660 2275 emni
1691 2233 1772 2273 Slll
1793 2216 1936 2272 feto-

240 2318 243 2321 ’
342 2334 458 2375 rem
479 2318 629 2374 venis
646 2316 1015 2387 capacioribus
1032 2313 1352 2379 exhalante;
1376 2310 1471 2367 sed
1492 2320 1548 2367 et
1567 2310 1684 2381 lege
1708 2307 1933 2381 peccati,

343 2426 464 2482 qua:
485 2419 566 2466 est
587 2409 643 2464 in
664 2406 921 2464 membris
946 2405 1167 2473 nostris,
1191 2403 1297 2477 legi
1324 2403 1544 2474 spiritus
1567 2408 1930 2472 repugnanter

343 2501 641 2577 (Gregorius
679 2498 960 2565 Nasicam,
995 2498 1215 2569 Apolog.
1243 2498 1267 2552 1
1293 2496 1356 2551 de
1393 2493 1546 2566 Fuga
1570 2493 1703 2567 sua).
1760 2493 1855 2548 llis
1883 2501 1938 2548 tu

341 2594 630 2651 luminibus
652 2591 889 2649 caelestis
917 2590 1147 2646 civitatis
1174 2587 1469 2654 oblatrans,
1507 2604 1526 2640 ι
1558 2585 1768 2656 Corpus
1789 2598 1937 2638 mor-

342 2688 447 2756 tis,
485 2707 507 2741 ι
540 2686 739 2757 inquis,
768 2703 788 2738 ι
826 2691 1043 2755 peccata
1083 2681 1220 2737 dixit
1262 2695 1418 2749 esse,
1469 2694 1576 2734 non
1606 2692 1823 2732 carnem
1859 2694 1873 2731 :
1912 2694 1934 2730 ›

342 2795 547 2853 negans
568 2776 883 2849 Apostolum
912 2775 1016 2831 hoc
1035 2773 1102 2829 ad
1138 2773 1517 2829 mortalitatem
1546 2771 1713 2825 nostri
1740 2782 1937 2839 corpo-

260 2860 267 2865 ’
345 2871 424 2928 ris
449 2869 731 2934 retulisse;
759 2885 780 2921 ι
815 2880 977 2937 quam
1004 2878 1152 2931 caro,
1188 2880 1208 2915 ι
1240 2861 1450 2932 inquis,
1484 2879 1503 2912 ι
1535 2858 1843 2915 animalium
1873 2856 1941 2913 de

347 2971 551 3020 naturae
575 2959 909 3017 institutione
933 2955 1189 3026 suscepit.
1231 2973 1250 3007 ι
1284 2953 1398 3008 lloc
1426 2951 1569 3007 enim
1596 2950 1766 3022 sapis,
1796 2948 1941 3021 quod

349 3051 596 3125 Pelagius
624 3051 675 3107 in
701 3048 904 3122 judicio
945 3046 1230 3104 Palmstino
1268 3043 1392 3099 ﬁcto
1421 3041 1586 3098 corde
1631 3040 1940 3109 damnavit,

347 3144 519 3201 Adam
544 3143 749 3199 scilicet
773 3139 1054 3196 mortalem
1090 3136 1311 3203 factum,
1336 3135 1409 3189 ita
1437 3141 1493 3188 ut
1521 3132 1635 3188 sive
1665 3138 1936 3203 peccaret,

346 3236 462 3293 sive
486 3249 589 3291 non
610 3238 880 3305 peccaret,
921 3228 1212 3285 moriturus
1241 3234 1386 3283 esset
1424 3223 1521 3297 (a).
1572 3226 1653 3280 Ac
1685 3223 1764 3279 sic
1806 3223 1943 3279 resi-

347 3336 498 3384 stens
522 3326 607 3382 his
633 3324 764 3380 viris
787 3364 803 3389 ,
833 3330 888 3379 et
909 3318 1028 3377 aliis
1056 3334 1243 3376 eorum
1292 3316 1458 3373 sociis
1502 3314 1627 3372 lidei
1665 3329 1833 3383 sanae,
1864 3322 1943 3370 tot

351 3417 620 3487 tantisque
661 3412 974 3471 doctoribus
997 3450 1014 3479 ,
1066 3408 1276 3482 cogeris
1329 3406 1555 3479 implere
1599 3405 1941 3478 paradisum,

349 3511 559 3581 etiamsi
590 3523 750 3565 nemo
771 3512 1065 3579 peccasset,
1094 3502 1282 3560 dolore
1313 3498 1748 3571 parturientium,
1790 3497 1943 3553 labo-

349 3618 412 3660 re
448 3600 817 3666 nascentium,
878 3596 1165 3669 gemitibus
1211 3593 1611 3666 languentium,
1669 3589 1946 3646 itineribus

350 3694 713 3760 morientium,
741 3705 976 3749 merore
999 3688 1314 3759 lugentium.
1346 3684 1485 3753 Quid
1516 3684 1676 3756 igitur
1704 3683 1902 3738 mirum
1926 3723 1944 3750 ,

350 3788 398 3843 si
420 3795 476 3843 et
499 3784 567 3841 de
596 3785 700 3839 isto
725 3780 997 3854 paradiso,
1020 3777 1164 3850 quod
1201 3785 1285 3833 est
1311 3775 1571 3843 Ecclesia,
1605 3772 1750 3830 foras
1786 3772 1943 3840 istis;

351 3879 441 3950 qui
465 3876 771 3949 paradisum
803 3874 975 3941 illum,
1007 3871 1076 3928 de
1103 3885 1211 3941 quo
1234 3868 1377 3925 foras
1408 3868 1584 3924 ierunt
1607 3908 1623 3932 ,
1646 3865 1737 3938 qui
1768 3881 1868 3921 nos
1893 3865 1946 3921 in

353 3973 483 4028 istas
510 3970 753 4027 miserias
775 3964 1049 4039 peccando
1076 3965 1358 4030 miserunt,
1391 3961 1551 4017 talem
1586 3960 1784 4028 facitis,
1811 3975 1948 4031 qua-

354 4065 458 4120 lem
489 4078 595 4117 non
646 4061 768 4117 dico
808 4058 1236 4115 Christianorum
1271 4054 1467 4122 nullus,
1496 4052 1593 4109 sed
1639 4068 1740 4110 nec
1768 4051 1945 4107 homi-

354 4172 480 4214 num
506 4154 785 4227 quisquam
815 4150 1073 4222 suspicari
1102 4148 1325 4215 audet’,
1356 4147 1526 4202 sinon
1554 4145 1619 4200 sit
1650 4144 1909 4200 insanus?

424 4245 655 4321 LXVlll.
694 4245 815 4301 Jun.
853 4243 910 4300 in
941 4242 1114 4312 primo
1142 4239 1284 4295 enim
1312 4252 1478 4309 opere
1502 4236 1660 4292 latius
1684 4236 1951 4307 disputata

291 4360 313 4383 ι
354 4352 501 4399 Sunt.
530 4338 784 4408 Quamvis
804 4350 903 4392 nec
926 4345 981 4391 tu
1006 4331 1237 4390 dilucide
1258 4330 1525 4402 loquaris,
1546 4345 1704 4402 quam
1723 4337 1953 4385 mortem

356 4432 579 4504 intelligi
622 4431 792 4496 velis,
837 4427 990 4499 cujus
1030 4439 1228 4497 corpus
1273 4423 1408 4479 dicis
1454 4422 1508 4478 in
1556 4420 1802 4493 paradiso
1845 4435 1952 4475 non

358 4523 527 4580 fuisse
549 4530 675 4579 ante
700 4528 974 4591 peccatum
1005 4534 1020 4571 :
1048 4518 1170 4588 quia
1200 4515 1252 4570 in
1280 4515 1429 4569 libris
1447 4554 1462 4580 ,
1490 4529 1624 4585 quos
1648 4512 1715 4568 ad
1734 4512 1958 4568 Marcel-

359 4614 453 4670 lini
500 4627 694 4691 nomen
739 4609 990 4676 edidisti,
1032 4606 1312 4662 mortalem
1353 4603 1524 4661 Adam
1560 4603 1756 4661 factum
1789 4602 1955 4661 fuisse

359 4704 634 4777 professus
657 4718 718 4759 es
744 4700 845 4775 (De
871 4698 1204 4755 Peccatorum
1228 4695 1446 4762 Meritis,
1478 4695 1566 4750 lib.
1599 4696 1652 4761 1,
1670 4711 1821 4766 capp.
1849 4695 1884 4751 '5
1907 4705 1956 4750 et

358 4801 437 4871 4).
467 4796 620 4868 Quod
642 4810 769 4851 vero
788 4792 1034 4864 adjungis
1051 4788 1298 4846 morbum
1317 4802 1436 4844 esse
1459 4788 1728 4858 negotium
1750 4788 1957 4858 nuptia-

360 4909 477 4949 rum
497 4931 515 4960 ,
557 4888 750 4945 leniter
781 4884 951 4942 audiri
984 4890 1195 4954 potest,
1225 4879 1272 4936 si
1303 4879 1404 4934 hoc
1430 4878 1604 4933 solum
1630 4877 1698 4934 de
1728 4878 1830 4933 tuis
1859 4894 1955 4949 pa-

364 4986 602 5043 rentibus
625 4983 794 5040 dicas.
819 4978 1080 5036 Conscius
1107 4975 1249 5032 enim
1281 4973 1419 5029 forte
1447 4986 1567 5027 csse
1595 4979 1745 5040 potes
1771 4971 1956 5028 matris

365 5088 468 5133 tua:
494 5075 664 5132 morbi
691 5074 915 5144 alicujus
933 5068 1167 5132 occulti,
1198 5081 1357 5138 quam
1385 5064 1438 5120 in
1470 5063 1616 5119 libris
1645 5061 1954 5118 Confessio-

364 5170 484 5237 nis,
524 5177 582 5223 ut
623 5168 740 5239 ipso
775 5166 940 5222 verbo
984 5171 1138 5228 utar,
1176 5156 1546 5216 meribibulam
1573 5164 1811 5211 vocatam
1836 5170 1957 5213 esse

363 5258 583 5330 signasti
629 5256 1035 5329 (Confessionum
1070 5251 1199 5308 libro
1237 5250 1306 5317 9,
1341 5265 1459 5319 cap.
1504 5245 1558 5320 8)
1610 5246 1872 5302 Caeterum
1900 5246 1955 5303 in

364 5361 669 5409 sanctorum
696 5348 963 5405 connubio
980 5388 995 5412 ,
1023 5356 1077 5402 et
1105 5347 1156 5400 in
1183 5344 1420 5400 omnium
1443 5340 1807 5403 honestorum,
1832 5339 1952 5395 nul-

367 5446 449 5501 lus
478 5441 697 5499 omnino
725 5439 942 5495 morbus
970 5446 1071 5494 est.
1102 5435 1236 5505 Quia
1268 5449 1367 5490 nec
1396 5432 1684 5504 Apostolus
1710 5431 1953 5488 morbum

366 5551 462 5609 pro
497 5533 737 5593 remedio
763 5529 1061 5598 concessit,
1091 5543 1211 5584 cum
1242 5543 1339 5599 per
1363 5526 1715 5583 reverentiam
1743 5525 1953 5596 nuptia-

430 5734 447 5765 ⁸
473 5733 545 5781 sic
562 5737 668 5780 Mss.
693 5726 830 5785 Filiti,
853 5722 904 5775 in
926 5720 1093 5786 ﬁnem.

428 5794 539 5843 ’sic
563 5800 669 5841 Mss.
696 5790 831 5847 talin,
863 5784 1099 5836 auderet.-

427 5839 837 5918 (sinamus
852 5849 917 5899 de
938 5851 1097 5898 uestis
1116 5839 1308 5905 Pelagii,
1333 5852 1435 5906 cap.
1467 5841 1515 5891 ιι
1549 5848 1593 5889 cl
1619 5840 1681 5885 ss

1704 359 1905 415 LIBER
1949 352 2220 416 PRIMUS.

3491 370 3629 427 1090

2034 486 2202 527 ruma
2229 469 2417 529 morbo
2442 469 2838 543 fornicationis,
2864 473 3120 533 Ecclesia:
3147 476 3393 536 homines
3414 486 3627 539 munie-

2034 564 2124 619 hat
2167 581 2182 620 :
2224 565 2313 633 qui
2339 579 2530 621 sensus
2553 565 2821 637 quomodo
2844 577 2899 624 et
2922 564 3152 625 frontem
3184 580 3325 629 tuam
3353 586 3408 629 et
3433 576 3628 648 dogma

2034 656 2247 727 penitus
2290 656 2514 712 eraserit
2536 698 2552 723 ,
2601 656 2756 727 primi
2791 657 3078 715 voluminis
3119 663 3223 717 mei
3258 679 3420 734 prope
3445 667 3628 722 ultima

2037 757 2187 818 parte
2214 756 2539 803 monstratur
2569 764 2584 802 :
2614 748 2757 819 quod
2780 757 2834 805 et
2862 749 2915 805 in
2938 758 3051 805 toto
3074 751 3241 822 ipsius
3266 759 3632 824 responsionis

2036 854 2298 909 corpore,
2344 848 2504 911 prout
2544 839 2785 897 locorum
2825 843 3195 913 opportunitas
3221 846 3429 915 attulit,
3458 849 3633 920 expli-

2036 938 2212 983 catum
2232 938 2334 984 est.

2106 1017 2243 1075 Aac.
2288 1019 2559 1093 Nusquam
2615 1021 2695 1079 sic
2744 1025 2986 1095 apparuit
3030 1024 3184 1081 dolus
3227 1035 3386 1095 tuus,
3438 1037 3493 1085 et
3536 1045 3633 1100 per

2035 1110 2313 1167 scientiam
2341 1113 2960 1174 damnata'conscicntia.
2991 1118 3108 1175 Scis
3130 1121 3271 1176 enim
3292 1161 3307 1188 ,
3333 1122 3440 1178 scis
3459 1124 3637 1180 omni-

2037 1216 2109 1258 no
2138 1217 2155 1258 :
2187 1213 2292 1260 tam
2316 1204 2514 1276 quippe
2539 1215 2779 1275 apertum
2805 1216 2888 1264 est
2908 1250 2925 1275 ,
2954 1218 3011 1265 ut
3039 1210 3130 1280 qui
3156 1211 3319 1268 libros
3340 1213 3461 1269 illos
3484 1214 3633 1285 legit,

2042 1293 2146 1351 hoc
2170 1295 2382 1352 nescire
2401 1311 2508 1352 non
2533 1300 2702 1367 possit
2733 1315 2749 1352 :
2779 1299 2885 1355 scis
2907 1339 2924 1366 ,
2954 1300 3168 1372 inquam
3193 1343 3209 1368 ,
3240 1303 3292 1358 in
3320 1304 3472 1361 libris
3500 1320 3640 1376 quos

2037 1387 2105 1442 ad
2149 1388 2516 1445 Marcellinum
2555 1390 2736 1459 edidi,
2763 1408 2851 1449 me
2879 1394 3225 1451 vehementer
3247 1397 3420 1467 egisse
3448 1407 3637 1454 contra

2039 1479 2380 1551 incipientem
2426 1496 2648 1554 surgere
2686 1487 2796 1553 jam
2836 1494 2962 1542 tunc
2986 1485 3233 1543 haeresim
3263 1500 3492 1544 vestram
3517 1532 3534 1558 ,
3568 1506 3637 1546 ne

2039 1571 2354 1627 crederetur
2388 1572 2558 1629 Adam
2578 1616 2593 1635 .
2622 1576 2829 1632 etiamsi
2860 1593 2966 1634 non
2994 1588 3303 1649 peccasset,
3332 1581 3496 1639 fuisse
3521 1598 3637 1638 mo-

2040 1663 2260 1720 riturus.
2290 1664 2397 1721 Sed
2421 1667 2670 1737 quoniam
2701 1669 2715 1699 ³
2745 1670 3025 1726 mortalem
3052 1670 3308 1727 hactenus
3333 1673 3484 1740 dixi,
3510 1675 3634 1745 quia

2040 1765 2252 1825 poterat
2278 1758 2454 1824 mori;
2484 1767 2693 1830 poterat
2715 1776 2944 1832 namque
2969 1778 3189 1832 peccare
3221 1783 3236 1820 :
3267 1773 3319 1822 tu
3346 1766 3426 1821 eis
3450 1768 3541 1837 qui
3566 1768 3636 1823 li-

2042 1848 2168 1906 bros
2212 1850 2333 1906 illos
2374 1868 2481 1907 non
2525 1853 2803 1923 legerunt,
2845 1871 2944 1912 nec
2982 1857 3209 1914 fortasse
3252 1859 3437 1915 lecturi
3469 1870 3634 1930 sunt,

2041 1939 2162 1998 fuco
2187 1943 2463 2011 insidioso,
2490 1946 2534 2001 si
2558 1945 2672 2001 lucc
2695 1956 2779 2002 tua
2803 1948 3058 2020 legerent,
3080 1950 3359 2024 subripere
3378 1954 3591 2010 voluisti
3616 1972 3633 2021 ;

2042 2033 2195 2103 quasi
2234 2049 2335 2105 ego
2378 2034 2450 2090 ita
2494 2036 2755 2104 dixerim,
2801 2039 2972 2095 Adam
3001 2043 3283 2098 mortalem
3312 2043 3509 2101 factum
3531 2088 3545 2113 ,
3577 2055 3638 2103 ut

2041 2123 2161 2180 sive
2198 2136 2475 2195 peccaret,
2515 2128 2629 2184 sive
2664 2144 2774 2184 non
2813 2142 3095 2202 peccaret,
3138 2136 3428 2193 moriturus
3467 2147 3633 2193 esset.

2042 2213 2157 2271 Hoc
2192 2216 2335 2271 enim
2376 2218 2649 2274 vobiscum
2676 2221 2852 2291 agitur
2876 2224 2896 2254 ³
2920 2264 2936 2289 ,
2967 2223 3093 2280 hinc
3113 2233 3221 2280 tota
3249 2225 3315 2282 de
3341 2227 3440 2284 hac
3463 2244 3524 2284 re
3550 2230 3633 2284 in-

2044 2314 2129 2364 ter
2166 2323 2266 2366 nos
2298 2318 2354 2366 et
2383 2326 2481 2366 vos
2514 2312 2740 2368 vertitur
2777 2315 3036 2385 quiestio,
3072 2317 3213 2387 quod
3249 2332 3347 2374 nos
3374 2319 3635 2387 dicimus,

2043 2398 2214 2454 Adam
2257 2400 2303 2454 si
2340 2416 2448 2456 non
2488 2413 2792 2472 peccasset,
2825 2420 2924 2461 nec
2951 2408 3193 2476 corporis
3221 2419 3446 2466 mortem
3474 2410 3642 2469 fuisse
3694 2472 3697 2473 ν

2045 2502 2325 2559 passurum
2350 2507 2365 2557 ;
2392 2506 2490 2548 vos
2513 2501 2694 2549 autem
2712 2535 2729 2562 ,
2755 2494 2874 2551 sive
2901 2506 3208 2567 peccasset,
3237 2500 3353 2556 sive
3379 2516 3485 2557 non
3514 2518 3641 2573 pec-

2045 2589 2223 2637 casset
2243 2620 2260 2649 ,
2289 2596 2516 2653 corpore
2535 2583 2701 2641 fuisse
2723 2587 3062 2643 moriturum.
3084 2589 3221 2658 Quid
3243 2600 3475 2664 estergo
3493 2594 3635 2665 quod

2046 2668 2295 2741 ignorare
2321 2680 2371 2728 te
2402 2674 2585 2745 lingis,
2607 2692 2767 2746 quam
2788 2688 3015 2735 mortem
3037 2679 3260 2752 intelligi
3282 2685 3460 2752 velim,
3487 2685 3639 2757 cujus

2044 2774 2241 2832 corpus
2284 2762 2406 2819 dico
2445 2764 2499 2819 in
2546 2768 2794 2837 paradiso
2839 2784 2947 2826 non
2981 2770 3147 2829 fuisse
3171 2783 3295 2830 ante
3323 2786 3638 2845 peccatum;

2046 2866 2170 2908 cum
2195 2854 2368 2923 scias,
2395 2857 2449 2911 in
2477 2857 2626 2913 libris
2652 2859 2757 2915 illis
2776 2860 2905 2930 quid
2924 2863 3147 2932 egerim,
3170 2878 3435 2936 quamque
3453 2879 3642 2936 aperte

2046 2941 2383 3016 dilueideque
2405 2947 2604 3017 egerim
2626 2989 2641 3014 ,
2672 2965 2779 3005 non
2801 2950 2964 3009 fuisse
2990 2953 3154 3010 Deum
3180 2956 3449 3025 puniendo
3467 2959 3641 3015 dictu-

2046 3051 2165 3092 rum
2209 3041 2513 3108 peccaturi,
2558 3040 2715 3097 Terra
2752 3060 2839 3111 es,
2867 3056 2926 3119 et
2950 3046 3004 3100 in
3029 3056 3215 3102 terram
3242 3050 3336 3105 ibi:
3367 3049 3520 3123 (Gen.
3548 3069 3641 3122 Ill,

2048 3127 2181 3198 19),
2207 3127 2387 3198 (quod
2411 3129 2480 3186 de
2502 3142 2677 3189 morte
2701 3135 2943 3205 corporis
2966 3136 3166 3193 dictum
3196 3140 3316 3209 quis
3344 3157 3455 3198 non
3484 3144 3643 3201 intel-

2049 3215 2250 3290 ligit?)
2283 3218 2330 3274 si
2368 3219 2537 3275 Adam
2561 3222 2721 3278 etiam
2751 3225 2896 3281 nulla
2921 3226 3197 3298 iniquitate
3221 3234 3508 3290 commissa
3533 3235 3641 3290 itu-

2049 3322 2146 3363 rus
2181 3318 2325 3365 esset
2361 3310 2415 3365 in
2458 3320 2652 3368 terram
2672 3354 2688 3379 ,
2726 3314 2779 3370 id
2806 3326 2889 3372 est
2910 3357 2927 3383 ,
2956 3318 3040 3374 vel
3063 3334 3291 3392 corpore
3310 3324 3675 3382 moriturus!

2049 3398 2204 3467 Quod
2223 3408 2402 3457 autem
2426 3402 2589 3459 etiam
2617 3413 2841 3461 matrem
2865 3423 3073 3476 meam,
3098 3426 3219 3480 qua:
3240 3422 3293 3469 te
3313 3413 3445 3469 nihil
3469 3394 3603 3471 laesit
3621 3458 3640 3486 ,

2051 3505 2153 3547 nec
2190 3501 2377 3548 contra
2417 3502 2469 3550 te
2504 3495 2703 3566 aliquid
2737 3498 3062 3569 disputavit,
3102 3503 3345 3559 convicio
3392 3505 3640 3563 laceran-

2051 3580 2175 3637 dam
2212 3583 2451 3653 putasti,
2493 3585 2664 3641 victus
2698 3602 2757 3643 es
2784 3588 3136 3646 maledicendi
3165 3593 3413 3664 libidine,
3444 3612 3550 3653 non
3576 3600 3644 3653 ti-

2050 3687 2207 3730 mens
2239 3674 2383 3746 quod
2411 3676 2666 3747 scriptum
2696 3688 2812 3746 est,
2842 3678 3025 3752 Neque
3050 3684 3283 3739 ntaledici
3307 3702 3517 3758 regnum
3544 3687 3644 3744 Dei

2054 3766 2376 3838 possidebunt
2405 3766 2449 3840 (l
2472 3766 2591 3824 Cor.
2621 3785 2673 3824 vr
2693 3811 2710 3837 ,
2741 3769 2855 3841 10).
2883 3771 2988 3828 Sed
3013 3775 3140 3845 quid
3166 3776 3360 3833 mirum
3388 3788 3470 3834 est
3497 3782 3641 3850 quod

2055 3864 2108 3912 te
2144 3857 2418 3914 inimicum
2455 3860 2616 3916 etiam
2658 3860 2775 3932 ejus
2816 3864 3055 3921 ostendis
3078 3907 3095 3934 ,
3135 3883 3256 3923 cum
3293 3869 3369 3925 sis
3396 3871 3644 3929 inimicus

2051 3950 2240 4021 gratiae
2272 3950 2402 4020 Dei,
2424 3967 2528 4023 qua
2556 3968 2674 4009 eam
2702 3954 2811 4011 dixi
2835 3956 2904 4012 ab
2930 3957 3021 4013 illo
3046 3960 3271 4028 puellari
3292 3962 3421 4019 vitio
3447 3965 3645 4021 libera-

2058 4048 2163 4097 tam
2184 4040 2209 4096 ?
2227 4041 2340 4112 Ego
2362 4058 2491 4099 vero
2514 4054 2760 4114 parentes
2781 4056 2903 4103 tuos
2919 4057 3169 4121 tanquam
3187 4053 3480 4111 catholicos
3497 4057 3647 4113 chri-

2055 4133 2259 4189 stianos
2283 4133 2625 4193 honorabiles
2652 4136 2822 4194 habeo
2843 4178 2862 4206 ,
2883 4140 3066 4212 eisque
3090 4146 3326 4214 gratulor
3350 4148 3493 4218 quod
3522 4159 3651 4205 ante

2055 4223 2291 4281 defuncti
2320 4235 2478 4294 sunt,
2507 4243 2670 4299 quam
2696 4228 3005 4287 biereticum
3037 4242 3091 4289 te
3115 4236 3375 4293 viderent.
3405 4238 3523 4295 Non
3547 4257 3648 4294 an-

2057 4323 2167 4372 tem
2211 4316 2439 4374 dicimus
2460 4360 2476 4382 ,
2518 4320 2764 4376 morbum
2805 4337 2926 4379 esse
2959 4326 3230 4396 negotium
3259 4330 3562 4400 nuptiarum
3585 4330 3609 4362 ⁸
3629 4371 3651 4399 ,

2056 4408 2200 4480 quod
2242 4418 2325 4465 est
2360 4409 2650 4467 liberorum
2693 4415 3147 4485 procreandorum
3185 4434 3346 4475 causa
3385 4437 3657 4478 concum-'

2057 4500 2187 4557 bere
2209 4542 2225 4570 ,
2264 4517 2370 4557 non
2408 4503 2665 4561 satiandze
2703 4505 2977 4575 libidinis;
3023 4525 3182 4580 quam
3227 4520 3281 4567 tu
3310 4529 3473 4585 negas
3499 4534 3653 4574 mor-

2058 4593 2219 4659 bum,
2267 4609 2390 4649 cum
2440 4594 2657 4651 fatearis
2706 4596 2961 4654 adversus
3004 4616 3120 4655 eam
3169 4604 3439 4672 provisum
3486 4608 3656 4668 fuisse

2058 4685 2343 4757 conjugale
2382 4687 2698 4744 remedium.
2742 4688 2876 4744 Nam
2921 4691 3102 4761 utique
3128 4709 3197 4749 ne
3222 4693 3502 4753 l‘ornicatio
3528 4717 3651 4770 per-

2060 4785 2301 4846 petretur
2322 4819 2340 4845 ,
2366 4778 2604 4845 libidini,
2633 4794 2793 4848 quam
2822 4779 3007 4836 laudas
3025 4821 3041 4847 ,
3068 4784 3470 4854 contradicitur,
3498 4792 3651 4847 obsi-

2058 4868 2249 4932 stitur,
2295 4876 2640 4939 repugnatur.
2684 4867 2751 4924 Ut
2777 4869 2823 4923 si
2849 4884 3003 4936 eum,
3033 4871 3124 4940 qui
3153 4877 3499 4941 procreandis
3524 4880 3656 4940 ﬁliis

2060 4961 2383 5017 constitutus
2405 4968 2490 5018 est
2510 5001 2526 5027 ,
2559 4962 2944 5033 transgreditur
2972 4964 3191 5020 limitem
3217 4982 3233 5033 ;
3265 4969 3452 5024 saltem
3482 4975 3572 5045 qui
3600 4978 3656 5035 ei

2059 5056 2234 5124 cedit,
2272 5056 2327 5112 in
2375 5056 2601 5129 conjuge
2625 5057 2904 5113 venialiter
2921 5070 3105 5128 peccet
3133 5078 3147 5114 :
3171 5061 3485 5134 conjugibus
3504 5072 3653 5123 enim

2060 5147 2377 5219 loquebatur
2402 5148 2691 5220 Apostolus
2712 5189 2728 5215 ,
2756 5148 2845 5203 ubi
2872 5163 2993 5204 cum
3021 5151 3273 5219 dixisset,
3305 5153 3482 5212 Nolite
3504 5159 3651 5228 [rim-

2060 5241 2184 5296 dare
2217 5240 2428 5298 inuicem
2443 5279 2460 5307 ,
2501 5239 2601 5296 nisi
2636 5255 2700 5295 ea:
2736 5255 2984 5295 consensu
3021 5242 3092 5296 ad
3125 5253 3322 5315 tempus
3341 5286 3357 5312 ,
3387 5258 3443 5301 ut
3470 5252 3653 5308 vacetis

2060 5335 2278 5391 orationi
2301 5350 2323 5401 ;
2359 5342 2405 5390 et
2433 5334 2618 5389 iterum
2645 5334 2713 5389 ad
2744 5333 2911 5405 ipsum
2939 5343 3096 5392 estote
3115 5377 3132 5404 ,
3161 5354 3224 5393 ne
3246 5354 3333 5395 eos
3358 5350 3510 5396 lauet
3540 5342 3645 5397 8η-

2125 5587 2260 5656 {nuc
2278 5596 2595 5643 revocamus,
2627 5584 2870 5656 quoniam,
2904 5586 3346 5656 eaimanuscriplis.

2122 5652 2144 5683 ³
2165 5650 2325 5698 Codex
2347 5658 2474 5699 mare
2506 5658 2602 5699 Hoc
2624 5647 2752 5699 éuim
2771 5647 2855 5698 ubi
2883 5647 3065 5711 agitur.

2123 5713 2145 5745 ³
2187 5710 2396 5762 Menardi
2437 5712 2625 5761 editio:
2661 5722 2795 5763 nunc
2839 5705 2999 5760 autem
3036 5706 3241 5759 dicimus
3282 5705 3498 5756 morbum
3551 5721 3655 5761 esse

2059 5774 2335 5834 nuptiarum
2356 5783 2378 5837 ;
2395 5775 2531 5837 gravi
2553 5786 2609 5823 ac
2640 5773 2896 5837 manifesto
2919 5770 3071 5837 lapsu.
3105 5769 3357 5829 castigavit
3377 5770 3651 5837 l'igtlit‘ﬂuﬂ

2065 5828 2135 5889 ex.
2147 5828 2522 5889 Clararvalle'nsis
2543 5837 2721 5887 codicis
2740 5836 2852 5896 title,
2871 5834 2945 5883 cui
2966 5828 3093 5882 'Port.
3116 5838 3166 5880 et
3182 5828 3288 5877 Mar.
3311 5828 3647 5890 snﬂiagaittur.
