4118 6534
538 389 668 446 1091

533 512 679 556 tonas
706 499 722 533 ⁸
751 509 952 572 propter
978 498 1413 568 intemperantiam
1438 509 1649 553 vestram
1671 514 1691 553 :
1717 499 1970 554 continuo
1989 498 2114 553 sub-

525 593 691 662 jecit,
735 604 895 661 atque
932 591 1039 654 ait,
1082 588 1195 643 [Ioc
1235 600 1401 644 autem
1441 591 1553 644 dico
1579 591 1851 645 secundum
1881 592 2073 645 veniam
2098 632 2113 655 ,

531 701 631 737 non
659 684 931 736 secundum
959 680 1225 749 imperium
1251 679 1292 749 (l
1317 679 1436 735 Cor.
1475 696 1544 736 νη
1569 722 1584 747 ,
1613 680 1667 747 5,
1697 679 1774 751 6).
1807 680 1917 735 lloc
1941 680 2118 750 itaque

531 775 674 829 malo
713 773 826 826 sola
868 771 1003 826 bene
1039 770 1199 825 utitur
1239 771 1529 825 intentione
1568 769 1920 842 propagandae
1953 772 2116 841 prolis

534 866 781 936 pudicitia
819 863 1150 933 conjugalis:
1185 862 1308 917 huic
1336 863 1477 916 malo
1501 863 1779 918 venialiter
1809 862 1861 917 in
1891 863 2116 933 conjuge

530 956 774 1021 ceditur,
822 969 924 1007 non
955 968 1110 1008 causa
1142 952 1338 1023 prolis,
1370 952 1462 1006 sed
1494 953 1721 1017 carnalis
1747 953 2115 1008 tantummodo

529 1046 817 1114 voluptatis
842 1059 857 1108 ;
891 1044 1013 1097 huic
1040 1044 1180 1097 malo
1202 1042 1465 1097 resistitur
1481 1084 1495 1107 ,
1520 1058 1587 1097 ne
1610 1044 1874 1113 appetitus
1894 1042 2115 1098 damna-

530 1133 652 1188 bilis
687 1134 970 1202 voluptatis
997 1131 1294 1201 expleatur.
1325 1130 1437 1185 lloc
1460 1132 1656 1185 malum
1684 1131 1887 1187 habitat
1914 1132 1968 1187 in
1994 1148 2116 1187 cor-

530 1241 663 1296 pore
685 1226 869 1279 mortis
893 1224 1049 1295 hujus
1073 1241 1086 1277 :
1112 1235 1326 1294 prepter
1342 1223 1493 1294 cujus
1515 1233 1737 1290 motum,
1757 1226 1917 1281 etiam
1936 1232 2114 1280 mente

528 1332 636 1372 non
658 1316 1026 1371 consentiente
1051 1315 1409 1384 importunum
1430 1357 1444 1381 ,
1469 1314 1665 1370 dicitur
1683 1355 1697 1377 ,
1728 1316 1848 1371 Scio
1871 1316 1990 1386 quia
2011 1332 2113 1370 non

528 1408 721 1462 habitat
743 1406 795 1460 in
824 1422 930 1472 me,
960 1405 1054 1459 hoc
1080 1415 1153 1459 est
1180 1405 1231 1458 in
1257 1421 1410 1459 carne
1434 1421 1544 1459 mea
1562 1446 1576 1468 ,
1608 1405 1791 1459 bonum
1819 1404 1992 1476 (Rom.
2017 1422 2109 1472 vn,

529 1498 644 1567 18).
688 1496 801 1551 lloc
842 1496 1037 1551 malum
1069 1510 1175 1549 non
1204 1505 1316 1549 crat
1346 1497 1399 1548 in
1423 1510 1646 1565 corpore
1669 1495 1792 1550 vita:
1822 1497 1996 1563 illius,
2023 1497 2111 1553 ubi

526 1596 622 1643 aut
663 1587 916 1641 voluntati
955 1587 977 1617 ³
1016 1585 1369 1640 servientibus
1410 1585 1568 1639 etiam
1595 1586 1915 1656 genitalibus
1940 1602 2113 1641 mem-

526 1676 672 1741 bris,
701 1676 861 1731 libido
881 1676 1021 1729 nulla
1050 1684 1190 1739 erat,
1220 1682 1309 1729 aut
1337 1675 1556 1730 omnino
1583 1690 1642 1731 se
1672 1692 1903 1747 unquam
1927 1687 2113 1733 contra

526 1766 813 1821 voluntatis
833 1765 1107 1819 arbitrium
1131 1781 1239 1820 non
1263 1765 1531 1819 movebat.
1559 1765 1727 1837 iiujus
1746 1768 1870 1822 mali
1893 1777 2115 1839 repente

524 1858 696 1914 exorti
728 1857 912 1928 puduit
936 1856 957 1888 '
980 1873 1073 1912 eos
1104 1854 1256 1926 (Gen.
1284 1872 1340 1911 tu
1361 1899 1376 1921 ,
1408 1858 1499 1928 7),
1532 1859 1619 1927 qui
1654 1860 1954 1929 priusquam
1986 1876 2113 1930 pec-

521 1955 739 2015 carent,
783 1948 907 2003 nudi
940 1958 1091 2003 erant
1111 1990 1127 2015 ,
1155 1958 1209 2003 et
1237 1964 1341 2002 non
1371 1948 1605 2020 pudebat
1633 1966 1726 2005 eos
1756 1950 1865 2025 (Id.
1895 1968 1929 2007 ιι
1955 1994 1969 2017 ,
1995 1953 2110 2027 25).

521 2040 690 2109 Hujus
714 2038 839 2093 mali
862 2036 1068 2093 laudes‘
1093 2038 1429 2107 impudenter
1448 2039 1689 2110 sparsisti
1710 2042 1868 2096 etiam
1888 2053 2116 2113 quatuor

519 2131 629 2186 illis
669 2130 819 2184 libris
866 2129 969 2185 tuis
991 2170 1009 2196 ,
1048 2129 1241 2200 quibus
1278 2138 1495 2185 coactus
1518 2145 1635 2186 sum
1666 2134 1995 2204 respondere
2020 2151 2113 2191 sex

517 2244 676 2284 111018.

590 2318 779 2373 LXIX.
807 2318 928 2374 Jun.
961 2317 1029 2373 Ut
1057 2317 1268 2373 autem'
1288 2317 1355 2373 ad
1376 2317 1528 2372 istam
1550 2321 2113 2377 commemorationem

520 2409 770 2464 humanm
799 2410 1029 2464 miseria:
1057 2417 1112 2463 et
1136 2409 1329 2463 divina:
1352 2411 1537 2479 gratia:
1567 2409 1772 2465 veniret
1794 2412 2111 2482 Apostolus,

517 2516 680 2573 supra
726 2500 932 2556 diverat
977 2517 993 2554 :
1048 2498 1206 2553 Video
1241 2501 1398 2554 aliam
1427 2500 1585 2571 legem
1610 2500 1662 2555 in
1690 2502 1921 2556 membris
1949 2503 2072 2557 meis
2093 2543 2110 2570 ,

519 2601 883 2663 repugnantem
905 2591 1003 2661 legi
1030 2590 1209 2645 mentis
1236 2606 1360 2645 metu
1378 2631 1392 2655 ,
1416 2599 1461 2644 et
1485 2592 1817 2661 captivantem
1838 2609 1916 2647 me
1933 2594 1987 2648 in
2008 2592 2117 2665 lege

520 2686 715 2757 peccati
744 2700 763 2738 :
790 2691 912 2754 post
950 2683 1066 2738 hzcc
1091 2683 1251 2738 verba
1281 2683 1631 2750 exclamavit,
1667 2684 1795 2750 Quis
1821 2701 1899 2740 me
1927 2685 2112 2740 libera-

519 2779 592 2833 bit
639 2778 702 2831 de
744 2793 952 2847 corpore
993 2777 1169 2831 mortis
1208 2776 1407 2848 hujus?
1449 2775 1627 2831 Gratia
1664 2776 1761 2832 Dei
1805 2794 1896 2849 per
1938 2777 2114 2834 Iesum

522 2868 781 2924 Christum
816 2867 1094 2922 Dominum
1123 2877 1352 2921 nostrum
1382 2868 1556 2940 (Rom.
1588 2885 1658 2923 vn
1678 2910 1696 2937 ,
1722 2868 1940 2944 23-25).
1968 2869 2110 2925 Con-

519 2968 629 3015 stat
664 2959 880 3030 quidem
924 2958 1212 3025 prarmissis
1242 2958 1347 3012 illis
1372 2973 1490 3029 quae
1521 2959 1776 3030 posuisti,
1812 2960 2114 3018 subdidisse

518 3050 832 3119 Apostolum
851 3091 864 3111 ,
897 3048 1058 3103 Miser
1083 3064 1173 3120 ego
1203 3049 1380 3116 homo,
1411 3051 1524 3120 quis
1553 3066 1631 3104 me
1659 3051 1887 3106 liberabit
1912 3051 1973 3107 de
1996 3068 2113 3107 cor-

521 3157 645 3210 pore
690 3141 862 3195 mortis
909 3140 1106 3210 hujus?
1153 3138 1331 3194 Gratia
1374 3139 1469 3195 Dei
1515 3157 1606 3213 per
1640 3140 1820 3197 Issum
1858 3142 2114 3198 Christum

518 3230 795 3285 Dominum
835 3240 1081 3285 nostrum.
1123 3230 1228 3286 Sed
1272 3247 1377 3287 non
1412 3234 1700 3303 quaerimus
1728 3235 2114 3306 imprmseutia-

517 3338 637 3378 rum
662 3363 677 3388 ,
710 3334 887 3377 utrum
917 3321 1021 3376 huc
1049 3321 1336 3391 Apostolus
1363 3321 1556 3378 dixerit
1582 3341 1596 3379 :
1634 3339 1817 3379 verum
1845 3340 1947 3395 qua
1973 3324 2111 3394 lidc,

518 3429 626 3484 quo
661 3429 821 3468 sensu
844 3453 861 3479 ,
904 3428 1007 3484 qua
1046 3413 1253 3468 ratione
1287 3413 1483 3470 dixerit
1506 3416 1813 3486 quaerimus.
1844 3417 1941 3473 Ille
1966 3419 2111 3473 enim

520 3503 573 3559 in
618 3504 871 3559 membris
910 3505 1079 3575 legem
1110 3519 1205 3574 per
1230 3504 1548 3575 ﬂagitiorum
1575 3521 1727 3563 usum
1753 3510 1953 3565 sanctis
1977 3524 2110 3566 con-

519 3595 656 3650 siliis
698 3596 835 3649 inter
874 3595 1132 3665 principia
1176 3603 1356 3651 tamen
1394 3598 1781 3656 emendationis
1813 3601 2066 3658 rebellem
2090 3641 2107 3668 ,

517 3685 957 3742 consuetudinem
1007 3686 1200 3739 malam
1230 3686 1252 3718 ⁶
1295 3689 1552 3755 vocabat,
1604 3706 1725 3760 qua:
1770 3692 1838 3748 ab
1886 3692 2110 3750 eruditis

517 3777 680 3833 etiam
720 3778 901 3833 smculi
943 3779 1045 3832 dici
1087 3779 1225 3833 solet
1263 3780 1493 3834 secunda
1532 3790 1738 3836 natura.
1771 3784 1908 3840 Ante
1943 3799 2110 3855 pauca

518 3870 661 3923 enim
686 3884 810 3931 eos,
839 3868 905 3922 ad
936 3884 1069 3938 quos
1093 3868 1328 3939 loquitur
1346 3910 1361 3936 ,
1393 3886 1512 3926 cum
1541 3873 1951 3942 exprobratione
1975 3891 2109 3931 con-

517 3961 740 4014 veniens
781 3959 989 4014 dixerat
1036 3976 1051 4014 :
1103 3959 1399 4013 [Iunianum
1437 3972 1510 4016 est
1553 3963 1690 4033 quod
1724 3965 1870 4031 dico,
1904 3978 2112 4038 propter

517 4050 865 4118 inﬁrmitatem
893 4050 1059 4103 carnis
1085 4059 1261 4104 vestra:
1286 4066 1305 4104 :
1326 4052 1456 4104 sicut
1481 4053 1611 4106 enim
1630 4054 1924 4111 exhibuistis
1946 4076 2104 4113 ment-

517 4140 608 4194 bra
652 4148 813 4193 vestra
850 4139 1033 4193 servire
1068 4140 1399 4195 immunditiis
1425 4151 1472 4195 et
1499 4144 1752 4216 iniquitati
1779 4147 1848 4200 ad
1869 4149 2107 4219 iniquita-

513 4242 617 4286 tem
640 4247 660 4295 ;
688 4232 757 4284 ita
782 4247 916 4284 nunc
941 4230 1164 4285 exhibete
1188 4232 1407 4286 membra
1436 4245 1594 4290 uestra
1617 4240 1800 4293 servire
1816 4243 2035 4310 justitia:
2053 4246 2104 4299 in

516 4321 964 4390 sattctiﬁcationcm
994 4319 1104 4393 (Id.
1138 4337 1187 4375 τι
1210 4361 1225 4384 ,
1274 4322 1383 4394 19).
1412 4324 1584 4395 thue
1632 4330 1940 4388 ostenderet
1983 4335 2105 4404 quia

516 4404 767 4474 carnem’,
815 4424 921 4463 non
964 4409 1064 4464 hoc
1107 4426 1301 4481 corpus
1340 4415 1479 4483 quod
1520 4430 1707 4473 causas
1734 4419 1786 4474 in
1813 4424 2104 4481 seminibus

518 4498 679 4553 habet
704 4541 715 4560 ,
740 4498 835 4553 sed
861 4500 984 4554 vitia
1006 4501 1223 4556 abusive
1248 4514 1460 4560 vocaret
1484 4522 1499 4571 ;
1529 4514 1650 4576 post
1673 4507 1780 4564 duo
1805 4512 1974 4581 capita
2000 4514 2105 4567 l'or-

517 4600 659 4644 tasse
684 4589 953 4660 subjungit
979 4609 995 4644 ;
1021 4590 1148 4646 Cum
1178 4609 1393 4650 essemus
1419 4597 1470 4650 in
1499 4614 1679 4664 carne,
1704 4603 1961 4672 passiones
1981 4621 2101 4676 pec-

512 4690 741 4736 catorum
782 4698 898 4752 qua:
940 4698 1028 4752 per
1067 4683 1225 4756 legem
1272 4688 1634 4757 ostenduntur,
1684 4695 2021 4763 aperabantur
2047 4699 2101 4754 in

512 4772 745 4827 membris
791 4766 1008 4841 nostris,
1054 4782 1108 4827 ut
1154 4777 1520 4846 fructi/itarem
1563 4782 1714 4836 morti
1746 4782 1854 4854 (Id.
1884 4802 1991 4854 vn,
2020 4789 2096 4861 5).

513 4864 602 4919 Sic
644 4864 813 4930 dixit,
860 4864 986 4920 Cum
1028 4884 1246 4922 essemus
1290 4869 1342 4922 in
1375 4887 1556 4939 carne,
1588 4876 1737 4944 quasi
1767 4892 1833 4932 eo
1859 4887 2099 4951 tempore

510 4970 631 5010 cum
660 4956 986 5028 disputaret,
1016 4958 1067 5012 in
1090 4974 1250 5015 carne
1274 4975 1379 5015 non
1409 4973 1545 5019 esset
1579 4982 1593 5019 :
1621 4967 1714 5022 sed
1740 4970 1829 5039 qui
1851 4971 2096 5043 Scriptu-

514 5063 600 5102 ras
643 5049 820 5112 novit,
865 5064 1032 5118 genus
1073 5049 1174 5105 hoc
1208 5052 1524 5110 elocutionis
1552 5056 1574 5088 "
1598 5061 1859 5128 agnoscit.
1887 5064 1953 5119 Et
1977 5064 2097 5122 ideo

512 5140 596 5194 ubi
632 5140 917 5194 verborum
942 5142 1296 5199 conununitas
1320 5144 1513 5215 ingerit
1542 5151 1911 5223 qumstionem,
1940 5157 2095 5213 adhi-

511 5229 699 5285 beatur
738 5232 922 5301 regula
967 5233 1220 5303 rationis,
1261 5236 1327 5291 ad
1370 5237 1521 5308 cujus
1557 5244 1945 5318 requalitatem,
1974 5266 2094 5322 qua:

572 5363 915 5441 ἷῖίξὲῖίέἶῖιὲξῖ
936 5370 996 5441 ετ
1013 5365 1188 5441 ίίέῖίηη
1208 5372 1276 5421 αα
1303 5369 1450 5433 ἴρεω-
1483 5370 1536 5424 Si
1564 5386 1725 5433 autem
1747 5395 1825 5436 vos
1846 5391 1990 5439 tentet
2009 5397 2094 5441 sa-

506 5427 660 5473 tanas.
679 5427 944 5487 castigatur
969 5441 1034 5477 ex
1056 5434 1164 5478 Itss.
1320 5427 1332 5433 ⁷

575 5486 596 5560 ξ
618 5494 691 5560 ξμς
712 5488 980 5560 __stss._Editi
1003 5502 1137 5551 vero,
1152 5491 1244 5560 ubi
1259 5507 1291 5545 a
1308 5506 1561 5555 rotuntate.

573 5545 595 5576 ³
617 5548 689 5595 sic
712 5554 816 5596 Mss.
843 5548 979 5610 Editi,
1007 5545 1251 5613 repuduit.

572 5605 593 5637 δ
620 5608 891 5673 \ignierius
913 5610 1104 5673 :Hujus
1136 5614 1251 5668 mali
1282 5618 1367 5673 cui

505 5621 891 5731 lin-uaga???
913 5621 1104 5673 :Hujus
1136 5621 1251 5668 mali
1282 5621 1423 5683 cujus
1456 5621 1639 5678 laudes.
1684 5630 1847 5691 Abest.
1879 5645 2038 5697 cujus.
2060 5649 2090 5689 a

567 5727 590 5758 ⁸
611 5729 730 5777 clar.
749 5727 810 5781 'et
831 5737 941 5781 star.
964 5740 1091 5794 5155.,

986 5804 1215 5868 mea
1237 5800 1285 5851 in
1310 5802 1470 5867 editis,
1496 5807 1642 5861 alieni

567 5844 589 5879 τ
605 5849 680 5900 εις
699 5841 805 5903 δίει.
830 5841 967 5919 me;
1312 5841 1470 5867 “""'

1217 381 1463 441 OPERlS
1502 383 1912 449 lMPERFECTl
1951 376 2226 440 CONTRA
2265 380 2621 454 JULIANUM,
2668 389 2726 446 S.
2768 388 3133 449 AUCUSTINI

3668 401 3806 458 1092

2230 500 2550 568 putabantur
2570 500 2851 561 deﬂexisse
2879 506 2897 539 ⁸
2917 548 2931 571 ,
2966 507 3263 564 tendantur.
3289 508 3550 567 Cmterttm
3581 513 3804 575 Faustus

2224 591 2635 648 Manichaeorum
2683 596 2995 666 cpiscopus,
3046 610 3340 670 prmceptor
3385 611 3538 669 tuus,
3588 604 3688 661 hoc
3722 609 3802 666 vel

2225 683 2455 738 maxime
2493 685 2733 754 Apostoli
2773 689 3078 745 testimonio
3121 702 3304 747 contra
3340 709 3439 749 nos
3468 696 3684 764 nititur,
3716 698 3796 755 di-

2223 788 2351 829 cens
2376 773 2444 828 ab
2474 789 2539 830 eo
2570 776 2701 831 nihil
2726 778 2866 833 aliud
2899 779 2981 835 his
3007 784 3372 851 sermonibus,
3407 786 3535 857 legis
3562 788 3801 847 videlicet

2223 880 2342 935 qua:
2380 881 2679 936 repugnans
2717 871 2940 926 consilio
2975 872 3028 927 in
3058 873 3313 930 membris
3343 876 3542 933 habitet
3564 880 3618 945 ³,
3645 897 3796 951 quam

2224 966 2464 1013 naturam
2495 960 2688 1015 malam
2714 961 3062 1032 significatam
3091 963 3274 1022 fuisse.
3304 968 3452 1025 Unde
3477 971 3606 1026 nihil
3630 976 3800 1030 minus

2220 1062 2251 1102 a
2297 1058 2348 1105 te
2392 1049 2506 1106 fieri
2549 1051 2766 1120 debuit,
2815 1068 2971 1124 quam
3000 1054 3085 1111 hic
3109 1057 3257 1113 locus
3280 1060 3357 1115 sic
3384 1055 3640 1135 intelligi,
3669 1081 3799 1135 quo-

2221 1141 2384 1197 modo
2411 1143 2479 1197 ab
2506 1142 2609 1198 illis
2635 1146 2944 1215 exponitur,
2976 1163 3045 1204 ne
3067 1191 3083 1217 ,
3113 1165 3232 1204 cum
3264 1166 3359 1221 per
3380 1154 3590 1212 easdem
3613 1155 3794 1225 lineas,

2220 1248 2353 1305 quas
2390 1234 2616 1289 Faustus
2644 1238 2794 1292 torsit
2818 1279 2833 1303 ,
2863 1238 3183 1310 ingrederis,
3213 1258 3319 1298 non
3346 1244 3675 1316 disputasse,
3703 1249 3795 1305 sed

2222 1325 2486 1396 prmterita
2515 1327 2810 1383 reddidisse
2836 1330 3083 1385 videaris.
3710 1390 3715 1393 .

2291 1417 2429 1475 Anc.
2458 1418 2841 1489 ReSpondeat'
2867 1421 2982 1488 tibi,
3027 1438 3132 1479 non
3167 1424 3393 1481 Faustus
3436 1427 3753 1486 Manichacus
3779 1474 3793 1496 ,

2220 1508 2314 1564 sed
2364 1510 2657 1565 catholicus
2708 1511 2898 1568 ductus
2942 1513 3235 1585 doctorque
3279 1516 3301 1548 ‘
3353 1517 3795 1592 Gregorius:qui

2220 1617 2327 1657 non
2350 1620 2369 1655 ι
2406 1603 2544 1659 inter
2570 1604 2852 1676 principia,
2888 1622 2906 1656 ι
2940 1613 2997 1659 ut
3027 1604 3194 1673 dicis,
3232 1624 3252 1659 ι
3283 1609 3671 1667 emendatiOnls
3692 1653 3706 1675 ,
3736 1613 3787 1667 in

2221 1695 2475 1750 membris
2496 1695 2663 1766 legem
2694 1710 2789 1765 per
2814 1695 3134 1765 ﬂagitiorum
3157 1712 3308 1752 usum
3336 1700 3532 1756 sanctis
3565 1699 3792 1759 consiliis

2220 1786 2508 1854 rebellem,
2549 1786 2994 1843 consuetudinem
3048 1787 3243 1842 malam
3274 1791 3539 1858 vocabat,
3587 1808 3703 1862 qua:
3727 1796 3793 1849 ab

2219 1879 2446 1935 eruditis
2491 1880 2652 1935 etiam
2683 1879 2786 1935 dici
2828 1880 2967 1935 solet
3013 1880 3246 1936 secunda
3276 1890 3463 1937 natura
3495 1901 3510 1939 :
3551 1904 3570 1937 ι
3598 1886 3690 1941 sed
3720 1886 3794 1941 le-

2218 1988 2337 2044 gem
2366 1973 2566 2043 peccati
2595 1988 2712 2043 qua:
2733 1983 2814 2028 est
2859 1972 2912 2026 in
2943 1972 3200 2027 membris
3253 1976 3451 2029 nostris
3499 1991 3794 2048 repugnans

2220 2065 2322 2135 legi
2351 2065 2565 2131 mentis,
2593 2064 2809 2120 mortali
2859 2064 2982 2120 huic
3009 2071 3329 2135 terrenoque
3368 2067 3575 2137 corpori
3614 2076 3793 2124 nostro

2219 2158 2378 2229 plane
2420 2167 2712 2227 aperteque
2756 2154 3022 2211 tribuebat
3065 2156 3272 2225 dicens,
3306 2172 3325 2209 ι
3372 2156 3564 2228 Legem
3596 2161 3792 2229 peccati

2219 2266 2338 2318 qua:
2363 2258 2445 2304 est
2473 2248 2525 2303 in
2546 2248 2800 2303 membris
2842 2248 3059 2311 nostris,
3089 2247 3190 2321 legi
3220 2248 3436 2318 spiritus
3462 2264 3752 2321 repugnare
3773 2291 3791 2317 ,

2219 2340 2344 2395 dum
2368 2340 2651 2410 imaginem
2681 2339 2880 2410 regiam
2908 2338 2930 2371 ³
2951 2353 3072 2410 quia
3093 2339 3228 2393 intra
3274 2353 3373 2394 nos
3402 2346 3501 2404 est,
3532 2341 3790 2410 captivam

2219 2429 2416 2485 ducere
2438 2429 2645 2497 studet,
2680 2441 2739 2485 ut
2768 2430 2953 2501 spoliis
2994 2428 3111 2500 ejus
3142 2429 3315 2495 cedat,
3369 2429 3619 2502 quidquid
3664 2432 3790 2489 illud

2219 2529 2302 2576 est
2333 2519 2476 2591 quod
2500 2520 2552 2574 in
2580 2534 2679 2575 nos
2701 2519 2959 2575 beneﬁcio
2990 2519 3184 2575 divinae
3208 2534 3271 2575 ac
3297 2520 3483 2590 primm
3502 2522 3637 2577 illius
3661 2538 3791 2578 eon-

2218 2611 2438 2669 ditionis
2468 2612 2696 2667 iulluxit.
2724 2611 2878 2669 Unde
2897 2611 2985 2667 vix
3014 2611 3225 2683 aliquis,
3256 2631 3276 2666 ι
3310 2612 3499 2683 inquit,
3523 2632 3542 2667 ι
3574 2614 3793 2672 fortasse

2220 2702 2375 2774 longa
2420 2703 2441 2735 ⁸
2466 2718 2526 2758 se
2553 2711 2607 2758 et
2647 2701 2885 2757 districta
2915 2717 3108 2774 regens
3155 2701 3525 2774 philosophia,
3575 2712 3628 2760 et
3665 2719 3792 2775 pau-

2220 2796 2367 2851 latim
2414 2795 2608 2851 animm
2636 2809 2749 2851 sua:
2792 2795 3122 2850 nobilitatem
3150 2795 3416 2864 recolens,
3442 2807 3679 2852 naturam
3706 2799 3792 2855 lu-

2217 2888 2317 2954 cis,
2355 2903 2474 2959 quae
2492 2887 2544 2943 in
2575 2902 2635 2943 se
2657 2895 2759 2955 est,
2780 2887 2967 2943 humili
2994 2887 3116 2943 huic
3134 2898 3188 2944 et
3214 2888 3499 2945 tenebroso
3523 2890 3632 2945 luto
3665 2906 3793 2947 con-

2212 2980 2416 3052 juncta,
2447 2989 2665 3037 revocet
2682 2996 2747 3036 ac
2766 2981 3007 3037 reﬂectat
3030 2981 3097 3037 ad
3121 2982 3307 3037 Deum.
3337 2982 3430 3038 Vel
3457 2983 3500 3039 si
3513 2994 3657 3041 certe
3673 3000 3795 3056 pro-

2219 3073 2348 3144 pitio
2379 3073 2487 3129 Deo
2508 3081 2660 3144 agat,
2686 3083 2971 3145 utrumque
3014 3075 3210 3144 pariter
3248 3075 3586 3144 revocabit’;
3630 3078 3675 3133 si
3712 3087 3793 3135 ta-

2217 3179 2340 3221 men
2368 3164 2523 3236 longa
2548 3173 2603 3221 et
2636 3164 2853 3221 assidua
2904 3166 3250 3222 meditatione
3287 3168 3550 3224 insuescat
3582 3184 3792 3229 sursum

2217 3271 2434 3326 semper
2459 3256 2723 3327 a5picere,
2755 3265 2810 3312 et
2830 3256 3081 3313 deorsum
3110 3257 3250 3314 male
3300 3258 3589 3316 trahentem
3617 3277 3679 3317 ac
3692 3262 3791 3320 de-

2215 3355 2523 3418 gravantem
2553 3348 2829 3402 materiam
2852 3348 3067 3404 sibimet
3105 3349 3376 3404 astrictam
3404 3351 3567 3406 frenis
3598 3352 3796 3409 arctio-

2215 3439 2364 3495 ribus
2387 3438 2666 3495 sublevare
2694 3458 2713 3492 s
2740 3437 3053 3511 (Gregorius
3093 3438 3374 3506 Nazianz.,
3398 3441 3610 3514 Apolog.
3661 3444 3684 3497 1
3727 3444 3795 3499 de

2215 3527 2369 3602 Fuga
2397 3528 2535 3602 sua).
2592 3526 2719 3585 [Luc
2757 3529 2969 3585 dicebat
3003 3531 3188 3587 beatus
3226 3530 3533 3603 Gregorius,
3578 3550 3682 3590 non
3709 3535 3795 3590 in.

2217 3627 2301 3674 ter
2332 3620 2590 3690 principia
2619 3619 3005 3675 emendationis
3034 3635 3175 3684 suae,
3208 3621 3302 3677 sed
3336 3622 3444 3692 jam
3470 3622 3747 3694 cpiscopus
3771 3666 3789 3694 ,

2214 3709 2402 3765 volens
2420 3725 2708 3780 exponere,
2743 3708 2828 3765 vei
2854 3712 3030 3780 potius
3071 3727 3190 3782 quzc
3227 3720 3349 3767 nota
3372 3724 3515 3782 sunt,
3536 3715 3792 3772 admone.

2214 3815 2291 3864 re,
2321 3800 2371 3854 in
2398 3801 2537 3871 quali
2565 3810 2873 3871 quantoque
2902 3804 3194 3858 certamine
3219 3818 3339 3858 cum
3386 3805 3525 3860 vitiis
3571 3807 3795 3865 interio-

2211 3888 2381 3953 ribus.
2423 3902 2641 3960 propter
2678 3906 2871 3960 corpus
2915 3892 3054 3962 quod
3096 3904 3347 3964 aggravat
3373 3897 3620 3961 animam,
3651 3913 3788 3954 con-

2212 3981 2506 4036 stitutisint
2532 3983 2726 4037 sancti.
2759 3983 2909 4049 Quod
2933 3994 3205 4041 certamen
3249 3988 3427 4059 utique
3474 4006 3575 4045 non
3602 3989 3789 4050 fuisset

2212 4072 2263 4126 in
2284 4073 2373 4127 illo
2406 4073 2573 4128 beata:
2607 4075 2749 4145 pacis
2776 4076 2912 4143 loco,
2938 4076 2987 4130 id
3032 4088 3134 4144 est,
3183 4080 3428 4149 paradiso
3473 4082 3787 4141 deliciarum

2210 4171 2537 4228 sanctarum,
2561 4164 2605 4218 si
2635 4180 2791 4222 nemo
2815 4177 3104 4235 peccasset.
3129 4169 3241 4223 Non
3271 4171 3411 4225 enim
3437 4187 3624 4244 corpus
3642 4192 3787 4232 mor-

2210 4253 2279 4307 tis
2308 4254 2464 4322 hujus
2493 4254 2564 4309 ibi
2594 4264 2757 4323 esset,
2788 4257 2936 4326 cujus
2963 4260 3409 4328 corruptibilitate
3450 4263 3621 4318 anima
3662 4281 3790 4336 gra-

2208 4354 2423 4399 varetur
2448 4360 2462 4399 :
2486 4346 2579 4400 sed
2611 4361 2806 4417 corpus
2837 4349 2959 4402 vit;c
2985 4349 3146 4415 illius,
3179 4351 3265 4406 ubi
3310 4369 3414 4409 non
3448 4369 3572 4410 caro
3594 4371 3788 4414 conca-

2207 4437 2437 4508 pisceret
2457 4437 2715 4493 adversus
2747 4440 3018 4509 spiritum,
3062 4450 3119 4496 ut
3155 4458 3376 4502 necesse
3401 4457 3541 4503 esset
3574 4449 3786 4518 spiritui

2206 4528 2583 4598 concupiscere
2603 4528 2859 4585 adversus
2882 4546 3098 4587 carnem
3130 4532 3324 4604 (Galat.
3347 4551 3400 4604 v,
3434 4537 3561 4610 t7):
3583 4539 3675 4595 sed
3702 4539 3788 4596 ic-

2205 4618 2294 4675 lici
2323 4620 2595 4691 utriusque
2621 4623 2903 4678 concordia
2939 4633 3125 4679 natura
3152 4626 3424 4684 laetaretur
3454 4630 3698 4688 humana.
3719 4634 3781 4690 Si

2204 4726 2331 4782 ergo
2357 4711 2680 4769 Manichtcos
2717 4714 3113 4773 introduccntes
3161 4718 3319 4773 aliam
3368 4730 3602 4779 naturam
3651 4725 3780 4780 mali

2202 4809 2361 4871 atque
2385 4802 2736 4858 substantiam
2776 4821 3082 4877 expugnare
3109 4808 3271 4865 velles
3295 4851 3310 4875 ,
3342 4827 3449 4865 non
3478 4812 3732 4883 adjuvare
3758 4832 3777 4883 ;

2203 4891 2440 4963 profecto
2461 4892 2590 4948 istas
2619 4894 2867 4951 omnibus
2893 4905 3106 4966 apertas
3148 4914 3176 4951 a
3210 4901 3439 4968 parvulis
3465 4902 3779 4973 incipientes

2203 4982 2447 5037 humana:
2474 4985 2595 5038 vitm
2620 4985 2864 5040 miserias
2883 5001 3003 5040 cum
3031 4988 3133 5043 tuis
3159 4989 3532 5060 deceptoribus
3554 5009 3658 5047 non
3680 5013 3779 5052 nc-

2198 5089 2375 5145 gares;
2398 5075 2490 5129 sed
2520 5076 2660 5130 unde
2679 5076 2729 5130 in
2753 5091 2845 5132 eas
2868 5078 3098 5148 collapsa
3117 5080 3186 5134 sit
3208 5092 3387 5137 nostra
3426 5096 3633 5153 natura,
3654 5103 3780 5157 qua:

2199 5166 2353 5221 beata
2383 5176 2467 5222 est
2493 5167 2738 5237 primitus
2767 5168 3027 5236 instituta,
3051 5184 3171 5225 cum
3197 5173 3474 5231 catholicis
3518 5169 3771 5236 ﬁdelibus

2196 5266 2249 5313 el
2277 5257 2697 5326 praeclarissimis
2722 5258 3029 5315 doctoribus
3053 5260 3280 5318 diceres.

2266 5347 2430 5405 LXX.
2452 5349 2573 5405 ιω..
2624 5349 2691 5406 Ut
2730 5351 2889 5422 igitur
2911 5352 3054 5424 quod
3086 5354 3296 5424 egimus
3336 5357 3642 5431 colligatur,
3676 5379 3777 5423 nec

2260 5458 2452 5509 1Codex
2477 5465 2610 5519 Man,
2634 5457 2913 5519 deﬂua-isse.

2256 5520 2374 5582 2sic
2394 5527 2501 5570 Mss.
2525 5522 2663 5582 mni,
2687 5520 2885 5574 habitat.

2247 5581 2278 5654 _'
2306 5582 2547 5643 Verbum,
2594 5584 2902 5648 respondeat,
2950 5582 3046 5636 huc
3088 5596 3342 5640 revocatur
3387 5602 3453 5643 ex
3505 5590 3775 5649 manuari.

2192 5654 2405 5752 pusilss.
2429 5705 2677 5767 omittunt,
2706 5706 2983 5770 doctorque.

2301 5773 2428 5832 mss,
2456 5773 2654 5832 rectam,
2677 5778 2921 5832 corrupte.

2257 5825 2434 5901 ξ
2461 5824 2555 5901 nisi
2571 5824 2729 5901 longa.
2752 5824 3056 5900 Mahuscripti
3078 5841 3391 5901 pratereunt,
3414 5835 3527 5892 nisi.

2256 5887 2278 5920 '
2299 5887 2434 5952 Editi,
2468 5887 2718 5944 revocarit.
