4118 6518
376 331 510 388 1095

368 462 470 520 ego
493 448 649 506 dictis
670 450 776 508 tuis
808 450 1045 508 fraudem
1078 453 1211 508 intul
1237 495 1252 522 ,
1279 470 1375 510 nec
1402 464 1454 511 tu
1476 459 1698 513 attulisti
1722 461 1937 531 aliquid,

370 539 514 608 quod
539 542 621 596 vel
650 543 896 599 dilutiorc
919 545 936 576 ί
966 543 1173 613 pietatis
1198 547 1380 602 colore
1428 548 1776 617 perfunderes
1802 591 1816 615 ,
1849 567 1942 605 ue-

367 629 496 684 dum
524 629 812 702 Scripturis
837 634 1057 689 testibus
1084 634 1426 704 approbares.
1450 637 1559 694 Nec
1585 639 1688 695 hoc
1713 642 1853 711 quad
1888 653 1942 698 tu

370 732 544 789 putas,
582 723 846 779 intellexit
868 724 1156 794 Apostolus
1182 742 1195 779 :
1217 742 1314 781 nec
1340 728 1443 783 alia
1474 744 1690 800 prorsus
1715 732 1766 786 in
1789 747 1963 802 para-,

362 812 481 868 diso
502 813 595 867 luit
614 814 847 871 conditio
871 817 1287 884 commixtionis,
1315 834 1472 890 quam
1502 822 1676 892 qualis
1722 838 1861 877 nunc
1885 821 1943 878 in

361 904 619 975 conjugiis
643 906 851 976 agitur,
895 922 1054 977 quam
1096 924 1127 963 a
1166 923 1227 965 se
1274 909 1604 966 institutam'
1636 913 1796 979 Deus,
1829 924 1939 969 tam

365 993 599 1064 ipsorum
619 996 928 1053 conditione
944 1012 1169 1054 sexuum
1199 1009 1254 1055 et
1272 1002 1527 1072 qualitate
1549 1005 1935 1072 membrorum,

363 1100 519 1155 quam
535 1084 867 1156 frequentata
891 1088 1256 1147 benedictione
1288 1091 1585 1161 perdocuit.
1623 1093 1828 1162 Quibus
1852 1094 1939 1150 al)-

361 1176 549 1231 solutis
574 1178 761 1244 claret,
789 1188 1010 1234 cunctos
1036 1180 1127 1249 qui
1166 1197 1197 1236 a
1230 1186 1282 1238 ie
1304 1181 1656 1253 decipiuntur,
1701 1185 1779 1240 ira
1816 1200 1936 1241 esse

361 1280 521 1335 quam
552 1267 913 1323 misericordia
956 1269 1247 1340 digniores,
1280 1273 1530 1342 quoniam
1560 1274 1613 1328 iu
1645 1275 1935 1331 excusatio-

357 1369 477 1410 nem
494 1356 775 1412 criminum
803 1372 1044 1429 suorum,
1072 1377 1190 1431 qua:
1225 1363 1361 1417 mala
1388 1364 1660 1420 voluntate
1687 1367 1935 1422 commit-

354 1455 495 1514 tunt,
523 1456 574 1503 te
600 1458 819 1506 auctore
842 1450 1098 1508 infamant
1143 1454 1507 1521 nativitatem,
1550 1473 1620 1513 ne
1662 1458 1932 1530 corrigant

350 1539 635 1596 actionem.

419 1633 556 1688 Anc.
585 1632 738 1687 Actio
761 1633 846 1706 pia
872 1644 957 1691 est
984 1635 1038 1692 in
1066 1636 1170 1695 hac
1192 1639 1300 1695 vita
1326 1640 1496 1696 Deum
1514 1641 1710 1708 colere,
1735 1650 1790 1698 ct
1813 1643 1930 1713 ejus

346 1722 515 1792 gratia
539 1733 728 1779 contra
754 1724 882 1780 vitia
903 1725 1111 1783 interna
1134 1745 1373 1800 pugnare
1389 1771 1405 1798 ,
1428 1732 1612 1804 eisque
1658 1733 1724 1789 ad
1747 1734 1928 1790 illicita

348 1812 720 1884 instigantibus
738 1817 1123 1887 cogentibusve
1151 1836 1254 1875 non
1275 1821 1500 1889 cedere;
1543 1832 1600 1880 et
1648 1824 1738 1879 ubi
1781 1825 1926 1881 cedi-

348 1915 433 1960 tur
453 1904 857 1978 indulgentiam,
878 1918 1037 1980 atque
1050 1919 1227 1968 utnon
1241 1912 1462 1968 cedatur
1477 1914 1803 1984 adjutorittm
1828 1901 1925 1973 Dei

350 1995 545 2053 affectu
568 1999 828 2070 religiosae
873 2001 1085 2071 pietatis
1118 2018 1428 2074 exposcere.
1454 2005 1509 2060 In
1538 2007 1784 2076 paradiso
1828 2024 1926 2063 au-

347 2095 475 2153 tem,
497 2088 541 2142 si
572 2103 730 2142 nemo
755 2099 1064 2160 peccasset,
1117 2109 1224 2150 non
1259 2104 1404 2150 esset
1439 2096 1579 2150 actio
1615 2097 1823 2165 pietatis
1839 2113 1926 2154 cx-

348 2192 583 2250 puguare
631 2180 788 2247 vitia;
845 2184 1097 2254 quoniam
1144 2186 1451 2256 permansio
1487 2188 1751 2246 felicitatis
1780 2200 1925 2248 esset

344 2269 473 2325 vitia
500 2286 605 2325 non
635 2269 853 2328 habere.
897 2273 1004 2329 Sed
1054 2291 1159 2331 non
1200 2286 1284 2332 est
1320 2277 1574 2333 indicium
1596 2279 1617 2311 ³
1643 2279 1919 2336 hominum

341 2374 527 2420 contra
548 2366 671 2420 vitia
702 2368 963 2423 veraciter
980 2368 1344 2427 dimicantium
1369 2412 1384 2440 ,
1413 2387 1474 2427 ea
1502 2388 1621 2443 qua:
1649 2372 1921 2444 impuden-

342 2465 423 2511 ter
452 2454 818 2526 frequentatur
836 2473 867 2513 a
897 2459 1047 2514 vobis
1075 2460 1309 2515 laudatio
1346 2463 1619 2518 vitiorum.
1652 2463 1801 2520 Itane
1828 2479 1922 2520 ve.

337 2562 419 2615 ro,
445 2548 672 2616 Juliane,
696 2549 910 2620 quando
931 2550 1144 2606 dicebat
1172 2552 1507 2617 Ambrosius,
1543 2571 1562 2605 t
1589 2554 1790 2612 Omnes
1830 2555 1923 2613 ho-

336 2639 506 2695 mines
534 2639 634 2695 sub
677 2650 894 2710 peccato
921 2643 1212 2710 nascimur,
1240 2659 1467 2715 quorum
1519 2645 1634 2717 ipse
1685 2656 1834 2703 ortus
1862 2647 1916 2705 itt

334 2733 462 2789 vitio
482 2728 565 2789 est
593 2751 613 2786 δ
651 2733 766 2807 (De
793 2732 1118 2799 Paenitentia,
1141 2737 1231 2790 lib.
1267 2739 1290 2793 l
1319 2778 1334 2803 ,
1379 2754 1495 2809 cap.
1522 2738 1558 2792 Ξ
1582 2739 1660 2794 vel
1685 2740 1721 2797 3
1741 2740 1758 2805 )
1782 2756 1799 2808 ;
1826 2750 1919 2797 aut

334 2837 419 2878 me
443 2822 653 2878 dicebat
679 2832 919 2889 auctore,
967 2834 1060 2880 aut
1106 2825 1401 2882 infamabat
1453 2829 1781 2886 nativitatem
1803 2873 1817 2897 ,
1847 2846 1917 2889 ne

332 2915 624 2985 corrigeret
658 2916 964 2972 actionem?
996 2916 1141 2973 Itane
1184 2934 1313 2973 vero
1359 2917 1669 2991 Gregorius,
1701 2924 1915 2993 quando

333 3005 544 3062 dicebat
575 3047 593 3071 ,
647 3025 668 3059 t
722 3007 990 3064 Venerare
1027 3010 1373 3074 nativitatem,
1397 3027 1492 3080 per
1510 3029 1666 3083 quam
1690 3024 1915 3073 terrena

334 3098 626 3154 nativitatis
650 3098 879 3154 vinculis
911 3099 1167 3156 liberatus
1218 3115 1278 3157 es
1315 3120 1336 3155 ι
1363 3102 1534 3173 (Orat.
1573 3105 1627 3159 in
1672 3105 1914 3164 Natalem

333 3187 603 3260 Domini);
657 3198 750 3244 aut
786 3182 1001 3260 quando
1042 3190 1255 3247 dicebat
1284 3192 1351 3248 de
1388 3191 1602 3251 Christo
1645 3195 1910 3267 loquens,

330 3279 415 3336 vel
441 3279 508 3335 de
536 3280 736 3350 Spiritu
761 3289 971 3346 sancto,
1005 3299 1025 3334 ι
1056 3280 1160 3336 Per
1207 3281 1349 3338 hunc
1398 3283 1584 3353 primae
1621 3286 1913 3344 nativitatis

328 3372 550 3429 macula:
569 3382 880 3443 purgantur,
905 3387 1000 3442 per
1036 3387 1171 3444 quas
1198 3373 1250 3428 in
1278 3374 1645 3446 iniquitatibus
1682 3379 1913 3449 concipi-

326 3478 469 3530 mur,
498 3471 551 3518 et
595 3462 649 3517 in
679 3460 887 3517 delictis
912 3472 1214 3533 genuerunt
1241 3479 1341 3520 nos
1369 3475 1565 3521 matres
1593 3478 1788 3522 nostra:
1803 3466 1846 3534 ‘;
1884 3486 1905 3521 ι

282 3588 297 3595 ν
330 3553 521 3629 (Orat.
573 3555 628 3609 in
679 3553 1065 3625 Pentecostem)
1119 3564 1209 3609 aut
1264 3556 1476 3627 quando
1521 3557 1733 3613 dicebat
1772 3558 1908 3614 Hila-

324 3646 435 3702 rius
458 3645 526 3702 de
542 3662 667 3717 rege
686 3645 873 3708 David,
900 3663 920 3698 ι
956 3645 1068 3702 Scit
1087 3645 1187 3701 sub
1208 3648 1410 3717 peccati
1453 3649 1679 3719 origine,
1725 3658 1779 3706 et
1804 3651 1907 3706 sub

322 3738 440 3809 lege
473 3738 673 3812 peccati
699 3752 818 3794 esse
844 3752 903 3794 se
933 3747 1112 3793 natum
1148 3755 1168 3791 ι
1193 3740 1211 3809 (
1233 3737 1297 3791 In
1335 3736 1477 3793 Psal.
1506 3754 1700 3807 cxvm,
1731 3741 1902 3814 175):

323 3831 646 3887 inlamabant
676 3831 760 3886 isti
781 3830 881 3887 viri
913 3831 1263 3897 nativitatem,
1289 3847 1358 3887 ne
1384 3834 1714 3903 corrigerent
1738 3836 1906 3890 actio-

322 3924 480 3979 nem?
508 3904 813 3978 Audebisne
837 3921 1157 3993 persuadere
1180 3922 1327 3978 cordi
1360 3931 1469 3989 tuo,
1497 3924 1637 3994 quod
1670 3925 1906 3996 Pelagia-

319 4029 507 4072 norum
545 4014 684 4069 actio
732 4013 930 4069 actioni
975 4011 1289 4084 praeferatur
1326 4013 1588 4069 istorum?
1639 4015 1771 4072 Date
1809 4032 1902 4074 \e-

319 4105 481 4171 niam,
510 4118 781 4174 nunquam
816 4117 912 4157 vos
936 4102 1098 4157 vitam
1128 4102 1321 4157 melius
1351 4103 1452 4158 illis
1472 4118 1631 4173 agere
1649 4105 1903 4162 credere-

319 4211 459 4263 mus,
491 4211 589 4251 nec
627 4195 673 4250 si
725 4210 831 4250 non
860 4194 939 4249 sic
967 4195 1219 4249 amaretis
1269 4195 1760 4266 concupiscentiam
1789 4213 1903 4254 car-

327 4290 429 4355 nis,
447 4298 507 4345 ut
530 4305 672 4356 eam,
695 4289 868 4361 qualis
889 4304 1029 4345 nunc
1058 4298 1139 4344 est
1184 4298 1369 4344 contra
1422 4291 1668 4361 Spiritum
1703 4306 1900 4346 concu-

326 4379 559 4451 pisccns,
587 4364 819 4435 etiamin
849 4378 1098 4449 paradiso
1140 4389 1266 4435 aute
1313 4389 1585 4449 peccatum
1639 4373 1901 4438 collocare

323 4471 546 4526 velletis.
566 4469 697 4525 Nam
722 4470 786 4536 si,
819 4479 876 4525 ut
896 4470 1091 4533 dicis“,
1119 4488 1138 4521 t
1169 4486 1273 4524 non
1317 4472 1416 4525 alia
1445 4470 1540 4525 l'uit
1563 4472 1613 4527 in
1652 4472 1899 4542 paradiso

319 4559 554 4617 conditio
573 4559 986 4625 commixtionis,
1019 4574 1178 4630 quam
1200 4560 1370 4630 qualis
1391 4576 1532 4617 nunc
1561 4562 1614 4617 in
1638 4563 1898 4634 conjugiis

319 4650 522 4721 agitur:
553 4668 571 4702 ι
604 4649 808 4705 eratibi
841 4656 897 4703 et
925 4659 1049 4704 ante
1103 4658 1377 4717 peccatum
1429 4650 1595 4706 libido
1630 4653 1895 4721 carnalis,

318 4743 435 4799 sine
459 4758 561 4814 qua
587 4757 691 4798 non
717 4749 892 4812 potest
920 4757 1060 4795 nunc
1085 4739 1107 4772 ⁸
1135 4755 1293 4796 sexus
1334 4751 1557 4813 uterque
1583 4744 1815 4799 misceri.
1838 4744 1896 4802 Si

318 4849 445 4906 ergo
461 4851 565 4890 non
591 4833 772 4901 vultis,
806 4833 857 4887 itt
894 4832 980 4887 illa
1008 4831 1335 4888 beatitudine
1382 4834 1616 4889 membra
1644 4836 1894 4905 genitalia

323 4928 556 4984 nondum
584 4924 938 5000 pudenda,ad
986 4940 1120 4997 opus
1148 4940 1300 4980 suum
1357 4926 1711 4997 peragendum
1742 4970 1757 4993 ,
1788 4945 1896 4998 quo

320 5020 495 5089 proles
513 5021 889 5085 seminaretur,
916 5017 1174 5073 voluntati
1214 5015 1491 5072 hominum
1534 5018 1649 5073 sine
1676 5018 1895 5076 libidine

318 5112 550 5179 potuisse
596 5111 841 5177 servire;
875 5110 1051 5165 adhuc
1102 5123 1287 5181 quer
1326 5108 1569 5165 eamdem
1617 5109 1889 5166 libidinem

309 5201 520 5272 qualem
551 5208 674 5284 tuth
702 5200 866 5257 fuisse
885 5200 1137 5256 credatis.
1166 5198 1504 5256 Voluntatem
1549 5210 1693 5256 certe
1729 5217 1895 5272 quan-

308 5294 380 5348 do
409 5301 552 5349 esset
576 5294 912 5360 necessaria,
955 5292 1317 5363 sequebatur;
1358 5307 1424 5348 an
1481 5291 1640 5348 etiam
1679 5293 1892 5364 quando

371 5469 389 5499 ¹
412 5464 531 5516 εώιί
546 5497 564 5524 ,
586 5463 713 5528 quod
757 5462 868 5515 licet
890 5462 1129 5528 dilutiorc.
1165 5469 1274 5514 uss.
1293 5461 1457 5528 ,_quod
1477 5461 1550 5515 vel
1575 5462 1889 5518 dilucidiora.

369 5529 510 5599 ξω.
529 5524 658 5599 coll).
682 5531 795 5575 Har.
815 5533 867 5575 et
885 5524 1039 5599 Cia-1'.”
1048 5537 1161 5595 gnte
1177 5539 1281 5599 asc
1301 5524 1533 5598 inditum.
1729 5593 1740 5599 _
1770 5587 1780 5597 .
1839 5587 1870 5599 η

370 5590 393 5624 ³
408 5588 675 5652 ttenardus,
698 5599 790 5637 non
813 5592 933 5637 esset
954 5584 1152 5637 iudicio.
1180 5587 1469 5650 \‘iguierius,
1493 5600 1586 5639 non
1621 5593 1741 5641 esset
1751 5587 1891 5652 judi-

295 5650 795 5719 riir_m._timendautur_
813 5660 875 5698 ex
903 5655 1017 5719 Mss:
1235 5713 1247 5719 _
1282 5709 1293 5718 _

367 5714 390 5782 ξ
410 5714 547 5782 Editi,
568 5717 897 5782 fraterculum
917 5709 1126 5782 nuneros
1145 5709 1309 5772 nostri,
1331 5709 1583 5762 mendose.

360 5766 382 5845 ξ
411 5766 546 5845 ειμιῇ
569 5766 748 5845 dicitis.
775 5780 903 5832 Mss...
925 5766 1066 5822 dicis.
1188 5844 1221 5845 Π
1258 5831 1267 5842 ⁸
1402 5844 1407 5845 7
1561 5834 1571 5845 η

362 5832 384 5865 ⁸
413 5838 493 5890 Hic
507 5832 758 5901 particula,
777 5847 923 5897 nunc,
948 5846 1012 5885 ex
1036 5832 1365 5896 manuscriptis
1387 5834 1672 5885 restituitur.

1756 342 1955 401 LIBER
1996 346 2265 409 PRIMUS.

3502 381 3636 438 1091

2056 501 2161 541 non
2189 498 2303 544 erat
2326 501 2541 562 propter
2584 500 2954 569 propagaudos
3001 503 3138 562 ﬁlios
3190 516 3520 582 necessaria,
3550 520 3640 573 sti-

2050 578 2288 634 mulabat
2319 591 2494 638 tamen
2514 586 2773 655 animum,
2797 600 2853 646 et
2881 596 3209 665 propellcbat
3235 602 3286 656 itt
3319 578 3633 665 concubitus

2050 669 2133 725 vel
2159 685 2398 743 quosque
2420 674 2769 747 damnabiles,
2817 683 2901 738 vel
2930 700 3052 741 cum
3083 690 3307 762 conjuge
3356 700 3633 755 veniales!

2047 759 2261 817 Sienim
2293 765 2410 820 talis
2426 776 2575 833 erat,
2599 771 2771 841 qualis
2800 790 2939 831 nunc
2974 788 3088 845 est;
3134 759 3378 840 hocsine
3426 787 3631 844 dubita-

2042 848 2190 907 tione
2215 853 2476 927 l’acicbat,
2516 859 2631 917 sive
2684 862 2759 918 illi
2801 866 3140 924 resisteretur
3182 887 3277 941 per
3325 883 3631 947 temperan-

2045 939 2192 1008 tiam,
2232 944 2345 999 sive
2390 962 2486 1016 per
2540 950 3001 1023 intemperantiam
3044 939 3346 1018 cederetur.
3396 939 3476 1022 A'c
3524 970 3625 1037 sic,

2042 1029 2205 1086 homo
2253 1034 2458 1093 libidini
2503 1050 2593 1096 aut
2644 1046 2916 1112 peccando
2944 1052 3147 1107 servire
3196 1067 3498 1126 cogeretur,
3531 1071 3626 1116 aut

2040 1118 2182 1178 bello
2232 1124 2419 1182 intimo
2470 1130 2770 1203 repugnare
2811 1153 2825 1189 :
2865 1154 3094 1208 quorum
3151 1118 3378 1202 alterum
3460 1150 3625 1206 hune-

2040 1214 2183 1281 stati,
2215 1216 2441 1274 alterum
2470 1224 2586 1292 paci
2623 1223 2889 1284 felicitatis
2920 1231 3082 1299 illius,
3111 1235 3165 1289 si.
3184 1236 3474 1294 humanum
3499 1255 3624 1298 seu-

2038 1307 2412 1377 sunrhabetis,
2439 1329 2543 1369 non
2573 1321 2864 1376 convenire
2894 1325 3126 1380 sentitis.
3160 1327 3618 1404 Remanetigitur,

2037 1405 2096 1450 ut
2123 1397 2166 1451 si
2196 1399 2358 1454 libido
2383 1403 2454 1458 ibi
2482 1416 2641 1474 esset,
2668 1409 2738 1463 ita
2760 1422 2901 1468 esset
2922 1416 3133 1472 subdita
3152 1420 3428 1487 voluntati,
3454 1397 3516 1479 ἷιι
3535 1397 3619 1481 ιποέ

2035 1496 2176 1544 ctam
2202 1492 2540 1566 quietamque
2563 1510 2821 1569 mentem,
2853 1520 2953 1559 nec
2970 1506 3042 1562 ad
3063 1508 3311 1565 delictum
3342 1514 3615 1584 traheret,

2034 1592 2135 1633 nec
2174 1580 2241 1635 ad
2275 1583 2517 1651 praelium
2548 1604 2891 1661 provocaret;
2922 1605 2976 1651 et
3003 1580 3616 1667 spiritum‘obedientem

2034 1668 2166 1739 Deo,
2193 1687 2258 1728 ac
2282 1673 2545 1733 l‘rttentem
2570 1680 2700 1749 Duo,
2726 1699 2825 1741 nec
2853 1702 3075 1756 peccare
3105 1706 3204 1746 nec
3223 1707 3457 1764 pugnare
3476 1712 3616 1753 com-

2035 1761 2272 1829 pelleret.
2309 1766 2439 1835 Quae
2454 1772 2704 1840 quoniam
2732 1790 2873 1832 nunc
2905 1776 3028 1834 talis
3073 1795 3179 1836 non
3224 1761 3327 1850 esti,
3375 1788 3469 1842 sed
3501 1789 3614 1858 ipsa

2033 1852 2178 1909 licita
2205 1856 2492 1929 inhianter,
2526 1878 2631 1919 non
2669 1866 3105 1938 obtemperanter
3150 1876 3392 1945 appetit;
3422 1879 3474 1933 in
3507 1852 3613 1936 illi-

2031 1945 2151 2002 citis
2179 1958 2357 2005 autem
2400 1963 2491 2008 aut
2536 1956 2782 2025 spiritum
2809 1959 3012 2030 dejicit,
3041 1975 3132 2019 aut
3154 1976 3337 2022 contra
3366 1970 3611 2040 Spiritum

2029 2041 2384 2110 concupiscit;
2413 2048 2686 2116 agnoscite
2713 2052 2910 2108 malum
2930 2054 3111 2111 vitiata
3137 2067 3341 2114 naturas
3385 2061 3611 2135 integri-

2029 2135 2139 2184 tate
2158 2141 2491 2191 contractum
2519 2152 2662 2208 :quo
2698 2142 2839 2198 malo
2890 2144 3031 2201 bene
3074 2149 3240 2204 utitur
3286 2154 3612 2224 prepagandi

2028 2219 2207 2276 cilicio
2234 2226 2453 2281 castitas
2475 2229 2778 2302 conjugum,
2809 2235 2947 2291 etde
2979 2252 3086 2307 quo
3120 2239 3261 2296 malo
3288 2219 3500 2298 ducitur
3526 2260 3614 2315 ge-

2028 2312 2319 2370 nerationis
2354 2316 2599 2374 obnoxia:
2630 2321 2918 2391 vinculum,
2951 2330 3358 2397 regeneratione
3406 2312 3614 2389 solven-

2026 2400 2152 2458 dum
2178 2404 2217 2457 ι.

2097 2494 2283 2551 LXXI.
2302 2496 2422 2554 Jun.
2450 2500 2557 2556 Sed
2586 2501 2654 2559 de
2674 2503 2778 2561 hoc
2805 2506 2935 2561 satis
2962 2507 3052 2576 sit,
3077 2523 3218 2565 nunc
3233 2526 3354 2582 quae
3372 2528 3608 2585 sequun-

2025 2592 2112 2640 tur
2134 2586 2408 2657 arripiam.
2441 2609 2462 2644 t
2490 2591 2546 2646 lu
2567 2608 2795 2663 corpore
2818 2596 2985 2667 igitur
3028 2599 3217 2656 mortis
3247 2599 3429 2672 hujus,
3447 2606 3608 2674 quale

2024 2676 2081 2731 in
2110 2678 2360 2747 paradiso
2403 2691 2530 2739 ante
2577 2694 2879 2755 peccatum,
2906 2688 3148 2758 profecto
3191 2706 3296 2747 non
3318 2703 3473 2761 erat,
3503 2696 3611 2751 alia
3652 2756 3669 2770 ε

2022 2767 2108 2824 lex
2134 2770 2188 2825 in
2218 2774 2474 2830 membris
2498 2778 2697 2834 nostris
2745 2788 3007 2851 repugnat
3025 2783 3047 2815 ³
3080 2782 3183 2853 legi
3210 2785 3410 2841 mentis
3440 2804 3453 2840 :
3485 2788 3609 2857 quia

2021 2866 2078 2916 et
2102 2861 2314 2932 quando
2341 2865 2614 2933 nolumus,
2641 2875 2695 2924 et
2724 2871 2938 2940 quando
2966 2887 3073 2927 non
3094 2876 3482 2944 consentimus,
3512 2894 3610 2933 nec

2021 2952 2072 3007 ei
2102 2954 2343 3012 membra
2368 2966 2549 3013 nostra
2567 2968 2625 3014 ut
2641 2959 2861 3031 impleat
2883 2963 3026 3033 quod
3051 2966 3606 3036 appetitexhibcnuts;

2021 3041 2227 3099 habitat
2257 3053 2440 3103 tamen
2463 3048 2516 3102 in
2545 3049 2645 3117 eis,
2684 3060 2738 3106 et
2790 3061 3025 3110 mentem
3073 3055 3414 3113 resistentem
3451 3075 3607 3129 repu-

2018 3142 2378 3205 gnantemque
2405 3136 2680 3205 sollicitat;
2711 3149 2769 3196 ut
2792 3141 2910 3211 ipse
2934 3142 3217 3201 conﬂictus
3259 3147 3471 3203 etiamsi
3497 3165 3606 3205 non

2019 3223 2450 3293 sitdamnabilis,
2482 3230 2606 3301 quia
2637 3246 2743 3291 non
2776 3233 2986 3304 perlicit
3037 3236 3402 3309 iniquitatem;
3426 3240 3497 3296 sit
3526 3249 3607 3296 ta-

2018 3328 2141 3404 men
2205 3318 2523 3376 miserabilis
2553 3363 2570 3385 ,
2621 3323 2743 3393 quia
2794 3339 2899 3381 non
2946 3325 3108 3384 habet
3154 3345 3338 3400 pacem
3390 3348 3411 3383 ι
3464 3332 3487 3404 (
3526 3332 3602 3388 De

2020 3403 2232 3476 Nuptiis
2278 3417 2325 3463 et
2377 3408 2826 3483 Concupisccutia,
2859 3415 2946 3471 lib.
2994 3417 3073 3486 2,,
3128 3435 3182 3475 η.
3232 3420 3330 3491 6).
3376 3418 3605 3478 Natura-

2021 3496 2124 3551 lem
2165 3512 2283 3554 esse
2305 3502 2543 3557 omnium
2590 3518 2842 3560 sensuum
2892 3507 3219 3578 voluptatem
3246 3551 3263 3577 ,
3295 3511 3604 3568 testimonio

2018 3587 2379 3646 universitatis
2399 3591 2654 3649 docemus
2673 3593 2716 3647 ³.
2750 3596 2898 3651 llanc
2952 3605 3130 3654 autem
3175 3600 3501 3670 voluptatem
3547 3611 3604 3658 ct

2013 3680 2497 3750 concupiscentiam
2530 3682 2550 3710 ⁸
2578 3691 2703 3739 ante
2734 3695 3017 3754 peccatum
3059 3688 3111 3742 in
3139 3689 3387 3759 paradiso
3408 3689 3597 3757 fuisse,

2012 3785 2099 3825 res
2129 3770 2215 3825 illa
2244 3770 2498 3837 declarat,
2530 3775 2652 3844 quia
2680 3775 2747 3831 ad
2768 3775 3026 3833 delictum
3074 3779 3159 3834 via
3201 3796 3296 3850 per
3340 3784 3601 3853 concupi-

2012 3863 2270 3919 scentiam
2298 3863 2418 3933 fuit,
2442 3881 2560 3935 qua:
2585 3881 2705 3922 cum
2736 3868 2882 3939 pomi
2904 3869 3101 3926 decore
3144 3871 3330 3927 oculos
3375 3873 3597 3929 incitas-

2011 3964 2114 4023 set,
2156 3971 2307 4026 spem
2335 3958 2495 4013 etiam
2530 3957 2751 4029 jucuudi
2780 3960 3008 4016 irritavit
3036 3962 3265 4033 saporis.
3297 3963 3413 4019 Non
3459 3981 3590 4035 ergo

2011 4046 2181 4116 potuit
2206 4046 2321 4103 lucc
2346 4050 2797 4119 concupiscentia,
2828 4066 2946 4122 qua:
2963 4067 3083 4107 cum
3113 4055 3330 4110 modum
3364 4071 3468 4110 nou
3499 4064 3585 4112 te-

2010 4145 2121 4201 net,
2156 4145 2370 4206 peccat;
2416 4153 2538 4193 cum
2583 4154 2711 4194 vero
2758 4141 2894 4196 intra
2945 4142 3166 4198 limitem
3216 4160 3597 4204 concessurum

2011 4236 2242 4294 tenetur,
2274 4228 2485 4286 all'cctio
2507 4231 2766 4287 naturalis
2807 4241 2862 4288 et
2902 4233 3164 4291 innocens
3186 4246 3268 4291 est
3301 4254 3315 4291 :
3345 4255 3472 4304 non,
3507 4240 3593 4295 itt-

2006 4332 2188 4388 quam,
2220 4319 2613 4389 potuitlructus
2639 4336 2760 4377 esse
2791 4325 2993 4394 peccati
3021 4367 3035 4390 ,
3065 4342 3184 4397 qua:
3209 4326 3454 4395 docetur,
3484 4346 3592 4405 upn

2005 4422 2104 4463 suo
2134 4409 2352 4480 quidem
2375 4410 2525 4478 vitio,
2555 4411 2649 4468 sed
2679 4413 2991 4482 voluntatis,
3019 4418 3231 4474 occasio
3260 4417 3430 4477 fuisse
3460 4437 3589 4491 pec-

2004 4502 2130 4555 cati.
2158 4500 2300 4574 Lege
2328 4510 2383 4558 et
2409 4502 2476 4558 de
2492 4502 2597 4560 hoc
2626 4506 2917 4562 secundum
2947 4508 3143 4565 librum
3190 4525 3370 4567 meum
3397 4531 3410 4566 :
3436 4514 3594 4570 inve-

2004 4594 2121 4651 nies
2146 4596 2247 4651 hoc
2271 4595 2413 4667 quod
2443 4595 2671 4654 dicimus
2698 4598 2860 4654 etiam
2886 4608 2978 4654 tuo
3020 4617 3180 4671 posse
3226 4603 3407 4658 animo
3462 4621 3586 4675 per-

2003 4687 2235 4743 suaderi.
2263 4687 2415 4756 Quod
2446 4705 2574 4745 vero
2604 4692 2755 4761 quasi
2794 4693 3007 4749 acutule
3027 4693 3050 4726 '
3093 4695 3315 4763 posuisti
3340 4738 3356 4763 ,
3403 4696 3580 4767 legem

2001 4778 2217 4848 quidem
2244 4782 2445 4850 peccati
2475 4796 2595 4838 esse
2635 4782 2688 4836 in
2734 4785 2987 4840 membris
3042 4786 3274 4854 nostris;
3314 4788 3406 4843 sed
3461 4799 3591 4850 tunc

2004 4867 2201 4924 habere
2226 4878 2522 4939 peccatum,
2559 4872 2773 4942 quando
2818 4874 3218 4936 consentimus:
3272 4885 3397 4933 tunc
3445 4895 3581 4938 vero

2001 4958 2172 5014 solum
2201 4959 2442 5031 pra-lium
2469 4962 2747 5030 suscitare,
2774 4962 2987 5034 quando
3014 4979 3121 5021 non
3159 4970 3532 5028 consentimus
3559 5015 3578 5044 ,

2066 5153 2079 5184 ¹
2104 5151 2241 5213 aliti,
2264 5150 2567 5202 salvaudtnn.

2062 5215 2083 5245 ³
2106 5214 2247 5323 {illiti5
2257 5227 2546 5325 rgptguans.
2566 5213 2680 5265 \‘ide
2702 5227 2866 5279 supra,
2886 5214 2953 5266 de
2970 5218 3153 5281 Nuptiis
3167 5224 3220 5270 et
3239 5222 3579 5285 conettplsccn-

1998 5275 2083 5410 cf;
2105 5274 2264 5397 Egilia:
2288 5274 2539 5412 342nm.
2588 5343 2698 5389 Mss.
2729 5336 2870 5412 clara
2899 5346 2953 5390 et
2995 5348 3120 5412 Fort.
3140 5376 3156 5403 ,
3190 5342 3470 5412 docemus:
3490 5359 3587 5412 v3.-

1996 5399 2130 5469 rious,
2177 5411 2290 5449 nam
2318 5398 2380 5449 ad
2416 5400 2511 5450 hoc
2550 5401 2819 5464 respondet
2849 5398 3175 5467 Augustinus,
3217 5406 3386 5457 docere
3416 5408 3464 5453 te
3495 5401 3577 5454 di-

1996 5473 2085 5588 ta.
2103 5520 2464 5588 sicstcnardns.
2490 5522 2767 5588 \‘ignierius
2799 5537 2920 5576 vero
2939 5527 3191 5588 prietcrit,
3214 5530 3276 5576 et.
3316 5534 3579 5588 manantiu-

1995 5585 2065 5636 sis
2107 5584 2263 5654 codex
2310 5585 2703 5657 opussmeadem
2750 5584 2981 5657 particula
3022 5600 3107 5649 pra
3123 5592 3243 5644 reri,
3288 5585 3574 5657 volttptatwu

1996 5649 2442 5710 concupiscentiam.
2479 5649 2711 5710 Denique
2751 5649 2906 5699 codex
2954 5657 3196 5710 vortat-um
3236 5650 3490 5703 omittens,
3523 5656 3570 5699 et

1996 5705 2453 5773 concupiscerem,
2476 5705 2667 5759 babet':
2696 5719 2832 5762 Hauc
2854 5717 3014 5765 autent
3038 5708 3318 5772 voluptatem
3339 5713 3446 5756 ante
3466 5717 3576 5769 pee-

1997 5778 2174 5825 catmn.
2277 5796 2281 5801 ρ
3236 5822 3243 5827 .

2063 5836 2085 5869 ι
2115 5840 2223 5885 iis.
2245 5838 2359 5885 nar.
2385 5838 2437 5886 et
2455 5832 2600 5897 Clar.,
2622 5832 2755 5887 ante.
