4118 6558
483 397 625 455 14395

480 526 533 571 ει
560 513 795 569 indicere
820 508 1093 567 miseriam
1118 521 1251 578 pace
1273 505 1506 568 turbata;
1536 502 1657 574 quis
1696 516 1803 556 non
1836 497 2070 569 prudens

487 620 724 677 pugnare
745 601 1060 676 perspiciat?
1086 599 1223 654 Nam
1246 597 1289 651 si
1316 598 1401 652 lex
1434 594 1658 666 peccati,
1690 592 1743 648 id
1760 600 1863 660 est,
1895 604 2075 660 pecca-

485 708 619 762 tum,
650 706 704 752 et
726 696 1018 752 necessitas
1050 690 1253 763 peccati
1293 688 1550 745 membris
1579 694 1664 743 est
1692 685 1891 740 inserta
1920 690 2076 738 natu-

484 790 691 853 raliter;
722 785 847 858 quid
889 784 1109 856 prodest
1153 796 1261 838 non
1291 782 1340 837 ei
1374 781 1391 813 ⁸
1424 779 1666 853 praebere
1695 789 2018 833 consensum
2055 816 2072 845 ,

483 896 604 936 cum
635 890 848 949 propter
871 877 975 932 hoc
1000 876 1173 953 ipspm
1206 873 1349 945 quod
1375 882 1498 940 est,
1530 885 1755 927 necesse
1789 870 1862 926 sit
1888 868 2073 925 subire

484 968 829 1041 supplicium?
858 970 965 1023 Aut
992 968 1035 1023 si
1066 975 1149 1022 est
1174 966 1262 1022 lex
1283 963 1497 1034 quidem
1525 961 1747 1032 peccati,
1777 957 1871 1015 sed
1902 974 2079 1031 quan-

485 1063 554 1117 do
580 1063 629 1116 ei
658 1078 767 1118 non
789 1059 1070 1116 consentio
1098 1073 1202 1113 non
1232 1057 1461 1128 peccat’
1490 1073 1506 1123 ;
1538 1052 1929 1109 inmstimabilis
1971 1067 2073 1124 po-

492 1154 654 1209 tentia
677 1152 966 1207 voluntatis
993 1151 1238 1205 humana:
1265 1190 1280 1214 ,
1311 1162 1429 1218 qua:
1461 1146 1528 1216 (si
1550 1145 1655 1201 dici
1683 1146 1958 1217 permittat
1983 1143 2078 1199 ab-

492 1242 752 1321 surditas)
761 1245 903 1314 cogit
920 1244 1090 1313 ipsum
1105 1255 1209 1296 non
1226 1254 1448 1310 peccare
1462 1247 1766 1310 peccatum.
1780 1236 1886 1292 Sed
1899 1252 2078 1293 rever-

492 1336 621 1391 titur
643 1350 732 1401 eo,
765 1344 822 1389 ut
848 1332 988 1404 quod
1010 1331 1145 1387 dicis
1164 1339 1441 1402 asystaton
1467 1330 1536 1384 sit
1560 1346 1573 1383 :
1608 1343 1733 1384 nam
1757 1328 1803 1382 si
1821 1342 1926 1384 non
1954 1342 2078 1397 pec-

489 1434 597 1491 cat,
621 1441 720 1481 nec
746 1425 832 1480 lex
882 1423 1083 1495 peccati
1116 1429 1236 1488 est;
1265 1422 1307 1477 si
1342 1422 1430 1476 lex
1475 1420 1681 1491 peccati
1710 1428 1813 1487 est,
1845 1428 2071 1489 peccat:

485 1520 533 1574 si
557 1532 684 1575 vero
705 1526 910 1589 peccat,
933 1516 1107 1571 solum
1128 1516 1250 1586 quia
1279 1523 1383 1580 est,
1405 1512 1675 1583 quomodo
1690 1513 1739 1568 ei
1767 1511 1959 1568 obsisti
1984 1525 2079 1582 po-

488 1617 593 1665 test
622 1617 803 1664 utnon
834 1617 1105 1678 peccetur,
1128 1620 1248 1676 qua:
1272 1602 1462 1675 repelli
1484 1617 1590 1658 non
1611 1608 1790 1673 potest
1817 1610 1928 1657 uta
1953 1614 2078 1672 pec-

489 1700 593 1756 cati
623 1714 786 1771 Opere
808 1699 1102 1754 desinatur.

558 1794 694 1850 Auc.
734 1790 978 1847 Secundo
1008 1789 1146 1845 libro
1178 1797 1268 1845 tuo
1288 1788 1399 1860 jam
1429 1787 1681 1859 respondi
1707 1795 1898 1859 quarto
1926 1801 2070 1854 meo,

487 1891 646 1953 teque
675 1881 853 1936 inania
878 1879 1080 1937 dixisse
1104 1880 1312 1935 eonviei
1349 1897 1364 1935 :
1392 1878 1488 1934 sed
1516 1878 1730 1934 videant
1754 1878 1842 1949 qui
1871 1879 2072 1949 legunt,

487 1982 666 2028 utrum
697 1969 1131 2042 reSpondendum
1159 1971 1229 2026 sit
1259 1969 1486 2036 homini,
1515 1969 1604 2041 qui
1632 1968 1686 2025 in
1720 1977 1919 2024 tantam
1950 1983 2077 2039 pro-

483 2063 723 2137 greditur
761 2063 1021 2119 insaniam
1045 2103 1062 2131 ,
1103 2070 1164 2118 ut
1204 2077 1325 2117 cum
1371 2060 1602 2117 fateatur
1643 2060 1666 2092 ⁸
1711 2060 1911 2116 malum
1955 2073 2079 2117 esse

484 2164 783 2226 peccatum,
812 2153 1008 2209 bonam
1035 2152 1058 2186 ⁸
1088 2168 1208 2210 εεεε
1234 2153 1379 2209 dicat
1418 2153 1907 2223 concupiscentiam
1951 2145 2103 2222 pec?

484 2255 750 2304 calorum.
784 2246 855 2301 Et
885 2256 1063 2302 tamen
1093 2245 1421 2316 respondere
1449 2244 1839 2314 compellimur,
1887 2244 2078 2300 nolen-

484 2345 567 2392 tes
590 2337 842 2393 deserere
867 2337 1142 2393 hominum
1169 2336 1381 2406 ingenia
1413 2335 1668 2403 tardiora,
1694 2335 1761 2390 ad
1795 2350 1931 2405 quos
1962 2336 2079 2393 istac

487 2427 680 2483 litterae
711 2428 980 2499 potuerint
1018 2428 1319 2498 pervenire.
1356 2427 1493 2494 Quid
1538 2436 1778 2497 estergo
1806 2426 1949 2496 quod
1992 2427 2076 2483 lo-

485 2519 688 2590 queris,
719 2519 967 2574 nesciens
995 2517 1121 2589 quid
1162 2517 1431 2587 loquaris?
1468 2517 1682 2588 Ergone
1723 2524 1782 2573 et
1823 2517 1878 2573 in
1920 2532 2077 2588 para-

485 2611 606 2666 diso
634 2621 757 2666 ante
787 2609 1084 2666 malesuadi
1111 2609 1132 2641 ³
1167 2623 1370 2663 venena
1407 2608 1675 2679 serpentis
1694 2648 1709 2672 ,
1738 2618 1867 2662 ante
1894 2622 2083 2662 corru-

488 2711 633 2772 ptam
661 2715 910 2757 sermone
935 2701 1197 2771 sacrilego
1216 2700 1564 2763 voluntatem,
1590 2699 1757 2754 illiciti
1780 2698 1885 2755 cibi
1912 2697 2078 2753 libido

485 2794 594 2862 jam
624 2793 759 2848 fuit?
788 2802 872 2860 et,
899 2793 1042 2865 quod
1074 2792 1465 2848 intolerabilius
1509 2791 1723 2860 dicitur,
1767 2792 1834 2847 ad
1878 2791 2077 2847 malum

484 2881 851 2952 provocabat,
892 2888 948 2936 et
976 2881 1115 2935 mala
1143 2895 1251 2935 non
1280 2879 1412 2936 fuit?
1436 2887 1491 2936 et
1516 2880 1766 2937 videbant
1788 2879 1868 2935 illi
1900 2878 2079 2935 homi-

482 2980 583 3023 nes
614 2962 844 3019 fructum
889 2964 1016 3036 ligni
1048 2964 1339 3037 prohibiti,
1370 2972 1425 3020 et
1451 2963 1862 3035 concupiscebat
1888 2963 1930 3031 ⁸,
1974 2964 2075 3021 sed

480 3063 543 3110 ut
587 3070 692 3110 non
724 3054 1142 3123 manducarent,
1171 3056 1602 3125 concupiscentia
1632 3054 1851 3125 spiritus
1895 3054 2076 3111 carnis

482 3146 930 3216 concupiscentia:
945 3147 1294 3218 repugnabat;
1308 3156 1362 3202 et
1373 3145 1621 3203 vivebant
1636 3145 1687 3200 in
1708 3146 1824 3201 loco
1846 3145 1935 3199 illo
1952 3154 2074 3200 tan-

485 3247 554 3292 ta:
573 3236 918 3292 beatitudinis
942 3253 1047 3292 non
1076 3238 1332 3292 habentes
1355 3237 1406 3292 in
1432 3252 1491 3293 se
1515 3237 1644 3307 ipsis
1666 3251 1851 3307 pacem
1878 3235 2073 3292 mentis

482 3335 539 3384 et
565 3327 841 3398 corporis?
872 3327 989 3384 Non
1022 3344 1190 3399 usque
1214 3327 1349 3384 adeo
1382 3326 1664 3384 dementes
1703 3328 1856 3395 estis,
1887 3341 1943 3384 ut
1970 3329 2072 3385 ista

481 3419 748 3487 credatis;
792 3436 897 3475 non
931 3435 1099 3489 USqlte
1126 3419 1261 3475 adeo
1291 3419 1648 3491 impudentes,
1677 3429 1734 3475 ut
1777 3421 1879 3476 ista
1920 3420 2071 3477 dica-

486 3511 576 3567 tis.
626 3512 766 3583 Ergo
809 3512 1111 3583 intelligite,
1162 3511 1248 3567 vel
1293 3511 1713 3583 intelligentibus
1754 3512 2070 3583 obstrepere

486 3620 624 3659 vana
650 3604 968 3676 loquacitate
991 3605 1175 3660 nolite.
1204 3605 1482 3660 Praecessit
1509 3605 1645 3659 mala
1674 3605 1943 3674 voluntas,
1968 3621 2071 3678 qua

483 3696 718 3765 serpenti
744 3695 971 3750 subdolo
999 3695 1340 3763 crederetur;
1369 3704 1423 3751 et
1447 3706 1632 3752 secuta
1659 3705 1744 3752 est
1772 3696 1909 3752 mala
1939 3711 2070 3753 cou-

482 3784 833 3856 cupiscentia,
861 3801 963 3856 qua
993 3785 1114 3841 cibo
1149 3784 1446 3841 inhiaretur
1483 3786 1690 3841 illicito.
1730 3786 1846 3842 Non
1892 3787 2070 3858 itaque

481 3876 555 3931 ibi
583 3876 984 3948 qualiscumque
1011 3876 1275 3946 cupiditas
1300 3877 1674 3949 qualicumque
1701 3880 1958 3935 reluctata
1985 3890 2071 3937 est

480 3967 777 4034 voluntati;
813 3968 909 4022 sed
939 3968 988 4023 ei
1034 3969 1210 4037 potius
1247 3968 1550 4039 depravata)
1579 3971 1599 4002 '
1639 3969 1924 4041 depravata
1953 3986 2071 4030 scr-

481 4061 632 4115 vivit.
662 4061 739 4114 Ac
761 4074 857 4130 per
884 4059 987 4115 hoc
1012 4061 1256 4131 quamvis
1277 4062 1390 4132 jam
1438 4070 1662 4133 utraque
1704 4064 1842 4118 mala
1885 4076 2062 4134 esset,

483 4162 663 4207 tamen
690 4153 934 4209 voluntas
959 4154 1326 4224 cupiditatem,
1365 4169 1470 4209 non
1509 4154 1834 4212 voluntatem
1863 4158 2069 4228 cupidi-

487 4255 568 4298 tas
594 4243 745 4298 duxit
768 4261 920 4308 anon
954 4246 1225 4315 praecessit
1252 4245 1597 4313 voluntatem,
1627 4262 1725 4303 nec
1749 4249 1944 4304 restitit
1970 4265 2069 4306 vo-

483 4336 695 4392 luntati.
725 4336 982 4407 Denique,
1008 4337 1052 4391 si
1077 4346 1201 4392 ante
1226 4338 1431 4410 peccati
1456 4341 1969 4396 consummationem
1997 4341 2067 4398 ab

476 4420 645 4497 op'ere
687 4428 873 4485 illicito
912 4438 1247 4485 averteretur
1273 4430 1538 4494 voluntas,
1570 4431 1686 4488 sine
1733 4432 1915 4490 labore
1957 4434 2066 4491 ullo

477 4520 745 4589 cupiditas
789 4520 970 4575 illicita
1027 4521 1327 4578 sedaretur.
1380 4522 1513 4579 llinc
1539 4526 1561 4557 ⁸
1606 4514 1830 4596 loquens
1875 4526 2065 4584 beatus

480 4611 832 4668 Atnbrosius:
872 4631 891 4664 ι
926 4612 1085 4681 Caro,
1124 4632 1143 4667 ι
1177 4613 1365 4685 inquit,
1405 4633 1423 4666 ι
1458 4614 1510 4669 ἰη
1542 4624 1786 4673 naturam
1819 4634 2064 4691 regressa

481 4707 676 4779 vigoris
709 4708 810 4774 sui,
838 4708 1080 4779 agnoscit
1119 4708 1393 4774 altricem;
1439 4717 1599 4781 atque
1644 4725 1775 4766 ausu
1816 4711 2063 4784 deposito

475 4800 851 4868 contumaciae,
890 4799 1314 4855 moderationis"
1353 4800 1546 4855 anima:
1581 4801 1896 4874 conjugatur
1919 4806 2063 4862 arbio

473 4893 618 4948 trio:
651 4892 823 4964 qualis
851 4891 974 4958 fuit,
1020 4907 1141 4948 cum
1186 4891 1529 4949 inhabitanda
1579 4895 1808 4965 paradisi
1850 4907 2058 4956 secreta

476 4984 735 5055 suscepit,
775 4991 1058 5054 antequam
1085 4999 1293 5042 veneno
1334 4984 1570 5057 pestiferi
1618 4989 1880 5057 serpentis
1919 4988 2056 5047 infe-

472 5085 556 5131 cta
586 5075 897 5146 sacrilegam
939 5075 1132 5133 famem
1169 5078 1365 5137 sciret.
1395 5076 1804 5150 divinorumque
1847 5096 2055 5138 memo-

536 5184 552 5215 ¹
570 5184 707 5244 Editi,
731 5181 948 5244 eis.Mss.,
963 5184 1029 5237 ei.

526 5247 554 5278 ¹
578 5253 690 5296 alar.
706 5254 811 5307 κε..
824 5259 918 5297 non
932 5259 1093 5307 pecco.

536 5308 557 5375 ἒ
588 5309 794 5375 Editi,ut
817 5308 1115 5375 conﬁteatur.
1161 5316 1290 5371 uss,
1318 5315 1372 5361 ut
1402 5324 1513 5363 cum
1544 5312 1770 5375 fateatur.

531 5368 553 5400 ⁸
574 5368 734 5421 codex
759 5368 915 5422 rort..'
930 5371 1119 5421 bonum

530 5431 553 5495 ξ
577 5441 680 5495 Mss.
705 5439 819 5484 star.
845 5439 899 5482 et
926 5432 1074 5495 _clar.,
1106 5430 1403 5484 iimlesuada.
1432 5443 1579 5495 νει-ιη
1614 5433 1900 5488 micarum.

465 5492 1146 5603 lib:dl-i‘flltilt‘il;concupiscebam.
1172 5502 1228 5545 At
1256 5501 1385 5557 5155.,
1408 5492 1783 5560 concupiscebat.
1811 5499 1951 5552 ttefer
1987 5501 2048 5552 ad

486 5565 515 5600 ιι
522 5565 730 5605 munem.

530 5614 548 5682 ζ
570 5621 624 5682 tn_
632 5616 783 5682 editis
803 5616 1039 5682 omissum
1051 5614 1227 5678 fuerat,
1249 5617 1539 5682 depravata

526 5674 549 5706 ⁸
566 5677 700 5735 Editi,
723 5677 812 5728 sic.
836 5684 965 5734 Mss,
989 5675 1118 5726 hinc.

529 5736 561 5814 ο.
573 5739 1038 5814 ριιιιιιιιιιιιιιιεειωη,
1054 5751 1241 5790 necnon
1257 5753 1418 5807 supra,
1441 5742 1527 5796 lib.
1552 5743 1584 5797 2
1603 5753 1770 5802 contra
1788 5747 2046 5814 Iulianum,

472 5805 517 5842 ιι.
544 5798 620 5858 10,
640 5799 951 5857 moderantis.

1154 387 1401 446 OPERIS
1440 382 1852 441 IMPERFECTI
1892 379 2167 438 CONTRA
2207 376 2569 447 JULIANUM,
2613 380 2649 436 S
2712 379 3078 438 AUCUSTINI

3626 386 3765 442 {0'16

2187 494 2321 549 riam
2354 505 2735 565 prmccptorum
2767 498 2958 551 anime
2984 494 3228 551 sensibus
3256 495 3605 554 inumrentem
3636 501 3770 556 eda-

2185 586 2366 642 citatis
2411 587 2587 641 studio
2630 588 2945 657 prmteriret.
2999 588 3136 643 llinc
3190 598 3464 659 peccatum
3517 606 3761 649 manasse

2187 677 2429 746 proditur
2450 680 2487 744 ³,
2520 688 2769 749 tanquam
2809 694 3035 749 corpore
3071 681 3353 751 animaque
3391 682 3718 751 genitoribus
3747 703 3760 739 :

2185 769 2313 825 dum
2338 773 2580 843 corporis
2608 783 2790 828 natura
2821 784 3073 841 tentatur,
3100 777 3274 831 anima
3302 778 3439 835 male
3463 793 3588 834 sana
3614 795 3766 837 com-

2187 866 2419 937 patitur;
2448 882 2569 938 quas
2594 868 2639 922 si
2667 870 3030 939 appetentiam
3058 871 3300 940 corporis
3339 871 3674 940 relrenasset,
3709 873 3761 929 in

2186 958 2304 1029 ipso
2328 968 2450 1014 ortu
2476 968 2619 1015 esset
2642 960 2900 1015 exstincta
2929 962 3079 1031 origo
3114 961 3319 1032 peccati
3365 981 3384 1014 ι
3415 962 3563 1033 (Lib.
3605 966 3635 1018 7
3659 1005 3673 1027 ,
3715 965 3768 1018 in

2185 1048 2313 1103 Luc.
2338 1066 2436 1116 xu,
2465 1050 2580 1122 52).
2612 1051 2840 1107 Videsne
2864 1052 3310 1122 quemadmodum
3336 1052 3523 1109 doctor
3545 1054 3765 1110 catholi-

2185 1154 2300 1209 cus,
2330 1149 2386 1196 et
2409 1141 2697 1197 christiana
2718 1142 2984 1212 sapientia
3013 1143 3266 1213 praeditus
3288 1185 3301 1211 ,
3337 1144 3503 1214 ipsam
3534 1145 3633 1200 cibi
3666 1145 3768 1201 illi-

2185 1231 2277 1286 citi
2306 1233 2813 1303 concupiscentiam,
2856 1250 3013 1305 quam
3060 1243 3112 1288 tu
3139 1277 3153 1300 ,
3199 1235 3244 1289 si
3288 1251 3394 1290 non
3434 1237 3767 1306 permittatur

2186 1322 2410 1393 implere
2447 1325 2587 1395 quod
2630 1326 2869 1395 appetit,
2913 1326 3109 1381 asseris
3140 1327 3476 1382 innocentem
3502 1367 3518 1394 ,
3555 1328 3662 1397 jam
3693 1330 3768 1382 fa-

2185 1430 2327 1471 mem
2354 1416 2668 1489 sacrilegam
2700 1417 3055 1489 nuncupavit?
3083 1419 3150 1473 Et
3191 1427 3366 1472 tamen
3395 1419 3441 1473 si
3467 1419 3641 1474 anima
3665 1422 3768 1475 uti-

2185 1521 2290 1577 que
2329 1508 2605 1564 volnntate
2633 1522 2897 1575 correcta,
2952 1510 3088 1564 hanc
3122 1507 3480 1580 appetentiam
3529 1510 3767 1580 corporis

2185 1598 2526 1666 refrenasset,
2575 1600 2633 1669 in
2671 1600 2824 1670 ipso,
2855 1610 2914 1655 ut
2950 1600 3062 1668 ait,
3094 1610 3282 1656 exortu
3324 1601 3583 1656 exstincta
3625 1609 3768 1657 esset

2185 1694 2337 1765 origo
2356 1695 2558 1765 peccati
2584 1713 2599 1750 :
2626 1695 2718 1750 sed
2735 1697 2985 1767 quoniam
3014 1712 3118 1751 non
3147 1713 3390 1768 represso
3406 1699 3428 1730 ³
3445 1692 3675 1769 appetitu
3702 1698 3766 1754 il-

2184 1786 2315 1843 liciti
2352 1787 2498 1855 cibi,
2542 1787 2608 1843 ad
2651 1788 2853 1858 peccati
2902 1789 3415 1845 consummationem
3458 1798 3765 1859 perventum

2184 1890 2295 1950 est;
2323 1897 2431 1937 non
2459 1881 2719 1937 exstincta
2744 1889 2826 1936 est
2853 1880 3006 1952 origo
3036 1882 3257 1951 peccati,
3284 1881 3378 1936 sed
3404 1881 3561 1937 etiam
3589 1897 3765 1936 mana-

2182 1976 2261 2030 vit
2284 1975 2336 2029 in
2363 1982 2642 2045 posteros:
2670 1982 2725 2029 et
2751 1982 2892 2029 tanta
2924 1982 3006 2029 est
3029 1974 3205 2029 carnis
3229 1982 3282 2029 et
3317 1974 3537 2044 spiritus
3561 1974 3768 2030 dissen-

2184 2067 2266 2122 sio
2290 2067 2592 2145 subsecuta,
2620 2075 2680 2120 ιιι
2708 2066 2759 2120 in
2805 2075 3072 2130 naturam,
3118 2065 3257 2121 sicut
3283 2065 3422 2121 idem
3453 2066 3638 2122 doctor
3658 2067 3765 2121 alio

2184 2159 2303 2215 loco
2326 2158 2475 2225 dicit,
2506 2174 2600 2229 per
2632 2158 3122 2230 prmvaricationem
3155 2157 3307 2228 primi
3339 2158 3566 2214 hominis
3591 2168 3769 2214 verte-

2184 2260 2332 2308 retur
2360 2250 2545 2324 (Iln'd.,
2576 2269 2627 2305 η.
2659 2251 2807 2323 Mt).
2839 2248 2945 2306 Sed
2974 2260 3027 2305 tu
3057 2251 3312 2305 adversus
3337 2250 3466 2317 lucc,
3502 2269 3521 2303 ι
3556 2261 3769 2306 natura-

2184 2343 2294 2398 lem
2333 2359 2454 2399 esse
2499 2343 2737 2397 omnium
2781 2357 3034 2398 sensuum
3082 2343 3408 2414 voluptatem
3462 2344 3769 2399 testimonio

2183 2436 2547 2510 universitatis
2577 2435 2771 2490 docere
2798 2443 2849 2489 te
2886 2452 2905 2486 ι
2938 2434 3072 2489 dicis
3104 2452 3118 2488 :
3164 2434 3314 2506 quasi
3345 2449 3448 2488 non
3491 2444 3671 2505 posset
3712 2436 3767 2490 in

2184 2544 2431 2599 corpore,
2472 2544 2579 2583 non
2630 2528 2817 2582 mortis
2847 2526 3040 2597 hujus,
3072 2526 3168 2583 sed
3196 2527 3317 2581 vita:
3346 2526 3502 2593 illius,
3547 2527 3615 2582 ita
3647 2542 3770 2583 esse

2184 2623 2422 2677 omnium
2477 2636 2731 2677 sensuum
2776 2620 3020 2690 voluptas
3086 2628 3288 2674 natura:
3349 2618 3657 2686 sufficiens,
3707 2629 3769 2676 ut

2184 2729 2392 2769 summa
2420 2713 2471 2768 in
2499 2713 2618 2783 jura
2649 2712 2671 2744 ³
2702 2712 2910 2768 virtutis
2940 2711 3102 2766 animi
3133 2711 3413 2782 carnisque
3450 2711 3764 2784 concordia,

2183 2805 2328 2861 nulla
2367 2805 2874 2876 concupiscerentur
2902 2803 3106 2858 illicita.
3137 2801 3183 2859 Ο
3225 2817 3382 2873 quam
3410 2802 3630 2857 multum
3674 2818 3767 2857 cr-

2182 2912 2294 2967 ηε,
2321 2898 2413 2971 qui
2439 2914 2508 2955 ex
2536 2899 2655 2966 ista,
2682 2912 2802 2970 qua:
2828 2909 2972 2952 nunc
2997 2902 3101 2963 est,
3136 2893 3574 2964 corruptibilitate
3607 2903 3769 2962 atque

2182 2981 2492 3037 inﬁrmitate
2518 2991 2724 3036 natum
2744 2990 2956 3035 sanctas
2977 2978 3434 3050 paradisidelicias
3448 2988 3601 3049 atque
3618 2979 3764 3036 illam

2183 3072 2566 3128 beatitudinem
2591 3071 2844 3140 conjicis!
2870 3071 2985 3126 Alia
3010 3078 3128 3127 erat
3152 3071 3237 3126 illa
3265 3070 3651 3137 immortalitas,
3672 3070 3765 3126 ubi

2182 3180 2347 3222 nomo
2375 3176 2577 3237 poterat
2605 3182 2710 3223 non
2738 3166 2873 3221 mori
2900 3183 2915 3221 :
2941 3165 3042 3220 alia
3094 3171 3181 3220 est
3206 3165 3304 3219 ista
3332 3164 3641 3231 mortalitas,
3670 3163 3766 3219 ubi

2181 3258 2346 3315 homo
2376 3275 2482 3313 non
2512 3269 2685 3329 potest
2713 3258 2816 3314 nisi
2843 3258 2977 3313 mori
3002 3275 3018 3310 :
3047 3258 3149 3313 alia
3176 3257 3278 3313 erit
3302 3272 3504 3312 summa
3548 3257 3768 3312 immor-

2183 3350 2383 3415 talitas,
2418 3350 2505 3405 ubi
2537 3350 2698 3405 homo
2727 3364 2832 3406 n0n
2860 3349 3056 3422 poterit
3096 3349 3254 3404 mori.
3298 3348 3434 3419 Quid
3481 3348 3653 3420 litigas
3692 3347 3766 3407 de

2181 3442 2612 3513 concupiscentia
2637 3442 2899 3514 litigante,
2928 3441 3030 3496 hoc
3054 3450 3153 3507 est,
3184 3441 3252 3496 de
3282 3442 3396 3512 lege
3422 3440 3473 3495 in
3511 3441 3767 3499 membris

2180 3545 2513 3607 repugnante
2557 3533 2659 3605 legi
2709 3532 2939 3589 mentis?
2979 3532 3088 3588 Lex
3132 3535 3334 3603 peccati
3386 3532 3594 3598 dicitur,
3638 3533 3763 3603 quia

2180 3626 2370 3682 suadet
2397 3634 2610 3696 peccata
2649 3635 2828 3696 atque,
2860 3633 2918 3680 ut
2956 3624 3026 3679 ita
3052 3623 3298 3689 dixerim,
3339 3623 3520 3694 jubet;
3556 3633 3610 3679 et
3638 3623 3683 3678 si
3709 3624 3763 3679 ei

2178 3726 2359 3774 mente
2390 3719 2672 3783 serviatur,
2716 3717 2833 3772 sine
2875 3715 3220 3772 excusatione
3262 3724 3526 3786 peccatur.
3567 3714 3767 3770 Pecca-

2180 3819 2292 3865 tum
2316 3809 2535 3876 dicitnr,
2564 3813 2685 3880 quia
2719 3816 2940 3880 peccato
2978 3806 3113 3862 facta
3151 3815 3254 3874 εει,
3295 3808 3596 3879 appetitque
3633 3818 3763 3877 pce—

2176 3920 2321 3960 care.
2364 3903 2563 3959 Reatus
2591 3902 2707 3973 ejus
2733 3901 3136 3974 regeneratione
3177 3901 3384 3957 solutus
3427 3910 3528 3967 est,
3567 3898 3761 3955 confli-

2175 4006 2291 4053 ctus
2320 3995 2436 4067 ejus
2462 3995 2528 4051 ad
2556 4010 2781 4066 agonem
2811 3994 3027 4050 relictus
3051 4004 3153 4050 est.
3182 3994 3374 4050 Malum
3416 4002 3513 4057 est,
3555 3994 3759 4048 clarum

2174 4098 2276 4145 est.
2306 4088 2424 4143 Non
2445 4087 2643 4143 viribus
2675 4097 2871 4142 nostrae
2890 4086 3201 4155 voluntatis,
3234 4097 3289 4142 ut
3318 4100 3487 4158 putas,
3513 4087 3633 4142 huic
3661 4087 3758 4142 ob-

2173 4184 2433 4249 sistimus,
2457 4182 2556 4238 nisi
2586 4182 2837 4238 divinitus
2866 4181 3202 4250 adjuvcmur.
3241 4181 3612 4236 Debellandunt
3655 4180 3758 4236 hoc

2173 4279 2372 4335 malum
2410 4285 2515 4346 est,
2555 4293 2662 4332 non
2690 4275 2989 4347 negandum
3020 4291 3032 4327 :
3063 4274 3381 4346 vincendum
3410 4283 3510 4342 est,
3538 4289 3640 4328 non
3662 4275 3756 4329 de-

2175 4369 2517 4427 fendendum.
2552 4368 2850 4434 Postremo,
2877 4367 2921 4422 si
2951 4366 2999 4421 ci
3029 4365 3332 4432 censentis,
3365 4366 3556 4422 malum
3584 4382 3752 4436 agno-

2171 4479 2262 4520 sce
2308 4462 2579 4535 peccando
2614 4482 2628 4518 :
2670 4463 2717 4519 si
2764 4462 2816 4518 ei
2868 4460 3104 4525 resistis,
3145 4460 3341 4516 malum
3382 4475 3607 4531 agnosce
3654 4475 3754 4532 pu-

2169 4557 2402 4628 gnando.

2240 4648 2453 4705 LXXII.
2493 4648 2612 4704 JUL.
2652 4646 2750 4703 Vel
2789 4644 2915 4718 quid
2947 4643 3166 4717 prodest
3192 4643 3305 4713 ejus
3346 4643 3422 4699 rei
3454 4644 3744 4710 modestia,

2167 4742 2322 4814 cujus
2343 4748 2560 4796 accusat
2583 4755 2646 4796 se
2685 4739 2797 4810 ipsa
2840 4737 3161 4810 praesentia?
3190 4736 3319 4792 Vide
3347 4753 3471 4808 ergo
3511 4753 3614 4807 quo
3660 4748 3746 4792 tua

2165 4834 2412 4891 acumina
2442 4832 2821 4904 provehantur.
2843 4831 3047 4899 Primo,
3072 4831 3193 4902 quia
3215 4840 3397 4902 peccat
3423 4841 3605 4884 natura
3629 4844 3749 4887 sme

2166 4928 2437 4983 voluntate
2463 4944 2477 4981 :
2504 4923 2645 4995 quod
2691 4938 2796 4979 non
2827 4931 3021 4995 potest.
3056 4921 3322 4984 Secundo,
3355 4922 3474 4992 quia
3505 4930 3586 4976 est
3623 4937 3747 4991 pce-

2163 5032 2364 5086 catum,
2391 5028 2447 5076 et
2474 5035 2579 5073 non
2606 5024 2812 5090 peccat,
2844 5016 2894 5072 id
2925 5024 3027 5081 est,
3057 5014 3159 5070 una
3184 5029 3270 5069 res
3296 5025 3398 5079 est,
3428 5026 3481 5070 et
3511 5033 3612 5069 non
3638 5026 3743 5072 est.

2163 5113 2390 5176 Deinde,
2417 5110 2628 5183 quando
2657 5108 2834 5164 turbat
2864 5123 3048 5179 pacem
3073 5147 3089 5174 ,
3138 5106 3454 5163 miserabilis
3493 5115 3593 5176 est,
3641 5122 3747 5164 nec

2162 5220 2260 5276 pro
2289 5214 2434 5260 tanto
2459 5204 2685 5259 crimine
2712 5201 2960 5272 plectitur
2980 5199 3248 5271 dissipata:
3269 5201 3460 5271 quietis
3484 5219 3499 5258 :
3524 5201 3742 5272 quando

2157 5308 2335 5355 autem
2369 5296 2575 5369 perficit
2605 5295 2970 5367 iniquitatem,
3002 5292 3317 5350 damnabilis
3360 5304 3460 5350 est.
3503 5295 3609 5352 Sed
3651 5295 3744 5351 lex

2157 5391 2357 5461 peccati
2383 5390 2522 5445 sicut
2541 5396 2779 5445 meretur
2797 5388 2910 5457 ipsa
2935 5396 3278 5453 tormentum,
3304 5385 3374 5443 ita
3401 5395 3621 5445 excusat
3643 5387 3747 5445 ho-

2157 5483 2318 5539 minis
2344 5482 2690 5539 voluntatem.
2721 5481 2855 5551 Quia
2893 5481 2978 5538 lex
3004 5490 3060 5539 et
3090 5496 3322 5555 cogens,
3350 5492 3406 5539 et
3446 5480 3744 5555 naturalis,

2217 5689 2235 5722 ¹
2262 5686 2333 5737 sic
2355 5692 2459 5737 Mss.
2486 5685 2604 5735 ιζ(ῑίιί
2621 5696 2759 5742 vero,
2784 5679 3089 5747 prazdicitttr.

2218 5753 2239 5817 ξ
2261 5748 2421 5817 ϐρύει
2448 5756 2579 5808 stam,
2604 5747 2912 5817 reprehenso.

2219 5812 2241 5848 ι
2262 5813 2334 5863 sic
2352 5812 2459 5863 uss.
2485 5819 2540 5862 At
2565 5812 2701 5873 editi,
2721 5812 2924 5873 iniuria.
