2059 3275
184 218 250 246 10¹¹7

181 282 206 303 et
220 282 353 309 nunquam
375 274 521 306 recedens,
541 273 660 308 superari
685 273 773 308 utique
796 281 810 300 a
835 274 970 300 voluntate

181 329 232 348 non
249 325 352 355 potest:
367 324 393 347 et
407 327 485 347 nemo
500 324 609 354 propter
629 320 679 346 hoc
698 326 760 346 reus
773 324 824 352 est,
841 319 910 354 quod
931 319 972 345 vi-

181 374 237 395 tare
252 376 303 395 non
319 367 412 403 potuit.
428 366 480 394 Sed
495 374 544 393 nec
559 366 614 401 ipsa
629 366 672 394 lex
696 370 806 400 peccat:
821 366 883 401 quia
899 364 968 392 aliud

181 412 266 440 facere.
286 420 339 439 non
363 412 457 447 potuit.
480 411 551 439 Deus
572 416 661 439 autem
685 411 847 439 inevitabilia
862 412 870 427 ί
887 411 971 439 reatui

181 458 322 490 adscribit;
336 465 385 485 nec
399 462 427 484 ut
442 457 492 484 hoc
506 462 607 484 tantum
622 457 684 485 mali
698 457 786 488 faciat,
801 457 835 485 ab
850 457 904 484 ullo
926 464 971 484 co-

180 504 268 538 gitur:
283 503 408 531 omnibus
423 503 501 537 igitur
514 503 654 536 absolutis,
671 503 713 530 hic
727 503 799 530 solus
813 503 838 530 in
859 503 970 531 crimine

181 550 322 584 reperitur,
336 550 380 584 qui
396 550 462 577 mira
478 549 565 576 fronte
580 550 691 584 imputat
701 550 760 577 aliis
773 550 970 582 necessitatem,

179 603 238 621 cum
256 595 312 629 ipse
335 595 392 622 sine
416 596 575 622 necessitate
599 595 746 631 delinquat.
770 595 854 623 Macte
875 596 972 623 virtute

183 639 340 672 prudentitc,
354 640 518 668 nobilissime
532 640 691 675 disputator,
711 641 755 676 qtti
775 641 901 677 gradibus
920 641 973 668 Pu-

179 686 246 713 nica:
259 686 405 719 dialexeos,
423 691 450 713 ut
464 687 665 715 commendares
677 687 757 720 dona,
772 687 890 715 evertisti
901 687 973 722 judi-

180 731 238 763 cia;
255 735 283 758 ut
303 733 442 759 simulares
466 733 595 768 gratiam,
620 733 746 760 subruisti
769 733 917 768 justitiam;
944 739 973 761 ut

180 777 323 806 intamares
334 783 466 810 naturam,
481 778 637 806 criminatus
649 786 678 806 es
694 778 831 806 hominum
846 779 973 806 Condito-

179 830 255 854 rem;
269 827 296 850 et
311 822 346 849 ita
361 823 517 850 criminatus
531 831 577 856 cs,
593 828 620 850 ut
635 831 688 850 non
704 823 789 850 solum
805 823 894 858 aliquo
909 832 972 859 pec-

179 868 328 899 catore,sed
341 868 396 903 ipsa
408 869 465 904 lege
476 869 588 904 peccati,
597 869 667 897 Deus
679 874 739 896 tuus
750 871 888 898 nocentior
896 878 973 906 appa-

179 919 260 940 reret.
270 914 302 941 Et
310 919 369 949 post
381 915 437 942 hate
448 915 632 950 profanissime
640 916 778 944 catholicis
790 916 973 944 sacerdotibus

178 961 327 988 convicium
344 961 419 994 facis,
433 966 462 988 ut
476 962 549 989 dicas
563 969 609 989 eos
623 969 720 997 negare
733 963 844 996 gratiam
861 962 970 996 Christi,

178 1005 253 1040 cujus
272 1007 424 1041 :cquitatem
437 1011 561 1034 tuentur:
574 1014 634 1034 cum
650 1014 699 1034 nos
714 1007 852 1035 laudemus
863 1007 971 1043 quidem

178 1052 346 1079 clementiam
360 1053 550 1085 remediorum,
562 1053 608 1080 sed
620 1053 708 1088 legum
719 1058 845 1081 manente
856 1054 969 1088 justitia.

214 1099 281 1125 Auc.
313 1098 418 1126 Utinam
441 1100 587 1128 catholicos
611 1108 771 1135 agnosceres
800 1102 969 1135 sacerdotes,

178 1143 222 1176 qui
239 1143 315 1178 longe
338 1144 493 1179 priusquam
507 1153 568 1173 esse
583 1146 712 1180 cmpistis,
727 1146 852 1174 dixerunt
873 1155 972 1175 concu-

179 1188 334 1221 piscentiam
356 1190 454 1222 carnis,
475 1198 535 1225 qua:
555 1192 721 1226 concupiscit
741 1192 869 1220 adversus
891 1194 970 1228 spiri-

180 1239 245 1266 tum,
262 1235 383 1268 quamvis
398 1235 526 1262 adversus
541 1244 599 1264 eam
617 1237 696 1264 etiam
711 1238 820 1272 spiritus
842 1240 970 1273 concupi-

177 1285 243 1313 scat,
257 1288 316 1316 qua:
330 1281 371 1308 lcx
391 1282 548 1317 intelligitur
559 1290 619 1310 esse
641 1284 753 1318 peccati,
771 1285 898 1312 resistens
920 1286 969 1321 legi

176 1327 273 1355 mentis
287 1332 346 1362 post
359 1333 497 1363 peccatum
513 1329 583 1364 quod
603 1329 629 1357 in
649 1330 774 1365 paradiso
789 1335 968 1366 perpetratum

176 1378 227 1406 est,
242 1373 386 1401 humanam
399 1374 506 1402 vitiasse
520 1380 641 1402 naturam
654 1384 661 1402 :
676 1375 747 1403 unde
759 1377 817 1404 sine
831 1376 874 1404 illa
890 1378 970 1406 modo

178 1420 296 1446 nascitur
310 1427 406 1453 nemo;
423 1420 501 1456 eique
514 1413 624 1456 spiritus
638 1421 798 1450 adversatur
813 1423 840 1450 in
854 1423 968 1458 sanctis,

178 1470 207 1491 ut
217 1465 287 1499 juste
299 1458 398 1498 vivant,
412 1466 553 1501 pugnando
566 1471 658 1494 contra
674 1467 757 1500 illam,
771 1467 858 1496 donec
876 1468 968 1504 perfe-

175 1515 217 1537 cta
233 1510 349 1538 hominis
364 1511 461 1545 salute,
483 1516 510 1539 et
524 1520 604 1540 carne
619 1520 679 1540 curn
699 1514 794 1549 spiritu
816 1514 970 1549 plettiSsittte

175 1557 354 1585 concordante
377 1558 432 1592 jam
459 1566 512 1585 non
539 1558 584 1586 sit.
617 1559 686 1586 Dicit
711 1560 868 1587 Ambrosius
883 1581 891 1592 ,
922 1569 970 1596 per

174 1602 420 1637 praavaricationem
448 1603 525 1638 primi
550 1603 667 1631 hominis
694 1605 720 1631 in
754 1609 874 1632 naturam
906 1614 968 1633 ver-

175 1648 238 1675 tisse
261 1648 454 1676 dissensionem
480 1650 569 1676 carnis
587 1655 613 1677 et
634 1650 762 1685 spiritus;
786 1658 899 1686 eamque
911 1651 966 1679 dis-

174 1693 325 1720 sensionem
341 1694 381 1721 sic
392 1695 403 1710 ²
416 1693 562 1729 Cyprianus
574 1694 700 1727 ostendit,
716 1695 741 1722 in
755 1703 807 1730 quo
822 1696 906 1724 Pteno
917 1697 968 1724 Pu-

174 1739 260 1766 nicatn
288 1739 424 1771 dialexim.
441 1744 469 1767 ut
491 1745 564 1775 puto,
587 1741 698 1769 irridere
720 1750 772 1769 non
788 1742 881 1774 audes,
895 1743 966 1778 quod

174 1783 261 1811 facere
275 1787 301 1811 in
317 1792 360 1812 me
371 1792 452 1812 ausus
466 1793 515 1812 es:
532 1795 541 1811 ε
561 1786 625 1819 Est,
644 1796 653 1813 ›
675 1787 777 1821 inquit,
795 1797 804 1813 ι
823 1788 893 1816 inter
905 1796 966 1817 car-

174 1837 234 1856 nem
250 1833 276 1856 et
291 1829 414 1865 spiritum
429 1831 592 1864 colluctatio,
603 1837 631 1859 et
643 1832 858 1861 discordantibus
871 1834 966 1862 adver-

173 1882 231 1901 sum
246 1882 274 1902 se
290 1875 401 1903 invicem
422 1877 574 1911 quotidiana
597 1879 762 1913 congressio,
786 1884 816 1906 ut
838 1888 890 1907 non
904 1889 965 1916 qua:

173 1921 296 1948 volumus
311 1922 366 1955 ipsa
383 1922 522 1956 faciamus,
545 1923 608 1951 dum
622 1924 732 1958 spiritus
746 1925 864 1953 ctelestia
878 1931 904 1954 et
925 1927 966 1954 di-

173 1967 232 1993 vina
245 1967 351 2002 qumrit,
363 1975 426 1995 caro
442 1973 546 1996 terrena
558 1973 586 1996 et
598 1970 735 1997 smcularia
749 1971 913 2006 concupiscit
923 1982 929 1999 :
939 1978 966 2000 et

173 2011 233 2039 ideo
247 2012 360 2046 petimus
373 2013 442 2040 inter
454 2014 507 2041 duo
522 2014 581 2047 ista,
598 2021 648 2049 ope
663 2020 691 2042 ct
711 2015 811 2043 auxilio
832 2017 877 2045 Dei
898 2025 964 2044 con-

172 2057 290 2084 cordiam
306 2058 373 2091 fieri,
388 2063 416 2086 ιιι
428 2058 490 2086 dum
504 2064 530 2086 et
543 2059 570 2086 in
584 2060 678 2095 spiritu
692 2065 719 2088 ct
733 2061 758 2088 in
773 2070 854 2089 carne
867 2062 962 2090 volun-

172 2108 213 2130 tas
226 2103 272 2131 Dei
285 2104 396 2138 geritur,
409 2112 467 2139 qua:
481 2112 529 2140 per
542 2112 603 2132 eum
617 2111 708 2133 renata
720 2111 762 2134 est
774 2098 861 2135 anima
874 2116 964 2137 serve-

172 2155 224 2177 tur.
238 2150 314 2183 Quod
327 2156 418 2185 apcrte
431 2156 511 2187 atque
525 2152 665 2179 manifeste
678 2153 822 2187 Apostolus
837 2161 885 2181 sua
899 2161 964 2183 voce

172 2197 307 2224 declarat:
325 2197 400 2230 Caro,
416 2199 510 2233 inquit,
524 2199 677 2233 concupiscit
691 2199 810 2227 adversus
824 2201 941 2235 spiritum
953 2222 961 2233 ,

171 2247 194 2268 et
214 2243 318 2277 spiritus
338 2243 458 2270 adversus
471 2252 572 2270 carnem
583 2252 592 2271 :
607 2245 661 2271 [nec
674 2246 741 2272 enim
754 2246 859 2273 invicem
872 2246 963 2273 adscr.

171 2293 260 2314 rantur
269 2288 332 2320 sibi;
351 2293 379 2316 ut
393 2297 444 2316 non
462 2298 556 2325 eaqmz
574 2290 659 2323 vultis,
681 2291 736 2325 ipsa
760 2292 860 2326 faciatis
874 2302 884 2318 ι
899 2292 958 2328 (De

173 2334 294 2361 Oratione
316 2333 472 2369 Dominica).
501 2334 574 2362 lianc
593 2339 619 2362 tu
642 2335 813 2363 concordiam
828 2335 916 2364 carnis
930 2342 957 2365 et

171 2380 279 2413 spiritus
292 2400 299 2412 ,
323 2387 401 2414 quam
424 2387 473 2406 nos
488 2385 588 2414 optare,
606 2384 632 2406 et
651 2387 666 2407 a
682 2380 793 2408 Domino
806 2381 870 2409 dicit
883 2390 961 2410 orare

170 2424 329 2460 Cyprianus,
342 2432 392 2451 nec
406 2425 432 2451 in
446 2424 568 2459 paradiso
581 2430 642 2451 ante
656 2430 793 2460 peccatum
805 2426 886 2455 fuisse
897 2435 962 2455 con-

170 2470 244 2497 cedis
258 2479 264 2497 :
284 2474 329 2497 aut
343 2470 365 2497 si
380 2470 438 2500 fuit,
452 2478 500 2497 cur
515 2477 566 2497 non
589 2469 680 2497 faleris
698 2478 756 2497 eam
772 2479 819 2505 per
834 2472 961 2506 praevari-

170 2515 302 2542 cationem
317 2515 394 2550 primi
409 2515 524 2542 hominis
534 2516 623 2542 vitiata
639 2516 748 2549 periisse
760 2520 854 2543 natura
866 2516 888 2549 ',
904 2517 962 2545 bea-

171 2565 256 2595 usque
277 2561 334 2594 paci
356 2562 451 2588 animae
466 2567 492 2588 et
513 2562 634 2596 corporis
655 2563 780 2589 miseram
800 2564 961 2592 successisse

170 2604 351 2633 discordiam?
364 2606 395 2633 Et
410 2607 554 2642 indignaris
570 2607 655 2639 nobis,
675 2608 745 2642 quod
762 2608 833 2635 velut
848 2608 961 2637 catholi-

170 2651 208 2677 cis
229 2650 428 2684 sacerdotibus,
443 2652 468 2679 id
484 2657 525 2679 est
537 2652 623 2685 vobis,
642 2652 770 2680 faciamus
790 2659 882 2682 nostro
902 2662 960 2682 ser-

170 2703 250 2722 mone
268 2695 434 2729 convicium,
453 2697 514 2732 quia
532 2697 646 2726 dicimus
665 2705 712 2726 vos
731 2706 830 2734 negare
848 2701 960 2735 gratiam

201 2761 209 2796 ‘_
223 2761 290 2789 Editl,
464 2763 549 2788 Melius
560 2768 623 2796 ﬁs.
644 2768 698 2790 Mar.
721 2769 747 2791 et
768 2766 844 2796 mlo,
862 2767 960 2793 ineuita-

168 2791 233 2815 tn‘lia.
246 2796 336 2822 Nempe
347 2791 454 2826 Julianus
464 2794 587 2826 epntwdit
598 2797 722 2826 augustiui
733 2791 868 2823 sententias
877 2791 908 2823 eo
916 2791 960 2824 du-

168 2829 238 2857 cere,
247 2827 272 2857 ut
283 2826 348 2857 Deus
359 2823 595 2857 inevitabiliareatui
603 2823 742 2852 adscribere
750 2844 758 2857 ,
770 2831 796 2853 et
807 2830 904 2855 ueteris
914 2823 959 2855 nb-

168 2853 254 2878 solutis
265 2854 317 2884 ipse
329 2854 354 2877 in
365 2854 466 2888 crimine
478 2853 544 2880 solus
557 2861 613 2880 esse
626 2853 787 2883 existimetur.

200 2885 209 2898 ¹
224 2888 273 2908 uss.
288 2887 353 2908 Itala.
365 2888 434 2908 sicut.

200 2896 531 2951 ;
546 2919 666 2942 naturam.
678 2919 827 2951 Castith
848 2921 956 2948 πδείάίο

169 2949 390 2976 manuscnpwrum.

148 3007 173 3027 ἢ
314 2984 449 3017 ΡΛΤιιοι.
468 2988 560 3020 XLV.

855 214 955 242 LIBER
976 212 1117 242 PRIMUS.

1744 219 1813 246 1098

1023 271 1119 299 Christi
1142 280 1148 297 :
1172 278 1233 298 cmn
1255 279 1303 300 vos
1326 273 1384 300 istis
1397 280 1459 301 vere
1474 274 1613 302 catholicis
1633 277 1816 307 sacerdotibus

1024 317 1252 352 impudentissime
1264 325 1296 346 ac
1309 318 1500 353 profanissitne
1511 320 1697 349 conviciemini
1709 322 1750 349 his
1761 330 1818 350 ver-

1024 363 1074 397 bis,
1090 371 1148 398 qua:
1162 363 1187 391 in
1202 371 1258 394 me,
1271 365 1315 399 qui
1329 372 1422 392 eorum
1437 364 1516 393 fidem
1530 374 1628 402 sequor
1639 371 1666 394 ct
1679 373 1764 401 tueor,
1779 369 1818 395 ἰιι-

1024 408 1126 444 digesto
1140 408 1229 436 furore
1249 410 1370 437 ructatis.
1387 410 1531 445 Apostolus
1547 411 1611 439 dicit
1622 433 1629 445 ,
1647 412 1745 446 Spiritu
1760 422 1816 439 ωη-

1024 453 1118 486 bulate,
1133 460 1155 481 et
1168 455 1382 489 concupiscentia:
1397 456 1481 483 carnis
1494 465 1525 483 ne
1547 458 1700 492 perfcccriu‘s
1718 458 1816 494 (Galat.

1024 508 1051 534 v,
1060 502 1102 533 17,
1112 501 1165 536 16).
1175 501 1259 536 Rogo,
1267 509 1315 529 cur
1325 510 1370 530 eas
1379 503 1504 538 appellat,
1512 504 1534 530 si
1544 505 1622 531 nulla:
1633 506 1707 533 sunt?
1715 513 1763 532 cur
1772 513 1819 533 cas

1025 546 1116 581 perlici
1130 551 1211 579 vetat,
1226 548 1247 574 si
1265 547 1341 575 bona:
1360 553 1430 576 sant.
1450 548 1502 577 Sed
1518 549 1605 578 adhuc
1622 551 1715 586 quales
1731 552 1785 578 sint
1798 553 1817 581 '.

1025 593 1150 625 ostendit,
1165 598 1192 620 et
1205 593 1269 620 dicit
1283 603 1290 621 ς
1307 593 1373 622 Caro
1387 595 1453 622 enim
1466 596 1621 631 concupiscit
1636 597 1756 624 adversus
1768 599 1820 632 spi-

1024 638 1112 669 ritum,
1127 643 1150 665 et
1164 639 1267 674 spiritus
1287 640 1408 667 adverqu
1422 648 1542 668 carnem:
1557 642 1611 669 Ira-c
1630 643 1695 670 ettim
1714 643 1819 670 iuvit-na

1026 683 1208 717 adversantur;
1221 690 1247 712 ut
1263 694 1313 712 non
1328 694 1357 712 en
1370 694 1426 719 qum
1439 688 1513 714 vultis
1527 688 1628 722 faciatis
1661 689 1764 722 Quibus
1776 690 1802 717 di
1811 705 1818 710 -

1024 729 1110 762 cehat,
1127 729 1162 757 Ut
1175 739 1225 758 non
1238 739 1268 757 eo
1279 740 1335 766 qua:
1348 732 1423 759 vultis
1437 734 1556 767 faciatis?
1565 734 1692 769 numqttid
1706 735 1817 766 ludatis,

1024 775 1172 802 secundum
1197 776 1347 804 mirabilem
1370 782 1486 805 vestram
1508 778 1727 814 intelligentiam.
1750 789 1818 808 non-

1024 819 1087 846 dum
1104 820 1153 847 sub
1168 820 1266 848 Christi
1280 822 1363 856 gratia
1378 823 1548 856 constitutis;
1564 829 1591 851 et
1606 832 1658 852 non
1672 826 1711 852 eis
1724 826 1819 861 quibus

1024 865 1139 896 dixerat,
1157 866 1198 893 Ea:
1212 867 1328 901 operibus
1343 868 1405 902 legis
1421 868 1547 902 Spiritum
1568 871 1715 904 accepistis,
1736 879 1770 898 an
1789 879 1820 898 ex

1023 912 1111 938 auditu
1126 913 1187 947 ﬁdei
1201 913 1210 946 (
1222 912 1264 939 Id.
1285 922 1322 945 III,
1339 913 1397 949 2)?
1411 914 1516 942 Fideles
1532 916 1620 951 itaque
1633 916 1794 945 christianos
1807 919 1817 933 '

1023 957 1130 985 diccbat
1144 967 1195 985 non
1209 966 1239 986 ea
1254 966 1313 993 qu:e
1326 960 1425 987 vellent
1440 960 1537 995 facere,
1552 962 1758 1000 concppiscente
1771 962 1818 990 ad-

1023 1010 1116 1030 versus
1137 1004 1259 1037 spiritum
1275 1012 1365 1032 carne.
1382 1005 1448 1039 Quid
1466 1006 1501 1033 ita
1514 1027 1522 1038 ,
1547 1007 1597 1034 nisi
1618 1008 1679 1043 quia
1694 1008 1818 1036 volebant

1024 1048 1176 1076 inferiorem
1192 1054 1292 1084 partem
1309 1058 1383 1078 suam
1401 1052 1552 1079 consentire
1567 1053 1710 1088 superiori,
1724 1053 1750 1081 id
1763 1059 1815 1085 est.

1023 1102 1131 1122 carnem
1152 1095 1266 1129 Spiritui,
1287 1104 1337 1123 nec
1357 1097 1481 1124 valebant
1500 1098 1629 1133 perlicere
1649 1099 1720 1134 quod
1745 1101 1818 1128 vulc-

1024 1140 1104 1173 bant;
1124 1141 1216 1176 eisque
1236 1142 1352 1169 restabat
1371 1150 1425 1170 non
1444 1144 1596 1175 consentire
1616 1144 1654 1172 illi
1669 1145 1748 1177 vitio,
1768 1147 1815 1174 sed

1023 1185 1164 1213 adversum
1179 1194 1286 1214 carnem
1302 1187 1405 1220 spiritui
1418 1189 1628 1224 concupiscere?
1641 1190 1737 1218 Verum
1754 1196 1779 1219 ct
1794 1193 1816 1219 si

1022 1228 1074 1257 hoc
1089 1231 1116 1257 in
1130 1230 1170 1258 eis
1183 1235 1251 1264 erat,
1266 1232 1335 1266 quod
1351 1240 1398 1260 vos
1413 1234 1522 1267 putatis,
1539 1239 1567 1261 ut
1580 1239 1690 1270 propter
1701 1244 1815 1264 consue-

1022 1274 1141 1302 tudinem
1157 1276 1254 1303 malam
1268 1277 1348 1303 etiam
1370 1278 1490 1306 noletttes
1510 1279 1579 1307 male
1592 1280 1732 1314 viverent;
1753 1283 1815 1318 quid

1020 1325 1062 1347 est
1076 1328 1140 1356 ergo
1152 1322 1222 1356 quod
1237 1322 1314 1354 dicis,
1335 1327 1459 1351 naturam
1475 1325 1533 1352 sine
1551 1326 1688 1354 voluntate
1707 1335 1816 1362 peccare

1021 1374 1074 1394 non
1088 1373 1177 1401 posse,
1195 1375 1256 1395 cum
1272 1368 1337 1396 istos
1354 1378 1406 1396 non
1425 1371 1546 1398 volentes
1566 1379 1676 1407 peccare
1693 1373 1815 1402 fatearis?

1019 1411 1074 1440 Cur
1084 1417 1173 1440 autem
1188 1413 1259 1441 dicta
1275 1414 1309 1441 sit
1324 1416 1538 1450 conenpiscentia
1554 1419 1641 1445 carnis
1658 1424 1795 1454 peccatum
1806 1442 1813 1453 ,

1020 1457 1096 1484 lexve
1104 1459 1215 1493 peccati,
1223 1459 1277 1493 jam
1290 1468 1369 1495 supra
1382 1461 1497 1489 diximus
1509 1462 1584 1498 (Cap.
1599 1463 1644 1500 7t)
1658 1474 1665 1492 :
1678 1466 1720 1493 cui
1732 1466 1754 1494 si
1768 1466 1814 1493 ho-

1020 1511 1083 1531 num
1097 1510 1139 1532 est
1154 1512 1207 1532 non
1222 1508 1375 1535 consentire
1387 1508 1420 1535 ad
1435 1509 1535 1543 illicita,
1548 1511 1668 1546 profecto
1683 1513 1739 1548 ipsa
1754 1522 1809 1542 ma-

1019 1548 1073 1575 lum
1087 1553 1138 1582 est,
1151 1557 1202 1585 qua
1217 1552 1441 1586 concupiscuntur
1456 1554 1556 1588 illicita,
1571 1556 1621 1584 etsi
1636 1555 1708 1585 nulla
1721 1558 1732 1575 ³
1746 1566 1813 1587 con-

1019 1595 1166 1629 sensione,‘
1179 1596 1307 1632 nulloque
1328 1605 1411 1633 opere
1432 1605 1629 1635 perpetrantur.
1644 1602 1746 1631 Judicia
1767 1605 1812 1632 Dei

1019 1647 1100 1674 porro
1113 1648 1161 1668 vos
1176 1642 1309 1675 evertitis,
1325 1643 1369 1678 qui
1391 1645 1497 1679 generis
1511 1645 1619 1674 humani
1635 1649 1756 1677 miserias
1770 1650 1812 1677 in-

1018 1684 1147 1719 cipientes
1159 1693 1174 1713 a
1187 1688 1315 1721 parvulis,
1329 1689 1387 1716 sine
1400 1689 1453 1717 ullo
1466 1692 1568 1726 peccati
1582 1694 1678 1721 merito
1698 1695 1755 1723 ﬂeri
1771 1695 1813 1724 di-

1017 1731 1094 1763 citis;
1110 1739 1159 1759 nec
1170 1731 1270 1760 donum
1285 1732 1330 1760 Dei
1345 1735 1463 1769 poscitis,
1479 1744 1512 1764 ne
1525 1737 1630 1765 intretis
1643 1739 1668 1766 in
1683 1741 1807 1768 tentatin—

1018 1785 1079 1805 ncm
1094 1779 1103 1812 (
1116 1777 1210 1805 Matth.
1223 1787 1296 1811 xxvi,
1309 1780 1340 1807 Μ
1355 1780 1377 1816 ),
1394 1780 1446 1809 hoc
1460 1788 1511 1816 est,
1528 1791 1561 1811 ne
1574 1786 1707 1820 peccetis:
1722 1787 1748 1815 in
1761 1796 1808 1815 ve.

1017 1829 1071 1851 stra
1084 1825 1155 1852 enim
1169 1825 1269 1853 virtute
1283 1827 1428 1861 conﬁditis,
1440 1833 1468 1856 et
1482 1837 1529 1856 vos
1542 1830 1567 1857 in
1581 1832 1685 1866 psalmo
1697 1839 1790 1862 saneto
1801 1834 1820 1869 ἴ

1017 1875 1121 1897 notatos
1134 1878 1193 1898 esse
1206 1876 1286 1906 atque
1298 1872 1438 1900 damnatos
1450 1874 1535 1910 (Psal.
1546 1885 1635 1912 nvnt,
1648 1878 1686 1915 7),
1700 1880 1742 1907 vel
1758 1888 1811 1908 non

1017 1915 1112 1943 videtis
1126 1917 1201 1947 caeci.
1217 1918 1257 1944 vel
1273 1919 1361 1946 stolidi
1377 1927 1428 1946 non
1443 1921 1549 1949 doletis.

1050 1962 1167 1990 LXXIII.
1178 1963 1239 1991 Jun.
1250 1964 1346 1992 Verum
1355 1967 1410 2000 jam
1422 1975 1562 2003 pergamus
1572 1974 1598 1998 et
1608 1971 1640 1997 ad
1651 1971 1729 1998 verba
1741 1980 1810 2006 mea,

1015 2016 1074 2043 qua:
1088 2009 1122 2036 de
1135 2010 1290 2044 prmfatione
1307 2011 1409 2039 sublata
1422 2033 1429 2045 ,
1453 2014 1503 2041 sibi
1521 2014 1697 2051 impugnanda
1712 2025 1810 2053 propo-

1014 2056 1067 2083 suit
1091 2065 1097 2083 :
1124 2066 1133 2083 c
1151 2056 1222 2085 Satis
1240 2058 1320 2093 igitur
1341 2059 1541 2094 admonuerim,
1564 2063 1602 2090 sic
1623 2063 1702 2091 istum
1730 2066 1809 2093 verba

1017 2110 1026 2126 ε
1046 2109 1105 2129 mea
1125 2103 1200 2137 quasi
1222 2103 1366 2132 refellenda
1389 2106 1438 2134 sibi
1463 2114 1613 2142 proponere
1627 2110 1759 2142 voluisse,
1782 2117 1810 2138 ut

1017 2155 1026 2172 ι
1045 2146 1107 2175 alibi
1129 2148 1224 2176 mediis
1245 2149 1386 2184 detractis,
1410 2153 1557 2181 sententias
1587 2154 1807 2191 interrumperet;

1017 2202 1026 2218 ε
1045 2193 1106 2220 alibi
1129 2195 1256 2221 extremis
1277 2203 1328 2222 non
1352 2196 1449 2224 additis
1470 2197 1623 2227 decurtaret
1637 2209 1644 2227 :
1657 2204 1684 2227 et
1696 2208 1744 2228 cur
1758 2200 1808 2229 hoc

1017 2248 1027 2264 ι
1047 2238 1157 2273 fecerit,
1183 2240 1345 2269 sufficienter
1369 2243 1542 2271 ostenderim.
1558 2245 1633 2273 Nunc
1655 2246 1688 2273 ad
1703 2254 1733 2274 ea
1748 2255 1808 2283 qua:

1016 2294 1025 2311 l
1044 2286 1114 2312 sicut
1129 2286 1228 2319 voluit,
1244 2292 1334 2315 nostra
1357 2290 1512 2324 proposuit,
1534 2298 1594 2325 qua:
1607 2299 1655 2319 sua
1678 2293 1807 2327 posuerit,

1016 2340 1026 2356 «
1043 2330 1191 2359 videamus.
1205 2331 1359 2367 Sequuntur
1371 2334 1442 2361 enim
1453 2334 1508 2369 jam
1520 2335 1599 2363 verba
1611 2336 1669 2370 ejus
1678 2358 1685 2368 ,
1701 2341 1728 2364 et
1740 2337 1809 2365 sicut

1020 2385 1029 2402 I
1049 2377 1098 2404 iste
1114 2376 1272 2410 insinuavit,
1289 2379 1333 2413 qui
1350 2379 1396 2407 tibi
1409 2380 1555 2409 chartulam
1571 2382 1660 2415 misit,
1678 2383 1751 2418 prius
1763 2384 1808 2411 ali-

1016 2431 1025 2447 l
1044 2422 1107 2456 quid
1129 2422 1164 2450 de
1189 2423 1346 2457 pra-fatione
1367 2426 1541 2461 conscripsit,
1558 2428 1650 2462 procul
1676 2429 1756 2456 dnhio
1772 2430 1806 2457 li-

1016 2476 1025 2493 ‹
1044 2468 1152 2495 brorum
1167 2476 1258 2496 eorum
1268 2489 1276 2502 ,
1291 2469 1324 2497 de
1344 2471 1442 2505 quibus
1458 2479 1541 2506 pauca
1555 2473 1700 2508 decerpsit.
1715 2474 1741 2502 ld
1756 2483 1805 2503 au-

1015 2521 1024 2538 t
1045 2516 1098 2540 tem
1124 2513 1161 2540 ita
1188 2521 1249 2541 sese
1274 2514 1354 2543 habet
1381 2525 1387 2543 :
1418 2516 1560 2551 Doctores,
1587 2518 1686 2554 inquit,
1723 2523 1806 2551 nostri

1016 2567 1025 2582 ‹
1044 2558 1186 2592 temporis,
1200 2558 1282 2586 frater
1292 2560 1458 2595 beatissime,
1473 2567 1500 2589 et
1513 2563 1636 2598 nefariaa,
1650 2573 1709 2602 qum
1720 2567 1807 2597 adhuc

1015 2612 1024 2628 ι
1044 2603 1141 2636 fervet,
1165 2605 1303 2632 seditionis
1316 2611 1453 2640 auctores,
1476 2608 1509 2635 ad
1524 2608 1677 2645 hominum,
1693 2621 1805 2648 qttorum

1015 2657 1024 2673 ε
1041 2649 1139 2676 sanctis
1163 2649 1258 2677 studiis
1279 2656 1402 2683 uruntur,
1432 2655 1625 2690 contumelias,
1650 2663 1677 2685 et
1696 2655 1805 2687 exitium

1015 2703 1024 2720 ι
1042 2693 1217 2722 decreverunt
1230 2703 1278 2731 per
1293 2697 1396 2724 ruinam
1412 2698 1493 2727 totius
1508 2700 1635 2730 Ecclesia:
1649 2707 1804 2738 pervenire;

1044 2770 1051 2802 ξ
1064 2773 1153 2802 omnes
1164 2773 1229 2802 ἤειδε-ε
1239 2771 1320 2796 adhuc
1333 2772 1403 2802 quale
1413 2772 1453 2799 sit.

1031 2800 1273 2856 [ἔξίάειίινιιε
1284 2800 1365 2853 itaque
1376 2804 1522 2832 claruit/mis.
1536 2811 1603 2832 Mss:
1616 2808 1712 2835 Fideles
1723 2810 1802 2840 itaque

1016 2837 1168 2857 tumultuos.
1287 2850 1289 2853 -

1040 2862 1051 2899 ξ
1063 2864 1180 2899 may.
1193 2866 1255 2899 lion:
1268 2868 1295 2889 et
1304 2864 1365 2890 Clar.
1376 2870 1535 2899 praetereunt,
1547 2868 1592 2894 etsi
1602 2869 1677 2895 nulla.

1041 2891 1052 2907 ⁸
1061 2891 1185 2929 estinde
1196 2894 1291 2929 psalmo
1310 2891 1433 2922 securido.
1445 2891 1590 2929 [λιιιιέἐῖξῆ
1602 2891 1700 2925 nam
1709 2904 1799 2925 sancto.

1008 2921 1121 2978 summ
1136 2924 1220 2950 Psalmi
1243 2933 1313 2953 uvm
1333 2921 1450 2961 respicit.
1464 2921 1698 2962 th'isttuifii
1709 2921 1801 2957 “alii;

1061 2971 1068 2984 ,
1083 2971 1129 2979 υκι.

1393 3001 1639 3039 {Trentc-cr'nq.)
