4140 6498
489 386 508 438 ι
519 380 624 437 099

472 472 512 525 ⁷.
551 489 655 531 non
685 468 1039 541 intelligentes
1068 474 1321 536 quantum
1354 464 1437 518 his
1464 461 1781 515 contulerint
1811 458 2063 524 honoris,

495 587 511 615 ι
547 576 774 637 quorum
799 558 1148 615 ostenderunt
1173 555 1397 627 gloriam
1420 553 1519 608 nisi
1547 567 1668 607 cum
1693 549 1950 605 catholica
1978 562 2069 603 rc-

492 680 508 711 ι
548 636 744 726 Iigione
768 666 875 708 non
914 649 1150 720 potuisse
1190 644 1437 703 convelli.
1477 640 1612 698 Nam
1638 642 1683 697 si
1724 640 1843 711 quis
1871 650 1961 694 aut
2002 636 2068 693 lio

488 767 504 798 ι
544 747 729 801 borum
774 742 828 797 in
886 739 1192 795 hominibus
1239 734 1553 795 arbitrium,
1596 737 1690 786 aut
1743 731 1908 785 Deum
1954 743 2073 782 esse

396 864 401 867 -
486 859 503 889 ο
544 834 874 892 nascentium
901 833 1233 888 conditorem
1259 826 1489 891 dixerit,
1520 823 1876 893 leestianus
1903 831 1957 877 et
1986 821 2076 875 Pe-

487 949 505 980 ι
543 927 785 999 lagianus
810 932 1048 979 vocatur.
1076 920 1154 977 Nc
1174 920 1334 991 igitur
1354 926 1610 973 vocentur
1635 913 1869 969 haeretici
1896 954 1911 978 ,
1943 911 2073 966 liutit

487 1043 504 1073 ι
548 1018 858 1078 Manicbati;
888 1026 943 1072 et
969 1016 1092 1070 dum
1121 1014 1305 1068 falsam
1334 1019 1585 1067 verentur
1613 1005 1884 1063 infamiam
1915 1005 1959 1073 ³,
1986 1021 2077 1060 ve-

487 1133 504 1165 ο
544 1128 663 1167 rum
685 1111 888 1167 crimen
911 1109 1219 1164 incurrunt:
1245 1106 1411 1159 instar
1430 1100 1688 1167 ferarum,
1711 1114 1831 1170 qum
1851 1099 2079 1154 circum-

489 1224 506 1255 σ
545 1204 743 1260 dantur
773 1202 984 1274 pinnis,
1018 1208 1075 1255 ιιι
1117 1207 1376 1269 cogantur
1401 1195 1452 1250 in
1495 1195 1662 1258 retia;
1710 1192 1902 1262 quibus
1939 1206 2077 1261 quo-

491 1316 507 1347 ι
552 1296 692 1351 niam
719 1293 869 1350 deest
898 1292 1031 1348 ratio
1052 1332 1066 1356 ,
1091 1290 1143 1345 in
1170 1304 1353 1344 verum
1380 1285 1605 1342 exitium
1628 1298 1763 1339 vana
1794 1281 2080 1337 formidine

491 1406 509 1439 ε
544 1385 961 1443 contrudunturt
995 1382 1096 1455 (De
1121 1380 1329 1452 Nuptiis
1355 1388 1400 1433 et
1424 1375 1870 1447 Concupiscentia,
1909 1373 1995 1427 lib.
2023 1371 2078 1435 2,

489 1497 577 1534 nn.
610 1479 664 1543 6,
693 1476 774 1550 7.)
794 1476 1073 1549 Cognosco
1095 1474 1233 1529 dicta
1255 1486 1394 1532 mea,
1424 1467 1519 1524 sed
1548 1484 1653 1522 non
1675 1482 1703 1519 a
1736 1475 1784 1520 te
1806 1480 1926 1519 enm
1945 1465 2082 1519 inte-

489 1571 680 1643 gritate
702 1568 906 1641 prolata
930 1585 944 1622 :
972 1576 1026 1622 et
1052 1566 1174 1620 licet
1200 1579 1304 1620 non
1332 1562 1384 1616 in
1405 1560 1490 1616 his
1509 1558 1853 1633 certaminis?
1877 1570 2082 1610 summa

491 1665 788 1729 consistat,
835 1661 959 1734 quia
1002 1659 1070 1714 de
1098 1657 1408 1729 praefatione
1427 1660 1582 1718 sunt;
1613 1660 1787 1708 tamen
1816 1658 1871 1704 ut
1899 1648 2087 1704 levitas

493 1766 578 1810 tua
628 1753 858 1823 liqueat,
904 1749 1070 1805 frater
1111 1746 1451 1811 beatissime,
1499 1743 1552 1800 in
1587 1758 1653 1798 eo
1694 1742 1815 1797 loco
1858 1738 2087 1811 positum

492 1860 599 1899 non
630 1853 712 1900 est
732 1883 747 1907 ,
775 1841 871 1899 sed
900 1842 952 1897 in
998 1841 1171 1910 primo
1199 1839 1377 1893 statim
1402 1852 1561 1892 versu
1593 1834 1735 1889 libri.
1765 1832 1893 1887 item
1924 1831 1945 1863 ³
1964 1846 2087 1886 cum

491 1937 783 2003 dixissem,
846 1954 864 1987 ι
924 1934 991 1989 ad
1053 1920 1327 1987 hominum
1377 1944 1602 2002 quorum
1651 1927 1847 1981 sanctis
1900 1923 2088 1980 Studiis

498 2046 516 2079 Ι
556 2036 803 2090 uruntur,
831 2023 1185 2081 contumelias
1215 2032 1269 2077 et
1315 2021 1574 2085 exitium;
1613 2037 1633 2071 ι
1662 2017 1871 2083 addidi,
1906 2033 1924 2067 ι
1951 2030 2090 2085 quo-

502 2138 521 2171 ι
561 2120 704 2173 niam
732 2116 838 2174 iter
868 2114 1014 2172 aliud
1044 2131 1150 2170 non
1192 2112 1406 2183 patebat
1431 2152 1446 2176 ,
1471 2110 1826 2166 decreverunt
1856 2121 1949 2177 per
1978 2105 2088 2161 rui-

499 2228 518 2263 ι
558 2227 681 2266 nam
722 2208 888 2266 totius
915 2206 1170 2264 Ecclesia:
1212 2204 1515 2276 pervenire.
1557 2221 1576 2253 ι
1610 2202 1737 2257 Post
1763 2198 1904 2271 quod
1929 2198 2088 2253 etiam

495 2302 641 2369 dixi,
669 2320 689 2354 ι
723 2302 845 2373 quia
869 2298 1020 2354 liberi
1047 2296 1326 2352 conlessor
1346 2293 1549 2350 arbitrii
1575 2300 1630 2346 et
1652 2292 1744 2346 Dei
1771 2288 2086 2354 conditoris,

501 2412 522 2444 α
553 2392 909 2450 ϐωιρειίιιιιιιε
936 2400 991 2445 et
1019 2388 1337 2458 Pelagianus
1368 2393 1606 2446 vocatur,
1633 2397 1740 2453 quo
1763 2380 2086 2451 simplices,»

500 2485 714 2556 inquio,
748 2502 767 2536 ι
805 2497 1056 2539 sermone
1088 2479 1110 2511 ‘
1143 2478 1432 2550 perterriti,
1461 2487 1518 2531 ut
1545 2475 1614 2532 ab
1641 2474 1833 2530 invidia
1864 2471 2094 2528 nominis

506 2596 524 2629 ι
563 2584 850 2641 exuantur,
895 2573 1055 2629 etiam
1086 2585 1274 2626 sanam
1316 2568 1474 2623 ﬁdem
1516 2566 1806 2630 deserunt;
1838 2563 2094 2621 credituri

505 2687 524 2721 ι
562 2666 744 2740 procul
780 2664 980 2726 dubio,
1007 2677 1107 2716 nec
1135 2661 1362 2715 liberum
1389 2672 1511 2714 esse
1538 2657 1593 2712 in
1618 2656 1927 2712 hominibus
1950 2655 2093 2710 arbi-

506 2777 526 2812 ι
567 2757 761 2820 trium,
788 2769 889 2813 nec
918 2754 1082 2808 Deum
1115 2750 1448 2806 nascentium
1482 2746 1814 2803 conditorem
1835 2787 1851 2811 ,
1880 2744 2094 2816 quando

509 2869 529 2904 ι
568 2847 694 2904 illud
722 2844 865 2918 quod
890 2845 1039 2915 prius
1064 2842 1466 2897 aftirmaverant
1482 2880 1498 2904 ,
1527 2848 1812 2909 utrumque
1838 2835 2096 2892 deserue-

510 2963 528 2996 ι
565 2943 693 2999 rint.
730 2959 750 2994 ι
798 2927 912 2995 Hoc
957 2945 1137 2992 autem
1168 2942 1339 2991 totum
1383 2947 1415 2987 a
1464 2940 1515 2987 te
1543 2929 1961 3002 praetermissum
1991 2936 2093 2997 est.

505 3038 632 3092 Post
656 3032 796 3107 quod
822 3041 951 3087 sunt
976 3029 1065 3084 illa
1096 3042 1215 3109 qua:
1242 3025 1493 3098 posuisti,
1522 3038 1680 3095 quam
1710 3038 1840 3077 sane
1864 3037 2011 3089 vera,
2042 3028 2098 3077 et

506 3140 666 3198 quam
696 3120 1121 3193 inexpugnabilia
1143 3160 1159 3186 ,
1190 3115 1334 3172 haud
1369 3110 1599 3172 dil'licilis
1633 3112 1736 3167 erit
1759 3127 1920 3182 opera
1950 3127 2099 3167 com-

506 3219 734 3293 probare
754 3217 798 3270 '.
838 3214 949 3271 Nec
975 3228 1074 3284 ego
1104 3210 1263 3281 igitur
1289 3208 1581 3280 quidquam
1600 3205 1670 3262 de
1696 3206 1800 3261 tuis
1827 3204 1985 3263 dictis
2007 3203 2100 3258 mi-

507 3327 640 3379 nus,
663 3324 764 3365 nec
786 3317 842 3362 tu
867 3304 953 3361 vel
976 3304 1205 3374 primum
1226 3308 1387 3370 caput
1404 3340 1423 3366 ,
1451 3297 1521 3352 ita
1554 3305 1612 3352 ut
1635 3312 1664 3350 a
1691 3312 1777 3351 me
1797 3294 2100 3350 ordinatum

509 3404 710 3468 fuerat,
740 3398 986 3455 retulisti.
1012 3394 1169 3462 Quod
1196 3392 1319 3449 ideo
1342 3391 1552 3446 inculco
1571 3430 1586 3456 ,
1618 3398 1672 3443 ιιι
1695 3386 1929 3460 gravitas
1949 3386 2101 3442 Poeni

506 3492 785 3564 scriptoris
803 3489 1054 3546 emineat.

581 3570 719 3641 Anc.
748 3582 848 3650 Qui
878 3579 947 3636 de
969 3572 1121 3633 libris
1149 3576 1283 3635 tuis.
1315 3588 1436 3644 quze
1482 3570 1650 3627 voluit
1686 3569 1937 3639 decerpta
1957 3608 1975 3636 ,
2015 3566 2104 3622 cui

514 3677 684 3731 voluit
708 3671 932 3745 legenda
962 3666 1279 3731 transmisit,
1313 3666 1425 3735 ipse
1448 3661 1592 3732 quod
1624 3660 1751 3715 mihi
1779 3661 2007 3729 imputas
2027 3655 2107 3712 le-

513 3769 588 3823 eit
613 3786 626 3819 :
654 3780 754 3821 nec
776 3761 917 3818 aliud
942 3761 1104 3816 etiam
1129 3769 1180 3812 te
1204 3758 1373 3826 ipsum
1395 3753 1641 3808 existimo
1661 3749 1901 3806 credere.
1923 3748 2107 3818 Neque

518 3859 661 3916 enim
688 3858 744 3912 in
770 3853 959 3909 eodem
986 3851 1122 3904 libro
1151 3863 1271 3901 meo
1299 3887 1313 3911 ,
1347 3854 1531 3899 contra
1555 3857 1712 3912 quem
1739 3841 1761 3872 ⁸
1788 3828 1970 3902 latras,
2001 3853 2104 3892 non

520 3964 638 4004 sum
685 3944 1028 4015 praelocutus,
1077 3937 1163 3992 cui
1193 3936 1292 3990 sim
1321 3933 1581 3999 chartula;
1612 3929 1935 4000 respondere
1961 3942 2109 3983 com-

526 4038 709 4109 pulsus
745 4052 757 4087 :
787 4031 881 4087 sed
903 4022 1099 4099 quatris
1125 4023 1476 4081 conviciando
1515 4020 1641 4091 quid
1671 4019 1841 4085 dicas,
1872 4018 2108 4072 sentiens

526 4140 578 4183 te
604 4125 732 4181 nihil
761 4120 993 4176 validum
1023 4118 1207 4172 dicere
1238 4113 1576 4185 disputando.
1618 4110 1930 4179 Quanquam
1955 4116 2009 4163 et
2057 4109 2108 4161 in

530 4218 614 4274 his
646 4216 780 4271 meis
809 4211 988 4267 verbis
1007 4252 1022 4277 ,
1055 4209 1173 4279 Qua:
1195 4210 1317 4260 mox
1353 4204 1443 4259 tibi
1474 4203 1623 4274 quasi
1654 4200 1943 4256 refellenda
1986 4214 2112 4269 pro-

529 4308 701 4382 ponis,
728 4304 779 4360 id
806 4301 946 4382 quod
972 4300 1094 4357 dico
1120 4298 1400 4353 advertere
1434 4293 1649 4363 potuisti
1676 4312 1688 4345 :
1724 4307 1828 4345 non
1859 4292 2001 4346 enim
2028 4279 2115 4345 di-

525 4380 730 4461 cerem,
769 4415 786 4447 ι
816 4380 932 4449 Non
968 4399 1050 4446 est
1089 4391 1159 4443 ita
1205 4396 1261 4440 ut
1288 4384 1543 4455 loqueris,
1571 4382 1890 4452 quicumque
1917 4383 2014 4435 ista
2035 4380 2117 4436 di-

534 4512 555 4546 ι
593 4489 749 4553 xisti;
785 4506 804 4540 ι
836 4486 880 4539 si
910 4484 1087 4539 Certus
1108 4493 1281 4533 essem
1316 4487 1366 4530 te
1393 4475 1478 4528 illa
1502 4473 1718 4535 dixisse,
1750 4488 1859 4525 non
1882 4487 2000 4525 eum
2026 4472 2112 4541 qui

530 4580 739 4654 qualem
767 4575 951 4639 voluit,
975 4574 1029 4627 ct
1075 4570 1157 4625 cui
1185 4568 1351 4620 voluit
1395 4565 1709 4634 scripturam
1753 4563 1917 4627 misit,
1958 4578 2116 4632 quam

531 4652 660 4728 mihi
703 4669 919 4725 miSsam
946 4658 1179 4718 refutare
1204 4671 1561 4727 suseeperam.
1612 4652 1715 4708 Sed
1764 4652 1871 4707 Deo
1898 4654 2116 4723 gratias,

531 4762 672 4835 quod
702 4758 951 4817 uniuerso
976 4754 1074 4823 ipsi
1106 4750 1255 4822 operi
1303 4759 1415 4812 tuo,
1446 4746 1587 4800 unde
1629 4762 1746 4816 qua:
1770 4744 1956 4809 voluit,
1983 4745 2121 4800 sicut

543 4855 592 4907 ei
619 4850 835 4929 placuit,
866 4847 967 4902 iste
991 4840 1282 4911 decerpsit,
1334 4838 1405 4893 ita
1437 4836 1667 4892 Domino
1694 4835 1978 4906 adiuvante
2003 4850 2120 4889 res-

534 4924 721 5011 pondi,
744 4949 802 4996 ut
820 4936 997 4996 omnia
1019 4942 1129 4998 tua,
1152 4938 1272 5002 qua:
1292 4930 1475 4985 contra
1498 4926 1917 4997 antiquissimam
1940 4924 2125 4980 catho-

537 5035 694 5091 licam
722 5030 880 5085 lidem
904 5034 1072 5082 novus
1094 5021 1377 5079 barreticus
1398 5022 1668 5084 erexeras,
1695 5016 2121 5072 machinamenta

541 5125 921 5179 subverterent.
1812 5180 1815 5183 η

615 5212 850 5271 LXXIV.
891 5211 1008 5267 ιω..
1049 5206 1245 5262 Contra
1295 5202 1410 5257 haec
1435 5202 1562 5271 ergo
1606 5199 1767 5253 verba
1816 5206 1963 5264 mea,
2008 5212 2127 5267 qua:

610 5370 625 5399 ι
652 5368 726 5415 sic
742 5370 849 5413 Mss.
875 5361 1010 5416 Miti,
1033 5365 1079 5410 et
1103 5356 1219 5408 dum
1234 5356 1414 5420 falsam
1435 5352 1688 5420 infamiam
1710 5352 1873 5403 vitam.

610 5432 630 5461 ²
648 5430 718 5477 sic
761 5433 867 5474 Mss.
893 5422 1008 5470 Editi
1035 5434 1170 5486 vero,
1195 5416 1549 5486 certaminibus.

612 5490 633 5523 ³
657 5488 793 5548 aliti,
810 5486 989 5547 itaque.
1014 5480 1184 5530 Melius
1206 5487 1334 5549 Mssa
1353 5480 1483 5549 item.
1511 5537 1522 5547 _
1561 5535 1572 5546 .

610 5552 631 5581 ⁸
652 5559 757 5600 MSS.
780 5538 904 5597 alar:
920 5551 1041 5594 Port.
1064 5574 1080 5602 ,
1113 5555 1206 5604 quo
1226 5538 1466 5604 simplices
1504 5538 1668 5604 iniquo
1688 5548 1923 5604 serium.

612 5614 633 5646 ι
658 5595 948 5673 ῗῖξζιιῖιῑιυὶιιιι¹
977 5612 1029 5654 et
1067 5595 1211 5673 λέἓῖυξ
1250 5595 1407 5651 θοδθκ
1436 5595 1596 5673 ,Μπῖί
1614 5596 1777 5673 ,ξεί-Ψέ-
1807 5595 2135 5673 diﬁc-ua?!

550 5657 1063 5734 onereiucomprobare.
1110 5670 1252 5714 Forte
1289 5676 1403 5724 pro,
1430 5659 1560 5711 humi
1591 5657 1802 5724 difﬁcilis
1847 5657 1937 5709 erit
1975 5668 2135 5720 operte

553 5732 880 5797 remotiore.
1064 5792 1067 5797 ⁴
1133 5793 1147 5797 _
1159 5794 1171 5797 _
1312 5782 1315 5785 .

618 5796 639 5827 ⁸
659 5792 950 5857 ii’ignicrius,
984 5792 1111 5856 qua.
1133 5793 1266 5849 Mss,
1291 5797 1449 5851 quem.

1199 370 1442 427 OPERIS
1484 366 1895 425 lilPEllFECTl
1932 366 2206 422 CONTRA
2246 364 2608 435 JULIANUM,
2653 367 2711 422 S.
2757 366 3122 423 AUGUSTINI

3631 369 3654 423 Ι
3673 370 3772 424 ιιιο

2178 456 2520 527 rescripseris
2547 457 2823 514 audiamus
2850 476 2861 512 :
2884 476 2906 510 ι
2943 457 3056 514 Νοιι
3086 458 3260 513 estita
3288 466 3344 514 ut
3370 459 3622 529 loqueris,
3647 462 3768 530 qui-

2183 565 2200 599 ι
2239 563 2466 620 cumque
2489 549 2584 602 ista
2603 548 2809 615 dixisti;
2838 566 2942 604 non
2966 561 3047 606 est
3071 550 3142 605 ita
3164 568 3178 605 :
3199 550 3427 606 multum
3448 550 3666 618 falleris,
3685 552 3769 607 vel

2184 658 2203 691 ι
2239 638 2422 695 fallere
2451 638 2723 695 meditaris
2748 657 2762 694 :
2791 656 2895 695 non
2920 641 3145 697 liberum
3176 656 3431 711 negamus
3451 641 3726 697 arbitrium
3752 658 3770 705 ;

2185 750 2203 783 ι
2237 730 2329 785 sed
2348 773 2363 797 ,
2396 730 2458 787 Si
2476 748 2562 786 vos
2592 731 2757 788 Filius
2783 732 3100 801 liberaverit,
3131 734 3206 788 ait
3230 732 3441 789 Veritas
3461 773 3476 801 ,
3507 745 3625 788 tum:
3661 749 3775 788 uere

2185 838 2204 871 ι
2241 821 2386 876 liberi
2404 822 2542 876 eritis
2570 840 2589 874 ι
2624 822 3070 894 (Joan.vut,56).
3104 842 3126 877 ι
3165 823 3318 880 llunc
3332 823 3775 880 vosinvidetisli-

2187 930 2205 963 ε
2246 911 2567 979 heratorem,
2591 914 2784 984 quibus
2811 914 3035 984 captivis
3056 929 3247 969 vanam
3269 914 3530 970 tribuistis
3555 915 3777 970 liberta-

2193 1020 2211 1052 ι
2252 1012 2378 1057 tem.
2406 1001 2449 1056 Α
2488 1019 2587 1073 quo
2612 1004 2745 1058 enim
2776 1004 2886 1075 quis
2912 1004 3133 1060 devictus
3149 1015 3253 1073 est,
3290 1004 3431 1060 sicut
3480 1004 3606 1060 dicit
3630 1003 3778 1059 Scri-

2189 1112 2207 1145 ι
2248 1104 2428 1166 plura,
2459 1095 2577 1149 huic
2605 1105 2652 1149 et
2680 1112 2852 1152 servus
2875 1096 3108 1153 addictus
3130 1106 3204 1153 est
3240 1116 3260 1151 ι
3298 1096 3363 1169 (ll
3392 1096 3533 1153 Patr.
3565 1113 3623 1165 It,
3654 1097 3775 1167 l9):

2190 1204 2208 1236 ι
2245 1200 2345 1241 nec
2364 1186 2642 1256 quisquam
2683 1186 2783 1241 nisi
2822 1202 2919 1257 per
2939 1191 3161 1257 gratiam
3189 1187 3513 1245 Libentoris
3540 1189 3641 1244 isto
3666 1190 3779 1245 sol—

2191 1296 2209 1329 ι
2250 1277 2386 1332 vitur
2411 1278 2625 1333 vinculo
2652 1278 2925 1334 servitutis
2944 1320 2959 1343 ,
2995 1293 3026 1333 a
3057 1294 3164 1349 quo
3189 1288 3273 1336 est
3298 1278 3573 1336 hominum
3600 1280 3779 1335 nullus

2191 1385 2211 1418 α
2250 1366 2519 1422 immunis.
2553 1365 2659 1423 Per
2693 1384 2851 1422 unum
2888 1369 3084 1439 quippe
3112 1368 3365 1424 hominem
3396 1379 3656 1439 peccatum
3693 1370 3781 1423 in-

2193 1476 2211 1509 ι
2251 1458 2398 1512 travit
2421 1458 2475 1513 in
2515 1459 2791 1527 mundum,
2824 1468 2869 1512 et
2917 1476 3003 1528 per
3049 1469 3305 1531 peccatum
3346 1475 3516 1525 mors;
3553 1469 3599 1513 et
3629 1460 3703 1513 ita
3726 1460 3782 1511 in

2195 1568 2214 1602 ι
2247 1566 2418 1605 omnes
2441 1549 2667 1605 homines
2692 1551 3001 1622 pertransiit,
3025 1550 3077 1604 in
3095 1567 3193 1621 quo
3218 1566 3389 1605 omnes
3416 1560 3776 1621 peccaverant:

2190 1641 2307 1712 (De
2334 1640 2544 1713 Nuptiis
2571 1651 2620 1697 et
2659 1639 3093 1712 Concupiscentia,
3127 1641 3289 1707 lib.2,
3326 1659 3380 1697 η.
3409 1643 3490 1711 8).
3542 1642 3777 1711 Amplis-

2190 1732 2380 1787 simam
2421 1747 2542 1788 esse
2569 1733 2737 1788 nostri
2764 1724 2963 1803 negotii
3004 1731 3314 1802 dignitatem
3333 1773 3348 1800 ,
3375 1740 3434 1787 ut
3462 1732 3574 1802 ipsa
3604 1748 3784 1788 rerum

2191 1816 2553 1879 consideratio
2596 1834 2649 1878 et
2687 1824 2945 1894 appensio
2984 1824 3210 1889 indicat,
3263 1838 3395 1894 quas
3436 1833 3665 1890 tuemur,
3712 1826 3784 1880 ita

2192 1906 2350 1971 etiam
2372 1925 2548 1971 vester
2570 1930 2769 1986 pavor;
2797 1915 2885 1985 qni
2913 1924 3098 1970 contra
3122 1923 3424 1970 nostrorqu
3446 1916 3782 1986 sanguinem,

2195 2006 2542 2078 pecuniarum
2571 2007 2862 2072 effusione,
2910 2006 3283 2063 hurreditatum
3310 2008 3586 2080 largitate,
3618 2024 3787 2081 equo-

2194 2116 2310 2154 rttm
2340 2099 2742 2154 transmissione
2766 2141 2781 2166 ,
2812 2099 3127 2170 populorum
3153 2098 3436 2162 seditione,
3464 2110 3787 2170 potestatum

2195 2192 2540 2262 corruptione
2567 2204 2884 2263 pugnantes,
2911 2200 2964 2247 et
2992 2191 3150 2246 tidem
3178 2200 3407 2247 vestram
3433 2207 3554 2262 qua:
3572 2206 3602 2247 a
3629 2192 3788 2248 nobis

2196 2283 2554 2352 impugnatur,
2596 2281 2908 2337 erubescitis
2933 2280 3173 2354 profiteri
3195 2322 3211 2347 ,
3237 2289 3292 2336 et
3320 2280 3385 2336 ad
3424 2292 3622 2339 nOStraa
3648 2297 3777 2338 sen-

2197 2374 2397 2439 tentia-,
2428 2389 2456 2424 a
2488 2389 2590 2443 qua
2617 2372 2871 2428 deviastis
2902 2374 2943 2439 ‘,
2969 2372 3131 2428 verba
3162 2370 3466 2444 confugitis.

2270 2462 2400 2520 Aue.
2435 2467 2541 2519 Aut
2571 2465 2747 2519 sciens
2789 2464 3169 2529 calumniaris,
3200 2463 3246 2518 si
3288 2472 3345 2518 tu
3382 2463 3480 2518 ista
3511 2463 3788 2526 mentiris;

2196 2566 2289 2612 aut
2307 2554 2573 2612 nesciens"
2601 2556 2726 2627 quid
2748 2554 3001 2626 loquaris,
3025 2571 3146 2610 cum
3168 2555 3547 2611 mentientibus
3565 2554 3743 2610 credis
3773 2574 3789 2610 :

2198 2648 2290 2705 sed
2312 2648 2422 2720 jam
2455 2648 2587 2704 satis
2613 2648 2684 2702 sit
2708 2648 2848 2719 quod
2877 2647 3124 2719 superius
3146 2656 3249 2703 tum
3270 2648 3510 2708 vanitati,
3527 2647 3608 2703 vel
3629 2647 3794 2704 etiam

2198 2738 2515 2809 malignitati
2543 2738 2610 2793 ad
2634 2740 2730 2795 ista
2762 2739 3013 2808 respondi
3047 2737 3270 2812 (Supra,
3300 2756 3417 2808 cap.
3444 2737 3557 2809 42).

2268 2826 2481 2886 LXXV.
2531 2827 2649 2885 JUL.
2699 2828 2829 2884 Tam
2854 2830 2998 2885 enim
3029 2830 3314 2886 scelestum
3345 2837 3457 2896 est,
3488 2830 3630 2899 quod
3667 2844 3796 2886 sus-

2198 2919 2344 2990 cepit
2372 2918 2740 2992 prtevaricatio
2770 2917 3012 2990 pudenda
3042 2918 3331 2992 Babylonis
3351 2961 3366 2984 ,
3398 2929 3453 2974 ut
3480 2935 3603 2974 cum
3628 2936 3657 2974 a
3686 2936 3789 2977 no-

2200 3011 2286 3067 bis
2313 3006 2583 3081 objicitur,
2628 3025 2659 3064 a
2687 3010 2836 3065 Vobis
2875 3019 3131 3080 negetur:
3162 3018 3218 3065 et
3260 3018 3366 3063 tam
3404 3021 3645 3065 sanciunt
3674 3020 3793 3080 est,

2202 3103 2349 3175 quod
2376 3119 2407 3157 a
2436 3103 2592 3158 nobis
2615 3102 2868 3165 creditur,
2895 3111 2952 3156 ut
2971 3100 3071 3157 sub
3095 3098 3282 3155 umbra
3305 3100 3421 3170 ejus
3440 3100 3756 3157 delitescere
3773 3143 3793 3167 ,

2201 3190 2325 3250 licet
2347 3192 2651 3249 adversaria
2682 3200 2862 3247 mente
2883 3233 2898 3257 ,
2923 3190 3169 3262 cupiatis.
3199 3188 3333 3247 Nam
3370 3207 3491 3247 cum
3518 3206 3617 3264 ego
3635 3192 3799 3263 quid-

2202 3285 2330 3356 quid
2356 3283 2732 3354 disputationis
2755 3291 2947 3339 vestrae
2973 3283 3200 3352 sparsim
3228 3282 3483 3338 membris
3516 3284 3801 3339 tenebatur

2204 3378 2591 3449 exprimerem,
2637 3384 2691 3430 et
2729 3388 2990 3429 summam
3033 3364 3340 3446 quzestionis
3386 3375 3438 3429 in
3485 3375 3798 3431 brevitatem

2204 3482 2448 3540 cogerem
2467 3510 2483 3535 ,
2515 3478 2567 3523 ut
2601 3467 2979 3524 ecclesiasticm
3006 3466 3354 3523 dissensionis
3383 3482 3541 3524 causa
3564 3511 3580 3535 ,
3604 3480 3798 3538 quanta

2206 3568 2263 3614 et
2290 3560 2462 3630 qualis
2513 3569 2693 3626 esset,
2725 3558 2841 3614 sine
2894 3556 3039 3612 fumo
3092 3567 3146 3612 et
3199 3550 3410 3613 nebulis
3463 3560 3798 3629 proderetur,

2208 3650 2322 3706 dixi
2355 3650 2577 3705 liberum
2609 3664 2637 3703 a
2670 3649 2824 3704 vobis
2848 3646 3124 3704 arbitrium
3154 3651 3373 3720 negari,
3406 3660 3461 3705 et
3489 3652 3651 3707 Deum
3679 3668 3801 3707 nas.

2209 3743 2442 3797 centium
2472 3738 2838 3806 conditorem;
2886 3755 3045 3811 porro
3072 3755 3101 3793 a
3132 3740 3285 3795 nobis
3312 3740 3363 3795 id
3392 3751 3672 3813 utrumque
3699 3743 3801 3798 de-

2211 3830 2384 3897 fendi,
2415 3840 2468 3888 et
2494 3831 2562 3886 ob
2593 3833 2693 3887 hoc
2719 3847 2816 3885 vos
2843 3831 3104 3901 imperitis
3145 3832 3360 3887 auribus
3392 3833 3459 3887 de
3498 3835 3801 3891 nominibus

2210 3923 2592 3978 catholicorum
2614 3920 2847 3975 virorum
2869 3961 2883 3982 ,
2913 3916 3001 3991 qui
3031 3933 3249 3992 propter
3280 3922 3436 3977 ﬁdem
3459 3926 3803 3993 apostolicam

2212 4029 2369 4086 quam
2404 4022 2633 4080 tuemur,
2654 4011 2928 4066 nobiseum
2947 4011 2967 4041 ³
2989 4010 3264 4081 laborant,
3290 4014 3433 4068 ciere
3463 4015 3671 4069 inanem
3702 4014 3808 4069 fra-

2212 4120 2425 4177 gorem,
2472 4103 2645 4173 ulqni
2692 4103 2988 4158 timuissent
3033 4094 3336 4157 leestiani
3389 4119 3419 4158 a
3470 4105 3620 4160 vobis
3665 4105 3805 4173 diei,

2214 4196 2523 4251 amitterent
2547 4193 2786 4249 'coelestis
2817 4191 2937 4247 lidei
2976 4189 3322 4263 dignitatem;
3350 4203 3405 4248 ct
3438 4195 3527 4264 qui
3556 4195 3809 4265 expavis-

2216 4287 2337 4342 se'nt
2359 4296 2424 4340 ne
2451 4299 2479 4338 a
2501 4283 2651 4339 vobis
2673 4281 2937 4353 Pelagiani
2963 4282 3286 4349 dicerentur,
3311 4284 3365 4340 in
3394 4285 3807 4351 Manichaeorum

2219 4376 2438 4446 pelagus
2484 4374 2977 4444 praicipitarentur;
3032 4384 3382 4444 putarentque
3449 4391 3508 4430 se
3577 4369 3809 4445 imperiti

2221 4469 2416 4537 quique
2446 4481 2551 4520 non
2600 4479 2758 4535 posse
2781 4462 3111 4519 Christianos
3141 4462 3432 4535 appellari,
3463 4467 3505 4520 si
3551 4482 3645 4521 eos
3670 4465 3810 4522 Tra-

2224 4559 2432 4635 duciani
2480 4556 2795 4626 Pelagianos
2841 4565 3124 4610 vocassent
3158 4574 3169 4608 :
3198 4572 3318 4611 cum
3347 4571 3379 4611 e
3420 4556 3634 4627 regione
3679 4572 3812 4628 pru-

2229 4648 2418 4705 dentes
2447 4652 2777 4715 statuerent,
2808 4648 3049 4717 quamvis
3094 4647 3366 4702 nominum
3413 4646 3666 4702 invidiam
3710 4649 3813 4702 sibi
3846 4688 3851 4693 ν

2225 4753 2278 4797 ct
2295 4740 2538 4812 injuriam
2557 4737 2918 4793 sustinendam
2938 4739 3104 4808 magis
3119 4778 3135 4802 ,
3149 4754 3307 4807 quam
3325 4737 3479 4792 tidem
3498 4739 3814 4793 catholicam

2225 4831 2648 4902 relinquendam.
2678 4827 2781 4884 Sed
2808 4844 2875 4883 ne
2900 4827 2979 4881 vel
3028 4828 3128 4882 hoc
3183 4827 3353 4899 ipsum
3399 4828 3619 4883 convicii
3644 4841 3819 4898 genus

2228 4932 2403 4978 vestro
2421 4923 2687 4977 inventum
2707 4920 2917 4989 ingenio
2945 4920 3204 4989 glorieris;
3227 4920 3598 4988 recordamini,
3613 4921 3681 4976 ab
3702 4937 3820 4976 om-

2231 5016 2384 5069 nibus
2408 5013 2619 5083 quidem
2639 5011 2900 5064 han-etieis
2926 5009 3135 5065 diversa
3178 5027 3277 5065 nos
3302 5009 3323 5042 ³
3350 5011 3606 5067 voeabula
3640 5011 3822 5068 solere

2231 5105 2500 5174 suscipere
2521 5122 2531 5156 :
2552 5101 2645 5156 sed
2669 5104 2718 5156 in
2736 5100 2940 5172 synodo
2970 5098 3289 5158 Ariminensi
3317 5102 3682 5159 vehementius
3706 5103 3788 5157 cla
3807 5137 3819 5145 -

2235 5198 2435 5261 ruis‘Se,
2480 5194 2606 5265 quid
2651 5193 2787 5261 apud
2827 5192 3106 5264 plumbeos
3146 5194 3354 5249 animos
3386 5194 3470 5251 vel
3504 5194 3824 5264 ambiguitas

2235 5284 2415 5347 verbi,
2451 5286 2530 5337 vel
2562 5281 2905 5338 comminatio
2935 5284 3057 5338 novi
3105 5282 3346 5339 vocabuli
3387 5282 3555 5355 possit
3600 5286 3824 5339 sceleris

2237 5378 2496 5431 obtinere.
2526 5374 2656 5428 Nam
2685 5390 2804 5429 cum
2833 5375 2933 5429 sub
2962 5375 3425 5446 Ariano‘principc
3447 5418 3463 5443 ,
3510 5374 3590 5431 vir
3615 5390 3824 5444 magna:

2305 5536 2317 5565 ¹
2346 5534 2417 5581 sic
2441 5538 2546 5579 Mss.
2570 5530 2704 5589 Editi,
2724 5529 2941 5581 devictis.

2302 5597 2322 5625 ²
2350 5601 2473 5650 Mss,
2499 5591 2671 5643 nescis.

2306 5655 2324 5687 ³
2348 5662 2454 5702 Mss.
2478 5661 2590 5702 star.
2614 5660 2668 5702 et
2690 5660 2835 5709 Pori...
2858 5651 3109 5703 vobiscum.

2306 5716 2326 5745 ⁸
2351 5716 2484 5778 editi,
2520 5714 2710 5778 dirersa
2744 5713 2970 5763 vocabula
3000 5714 3152 5765 solere
3174 5715 3674 5778 sitscrpere;omisso,
3723 5726 3829 5763 nos.

2246 5777 2376 5836 med
2394 5776 2666 5826 restituitur
2692 5788 2755 5824 ex
