4118 6516
325 346 448 403 Ηοί

317 434 649 502 constantiae,
679 433 799 490 fidei
825 434 1141 499 sanissimte,
1165 430 1486 489 Athanasius
1507 430 1898 486 Alexandrinus

316 532 631 600 episcopus,
677 527 882 603 dilapso
926 543 957 591 a
1000 526 1104 582 fide
1144 523 1517 595 Apostolorum
1560 520 1705 577 omni
1767 535 1902 593 pene

318 621 552 697 tumido,
583 630 637 677 et
663 620 897 692 impiatis
937 618 1268 690 temporibus
1309 618 1325 649 ¹
1369 616 1697 680 obstitisset,
1743 623 1901 684 atque

315 712 385 770 ob
410 711 513 771 hoc
540 711 594 767 in
621 709 809 767 exsilia
838 717 1054 767 coactus
1082 716 1254 772 esset;
1286 705 1355 763 de
1375 704 1640 763 sexcentis
1668 713 1723 762 et
1747 704 1902 774 quin-

315 804 601 875 quaginta,
648 810 706 857 ut
741 801 926 867 fertur,
972 800 1276 870 episcopis,
1320 790 1409 857 vix
1449 806 1655 870 septem
1698 797 1898 855 inventi

316 902 462 962 sunt,
482 893 675 964 quibus
693 891 937 948 cbariora
957 899 1139 951 essent
1163 891 1254 946 Dei
1275 882 1541 962 praecepta
1556 904 1715 960 quam
1736 888 1896 959 regis;

316 976 560 1041 videlicet
586 989 645 1039 ut
670 996 773 1041 nec
812 982 868 1036 in
895 978 1176 1037 Athanasii
1214 979 1611 1035 damnationem
1642 978 1898 1034 conveni-

316 1068 436 1128 reni
455 1113 472 1141 ,
501 1087 599 1128 nec
621 1070 896 1128 Trinitatis
920 1069 1311 1128 confessionem
1343 1080 1617 1142 negarent.
1648 1069 1743 1125 Illa
1770 1084 1900 1124 vero

314 1162 488 1217 omnis
506 1160 833 1233 dejectorum
853 1171 1128 1234 pectorum
1158 1161 1475 1228 multitudo,
1505 1169 1654 1221 extra
1683 1158 1898 1233 injuria-

314 1270 429 1308 rum
456 1264 655 1310 metum
679 1294 696 1319 ,
727 1252 827 1309 hac
856 1263 941 1311 est
983 1255 1318 1325 pOIissimum
1345 1254 1430 1310 vel
1482 1252 1714 1308 nominis
1751 1266 1899 1307 com-

314 1347 602 1401 minatione
620 1387 636 1413 ,
663 1361 732 1403 ne
760 1346 1121 1403 Athanasiaua
1150 1354 1463 1411 vocaretur,
1497 1344 1582 1403 vel
1610 1344 1901 1413 interroga-

312 1437 469 1492 tionis
497 1436 787 1491 calliditate
816 1437 1060 1507 decepta.

380 1528 515 1586 Are.
544 1526 934 1583 Athanasianus
955 1527 1036 1583 vel
1067 1526 1457 1583 llomousianos
1490 1525 1670 1583 Ariani
1686 1523 1887 1579 Catho-

310 1618 444 1673 licos
465 1628 685 1688 vocant,
714 1635 819 1674 non
846 1629 899 1674 et
924 1619 1014 1673 alii
1046 1619 1302 1675 heretici.
1327 1619 1436 1675 Vos
1461 1630 1639 1675 autem
1667 1636 1771 1672 non
1800 1632 1890 1670 sn-

309 1710 415 1764 lum
437 1726 465 1762 a
486 1689 793 1777 Catholicis,
820 1710 914 1765 sed
936 1711 1095 1766 etiam
1127 1711 1195 1766 ab
1215 1710 1505 1777 hazreticis,
1527 1711 1676 1768 vobis
1704 1711 1895 1768 simili-

314 1803 413 1859 bus
436 1811 491 1857 et
516 1817 544 1856 a
571 1803 724 1858 vobis
762 1802 1230 1871 dissentientibus,
1274 1803 1545 1874 Pelagiani
1580 1804 1845 1860 vocamini
1879 1824 1891 1858 :

305 1893 755 1963 quemadmodum
797 1907 901 1948 non
944 1901 1150 1951 tantum
1176 1907 1206 1947 a
1233 1893 1533 1958 Catholica,
1563 1894 1659 1949 sed
1686 1895 1754 1950 ab
1786 1895 1895 1951 lia:-

308 1983 515 2038 resibus
543 1983 703 2039 etiam
731 1991 989 2038 vocantur
1011 1983 1215 2039 Ariani.
1244 1983 1352 2041 Vos
1378 2000 1506 2040 vero
1540 1985 1645 2043 soli
1671 2001 1769 2041 nos
1797 2002 1891 2056 ap-

306 2073 515 2142 pellatis
551 2072 948 2140 Traducianos,
993 2075 1130 2129 sicut
1157 2074 1232 2129 illi
1278 2074 1700 2142 Homousianos,
1754 2079 1895 2134 sicut

308 2165 593 2221 Donatista;
632 2165 992 2233 Macarianos,
1024 2168 1161 2222 sicut
1184 2166 1457 2227 Mduichu‘i
1486 2170 1781 2226 Pbarismus
1800 2213 1813 2235 ,
1837 2181 1891 2226 et

304 2255 481 2309 caueri
503 2254 737 2311 hatrctici
768 2256 993 2313 diversis
1015 2258 1341 2316 nominibus.

376 2344 610 2401 LXXVI.
656 2345 775 2401 Jun.
822 2346 955 2402 Nam
982 2363 1103 2402 cum
1148 2358 1507 2419 proponerent
1547 2351 1766 2420 Ariani,
1797 2355 1887 2424 qui

301 2451 481 2491 rerum
516 2451 579 2494 ea
621 2445 940 2508 tempestate
973 2438 1311 2507 potiebantur
1331 2480 1348 2506 ,
1377 2440 1704 2499 Homousion
1738 2445 1888 2513 sequi

302 2528 491 2597 vultis,
532 2539 621 2584 aut
650 2528 960 2585 Christum?
987 2530 1399 2602 Responderunt
1426 2535 1679 2591 continuo
1697 2578 1713 2603 ,
1737 2538 1889 2607 quasi

300 2620 352 2675 in
381 2638 573 2677 nomen
599 2622 857 2694 religiosi,
877 2623 1145 2680 Christum
1169 2640 1230 2680 se
1255 2627 1401 2697 sequi
1425 2642 1439 2688 ;
1465 2628 1783 2685 bomousiou
1804 2646 1888 2685 re-

303 2714 591 2783 pudiavere
621 2716 679 2768 'z
721 2725 881 2786 atque
918 2717 987 2771 ita
1029 2726 1228 2775 exeunt
1265 2724 1593 2789 gestientes,
1618 2723 1765 2780 velut
1794 2724 1913 2794 qui-

298 2805 511 2860 Christo
539 2806 840 2874 crederent,
856 2822 1011 2879 quem
1032 2807 1142 2877 jam
1172 2820 1514 2879 negaverant,
1541 2812 1882 2880 homousiun,

298 2894 351 2949 id
393 2906 476 2955 est
522 2896 681 2949 unius
719 2911 840 2950 cum
880 2895 1041 2952 Patre
1068 2898 1399 2966 substantiae,
1435 2900 1772 2972 deneganda.
1811 2904 1884 2958 Ita

297 2999 427 3063 ergo
451 2994 508 3042 et
536 3001 678 3042 nunc
703 3001 798 3042 vos
828 2985 1177 3044 fabricatores
1195 2989 1326 3057 doli,
1356 2990 1632 3062 imperitas
1669 2997 1885 3057 terretis

297 3092 474 3145 aures,
502 3085 560 3132 ut
583 3076 630 3132 si
661 3078 850 3133 nolunt
878 3078 1231 3135 laborantium
1265 3096 1362 3150 pro
1394 3082 1498 3138 ﬁde
1520 3084 1751 3143 virorum
1794 3101 1887 3157 ap-

298 3168 581 3241 pellatione
612 3169 848 3241 respergi
874 3168 974 3238 ,et
1001 3170 1224 3226 liberum
1252 3172 1532 3228 arbitrium
1575 3186 1800 3247 negent,
1831 3189 1886 3236 et

298 3260 463 3316 Deum
487 3260 757 3316 hominum
771 3264 1125 3321 eorulitorein.
1149 3265 1259 3320 lIoe
1277 3266 1472 3336 igitura
1489 3283 1572 3322 me
1586 3269 1637 3324 in
1656 3270 1747 3326 illo
1763 3271 1884 3329 loco

296 3362 505 3406 antistat
531 3353 835 3424 objectum;
864 3364 918 3409 et
946 3371 1105 3426 quam
1133 3372 1238 3413 non
1259 3358 1412 3425 falso,
1444 3374 1679 3427 praesens
1700 3361 1885 3432 diSptt-

298 3443 427 3498 tatio
454 3442 625 3512 palam
646 3442 824 3501 faciet.
849 3444 1189 3515 Respondisti
1218 3463 1346 3517 ergo
1374 3447 1475 3502 huc
1500 3449 1695 3505 modo:
1722 3471 1741 3502 ι
1766 3452 1880 3511 Non

296 3551 548 3607 negamus
584 3535 813 3592 liberum
857 3539 1134 3593 arbitrium
1178 3556 1189 3594 :
1226 3558 1244 3590 ι
1279 3551 1333 3594 et
1381 3541 1513 3596 nihil
1552 3543 1696 3599 aliud
1746 3546 1875 3601 sub-

295 3626 511 3698 juuxisti
530 3626 598 3683 de
620 3637 730 3685 tuo.
751 3626 1097 3700 Consequens
1122 3631 1262 3685 enim
1289 3630 1497 3697 fuerat,
1527 3642 1585 3689 ut
1629 3636 1881 3705 implet-es

294 3716 409 3771 sine
453 3718 888 3789 tergiversatione
932 3721 1290 3787 sententiam;
1331 3738 1561 3794 cumque
1587 3725 1879 3793 praemisis-

294 3825 381 3863 ses
410 3825 519 3864 non
560 3819 611 3867 te
640 3826 835 3882 negare
872 3812 1078 3867 arbitrii
1106 3813 1403 3869 libertatem
1432 3856 1446 3880 ,
1479 3816 1704 3873 adderes
1726 3859 1742 3884 ,
1773 3819 1877 3874 Sed

293 3900 613 3957 eniibtemur
636 3900 814 3958 datam
845 3919 872 3957 a
905 3904 1016 3959 Deo
1045 3904 1349 3961 libertatem
1375 3906 1585 3963 arbitrii
1619 3909 1671 3963 in
1696 3908 1874 3966 homi-

295 4006 420 4047 num
443 3984 751 4063 permanere
779 4003 988 4049 natura.

364 4082 497 4139 Avo.
525 4083 804 4152 Quomodo
834 4095 1013 4141 manet
1052 4087 1270 4144 libertas
1300 4089 1352 4144 in
1394 4091 1472 4146 eis
1495 4132 1510 4158 ,
1537 4092 1625 4162 qui
1659 4102 1715 4148 ut
1741 4094 1876 4150 libe-

292 4183 476 4229 rentur
501 4191 529 4228 a
565 4177 852 4243 servitute,
878 4194 981 4247 qua
1004 4179 1192 4233 victuri
1239 4190 1458 4249 peccato
1480 4183 1677 4239 addicti
1717 4194 1871 4251 sunt,

290 4265 467 4325 divina
493 4268 735 4340 indigent
752 4271 941 4339 gratia,
961 4270 1063 4324 nisi
1086 4272 1210 4341 quia
1228 4272 1379 4327 liberi
1403 4285 1527 4328 sunt
1551 4284 1607 4331 et
1630 4276 1754 4345 ipsi,
1779 4277 1872 4332 sed

287 4357 504 4428 justitize
523 4359 549 4411 ἲ
585 4361 724 4415 unde
748 4360 875 4417 dicit
896 4361 1185 4435 Apostolus
1204 4404 1218 4428 ,
1251 4362 1376 4418 Cum
1402 4366 1572 4421 essetis
1600 4369 1728 4423 servi
1751 4386 1871 4439 pcc~

291 4448 411 4512 cati,
434 4447 576 4502 liberi
597 4449 767 4518 fuistis
779 4450 998 4525 jttstitite
1021 4452 1200 4524 (fiam.
1224 4471 1297 4529 Vl,
1315 4455 1431 4530 20.)

365 4534 621 4594 LXXVII.
651 4540 771 4596 σιω..
812 4536 1132 4614 Iinplev'ems
1166 4548 1309 4600 enim
1347 4548 1450 4602 hoc
1491 4564 1744 4606 sermone
1767 4552 1871 4607 ali-

288 4630 436 4699 quid,
468 4643 652 4686 contra
678 4632 819 4704 quod
854 4636 897 4688 si
926 4635 1116 4690 fuisses
1143 4637 1350 4693 locutus
1372 4640 1611 4708 ulterius,
1644 4644 1864 4701 nimium

291 4722 599 4793 unpudens;
627 4723 708 4778 sin
738 4733 917 4779 autem
946 4727 1121 4780 omnia
1152 4729 1501 4786 conciuenter
1524 4731 1578 4798 ³,
1608 4735 1693 4789 vel
1718 4736 1871 4791 tarde

288 4828 474 4882 posses
502 4828 760 4884 apparere
794 4816 1102 4871 correctior.
1146 4817 1295 4873 Nunc
1336 4836 1465 4876 vero
1490 4837 1580 4878 me
1607 4823 1739 4879 dicis
1765 4824 1868 4880 fal-

288 4903 419 4967 lere,
446 4904 536 4975 qui
564 4904 707 4976 quod
734 4905 927 4976 objeci,
962 4923 1056 4979 per
1091 4919 1142 4963 te
1179 4910 1381 4980 probo;
1412 4922 1467 4967 et
1506 4922 1563 4969 tu
1587 4916 1787 4985 statim,
1814 4917 1864 4972 in

287 5009 352 5047 eo
376 4994 515 5064 quod
542 5003 593 5051 te
619 5008 773 5067 putas
797 5009 1188 5070 consequenter
1212 5001 1528 5059 instruxisse
1550 5045 1566 5071 ,
1603 5007 1864 5062 mentiris.

289 5084 383 5139 Ais
418 5087 635 5158 quippe,
677 5088 798 5144 Non
826 5089 1034 5147 liberum
1065 5072 1307 5164 neganius
1335 5093 1629 5162 arbitrium;
1656 5106 1711 5152 et
1738 5098 1866 5153 sub-

283 5177 460 5248 jungis
489 5180 848 5237 testimonium
880 5183 1172 5256 Evangelii,
1209 5186 1317 5255 sed,
1352 5204 1372 5239 ι
1408 5186 1470 5243 Si
1494 5204 1578 5243 vos
1604 5188 1771 5243 Filius
1798 5191 1863 5245 li-

351 5351 366 5382 ¹
395 5349 648 5420 nteuardus
675 5358 739 5420 _et
771 5353 1043 5420 vignierius
1062 5389 1077 5414 ,
1129 5355 1367 5420 impietati
1403 5357 1711 5420 temporibus.
1754 5366 1863 5412 Mss.

284 5416 397 5482 nar,
424 5420 477 5461 et
507 5411 652 5471 cinia,
668 5410 923 5482 ιριριαῑιρίι
1275 5428 1325 5470 ιιι
1349 5410 1565 5472 editione
1586 5410 1700 5472 anni
1725 5410 1863 5482 isse;

287 5486 349 5521 ex
377 5475 494 5546 ipso
510 5486 658 5535 quem
682 5476 933 5546 Menardus
956 5475 1095 5546 legit,
1120 5482 1279 5546 veteri
1301 5482 1467 5546 codice
1490 5485 1719 5546 secundis
1737 5475 1867 5546 curis

284 5537 532 5605 recensito
546 5542 818 5605 correctum
837 5543 929 5595 est,
953 5537 1163 5601 inipiatis
1179 5542 1464 5605 temporibus
1484 5557 1501 5604 ;
1520 5544 1567 5594 id
1591 5552 1685 5605 est,
1703 5545 1864 5596 scele-

458 5598 711 5670 Consentjt
744 5603 1005 5670 us.“I-‘ort._
1022 5597 1413 5670 certeLJulianus
1450 5597 1600 5670 intra,
1633 5597 1825 5670 cap.92
1848 5643 1863 5669 ,

285 5658 639 5733 verbno‘eodem
658 5657 746 5733 illo
766 5660 946 5733 utitur...
970 5658 1143 5715 Desine
1164 5660 1343 5725 neque,
1368 5666 1452 5726 ait,
1476 5657 1680 5733 impiare
1693 5657 1764 5719 'te.

346 5718 460 5782 {sic
482 5724 589 5767 uss.
610 5719 745 5782 Editi,
770 5720 1048 5782 repudiare.

347 5779 367 5810 ³
389 5780 461 5830 Sic
485 5788 585 5829 Mss.
615 5780 733 5832 Editi
753 5779 871 5832 vero
886 5816 901 5842 ,
925 5781 1233 5834 continenter.

1648 339 1848 401 LIBER
1886 335 2153 401 PRIHUS.

3459 342 3594 396 “0‘2

2010 427 2270 494 beraverit,
2304 444 2321 478 ι
2357 429 2428 480 ait
2460 426 2670 491 Veritas,
2707 447 2723 479 ι
2762 436 2881 482 tunc
2898 442 3008 482 vere
3030 429 3170 484 liberi
3186 430 3322 485 eritis
3359 451 3375 482 ι
3411 431 3591 504 (lauri.

2010 535 2117 584 vui,
2146 519 2259 590 56).
2285 518 2419 575 Cum
2444 517 2546 573 hoc
2573 518 2623 572 in
2656 518 2745 574 illo
2774 518 2889 575 loco
2917 535 2944 573 a
2977 518 3205 575 Domino
3238 532 3418 576 nostro
3459 523 3585 578 Jesu

2006 618 2215 666 Constet
2251 610 2305 666 in
2336 610 2560 665 liberum
2596 609 2874 667 arbitrium
2915 627 3020 667 non
3064 612 3226 669 fuisse
3273 615 3534 683 prolatum
3566 657 3583 683 ,

2005 702 2157 771 cujus
2185 702 2576 773 expositionem
2618 702 2899 759 sententiae
2923 703 3194 773 paululum
3229 704 3537 762 differentes
3567 750 3583 770 ,

2006 793 2400 850 definitionibus
2427 803 2482 850 et
2507 794 2876 861 divisionibus,
2908 794 3036 866 quid
3063 806 3302 852 nostrum
3330 797 3587 853 alteruter

2004 883 2220 951 sentiat,
2238 886 2584 956 esplicemus.
2605 884 2773 941 Debet
2787 886 3004 957 quippe,
3033 888 3323 943 secundum
3347 889 3585 943 omnium

2003 976 2283 1031 doctorum
2309 976 2665 1048 disciplinam,
2708 977 2978 1034 inchoatio
3002 977 3377 1049 disputationis
3403 995 3431 1034 a
3455 979 3588 1037 defl-

2006 1058 2204 1122 nitione
2231 1073 2390 1124 sumi.

2077 1161 2210 1215 Anc.
2240 1160 2477 1236 Apostoli
2509 1175 2654 1232 ergo,
2683 1161 2772 1232 qui
2802 1160 3217 1235 disputationum
3253 1178 3470 1220 suarum
3502 1166 3583 1221 in-

2003 1250 2315 1308 choationes
2350 1267 2455 1306 non
2485 1268 2514 1306 a
2542 1253 2853 1310 definitione
2878 1265 3256 1326 sumpserunt,
3297 1272 3402 1312 non
3433 1270 3590 1313 erant

2002 1341 2186 1397 docti?
2215 1343 2280 1398 Et
2310 1353 2484 1399 tamen
2513 1355 2667 1399 erant
2694 1345 2944 1402 doctores
2967 1347 3231 1417 gentium,
3266 1356 3323 1403 ct
3346 1357 3586 1404 contem-

2003 1441 2185 1503 ptores
2204 1432 2486 1490 doctorum
2514 1436 2721 1504 talium,
2744 1435 2811 1492 de
2833 1437 3023 1509 quibus
3051 1447 3103 1493 te
3131 1438 3358 1494 delectat
3387 1440 3581 1494 inflari.

2000 1522 2153 1591 Quod
2181 1534 2359 1580 autem
2384 1525 2457 1580 ait
2488 1526 2779 1594 Dominus,
2816 1527 2877 1584 Si
2914 1544 3001 1584 vos
3053 1527 3222 1585 Filius
3269 1531 3586 1595 liberaverit,

2001 1627 2117 1669 tunc
2142 1632 2255 1670 vere
2273 1616 2417 1671 liberi
2444 1618 2584 1673 eritis
2609 1660 2623 1679 .
2671 1620 2953 1676 conaberis
2989 1620 3205 1692 quidem
3234 1622 3291 1678 in
3320 1633 3465 1678 tuam
3492 1623 3587 1679 de-

2002 1717 2252 1778 torquere
2298 1709 2618 1764 sententiani
2654 1728 2667 1763 :
2700 1711 2795 1766 sed
2839 1726 2999 1783 quam
3048 1721 3101 1769 te
3138 1728 3243 1768 non
3294 1722 3586 1785 sequatur,

1999 1814 2122 1852 cum
2148 1799 2332 1854 conari
2361 1802 2612 1870 ceperis,
2642 1803 2936 1873 apparebit.

2070 1889 2351 1946 LXXVllI.
2381 1891 2504 1947 Jun.
2530 1893 2720 1950 Omnis
2744 1895 2960 1965 quippe,
3001 1904 3062 1951 ιιι
3090 1897 3169 1953 ait
3203 1897 3314 1963 ille,
3347 1914 3466 1970 quae
3495 1915 3587 1954 ra-

1997 1981 2147 2038 tione
2174 1984 2466 2054 suscipitur
2490 1983 2560 2041 de
2586 1985 2763 2056 aliqua
2791 2002 2850 2042 re
2875 1987 3184 2058 disputatio,
3213 1988 3375 2046 debet
3398 2006 3431 2046 a
3455 1990 3588 2048 defi-

1998 2072 2199 2129 nitione
2224 2075 2511 2144 proficisci,
2540 2084 2599 2130 ut
2636 2077 2964 2147 intelligatur
3003 2079 3129 2149 quid
3170 2080 3241 2135 sit
3284 2081 3336 2136 id
3380 2082 3451 2137 de
3477 2099 3585 2153 quo

1997 2164 2297 2235 diSputatur
2323 2165 2543 2237 (Cicero,
2575 2168 2638 2223 de
2669 2167 2879 2241 Oficiis,
2907 2170 2997 2225 lib.
3026 2170 3104 2241 1).
3126 2171 3200 2231 Ita
3229 2187 3360 2245 ergo
3385 2183 3437 2229 et
3460 2190 3580 2239 nos,

1993 2257 2129 2310 sicut
2156 2271 2317 2327 supra
2342 2257 2413 2317 ,de
2433 2256 2656 2328 justitite
2681 2269 2735 2315 et
2763 2260 2967 2329 peccati
2990 2260 3298 2318 definitione
3317 2263 3578 2319 disserui-

1995 2361 2134 2410 mus,
2158 2362 2301 2405 nunc
2326 2363 2537 2419 quoque
2561 2349 2836 2405 videamus
2856 2366 2976 2421 quae
3000 2352 3231 2407 libertati
3252 2355 3457 2409 arbitrii
3488 2355 3582 2410 de-

1994 2438 2164 2497 finitio
2187 2449 2456 2510 competat
2491 2448 2548 2496 ut
2574 2442 2788 2511 planum
2817 2442 2909 2509 sit,
2925 2443 3044 2512 quis
3067 2443 3116 2500 ei
3134 2485 3150 2509 ,
3173 2454 3415 2501 nostrum
3449 2460 3580 2500 con-

1992 2529 2191 2585 sentiat
2219 2531 2235 2562 ¹
2256 2571 2272 2597 ,
2299 2531 2421 2601 quis
2445 2543 2722 2603 repugnet.
2755 2532 3004 2589 Libertas
3025 2533 3248 2601 arbitrii,
3280 2551 3385 2606 qua
3412 2551 3442 2591 a
3473 2537 3582 2592 Deo

1991 2621 2360 2691 emancipatus
2381 2620 2543 2676 homo
2559 2631 2660 2691 est,
2687 2623 2739 2677 in
2762 2623 3073 2679 admitendi
3106 2626 3310 2696 peccati
3338 2637 3392 2685 ct
3417 2627 3587 2685 absti-

1993 2712 2152 2769 nendi
2180 2728 2210 2767 a
2244 2724 2461 2785 peccato
2493 2714 2842 2785 possibilitate
2868 2716 3130 2772 consistit.

2065 2805 2204 2861 Ave.
2260 2804 2663 2874 Emancipatum
2703 2806 2976 2863 hominem
3019 2807 3156 2865 dicis
3189 2824 3220 2865 a
3262 2810 3373 2867 Deo
3417 2828 3431 2866 :
3482 2829 3582 2869 nec

1990 2893 2222 2948 attendis
2244 2892 2348 2949 hoc
2374 2909 2495 2949 cum
2517 2897 2854 2967 emancipato
2880 2897 2987 2971 agi,
3021 2907 3080 2956 ut
3108 2898 3160 2954 in
3188 2897 3386 2957 familia
3413 2903 3581 2973 patris

1991 2998 2095 3037 non
2124 2981 2217 3039 sit.
2755 2987 2766 2996 '

2061 3070 2301 3129 LXXIX.
2333 3074 2455 3130 Jun.
2503 3074 2722 3132 Factum
2753 3087 2834 3133 est
2862 3079 3005 3134 enim
3039 3079 3236 3135 animal
3264 3081 3576 3155 rationale,

1991 3164 2235 3231 mortale,
2266 3178 2433 3235 capax
2461 3165 2674 3223 virtutis
2699 3176 2755 3222 et
2784 3167 2918 3235 vitii,
2948 3169 3090 3243 quod
3122 3181 3301 3240 posset
3335 3188 3401 3229 ex
3439 3189 3573 3230 con-

1987 3266 2139 3307 cessa
2178 3253 2279 3309 sibi
2318 3255 2670 3324 possibilitate
2697 3257 2779 3312 vel
2810 3274 3028 3315 servare
3068 3261 3162 3317 Dei
3193 3262 3462 3333 mandata,
3491 3268 3573 3321 vel

1988 3343 2314 3413 transgredi,
2361 3345 2445 3399 vel
2486 3346 2796 3418 magisterio
2848 3351 3078 3405 naturali
3127 3366 3447 3409 conservare
3485 3356 3574 3425 jus

1988 3434 2233 3490 humanae
2286 3437 2578 3504 societatis,
2626 3438 2962 3509 liberumque
3005 3441 3226 3499 haberet
3261 3445 3570 3501 alterutram

1984 3526 2121 3582 velle
2145 3536 2373 3599 partem,
2401 3530 2453 3585 in
2481 3546 2586 3601 quo
2616 3518 2819 3603 peccati
2859 3540 2915 3589 et
2952 3533 3172 3605 justitite
3215 3552 3420 3598 summa
3468 3549 3570 3594 est.

1983 3616 2119 3677 Nam
2167 3634 2289 3675 cum
2333 3621 2531 3692 aliquid
2575 3622 2867 3679 secundum
2895 3626 3143 3681 virtutem
3174 3625 3569 3700 indigentibus,

1983 3719 2072 3765 aut
2096 3710 2165 3767 de
2188 3713 2567 3770 misericordia:
2597 3713 2849 3782 fontibus,
2882 3725 2972 3771 aut
3000 3716 3066 3772 de
3085 3717 3307 3788 justitize
3349 3719 3571 3775 immqu

1981 3811 2070 3873 get
2098 3804 2119 3834 ¹
2147 3802 2440 3871 uberibus;
2491 3807 2593 3861 hoc
2619 3816 2873 3879 operatur
2902 3807 3032 3865 foris
3054 3810 3166 3880 jam
3195 3810 3305 3883 ipsa
3329 3812 3531 3883 justitia
3551 3857 3567 3884 ,

1981 3909 2141 3964 quam
2172 3894 2315 3952 intus
2345 3896 2593 3953 voluntas
2621 3907 2804 3955 sancta
2835 3901 3082 3970 concepit
3109 3910 3164 3955 et
3192 3904 3421 3973 peperit.

2052 3988 2189 4043 Auc.
2225 3986 2412 4045 Utrum
2439 3987 2507 4044 dc
2536 4004 2634 4044 suo
2658 3988 2916 4059 justitiam
2939 3994 3248 4067 conceperit
3273 3993 3313 4061 ³,
3347 3994 3448 4050 hoc
3470 4011 3568 4051 vo-

1980 4076 2186 4134 biscum
2225 4079 2420 4149 agitur,
2448 4080 2535 4151 qui
2560 4080 2866 4149 ignorantes
2897 4083 2990 4137 Dei
3019 4082 3307 4157 justitiam,
3338 4096 3566 4141 vestram

1981 4169 2141 4225 vultis
2165 4172 2493 4228 constituere
2528 4172 2708 4243 (Rom.
2743 4190 2793 4240 π,
2827 4171 2883 4247 5)
2911 4194 2922 4229 :
2948 4191 3069 4231 cum
3104 4178 3352 4234 Voluntas
3382 4190 3565 4237 sancta

1981 4261 2165 4330 utique
2202 4261 2461 4332 justitiam
2498 4274 2681 4321 sancta
2711 4266 3034 4334 cogitatione
3060 4269 3343 4338 concipiat,
3370 4271 3438 4325 de
3462 4287 3564 4341 qua

1978 4351 2232 4422 seriptum
2255 4359 2358 4417 est,
2383 4350 2632 4423 Cogitatio
2658 4363 2834 4408 sancta
2860 4357 3073 4411 servabit
3094 4366 3141 4411 te
3168 4358 3347 4430 (Prov.
3379 4375 3437 4427 ιι,
3472 4362 3562 4426 Η.

1976 4456 2077 4494 sec.
2110 4439 2307 4511 LXX);
2338 4440 2468 4497 dicit
2494 4451 2672 4499 autem
2713 4446 2999 4515 Apostolus
3024 4489 3039 4514 ,
3082 4446 3205 4504 Non
3232 4451 3351 4520 quia
3396 4452 3566 4509 idonei

1975 4547 2148 4587 sumus
2172 4533 2397 4602 cogitare
2414 4533 2612 4606 aliquid
2635 4537 2780 4604 quasi
2811 4554 2874 4592 ex
2899 4522 3293 4610 nobismetipsis,
3320 4543 3411 4596 sed
3446 4548 3559 4613 sui.

1977 4623 2195 4690 ﬁcientia
2230 4633 2403 4680 nostra
2450 4640 2515 4679 ea:
2560 4623 2671 4679 Deo
2709 4636 2785 4689 est
2833 4627 2910 4698 (II
2958 4629 3077 4684 Cor.
3134 4647 3210 4697 III,
3255 4631 3331 4702 5).
3377 4631 3488 4688 Hoc
3517 4634 3561 4688 si

1976 4711 2324 4782 intelligatis,
2381 4729 2489 4768 non
2549 4714 2691 4771 aliud
2743 4715 3051 4787 intelligetis
3105 4735 3227 4777 esse
3276 4722 3557 4781 arbitrium

1979 4801 2309 4857 laudabiliter
2349 4802 2594 4869 liberum,
2625 4804 2728 4887 nisi
2755 4806 2895 4876 quod
2926 4806 3087 4865 fuerit
3115 4809 3204 4865 Dei
3225 4812 3390 4881 gratia
3417 4813 3558 4870 libe-

1974 4900 2167 4949 ratum.

2047 4981 2258 5037 LXXX.
2317 4981 2435 5037 JUL.
2478 4983 2567 5039 Sic
2607 4993 2807 5040 etcum
2835 5002 2866 5043 e
2891 4987 3102 5043 diverso
3129 4998 3366 5046 statuens
3396 5009 3558 5062 prave

1973 5088 2131 5141 agere
2163 5074 2215 5129 in
2243 5074 2470 5130 aliorum
2498 5076 2746 5147 injuriain
2772 5120 2788 5144 ,
2838 5080 2920 5134 vel
2961 5081 3175 5152 iniquus
3213 5084 3331 5153 quis
3358 5084 3517 5143 fuerit
3539 5130 3553 5151 .

1974 5167 2053 5219 vel
2084 5166 2350 5231 crudelis;
2380 5171 2621 5239 operatio
2650 5186 2751 5240 qua
2792 5183 2949 5228 nocet
2977 5174 3117 5242 aliis,
3147 5191 3176 5230 a
3206 5180 3440 5249 nequitia
3470 5180 3554 5235 fo-

1973 5272 2059 5310 ras
2088 5255 2462 5326 proficiscitur,
2492 5274 2650 5329 quam
2681 5259 2824 5319 intus
2844 5263 2982 5319 mala
3004 5266 3252 5322 voluntas
3271 5270 3551 5329 seminavit

1972 5358 2026 5403 et
2077 5349 2261 5419 genuit
2310 5368 2324 5404 :
2372 5364 2492 5405 cum
2544 5365 2671 5407 vero
2719 5354 2872 5409 deest
2901 5357 3154 5423 facultas,
3186 5374 3462 5431 perquam
3501 5365 3552 5419 in

1974 5439 2250 5507 proximos
2296 5440 2374 5494 vis
2415 5452 2637 5498 secreta:
2691 5444 2980 5502 voluntatis
3017 5460 3280 5518 erumpat,
3332 5446 3387 5507 in
3440 5454 3550 5522 ipsa

2035 5550 2342 5661 ἰξῗξιιξῇῖΐᾳιιὶε
2360 5558 2574 5605 nostrum
2602 5555 2885 5620 consentiat;
2903 5560 3098 5622 omisso,
3117 5558 3181 5621 ei,
3204 5562 3332 5625 quod
3358 5575 3422 5614 ex

2035 5627 2054 5659 5
2251 5649 2261 5660 .

1970 5619 2261 5662 restituitur.

2034 5675 2053 5742 ξ
2071 5674 2386 5742 goglex_slar.,
2402 5672 2634 5742 indulget.

2033 5734 2413 5820 :ﬂiditi,.juslilia
2446 5734 2752 5805 conEeperit;
2775 5740 2922 5805 male,
2947 5757 3002 5796 ac
3023 5743 3424 5799 dissentientibus
3442 5757 3546 5799 ma-
3569 5804 3580 5820 ι

1882 5844 1901 5861 .
1959 5798 2242 5854 nust‘rtpus,
