4140 6504
511 366 526 415 l
547 361 641 416 ιιιδ

504 490 678 531 tamen
702 473 816 528 sola
844 471 1135 534 voluntate,
1165 481 1283 536 qua:
1310 463 1510 535 aliquid
1539 461 1622 516 vel
1655 459 1778 515 boni
1803 467 1894 514 vet
1921 457 2044 512 mali
2073 499 2090 521 ,

505 585 610 624 non
667 569 866 636 impetu
915 562 1084 627 brevi,
1133 558 1230 615 sed
1275 556 1595 628 cogitatione
1629 551 1971 623 appetituque
1999 564 2091 618 pa-

509 661 749 724 travcrit,
777 659 862 714 vel
889 653 1234 726 benignitatis
1263 661 1343 706 est
1381 650 1518 704 ratio
1558 646 1796 718 impleta,
1828 645 1912 698 vel
1943 642 2098 697 mali-

506 756 742 828 gitilatis.

595 873 726 925 Anc.
758 866 900 921 Sicut
934 860 1186 931 intelligis
1213 857 1540 913 voluntatem
1567 852 1727 907 etiam
1756 849 1868 905 sola
1898 848 2099 920 cogita-

513 965 656 1019 tione
696 961 954 1015 rationem
990 954 1074 1010 vel
1113 949 1454 1022 benignitatis
1492 946 1574 1002 vel
1605 943 1951 1014 malignitatis
2001 941 2102 996 im-

510 1057 675 1128 plere,
701 1053 743 1108 si
769 1067 834 1106 eo
856 1049 1015 1106 modo
1044 1044 1328 1115 intelligas,
1362 1038 1504 1112 quod
1537 1039 1552 1070 ¹
1584 1037 1652 1092 de
1671 1035 1810 1090 bona
1834 1043 1889 1090 et
1914 1039 2098 1088 sancta

510 1125 834 1221 cogitatione
860 1147 1082 1217 loquens
1120 1139 1408 1212 Apostolus
1443 1135 1538 1200 ait,
1574 1147 1680 1188 non
1709 1144 1830 1186 esse
1859 1143 1958 1183 nos
1983 1125 2100 1180 ido-

519 1219 652 1300 neos
678 1242 913 1312 cogitare
942 1235 1140 1308 aliquid
1164 1231 1316 1305 quasi
1347 1247 1411 1286 ex
1435 1223 1857 1295 nobismetipsis,
1878 1219 1972 1277 sed
1993 1219 2103 1274 suf-

516 1311 800 1392 ficientiam
845 1339 1080 1385 nostram
1120 1341 1184 1380 ex
1225 1325 1334 1379 Deo
1373 1335 1526 1384 esse;
1573 1315 1773 1388 poteris
1801 1311 2018 1381 corrigi,
2050 1319 2103 1364 et

515 1425 730 1480 humilis
754 1423 1024 1491 suscipere
1050 1416 1294 1488 gratiam,
1325 1411 1408 1470 cui
1434 1419 1483 1464 te
1503 1407 1748 1479 superbia
1771 1402 1898 1460 fecit
1921 1400 2103 1456 inimi-

515 1532 658 1580 cmn,
690 1515 817 1568 dum
847 1512 928 1566 vis
970 1511 1024 1564 in
1067 1509 1146 1562 eis
1183 1520 1337 1572 esse,
1375 1501 1464 1574 qui
1503 1498 1778 1554 conﬁdunt
1813 1496 1868 1549 in
1909 1493 2104 1546 virtute

514 1623 608 1662 sua
634 1604 803 1678 (Psal.
835 1617 1014 1664 m'm,
1048 1601 1136 1668 7);
1167 1613 1273 1652 non
1315 1595 1366 1648 in
1405 1593 1484 1648 eis
1524 1589 1614 1660 qui
1643 1587 1848 1651 dicunt,
1878 1582 2106 1654 Diligam

520 1709 586 1764 te,
611 1695 845 1758 Domine,
877 1693 1038 1748 virtus
1069 1705 1178 1743 mea
1206 1685 1376 1760 (Psal.
1405 1699 1534 1746 xvn,
1565 1678 1643 1752 2).

583 1806 821 1865 LXXXI.
862 1806 981 1862 Jun.
1017 1805 1084 1858 Et
1116 1802 1246 1856 boni
1282 1799 1444 1870 igitur
1471 1793 1819 1869 possibilitas,
1847 1798 1904 1846 et
1931 1789 2053 1844 mali
2087 1829 2102 1853 ,

513 1903 650 1958 bona
689 1907 774 1954 est
812 1915 826 1952 :
865 1896 1117 1968 quoniam
1167 1907 1326 1961 posse
1364 1889 1564 1944 bonum
1611 1885 1822 1948 facere,
1854 1883 1974 1938 aula
2003 1882 2108 1935 viro

515 1992 642 2047 tutis
665 2000 748 2046 est
789 1991 844 2054 ';
878 2002 1037 2058 posse
1063 1983 1262 2040 malum
1312 1980 1508 2044 facere,
1550 1973 1918 2032 testimonium
1947 1971 2112 2026 liber-

515 2083 639 2138 tatis
665 2092 766 2138 est.

589 2197 721 2252 Auo.
749 2193 866 2250 Non
911 2201 994 2247 est
1031 2203 1162 2261 ergo
1192 2188 1326 2243 liber
1355 2186 1515 2248 Deus,
1538 2181 1606 2238 de
1629 2195 1738 2252 quo
1763 2179 1962 2234 dictum
1988 2185 2072 2232 est
2093 2217 2109 2243 ,

521 2289 723 2360 Negare
746 2303 798 2340 se
821 2287 987 2355 ipsum
1009 2297 1110 2335 non
1140 2287 1300 2350 potest
1329 2278 1348 2348 (
1365 2275 1408 2331 II
1441 2275 1576 2328 Tim.
1597 2289 1655 2339 ιι,
1687 2271 1771 2341 15)
1801 2279 1894 2326 :et
1919 2269 1986 2323 de
2007 2281 2114 2337 quo

519 2382 679 2437 etiam
711 2380 825 2447 ipse
845 2373 1050 2439 dixisti,
1081 2372 1220 2425 Deus
1247 2385 1354 2424 esse
1381 2368 1482 2421 nisi
1504 2367 1680 2436 justus
1704 2379 1805 2417 non
1827 2371 1988 2430 potest
2009 2375 2029 2423 ;
2060 2367 2117 2412 et

521 2472 628 2526 alio
655 2470 793 2532 loco,
831 2465 950 2519 Non
979 2473 1140 2534 potest
1165 2468 1330 2514 autem
1353 2457 1514 2520 Deus,
1537 2454 1730 2525 inquis,
1761 2451 1860 2505 nisi
1873 2451 2046 2521 justs
2066 2457 2113 2502 et

523 2562 638 2632 pius
657 2575 762 2613 esse
784 2555 1004 2630 (Supra,
1034 2569 1186 2621 capp.
1218 2550 1312 2617 ‘28,
1341 2549 1457 2618 67).

597 2669 859 2726 LXXXII.
903 2666 1024 2721 Jun.
1071 2665 1174 2719 Per
1201 2661 1301 2716 hoc
1330 2661 1492 2732 igitur
1517 2659 1754 2729 suppetit
1781 2655 1982 2710 homini
2024 2655 2120 2708 ba-

529 2765 658 2817 bcre
681 2760 953 2832 proprium
983 2759 1202 2819 bonum,
1225 2770 1320 2824 per
1339 2751 1480 2823 quod
1498 2752 1544 2806 ei
1567 2751 1750 2805 subest
1768 2763 1923 2820 posse
1944 2745 2120 2800 facere

527 2854 743 2908 malum.
786 2850 916 2904 T0ta
945 2863 1073 2917 ergo
1103 2844 1267 2900 divini
1307 2840 1582 2912 plenitudo
1617 2839 1803 2910 judicii
1842 2846 1949 2892 tam
1992 2835 2120 2906 jun-

529 2953 671 2999 i-tum
702 2942 858 2996 habet
886 2938 1157 3010 negotium
1185 2951 1306 2991 cum
1335 2936 1434 2992 hac
1457 2933 1702 2988 libertate
1731 2931 2032 2994 hominum,
2061 2937 2123 2984 ut

531 3038 717 3090 harum
743 3033 832 3105 qui
863 3047 1020 3086 unam
1053 3028 1356 3100 agnoverit,
1391 3027 1578 3080 ambas
1621 3023 1850 3078 noverit.
1879 3019 2032 3077 Unde
2065 3021 2124 3075 fit

531 3143 587 3186 ut
615 3130 803 3185 harum
836 3141 993 3180 unam
1027 3123 1116 3194 qui
1146 3119 1448 3187 violaverit,
1490 3117 1675 3172 ambas
1705 3115 1885 3170 violet.
1911 3114 2000 3170 Sic
2026 3111 2124 3184 igi-

533 3236 616 3280 tur
644 3233 699 3279 et
727 3223 946 3276 libertas
984 3215 1200 3272 humani
1244 3211 1574 3270 custodiatur
1602 3207 1832 3268 arbitrii,
1861 3203 2122 3276 quemad-

531 3317 745 3373 modum
769 3313 945 3368 divina
974 3310 1200 3382 mquitas
1226 3305 1524 3362 custoditur
1542 3303 1582 3354 ³.
1611 3301 1706 3356 Hic
1727 3299 2028 3356 intellectus
2058 3295 2122 3350 li-

533 3411 645 3465 beri
675 3407 878 3464 arbitrii
925 3413 1028 3472 est,
1057 3401 1146 3474 qui
1171 3413 1226 3458 et
1253 3401 1478 3455 fatorum
1520 3395 1848 3468 opinionem,
1880 3401 1933 3448 et
1962 3389 2126 3446 Chal-

533 3503 770 3558 datorum
797 3498 1252 3568 supputationem,
1281 3501 1336 3548 et
1354 3487 1770 3546 Manichathrum
1795 3483 2123 3555 phantasias,

541 3591 752 3651 veritati
780 3585 1192 3647 ecclesiasticze‘
1219 3579 1536 3652 subiugavit.
1567 3577 1664 3633 Hic
1693 3575 1994 3631 intellectus
2020 3581 2124 3636 est,

534 3686 623 3757 qui
649 3699 770 3740 cum
791 3681 914 3746 illis,
939 3693 1076 3750 quos
1103 3673 1558 3735 enumeravimus,
1589 3683 1687 3723 vos
1725 3667 1887 3722 etiam
1919 3681 1947 3718 a
1973 3661 2129 3720 Chri-

537 3753 622 3831 sto
653 3781 917 3830 monstrat
945 3769 1175 3823 alienos.
1211 3764 1457 3821 Libertas
1497 3761 1658 3830 igitur
1683 3755 1921 3820 arbitrii,
1951 3753 2128 3825 possi-

539 3867 718 3921 bilitas
744 3872 826 3918 est
863 3860 948 3914 vel
973 3853 1292 3913 admittendi
1322 3853 1406 3907 vel
1435 3848 1638 3905 vitandi
1667 3847 1870 3918 peccati
1894 3887 1909 3911 ,
1937 3859 2131 3914 expers

541 3953 780 4026 cogentis
807 3949 1163 4012 necessitatis,
1191 3961 1309 4016 quae
1337 3943 1388 3998 in
1417 3957 1516 3996 suo
1544 3947 1729 4010 utpote
1759 3936 1918 4008 jure'
1949 3935 2129 4000 habet,

541 4059 719 4104 utrum
747 4043 1075 4115 surgentium
1107 4048 1310 4111 partem
1331 4036 1352 4068 ⁸
1391 4042 1663 4104 sequatur,
1698 4029 1750 4084 id
1777 4039 1893 4096 est,
1924 4028 2006 4084 vel
2047 4043 2136 4082 ar-

542 4141 646 4195 dua
671 4150 968 4208 asperaque
995 4132 1272 4197 virtutum,
1302 4127 1384 4183 vel
1409 4126 1654 4181 demersa
1680 4131 1736 4178 et
1753 4119 2012 4193 palustria
2037 4133 2133 4173 vo-

547 4233 824 4286 luntatum.

640 4249 824 4285 latum.

605 4249 754 4380 PAUG.
795 4319 968 4376 llumo
987 4313 1238 4388 quamdiu
1269 4312 1412 4368 stetit
1439 4311 1492 4365 in
1523 4309 1659 4364 bona
1681 4305 1953 4360 voluntate
1981 4303 2133 4358 liberi

600 4495 630 4525 -ι
653 4491 789 4549 Edtti,
815 4486 918 4539 sola
937 4481 1230 4549 r_ati_one__pet
1266 4473 1567 4549 baﬁgnitmis
1603 4469 2036 4549 pet_ntaiigti_itat‘s.s_
2045 4471 2136 4549 int-

549 4536 996 4662 ᾓξιζῖᾗίἔὲΐηωάο
1017 4543 1284 4610 intelligas,
1310 4536 1419 4604 quo.
1444 4536 1766 4588 Emendantur
1789 4536 1856 4584 ei
1881 4541 1986 4582 uss.
2008 4541 2131 4582 Port.

551 4627 661 4666 star.
687 4621 740 4664 (⁵η
757 4621 880 4662 Clar.

613 4655 906 4738 Vedii—per
927 4683 978 4722 se
997 4668 1168 4720 bonum
1180 4667 1370 4738 facere,
1396 4657 1710 4738 ⁸ιὶιπιιιῑὶει
1744 4664 1832 4708 est.
1856 4655 1950 4706 Sed
1971 4663 2136 4706 nostra

551 4724 706 4790 iectio
719 4724 798 4786 esi.
815 4724 1039 4785 veterum
1063 4724 1276 4790 omnium
1297 4724 1546 4775 librorum.

825 4776 1284 4859 'EEs'zJéiit."Kiétius
1325 4783 1668 4859 manuscriptin
1698 4776 1992 4859 erutoditur.

615 4862 637 4894 ⁸
658 4841 774 4910 Sic“
787 4841 1061 4908 Lissi-[idid
1105 4865 1226 4902 vero
1239 4887 1255 4912 ,
1298 4847 1494 4912 veritate
1543 4841 1886 4912 ecclesiastica.

614 4927 636 4958 ι
661 4900 897 4980 siin
924 4900 1089 4980 sibi-Tia
1115 4900 1261 4980 an;
1284 4910 1474 4980 λιιιίίιιιί
1507 4903 1853 4980 οπρςιεθὲίιξεί)
1887 4900 1938 4980 ‘3'
1963 4905 2137 4980 5‘11“

569 4961 809 5046 maia:
829 4961 1200 5046 $355,)“
1217 4961 1223 4962 ί
1239 4961 1437 5046 forsitan
1454 4963 2022 5046 utiutqu
2035 4961 2082 5010 tit
2098 4967 2134 5023 ),

551 5001 659 5094 ἶιοιε
669 5001 801 5046 Jure.
834 5001 948 5038 vox,
969 5001 1098 5042 pum,
1122 5001 1200 5024 ιιιυ
1241 5001 1437 5024 summa
1483 5001 1632 5030 Im“.-
1658 5001 1674 5026 κ
1694 5001 1746 5014 ι...
1769 5001 2010 5013 -..νη-...-
2035 5001 2082 5010 -..
2098 5001 2134 5023 ,,

573 5061 661 5096 σου
683 5043 981 5098 nominativi,
1011 5037 1132 5104 potis
1162 5048 1178 5085 :
1211 5043 1264 5084 ut
1288 5033 1418 5084 idem
1447 5032 1525 5092 sit,
1549 5035 1601 5079 ut
1623 5035 1762 5093 pote;
1797 5039 1872 5086 ac,
1907 5031 2138 5086 tanquam

556 5113 939 5220 Wﬁlifenardus,
961 5166 1130 5224 utram
1152 5153 1470 5224 squngan
1508 5155 1712 5224 partem.
1731 5155 2139 5224 ii'oXLsttgqeren-

557 5235 656 5288 lta’,
672 5210 908 5288 barbara,
929 5210 1095 5288 neque
1118 5210 1338 5288 hominis”
1361 5210 1550 5288 esttu'ti
1572 5210 1810 5284 .tulianum
1833 5220 1997 5288 supra,
2031 5218 2136 5288 (illi.

559 5267 1199 5350 ﬁ’aﬁﬁéiﬁt‘igg'dainas,
1222 5267 1732 5350 't‘ullianiIVigpierius
1753 5267 1968 5350 porro'et
1984 5267 2138 5316 codex

561 5333 806 5402 Foi-ta'r'hin
829 5333 1110 5409 praeferunt,
1135 5333 1295 5409 utrum
1310 5333 1666 5409 suggerentiwn
1687 5339 1890 5405 partem.
1915 5336 2006 5409 Sps
2029 5341 2140 5398 cum

829 5389 1326 5466 EtEiﬁiiigmzim
1369 5389 1557 5462 ’ῥὲὶι-ιεπι
1588 5407 1602 5448 :
1626 5389 1740 5456 quia
1775 5393 1846 5466 sic
1871 5389 2140 5466 sellegi‘sse

563 5449 1400 5532 "resistam-ta.
1423 5471 1545 5532 sua,
1560 5449 1659 5520 qua-
1685 5455 1887 5532 gratiam
1921 5449 2036 5500 dicit
2053 5449 2142 5532 bo-

561 5516 1088 5594 mi—niwadsuigeudum,
1121 5516 1216 5572 non
1237 5523 1380 5593 stanti
1410 5516 1624 5594 quidem,
1648 5516 1736 5567 sed
1761 5516 2142 5594 lapso_nece5sa-

561 5574 889 5646 3533.153;
898 5574 1134 5638 Vtin—lianus
1171 5574 1458 5647 scripserat}
1502 5574 1665 5628 utram
1698 5574 1995 5647 sui-gentiam
2029 5584 2145 5647 par-

563 5633 1152 5710 iﬁ'kvirihiﬁni'éaiiéét
1173 5633 1562 5710 ac__§'9|ul»ijil“m
1591 5633 1856 5710 vomer?”
1889 5633 2052 5710 ian-2s
2082 5633 2143 5680 ⁵⁵.

707 5693 1125 5771 "iiiiiiniiiégh'
1137 5693 1515 5771 —_so_llicitandatt1
1530 5763 1540 5771 _
1553 5709 1824 5771 surgentes
1845 5693 2142 5771 Δεὶειιίίὶρειςπει

567 5752 774 5838 ῖίξῖὲιιιῖἰ
801 5752 1414 5839 εὶᾶἶὲὶιῆξιῦὶιάῐιιιιὶιετβ
1437 5752 1750 5839 τιοιιιειῐυνο
1766 5752 2073 5810 Historiarum
2093 5752 2142 5806 δ.

567 5823 1130 5902 {apt—{,“a'stirgeutibus
1150 5839 1252 5880 tum
1275 5827 1482 5876 maxime
1503 5823 1733 5886 partibus.
1759 5837 1781 5866 ι

1185 347 1429 406 OI‘ERIS
1467 345 1877 402 IMPERFECTI
1908 343 2179 400 CONTRA
2220 341 2586 408 JULIANUM,
2628 343 2686 398 S.
2727 337 3096 399 AUGUSTINI

3647 339 3802 395 11οι

2207 457 2434 525 arbitrii,
2470 473 2575 512 non
2617 471 2753 527 opus
2787 455 3017 511 habebat
3048 471 3110 510 ea
3150 454 3335 526 gratia,
3369 467 3470 522 qua
3502 453 3795 515 levaretur,

2206 562 2327 603 cum
2357 563 2577 618 surgere
2607 547 2720 618 ipse
2745 563 2851 601 non
2869 556 3085 617 posset:
3107 559 3250 600 nunc
3277 557 3403 598 vero
3425 544 3478 596 in
3499 543 3656 598 ruina
3673 557 3796 608 sua,

2208 641 2343 696 liber
2367 649 2448 694 est
2473 639 2692 709 iustitiae
2713 679 2728 706 ,
2755 651 3050 708 servusque
3077 636 3310 706 peccati;
3342 648 3441 689 nec
3471 642 3646 704 potest
3673 649 3798 688 ser-

2211 747 2305 785 vus
2325 745 2444 786 esse
2466 731 2724 800 iustitiae,
2757 738 2812 784 et
2850 729 2986 785 liber
3012 743 3041 782 a
3077 727 3390 785 dominante
3417 737 3658 797 peccato,
3689 725 3800 780 nisi

2208 837 2330 876 eum
2362 821 2528 875 Filius
2547 821 2868 876 liberaverit.

2275 911 2558 967 LXXXIII.
2589 912 2708 967 Jun.
2749 911 2898 980 Quod
2925 919 2986 966 ut
3011 911 3248 966 breviter
3273 909 3602 976 absolvatur,
3625 908 3804 978 possi-

2211 1004 2386 1059 bilitas
2427 1011 2516 1060 est
2544 1003 2609 1058 ad
2654 1004 2755 1058 hoc
2793 1004 2964 1057 solum
2995 1003 3295 1069 excubans,
3339 1015 3406 1056 ne
3437 1002 3598 1056 homo
3618 999 3699 1060 vel
3743 999 3800 1054 in

2211 1102 2485 1162 peccatum
2520 1109 2549 1148 a
2586 1109 2851 1164 quoquam
2893 1093 3214 1162 impellatur,
3253 1092 3334 1146 vel
3369 1107 3399 1144 a
3427 1098 3646 1160 peccato
3668 1089 3803 1144 abs-

2213 1185 2482 1251 trahatur,
2529 1187 2798 1242 voluntate
2835 1187 3086 1254 captiva:
3116 1199 3273 1254 quam
3311 1198 3416 1238 non
3459 1195 3618 1252 posse
3653 1181 3796 1250 capi,

2211 1279 2254 1332 si
2284 1277 2406 1332 dedi
2435 1278 2548 1347 ipsa
2577 1278 2826 1341 noluerit,
2858 1285 3081 1332 testatur
3109 1273 3365 1329 fortitudo
3383 1313 3398 1339 ,
3435 1272 3585 1342 cujus
3613 1273 3804 1330 lacerti

2213 1370 2264 1424 in
2289 1377 2597 1440 contemptu
2626 1369 2870 1424 dolorum
2895 1377 2949 1423 et
2968 1381 3064 1438 per
3082 1365 3321 1422 Gentiles
3346 1373 3400 1420 et
3427 1379 3520 1436 per
3536 1359 3806 1418 Christia-

2213 1477 2312 1518 nos
2335 1461 2548 1518 assidue
2575 1463 2900 1518 claruerunt.

2284 1555 2417 1611 Anc.
2459 1553 2572 1609 Hoc
2599 1562 2682 1609 est
2725 1553 2939 1623 utique,
2967 1550 3110 1622 quod
3148 1551 3288 1622 agit‘
3320 1548 3543 1604 Incresis
3571 1555 3747 1602 vestra
3785 1563 3802 1601 :

2213 1644 2278 1698 ad
2321 1643 2423 1699 hoc
2460 1645 2603 1699 enim
2634 1644 2830 1699 additis
2870 1652 2926 1699 et
2953 1643 3218 1708 Gentiles,
3249 1655 3316 1696 ne
3348 1640 3448 1711 pia:
3475 1637 3806 1694 fortitudinis

2213 1751 2348 1804 opus
2377 1735 2472 1790 Dei
2501 1736 2670 1806 gratia
2693 1735 2978 1789 Christiani
3010 1733 3187 1788 facere
3211 1733 3467 1803 potuisse,
3490 1739 3581 1784 aut
3611 1728 3809 1784 fecisse

2213 1827 2537 1892 credantur;
2562 1843 2682 1899 qua:
2705 1825 3020 1882 Christianis
3043 1834 3126 1880 est
3153 1823 3384 1895 propria,
3406 1837 3509 1877 non
3537 1819 3805 1874 Christia-

2216 1919 2298 1975 nis
2325 1919 2731 1990 Gentilibusque
2755 1917 3076 1975 communis.
3105 1916 3297 1972 Audite
3333 1930 3479 1986 ergo,
3513 1923 3568 1970 et
3603 1913 3807 1968 intelli-

2215 2012 2322 2082 gite
2361 2029 2376 2065 :
2429 2012 2816 2068 Fortitudinem
2861 2009 3150 2067 Gentilium
3201 2007 3464 2062 mundana
3512 2006 3806 2075 cupiditas,

2219 2104 2576 2159 fortitudinem
2603 2113 2780 2158 autem
2810 2101 3238 2157 Christianorum
3263 2099 3354 2154 Dei
3385 2099 3618 2160 charitas
3649 2097 3807 2160 facit;

2218 2211 2336 2266 qua:
2361 2195 2553 2252 diffusa
2580 2205 2662 2251 est
2684 2196 2736 2250 in
2755 2195 3005 2250 cordibus
3032 2193 3248 2260 nostris,
3274 2207 3378 2245 non
3409 2205 3501 2259 per
3522 2157 3814 2242 v.0luntatis

2219 2288 2496 2344 arbitrium
2517 2329 2533 2354 ,
2564 2286 2705 2358 quod
2741 2295 2826 2342 est
2852 2301 2881 2339 a
2922 2285 3075 2340 nobis
3095 2325 3110 2348 ,
3141 2283 3236 2338 sed
3265 2298 3360 2352 per
3394 2281 3648 2352 Spiritum
3679 2295 3814 2335 san-

2219 2389 2364 2435 ctum
2393 2381 2483 2450 qui
2509 2380 2663 2434 datus
2690 2389 2771 2435 est
2793 2379 2946 2432 nobis
2977 2376 3150 2447 (Rom.
3183 2391 3238 2443 ν,
3268 2373 3347 2445 5).

2292 2471 2578 2526 LXXXIV.
2620 2470 2736 2525 Jun.
2777 2469 2832 2524 Si
2858 2484 2984 2540 ergo
3012 2478 3114 2532 est,
3147 2477 3206 2521 ut
3229 2467 3364 2521 ratio
3393 2463 3641 2535 prodidit,
3669 2461 3816 2517 arbi-

2225 2562 2315 2616 trii
2353 2562 2574 2616 libertas
2617 2560 2969 2631 promulsatrix
3003 2557 3413 2622 necessitatum,
3446 2565 3503 2609 ut
3541 2567 3702 2608 nemo
3741 2552 3815 2606 sit

2223 2653 2308 2708 vel
2331 2653 2502 2707 bonus
2524 2651 2606 2706 vel
2637 2653 2829 2718 malus,
2861 2651 2945 2704 cui
2975 2664 3080 2704 non
3107 2651 3176 2704 sit
3201 2649 3426 2702 liberum
3452 2660 3572 2702 esse
3595 2655 3814 2699 contra-

2226 2745 2398 2810 rium;
2429 2742 2877 2814 quemadmodum
2907 2751 2959 2796 tu
2979 2739 3366 2795 autconfessus
3386 2754 3445 2794 es
3473 2738 3697 2794 liberum
3725 2752 3818 2790 ar-

2225 2835 2465 2904 bitrium,
2497 2837 2723 2890 usurus‘
2752 2835 2838 2888 tali
2869 2833 3174 2889 testimonio
3203 2832 3341 2902 quod
3371 2831 3597 2902 captivis
3615 2843 3818 2886 conve-

2228 2928 2364 2994 nit’,
2391 2937 2484 2981 aut
2503 2927 2611 2982 tale
2649 2926 3010 2982 testimonium
3050 2923 3351 2988 subdidisti,
3377 2929 3652 2992 postquam
3686 2921 3821 2978 libe-

2227 3034 2347 3073 rum
2391 3017 2568 3073 fueras
2605 3015 2883 3071 confessus
2912 3013 3233 3068 arbitrium?
3269 3013 3362 3067 Ais
3404 3012 3545 3066 enim
3579 3029 3593 3066 :
3645 3029 3664 3064 ι
3697 3009 3819 3066 Non

2228 3125 2484 3181 negamus
2512 3109 2789 3164 arbitrium
2817 3107 3041 3162 liberum
3063 3089 3216 3171 ;-sed,
3241 3103 3304 3160 Si
3329 3120 3414 3158 vos
3442 3101 3610 3157 Filius
3637 3101 3822 3156 libera-

2227 3204 2372 3268 verit,
2405 3203 2478 3258 ait
2504 3200 2740 3265 Veritas,
2775 3209 2895 3252 tunc
2920 3213 3033 3252 vere
3059 3196 3200 3250 liberi
3225 3195 3382 3250 eritis.
3421 3213 3439 3246 ι
3484 3192 3823 3248 Manifestum

2230 3303 2313 3350 est
2335 3294 2603 3350 Christum
2647 3293 2701 3346 in
2750 3291 2841 3344 illo
2878 3291 2998 3344 loco
3038 3287 3104 3342 ad
3134 3287 3395 3356 captivam
3441 3283 3822 3341 conscientiam

2231 3385 2393 3441 verba
2419 3383 2648 3448 fecisse;
2679 3397 2835 3452 quam
2871 3380 3093 3435 liberam
3123 3395 3227 3432 non
3255 3393 3373 3433 esse
3401 3376 3693 3447 prodebat;
3725 3375 3824 3430 sed

2232 3477 2519 3533 obnoxiam
2551 3477 2599 3531 ei
2634 3475 2855 3540 ultioni,
2897 3489 3015 3544 qua:
3043 3471 3366 3527 condemnat
3393 3479 3629 3540 peccata,
3653 3468 3824 3523 libera

2231 3569 2508 3624 voluntate
2549 3567 2856 3622 ctnnmissa.
2890 3564 3059 3633 Quam
3099 3563 3419 3619 sententiam
3461 3571 3514 3616 tu
3559 3560 3698 3616 male
3735 3560 3824 3614 in-

2233 3663 2501 3733 telligens,
2531 3659 2582 3716 id
2609 3667 2711 3723 est,
2745 3675 2850 3712 non
2891 3657 3211 3728 intelligens,
3239 3665 3332 3710 aut
3361 3655 3500 3710 forte
3535 3655 3587 3708 in
3619 3653 3708 3708 te‘
3737 3654 3826 3708 in-

2236 3755 2509 3825 telligens,
2538 3761 2594 3808 et
2621 3753 2723 3806 huc
2766 3761 2951 3804 natura
2987 3764 3080 3803 sua
3123 3755 3450 3819 repugnante
3477 3745 3726 3807 trahens,
3765 3743 3824 3800 in

2235 3862 2301 3902 eo
2327 3845 2550 3916 posuisti
2596 3845 2743 3908 loco,
2777 3842 2863 3897 ubi
2895 3857 2924 3896 a
2951 3841 3058 3896 tuis
3085 3839 3419 3896 sermonibus
3450 3847 3559 3893 tota
3589 3838 3667 3892 sui
3701 3852 3828 3907 pro-

2238 3939 2463 4008 prietate
2503 3934 2794 3991 discordat.
2829 3931 2906 3989 Ut
2953 3933 3094 3987 enim
3139 3933 3253 4004 ipsa
3291 3931 3453 3986 verba
3491 3931 3776 4001 jungamus
3805 3947 3824 3985 :

2237 4030 2390 4098 Quod
2419 4029 2711 4093 liberatur,
2748 4027 3016 4097 captivum
3060 4035 3144 4081 est
3186 4044 3200 4080 :
3241 4023 3381 4096 quod
3409 4023 3675 4092 captivum
3717 4031 3824 4088 est,

2240 4121 2465 4176 liberum
2503 4135 2610 4175 non
2653 4129 2779 4175 est:
2821 4117 2962 4188 quod
3007 4117 3230 4172 liberum
3267 4124 3380 4180 est,
3412 4114 3678 4184 captivum
3715 4128 3827 4167 non

2239 4225 2338 4270 est.

2312 4307 2443 4361 Anc.
2465 4305 2582 4359 Alia
2609 4313 2694 4360 est
2715 4303 2960 4360 remissio
2988 4309 3348 4372 peccatorum,
3373 4295 3424 4352 in
3445 4297 3524 4353 eis
3542 4313 3660 4366 qua:
3687 4295 3830 4351 male

2241 4397 2378 4452 facta
2407 4404 2562 4460 sunt;
2593 4396 2696 4450 alia
2739 4395 2972 4449 charitas
2991 4435 3006 4456 ,
3051 4407 3168 4462 qua:
3199 4389 3322 4446 facit
3349 4391 3371 4422 ⁵
3401 4389 3627 4444 liberum
3669 4386 3735 4441 ad
3762 4401 3828 4442 ea

2241 4505 2359 4560 quae
2387 4487 2522 4542 bona
2549 4486 2794 4542 facienda
2827 4494 2970 4540 sunt.
2998 4481 3238 4552 Utroque
3263 4479 3426 4536 modo
3453 4479 3644 4534 liberat
3671 4476 3832 4532 Chri-

2241 4590 2356 4638 stus
2378 4599 2393 4646 ;
2416 4583 2538 4651 quia
2561 4587 2616 4635 et
2639 4579 2968 4649 iniquitatem
2994 4573 3320 4646 ignoscendo
3341 4571 3516 4627 aufert
3531 4612 3549 4638 ,
3581 4579 3637 4625 et
3665 4568 3833 4638 inspi-

2243 4674 2408 4730 rando
2437 4672 2620 4726 tribuit
2638 4670 2972 4725 charitatcm.

2315 4761 2575 4820 LXXXV.
2620 4761 2739 4817 JUL.
2782 4759 2862 4814 Tu
2892 4756 3149 4813 utrumvis
3177 4753 3265 4809 hic
3306 4752 3618 4824 simpliciter
3656 4746 3830 4804 conli-

2244 4870 2356 4914 terc
2375 4899 2390 4923 ,
2421 4865 2474 4912 et
2501 4853 2738 4910 cavillari
2763 4851 2949 4907 desine
2993 4867 3010 4903 :
3057 4855 3149 4903 aut
3172 4845 3259 4901 dic
3291 4845 3566 4900 nobiscum
3602 4839 3830 4894 liberum

2243 4965 2362 5006 esse
2404 4945 2714 5002 arbitrium:
2745 4951 2801 4998 et
2842 4954 3059 4996 remove
3102 4935 3500 4999 testimonium,
3547 4930 3689 5003 quod
3733 4945 3834 4983 suo

2244 5051 2484 5110 tempore
2514 5051 2748 5106 congrue
2777 5033 3036 5102 prolatum
3067 5039 3182 5092 est;
3209 5037 3333 5090 aut,
3375 5026 3512 5078 sicut
3552 5023 3602 5077 in
3633 5021 3718 5075 his
3765 5019 3828 5073 li-

2243 5135 2384 5198 bris,
2412 5147 2546 5201 quos
2573 5144 2713 5183 nunc
2742 5142 2836 5196 per
2863 5124 3109 5196 Alypium
3135 5121 3202 5176 ad
3239 5119 3565 5174 Bonifacium
3596 5113 3786 5170 misisti
3810 5155 3828 5180 ,

2244 5223 2329 5278 die
2357 5221 2622 5292 captivum
2649 5233 2771 5273 esse
2795 5215 3073 5270 arbitrium
3095 5255 3110 5279 ,
3138 5211 3278 5283 quod
3310 5225 3408 5264 nos
3438 5209 3666 5262 liberum
3695 5205 3836 5260 dici-

2247 5331 2384 5378 mus,
2413 5321 2468 5368 et
2495 5311 2684 5367 desine
2707 5317 2760 5363 te
2782 5321 2978 5377 negare
3003 5302 3370 5359 Manichaeum.

2317 5393 2453 5460 Auc.
2499 5400 2821 5457 Manichzeus
2866 5393 3252 5452 immutabilem
3307 5388 3658 5448 substantiam
3710 5385 3840 5442 mali

2313 5565 2327 5594 ι
2357 5561 2500 5618 aditi,
2523 5555 2609 5607 ait.
2633 5561 2763 5614 Mss,
2789 5549 2908 5618 agit.
3214 5613 3254 5618 __
3394 5601 3596 5618 ΛῌΑμ,

2309 5627 2332 5656 ⁸
2359 5603 2513 5674 Ξῖιὶὶῗ,
2526 5603 2763 5668 aerum:
2781 5603 3080 5674 cistigantur
3096 5619 3192 5672 ope
3214 5613 3299 5658 Ms.
3315 5603 3642 5655 Marianensis.

2315 5687 2335 5718 ³
2356 5671 2626 5748 Menstruus,
2650 5677 2859 5748 captivos
2883 5671 3117 5748 convenit.

2311 5748 2334 5780 δ
2358 5749 2458 5804 Hic,
2475 5739 2528 5793 in
2547 5749 2612 5800 te,
2632 5739 2936 5804 restituimus
2957 5747 3022 5785 ex
3048 5742 3153 5783 Mss.

2303 5809 2321 5837 υ
2346 5804 2430 5856 Sic
2581 5797 2634 5852 At
2657 5802 2790 5860 editi,
2817 5797 2943 5854 fecit.
