4140 6494
347 435 485 490 H05

344 555 546 601 natura:
572 542 665 600 Dei
689 545 769 599 sui
800 543 989 599 miscet
1013 541 1231 597 insanus
1251 580 1267 605 ,
1295 548 1350 595 et
1387 537 1630 593 eamdem
1674 547 1919 592 naturam

344 637 439 692 Dei
473 637 648 706 potius
684 635 1083 705 corruptibilem
1109 632 1266 698 facit,
1297 641 1352 686 et
1392 631 1493 684 sub
1520 630 1694 685 aliena
1736 639 1922 683 natura

339 727 453 779 vult
479 740 602 781 esse
636 726 896 795 captivam
927 743 940 778 :
976 723 1108 778 fides
1133 733 1309 777 autem
1353 721 1611 776 catholica
1632 759 1648 783 ,
1690 720 1882 774 bonam
1906 759 1921 782 ,

338 815 433 869 sed
465 825 642 869 tamen
685 814 1026 878 mutabilem,
1066 821 1363 867 creaturam
1396 811 1448 864 in
1475 809 1711 864 deterius
1733 809 1923 862 volun-

339 915 446 961 tate
475 914 766 969 mutatam;
795 919 858 958 ac
898 920 991 972 per
1029 902 1160 966 hoc,
1192 902 1484 971 depravata
1518 914 1613 955 sua
1637 899 1923 969 vitiataque

337 1006 524 1052 natura
545 1036 561 1063 ,
593 1011 699 1051 non
725 996 826 1050 sub
848 997 865 1027 ί
889 996 1061 1049 aliena
1086 993 1377 1049 substantia
1399 1033 1414 1058 ,
1455 991 1549 1046 sed
1578 991 1676 1046 sub
1705 1000 1922 1061 peccato

335 1104 437 1144 suo
460 1103 604 1143 ream
635 1089 762 1143 dicit
789 1087 1053 1143 serviliter
1089 1086 1340 1142 detineri.
1371 1086 1448 1140 Ac
1479 1099 1574 1155 per
1607 1083 1708 1138 hoc
1729 1124 1744 1148 ,
1771 1091 1826 1138 et
1852 1082 1921 1138 de

336 1180 459 1249 ipso
482 1179 767 1235 liberatore
792 1180 1014 1234 multum
1041 1178 1109 1233 ab
1133 1193 1198 1232 eo
1218 1186 1397 1232 nostra
1417 1176 1631 1230 diversa
1658 1175 1920 1231 sententia

334 1279 439 1326 est.
469 1271 790 1326 Manicbmus
818 1272 958 1326 enim
987 1269 1114 1324 dicit
1150 1284 1286 1338 opus
1312 1283 1432 1323 esse
1459 1268 1743 1323 liberatore
1763 1307 1778 1331 ,
1807 1275 1918 1322 uta

334 1361 490 1416 nobis
530 1372 770 1417 naturam
814 1369 1026 1432 separet
1065 1360 1290 1415 alienam
1321 1377 1334 1413 :
1363 1374 1461 1414 nos
1485 1368 1661 1414 autem
1682 1399 1697 1423 ,
1733 1365 1793 1413 ut
1827 1373 1918 1412 sa-

332 1459 427 1505 net
468 1459 524 1506 et
566 1451 796 1506 vivilicet
845 1459 1101 1507 nostram.
1126 1449 1206 1504 'l‘u
1235 1464 1362 1519 ergo
1404 1448 1703 1517 adjutorem
1753 1446 1918 1502 Mani-

332 1541 466 1596 chtei
492 1550 546 1597 te
568 1558 671 1598 non
695 1557 814 1599 esse
837 1542 1060 1597 ostende
1079 1583 1095 1608 ,
1126 1541 1173 1596 si
1209 1550 1392 1610 potes,
1420 1540 1507 1610 qui
1549 1539 1788 1594 miserias
1818 1539 1918 1594 bo~

334 1631 534 1686 minum
558 1672 574 1697 ,
601 1647 723 1687 cum
762 1631 954 1702 quibus
981 1646 1076 1687 eos
1102 1631 1282 1694 nasci,
1324 1630 1572 1701 quoniam
1605 1629 1720 1684 sine
1755 1628 1918 1684 dubio

332 1722 528 1786 sentit,
566 1722 682 1778 sine
719 1722 882 1778 dubio
921 1721 1188 1778 consentit
1217 1723 1239 1754 ³
1266 1735 1432 1791 genus
1469 1719 1755 1773 humanum
1778 1759 1794 1785 ,
1823 1734 1921 1773 no-

333 1812 451 1868 lens
493 1814 726 1870 tribuere
764 1822 980 1885 peccato
1005 1813 1200 1867 vitiatae
1245 1820 1450 1866 natura:
1485 1819 1710 1877 nostrae,
1743 1808 1870 1864 facis
1894 1809 1916 1842 ³

333 1914 390 1958 ιιι
425 1919 518 1958 eas
565 1904 657 1959 ille
697 1903 975 1974 permixta:
1020 1902 1175 1957 nobis
1217 1910 1419 1956 natum
1468 1899 1664 1954 tribuat
1703 1898 1912 1954 alienze.

399 1993 682 2049 LXXXVI.
714 1993 832 2049 JUL.
873 1993 1136 2048 Caeterum
1181 1991 1288 2047 duo
1327 1991 1426 2046 ista
1470 2005 1589 2062 quae
1620 1989 1819 2060 jungis,
1851 1989 1915 2044 Ii-

330 2085 514 2138 herum
539 2093 593 2138 et
618 2099 722 2139 non
755 2084 1003 2150 liberum,
1038 2082 1091 2138 id
1139 2091 1222 2138 est
1260 2083 1484 2137 liberum
1526 2089 1581 2137 et
1623 2081 1908 2150 captivum,

330 2172 405 2226 illi
428 2172 641 2241 quidem
668 2172 828 2228 reide
857 2187 960 2243 qua
983 2172 1175 2243 agitur,
1197 2171 1484 2227 convenire
1512 2185 1617 2226 non
1643 2179 1863 2241 possunt
1894 2187 1910 2224 :

329 2263 422 2318 tibi
453 2279 581 2319 vero
608 2265 882 2319 stultitiam
911 2265 1251 2335 singularem,
1281 2263 1662 2333 impudentiam
1690 2278 1907 2330 novam,

327 2355 649 2424 impietatem
674 2365 906 2412 veterem
937 2355 1112 2410 inesse
1137 2362 1414 2410 testantur.

397 2445 532 2500 Anc.
569 2445 792 2500 Liberos
851 2445 1078 2500 dicimus
1114 2444 1181 2499 ad
1208 2443 1447 2500 facienda
1489 2457 1649 2513 opera
1697 2443 1908 2514 pietatis

324 2545 440 2598 eos,
469 2532 662 2602 quibus
713 2533 840 2588 dicit
887 2533 1210 2603 Apostolus,
1240 2531 1396 2587 Nunc
1437 2542 1608 2586 autent
1656 2531 1852 2586 liberati
1875 2548 1908 2586 a

326 2633 549 2691 peccato,
571 2625 701 2678 servi
723 2633 892 2679 autem
911 2625 1033 2696 facti
1061 2622 1191 2688 Deo,
1211 2623 1402 2678 habetis
1443 2624 1662 2694 fructum
1689 2631 1907 2676 uestrum

323 2712 379 2766 in
414 2714 884 2782 sanctiﬁcationem,
913 2715 1068 2783 finem
1095 2729 1210 2768 vero
1237 2714 1389 2767 vitam
1433 2722 1674 2767 (sternam
1698 2713 1718 2783 (
1746 2711 1898 2766 Rom.

323 2819 398 2870 vt,
427 2803 499 2858 22
527 2804 566 2874 ).
596 2805 746 2861 Hune
780 2807 832 2861 in
873 2805 1286 2861 sanctificatione
1313 2803 1565 2868 fructum,
1587 2804 1678 2874 qui
1702 2803 1904 2859 fructus

323 2894 696 2962 proculdubio
742 2896 974 2950 eharitas
999 2905 1099 2961 est,
1156 2903 1316 2964 atque
1365 2909 1526 2964 opera
1565 2896 1702 2963 ejus,
1752 2895 1901 2950 nullo

324 2983 482 3039 modo
507 2984 703 3041 habere
742 3001 1022 3056 possumus
1051 2984 1123 3040 ‘a
1165 2985 1355 3051 nobis;
1381 2985 1476 3040 sed
1526 2985 1782 3041 habemus
1810 3002 1910 3056 per-

321 3071 576 3142 Spiritum
604 3085 868 3140 sanctum,
908 3077 998 3146 qui
1021 3075 1174 3129 datus
1202 3083 1286 3129 est
1310 3074 1482 3130 nobis.
1510 3075 1584 3130 De
1610 3075 1726 3144 ipso
1752 3078 1908 3146 quip—

321 3162 580 3231 pefructu
608 3165 922 3236 loquebatur
965 3166 1218 3236 magister
1267 3167 1428 3232 Deus,
1475 3166 1687 3236 quando
1717 3167 1904 3235 palmi-

321 3254 463 3310 tibus
479 3255 530 3310 in
560 3272 619 3311 se
635 3258 972 3312 manentibus
1001 3257 1230 3321 dicebat,
1255 3257 1380 3312 Siue
1423 3273 1502 3311 me
1544 3257 1671 3311 nihil
1700 3259 1904 3326 potestis

318 3348 529 3417 facere(
562 3347 720 3402 Joan.
748 3365 839 3416 xv,
858 3353 892 3404 5
919 3349 958 3419 ).
987 3349 1092 3405 Sed
1119 3350 1396 3404 stultitiam
1435 3349 1757 3419 singularem
1801 3366 1901 3404 no-

319 3437 402 3492 bis
445 3438 621 3494 inesse
645 3441 980 3503 conviciaris,
1010 3441 1130 3510 quia
1157 3441 1299 3496 Deus
1327 3439 1481 3495 nobis
1499 3441 1667 3494 virtus
1685 3449 1786 3506 est,
1804 3456 1902 3497 nec

318 3529 372 3583 in
420 3539 600 3586 nostra
652 3533 846 3586 virtute
883 3531 1201 3586 confidimus
1229 3549 1244 3585 :
1271 3538 1328 3586 et
1375 3531 1756 3600 impudentiam
1802 3546 1902 3586 no-

317 3635 459 3688 vam,
485 3622 607 3691 quia
621 3621 1110 3692 concupiscentiam
1146 3622 1343 3687 carnis,
1387 3637 1490 3692 qua
1515 3637 1642 3676 caro
1689 3638 1890 3678 concu-

318 3713 474 3780 piscit
500 3713 764 3770 adversus
795 3713 1061 3783 spiritum,
1099 3728 1207 3767 non
1234 3723 1319 3766 tua
1351 3711 1525 3767 fronte
1577 3712 1853 3769 laudamus
1885 3731 1898 3768 :

316 3812 372 3857 et
423 3803 747 3872 impietatem
803 3812 1061 3869 veterem,
1109 3804 1358 3873 quoniam
1407 3803 1654 3874 dogmata
1684 3805 1900 3874 antiqua

315 3893 597 3960 catholica,
619 3911 738 3964 qute
759 3894 1056 3950 docuerunt
1099 3895 1186 3963 qui
1219 3894 1512 3949 Ecclesiatn
1548 3894 1745 3949 Christi
1776 3903 1900 3950 ante

317 4001 416 4040 nos
437 3987 487 4041 in
510 3987 810 4058 ejusgratia
847 4003 972 4042 vera
1020 3988 1216 4057 pietate
1249 3995 1520 4050 rexerunt,
1552 3995 1737 4042 contra
1775 4003 1901 4057 per-

315 4077 620 4132 versitatem
638 4089 866 4132 vestram
909 4077 1159 4132 novitiam
1195 4076 1677 4147 quantulocumque
1715 4077 1900 4132 labore

313 4167 670 4224 defendimus.
708 4167 766 4224 In
820 4177 872 4223 te
918 4168 1076 4237 igitur
1127 4181 1356 4236 agnosce
1407 4167 1706 4232 stultitiam,
1740 4166 1896 4224 inte

316 4259 716 4328 impudentiam,
742 4259 795 4314 in
835 4268 887 4316 te
918 4259 1263 4330 impietatem,
1311 4273 1417 4314 non
1439 4267 1673 4314 veterem
1701 4273 1830 4313 sane
1848 4259 1894 4326 ⁸,

313 4351 414 4405 sed
436 4365 647 4405 novam.

385 4440 690 4495 LXXXVII.
718 4440 839 4495 JUL.
885 4440 990 4496 Sed
1013 4441 1123 4512 jam
1153 4452 1358 4513 tempus
1385 4451 1484 4508 est,
1528 4451 1588 4499 ιιι
1627 4443 1696 4499 de
1724 4445 1899 4500 Evan-

311 4533 434 4601 gelii
456 4533 714 4586 sententia
743 4533 1052 4588 disseratur.
1084 4533 1312 4600 Dicebat,
1363 4535 1531 4604 inquit
1575 4537 1896 4606 evangelista

313 4625 566 4688 Joannes,
606 4621 759 4677 Iesus
783 4623 850 4676 ad
872 4622 1084 4678 Iudaeos
1134 4641 1220 4678 eos
1245 4626 1332 4693 qui
1377 4627 1693 4681 crediderunt
1729 4630 1775 4682 ei
1791 4645 1809 4682 :
1835 4629 1896 4684 Si

313 4730 400 4767 vos
429 4712 715 4768 manseritis
739 4713 793 4766 in
813 4729 1041 4767 sermone
1089 4730 1219 4779 meo,
1248 4730 1359 4768 vere
1386 4715 1626 4784 discipuli
1675 4719 1771 4771 mei
1792 4718 1894 4772 eri-

313 4805 376 4858 tis
398 4819 418 4869 ,°
442 4812 490 4858 et
512 4803 821 4876 cognoscetis
857 4804 1132 4867 veritatem,
1185 4813 1234 4858 et
1279 4806 1462 4859 veritas
1507 4806 1735 4860 liberabit
1786 4825 1890 4862 vos.

316 4895 370 4949 Id
399 4896 532 4960 est“,
566 4895 821 4952 Dominus
866 4905 1050 4951 noster
1077 4895 1232 4951 .lesus
1288 4895 1606 4965 loquebatur
1649 4896 1715 4951 ad
1771 4913 1893 4954 cre—

315 4987 635 5056 dentessibi,
661 4998 716 5044 ut
735 4990 801 5046 de
847 4988 994 5044 nulla
1037 4989 1216 5045 saeculi
1265 4987 1539 5043 nobilitate
1573 4989 1888 5059 gaudentes,

315 5094 413 5135 nec
441 5078 510 5134 de
532 5078 760 5135 Abraha
785 5079 885 5135 sibi
903 5078 1108 5135 semine
1134 5079 1354 5149 gloriam
1372 5063 1720 5142 vindicantes,
1749 5080 1888 5135 nite-

312 5176 499 5224 rentur
525 5177 581 5224 et
599 5169 874 5226 studerent
909 5169 1213 5238 virtutibus,
1239 5178 1293 5225 et
1321 5168 1478 5223 nullis
1525 5178 1646 5239 post
1671 5169 1899 5240 agnitio-

378 5325 394 5351 ι
421 5326 528 5368 Mss.
553 5326 662 5367 Mar.
689 5327 743 5370 et
762 5319 907 5380 clam,
931 5320 1010 5370 ab.

377 5382 572 5452 {verba
594 5381 716 5440 haec,
739 5379 842 5430 sine
864 5379 1009 5432 dubio
1030 5381 1274 5443 consentit,
1313 5383 1638 5432 restituuntur
1678 5394 1743 5432 ex
1767 5384 1893 5433 anti-

740 5503 1030 5575 Auctoritate
1049 5505 1476 5567 manum-istorum
1498 5504 1799 5567 corrigimus,
1821 5505 1895 5567 fa-

314 5563 419 5622 cis;
442 5572 496 5614 ut
517 5563 576 5614 ad
599 5563 834 5614 lulianum
854 5565 1115 5613 referatur.

379 5627 402 5658 δ
426 5634 506 5675 Ms.
535 5634 668 5684 Man,
692 5636 951 5688 possemus.

376 5688 401 5718 ⁸
431 5687 570 5747 1⁷Δίιί,
593 5685 1010 5750 non'veteremsed
1033 5697 1222 5748 novant;
1245 5698 1438 5746 omtsso,
1454 5699 1586 5746 sane,
1599 5687 1725 5750 quod
1748 5689 1895 5738 resti-

318 5753 466 5799 tuitur
489 5763 554 5798 ex
588 5748 941 5809 manuscriptis.

291 5883 296 5887 _
381 5811 404 5840 ⁸
426 5809 564 5872 aliti,
587 5809 734 5871 idem,
761 5808 1012 5860 mendose.

457 6062 484 6081 κ

1752 426 1954 482 LIBER
1993 425 2263 484 PBIAIUS.

3477 436 3612 490 “06

2035 554 2156 593 nem
2188 538 2382 594 Christi
2435 539 2674 595 servire|
2708 541 2963 612 peccatis,
3006 552 3061 597 ιιι
3091 559 3270 599 veram
3315 545 3610 601 libertatem

2028 629 2349 683 conscientia
2401 630 2666 700 gaudente
2706 634 3016 700 retinerent,
3044 643 3097 688 et
3124 648 3220 705 spe
3247 646 3532 700 certorum,
3557 637 3610 691 id

2027 729 2109 773 est
2152 730 2472 774 :eternorum
2498 763 2514 789 ,
2555 721 2951 779 vindicarentur
2976 739 3008 780 a
3045 725 3334 794 cupiditate
3383 727 3610 781 aliorum

2027 811 2284 874 omnium,
2313 829 2431 883 quae
2454 825 2670 884 promer
2703 815 3038 886 fragilitatem
3066 818 3168 880 sui,
3201 833 3332 872 vana
3361 818 3611 888 frequen-

2027 910 2109 956 ter
2127 911 2182 956 et
2229 903 2360 957 falsa
2410 903 2677 961 dicuntur.
2723 907 2875 963 Tunc
2921 909 3313 978 responderunt
3338 910 3388 965 ei
3416 909 3610 976 Judaii,

2025 1009 2128 1046 nun
2154 993 2506 1064 intelligentes
2532 995 2597 1052 de
2625 1012 2726 1067 qua
2756 997 2910 1053 Jesus
2940 999 3184 1055 libertate
3202 998 3424 1056 dixisset
3455 1019 3469 1055 :
3513 1000 3612 1056 Se-

2023 1098 2137 1136 men
2159 1082 2382 1138 Altrahte
2398 1102 2590 1152 sumus,
2617 1098 2664 1140 et
2688 1089 2874 1142 nemini
2899 1089 3188 1143 seruiuimus
3216 1107 3469 1160 unquam:
3495 1108 3611 1162 quo-

2008 1172 2247 1229 modotu
2263 1173 2408 1238 dicis,
2437 1174 2600 1230 Liberi
2617 1177 2754 1231 eritis
2776 1179 2802 1232 .9
2827 1177 3005 1232 Multis
3025 1179 3166 1233 enim
3193 1180 3365 1234 modis
3392 1181 3611 1236 libertas

2023 1263 2276 1334 appellari
2297 1266 2435 1320 solet
2465 1283 2479 1320 :
2513 1267 2636 1320 utin
2676 1267 2778 1322 hoc
2811 1267 2928 1324 loco
2963 1272 3216 1324 sanctitas
3245 1286 3260 1336 ;
3295 1280 3349 1325 ut
3366 1287 3607 1328 resurre-

2021 1355 2191 1410 ctioin
2213 1355 2490 1424 Apostolo,
2515 1357 2600 1410 ubi
2627 1356 2757 1412 dicit
2783 1368 3084 1414 creaturam
3131 1360 3346 1415 liberari
3371 1376 3403 1416 a
3431 1363 3603 1417 servi-

2023 1452 2136 1500 tute
2179 1447 2534 1516 corruptionis
2573 1448 2622 1501 in
2671 1449 2972 1504 libertatem
3003 1450 3188 1520 gloria:
3237 1450 3466 1506 filiorum
3518 1454 3607 1508 Dei

2023 1537 2200 1604 (Rom.
2229 1553 2341 1604 vut,
2369 1537 2432 1594 2|
2459 1540 2478 1610 )
2503 1554 2519 1604 ;
2550 1547 2608 1594 ut
2634 1539 2850 1595 libertas
2892 1557 3013 1611 qua:
3040 1537 3217 1596 notior
3267 1553 3369 1610 est,
3404 1544 3469 1598 ad
3497 1544 3609 1599 dis-

2021 1629 2332 1684 tinctionem
2367 1629 2558 1684 dicitur
2603 1630 2892 1685 servitutis.
2940 1630 3018 1685 Eo
3056 1640 3235 1686 autem
3288 1633 3506 1690 nomine
3555 1645 3609 1690 et

2019 1717 2240 1774 libertas
2278 1728 2611 1790 nuncupatur
2657 1719 2881 1774 arbitrii.
2914 1721 3224 1776 Dividantur
3254 1736 3382 1792 ergo
3407 1737 3606 1788 causzn,

2019 1823 2088 1864 ne
2112 1824 2198 1864 res
2228 1810 2451 1865 multum
2497 1810 2754 1866 distantes
2781 1810 3175 1866 confundantur
3200 1813 3428 1867 nominis
3454 1828 3605 1868 com-

2019 1900 2292 1957 munione.
2329 1899 2425 1956 Hic
2441 1915 2567 1970 ergo
2604 1915 2712 1956 non
2749 1901 2956 1956 arbitrii
3007 1901 3307 1958 libertatem
3343 1903 3604 1958 Dominus

2017 1989 2146 2046 dicit
2172 2005 2293 2046 esse
2338 1991 2824 2047 Iiberandam:sed
2869 1993 2956 2047 illa
2984 1993 3188 2063 integra
3231 2004 3602 2063 permanente,

2015 2081 2262 2138 convenit
2279 2080 2494 2137 Judtcos
2513 2123 2528 2146 ,
2556 2089 2613 2136 ut
2635 2083 2956 2152 accipientes
2975 2082 3355 2154 indulgentiam
3383 2083 3606 2139 liberen-

2016 2179 2104 2227 tur
2125 2187 2154 2226 a
2187 2173 2439 2236 restibus,
2468 2182 2522 2227 et
2548 2188 2666 2227 eam
2711 2189 2830 2242 qua:
2863 2172 3003 2242 apud
3035 2173 3200 2228 Deum
3226 2174 3455 2228 maxima
3497 2183 3602 2242 est,

2007 2261 2310 2320 libertatem
2333 2272 2614 2334 occupent,
2647 2273 2705 2319 ut
2749 2265 3001 2334 incipiant
3042 2265 3172 2319 nihil
3210 2264 3405 2320 debere
3427 2266 3606 2320 crimi-

2012 2353 2188 2408 nibus.
2227 2353 2463 2422 Denique
2519 2354 2757 2423 sequitur
2805 2353 3180 2422 Evangelista:
3223 2352 3506 2424 Respondit
3532 2356 3604 2408 eis

2009 2442 2180 2507 Iesus,
2206 2443 2385 2507 Amen,
2410 2460 2553 2496 auten
2575 2443 2687 2497 dico
2713 2443 2867 2509 vobis,
2916 2445 3156 2512 quoniam
3178 2445 3340 2498 omnis
3366 2447 3450 2515 qui
3479 2446 3603 2516 facit

2008 2544 2285 2604 peccatum,
2323 2549 2490 2588 servus
2516 2544 2588 2588 est
2631 2535 2842 2604 peccati.
2887 2534 3076 2590 Servus
3103 2543 3272 2589 autem
3305 2551 3408 2590 non
3429 2547 3600 2590 manet

2007 2625 2060 2678 in
2088 2624 2239 2678 domo
2284 2623 2337 2678 in
2365 2633 2642 2688 aeternum;
2672 2624 2807 2692 ﬁlius
2851 2633 3020 2677 autem
3046 2633 3213 2678 manet
3241 2624 3295 2679 in
3333 2634 3597 2679 meritum.

2010 2715 2071 2770 Si
2120 2731 2238 2786 ergo
2280 2713 2456 2768 Filius
2496 2731 2582 2798 v‘os
2624 2714 2926 2781 liberaverit,
2980 2723 3099 2768 tunc
3127 2731 3238 2770 uere
3283 2714 3426 2771 liberi
3457 2717 3596 2772 eritis

2005 2809 2028 2880 (
2039 2809 2194 2863 Joan.
2217 2823 2326 2876 vui,
2356 2807 2525 2863 51-56
2539 2809 2578 2876 ).

2076 2902 2212 2956 Αυα.
2253 2899 2484 2955 Attende
2526 2897 2669 2969 quod
2715 2898 2914 2954 dictum
2949 2906 3052 2965 est,
3109 2897 3287 2953 Omnis
3340 2899 3427 2969 qui
3474 2899 3597 2969 facit

2007 2999 2281 3062 peccatum.
2311 2989 2427 3044 Non
2450 2990 2590 3044 enim
2617 2989 2710 3055 ait,
2737 2989 2836 3056 Qui
2888 2989 3011 3044 fecit
3038 3006 3052 3053 ;
3085 2988 3202 3055 sed,
3230 2989 3316 3060 qui
3363 2990 3506 3060 facit.
3531 2991 3598 3045 Et

2007 3097 2112 3136 non
2137 3080 2218 3134 vis
2236 3095 2357 3134 eum
2396 3079 2462 3134 ab
2489 3077 2590 3133 huc
2614 3078 2756 3132 malo
2785 3078 3008 3132 liberare
3042 3077 3282 3134 homines
3317 3095 3331 3133 :
3363 3093 3469 3166 non
3516 3080 3596 3133 vis

2003 3189 2126 3230 eum
2158 3173 2258 3227 hoc
2305 3171 2424 3226 loco
2453 3172 2610 3226 talem
2663 3170 2970 3239 promittere
3000 3170 3317 3237 libertatem,
3345 3185 3447 3239 qua
3470 3184 3596 3237 pec-

2003 3273 2182 3318 catum
2232 3276 2338 3316 non
2365 3259 2650 3326 faciamus;
2682 3257 2775 3315 sed
2801 3257 2922 3314 ideo
2960 3256 3324 3314 tantummodo
3346 3257 3593 3321 liberare,

2004 3352 2124 3424 quia
2157 3351 2401 3407 fecimus.

2078 3460 2406 3518 LXXXVIII.
2447 3459 2566 3516 ιυι.
2609 3459 2850 3530 Aperuit,
2878 3458 2947 3514 de
2973 3473 3076 3528 qua
3107 3457 3192 3512 hic
3219 3458 3474 3514 servitute
3504 3458 3588 3512 Io-

2006 3562 2281 3624 queretur.
2336 3551 2534 3616 Omnis,
2583 3551 2770 3620 inquit,
2824 3550 2911 3620 qui
2955 3550 3075 3620 facit
3101 3557 3376 3620 peccatum,
3427 3565 3598 3604 servus

2005 3655 2078 3699 est
2121 3643 2330 3715 peccati.
2377 3643 2489 3698 Hoc
2529 3653 2706 3696 autem
2764 3641 2937 3711 ipsum
2983 3656 3142 3711 quam
3199 3641 3484 3696 vehemens
3510 3651 3594 3696 est

2006 3743 2192 3788 contra
2217 3747 2453 3788 errorem
2480 3741 2736 3796 vestrum,
2766 3731 2888 3800 quia
2919 3730 3064 3796 dicit,
3089 3745 3300 3785 servum
3341 3745 3447 3785 non
3473 3744 3596 3785 esse

2007 3826 2230 3895 peccati,
2287 3824 2388 3879 nisi
2435 3839 2556 3879 eum
2609 3823 2700 3894 qui
2748 3823 2936 3878 fecerit
2982 3823 3095 3892 ipse
3138 3833 3414 3892 peccatum
3448 3839 3462 3887 ;
3492 3839 3591 3878 nec

2007 3929 2165 3984 posse
2187 3915 2433 3984 cuiquam
2472 3914 2746 3969 adltmrere
2787 3913 3247 3985 peccatum,qund
3301 3929 3406 3968 non
3451 3913 3498 3969 is
3524 3914 3591 3969 de

2005 4019 2111 4074 quo
2144 4005 2336 4074 agitur,
2367 4019 2464 4076 per
2485 4019 2563 4068 se,
2595 4013 2688 4058 aut
2713 4005 2943 4071 actione,
2959 4012 3052 4058 aut
3076 4005 3156 4059 vel
3186 4005 3301 4058 sola
3326 4007 3347 4037 ⁸
3372 4006 3596 4060 commi-

2004 4096 2136 4151 serit
2161 4095 2476 4152 voluntate?
2506 4095 2673 4163 Quam
2703 4095 2860 4149 etiam
2911 4096 3144 4151 ostendit
3183 4097 3586 4152 universitatem

2005 4186 2220 4242 humani
2263 4188 2476 4257 generis
2501 4201 2607 4241 non
2636 4201 2794 4256 posse
2817 4186 2925 4255 jam
2972 4202 3001 4240 a
3027 4186 3236 4262 diabolo
3265 4187 3521 4255 possideri
3548 4191 3591 4250 ³.

2003 4292 2124 4333 cum
2153 4277 2545 4333 distinctionem
2571 4277 2696 4332 facit
2721 4279 2856 4332 inter
2885 4292 3093 4332 servum
3121 4289 3174 4332 et
3196 4277 3383 4341 filium,
3415 4277 3586 4339 idest.

1997 4368 2200 4438 justum
2241 4379 2296 4425 et
2347 4369 2643 4439 iniustum?
2673 4368 2771 4424 IIic
2804 4369 2966 4434 enim,
3006 4378 3065 4423 ut
3108 4384 3166 4424 se
3207 4369 3470 4436 Christus,
3521 4371 3591 4424 ita

2002 4460 2160 4515 etiam
2192 4475 2618 4530 unumquemque
2667 4468 2969 4514 sanctorum
3014 4474 3045 4514 a
3083 4475 3356 4515 servorum
3408 4460 3595 4515 condi-

2002 4554 2147 4606 tione
2193 4552 2518 4620 separabat:
2556 4551 2691 4605 sicut
2734 4550 3024 4604 fueruntet
3066 4561 3191 4604 ante
3228 4550 3417 4615 Vetus,
3447 4559 3504 4605 et
3535 4550 3586 4605 in

2005 4644 2200 4699 Vetere
2225 4643 2588 4708 Testamento,
2607 4656 2740 4711 quos
2761 4641 2812 4695 itt
2853 4641 3014 4696 domo
3038 4641 3212 4695 Patris
3235 4641 3315 4695 sui
3346 4655 3583 4705 manere,

2001 4741 2058 4788 et
2077 4734 2128 4787 in
2173 4747 2356 4788 mensa
2400 4732 2515 4800 eius
2540 4730 2818 4786 denuntiat
2848 4728 3166 4800 jucundari(
3198 4728 3322 4782 Luc.
3354 4744 3469 4795 xm,
3495 4729 3588 4795 28,

1999 4821 2134 4895 29).
2173 4823 2361 4877 Totum
2416 4822 2518 4876 hoc
2552 4831 2728 4877 autem
2773 4819 3160 4875 exhortationis
3200 4834 3368 4891 genus
3410 4821 3590 4891 inepte

2002 4913 2260 4984 prolatum
2281 4923 2446 4978 esset,
2469 4913 2513 4970 si
2565 4929 2670 4968 non
2722 4913 2872 4968 liberi
2928 4911 3132 4968 arbitrii
3177 4913 3421 4969 homines
3455 4928 3587 4970 con-

1999 5006 2224 5061 veniret.

2073 5098 2204 5152 Anc.
2227 5094 2488 5151 Convenit
2511 5094 2668 5164 plane
2706 5093 2826 5149 ideo
2859 5092 3114 5148 facientes
3142 5095 3584 5165 peccatum,quia

2001 5190 2138 5246 servi
2167 5197 2294 5244 sunt
2319 5191 2552 5258 peccati,
2570 5197 2626 5242 ut
2650 5196 2865 5258 accepta
2894 5186 3135 5242 libertate
3160 5204 3319 5259 quam
3363 5189 3584 5259 promit-

2003 5279 2085 5347 tit,
2129 5280 2374 5335 desinant
2401 5280 2574 5333 l'acere
2600 5286 2892 5347 peccatum.
2923 5276 3194 5348 Regnabat
3215 5292 3442 5348 namque
3463 5292 3585 5347 pec-

2002 5379 2178 5426 catum
2230 5371 2283 5426 in
2339 5385 2524 5427 eorum
2564 5368 2778 5424 mortali
2805 5383 3050 5439 corpore,
3096 5369 3167 5424 ita
3192 5379 3253 5425 ut
3299 5369 3581 5425 obedireut

2066 5569 2194 5630 [Sic
2239 5574 2346 5617 Mss.
2394 5574 2479 5630 ιιιΔ
2504 5567 2814 5630 vignierius,
2860 5567 3112 5630 serarent.
3153 5568 3407 5620 ttenardus
3432 5601 3446 5625 ,
3509 5576 3556 5622 te

1999 5626 2198 5700 ηαμιέε
2211 5634 2316 5700 post
2699 5627 2877 5700 ειιτίεεε
2923 5628 3139 5700 miret-

2065 5688 2242 5751 étaditi,
2269 5694 2352 5739 aut
2379 5688 2498 5740 iota.
2526 5698 2652 5751 5158.,
2675 5698 2758 5740 aut
2786 5689 2859 5741 vel
2880 5690 2998 5742 sola.

2009 5749 2183 5858 “geste
2215 5759 2318 5802 MSS.
2352 5751 2468 5802 editi
2512 5749 2659 5812 vero,
2701 5765 2796 5803 non
2827 5765 2965 5816 posse
2997 5765 3106 5805 eam
3139 5765 3178 5803 ιι
3214 5751 3404 5804 diaboto
3441 5753 3577 5813 passi

2041 5821 2141 5860 "ere.
