4118 6544
367 559 600 620 ostendit
625 576 640 615 :
671 555 778 630 ligo
807 554 920 611 veni
945 555 1000 608 in
1027 551 1226 610 neruiue
1255 543 1431 614 Patris
1451 543 1551 600 nisi
1571 585 1584 608 ,
1623 552 1668 596 et
1698 557 1798 598 non
1827 555 1939 595 sus-

365 655 566 726 cepistis
593 668 704 719 me;
729 651 775 708 si
803 649 936 707 alius
971 645 1158 702 uenerit
1196 645 1254 698 in
1283 641 1484 701 nomine
1519 653 1612 698 suo
1633 677 1648 700 ,
1683 635 1832 726 illum
1859 647 1946 687 ac-

370 723 560 816 cipietis
601 741 794 813 (loco.
819 755 873 804 γ,
898 738 1041 808 45),
1081 733 1152 794 Et
1190 734 1315 794 item
1360 749 1374 784 :
1413 731 1512 784 Aut
1541 727 1694 799 [Mite
1717 723 1948 782 arboreas

371 837 572 896 bonum,
603 841 649 886 et
678 831 898 899 [malum
919 828 1030 898 ejus
1054 825 1241 880 bonum
1253 840 1273 890 ;
1298 830 1388 878 aut
1417 819 1567 892 facile
1593 817 1822 876 arborem
1840 831 1951 868 ma-

375 929 496 990 lam,
513 936 560 980 et
585 929 806 996 fructum
825 920 938 991 ejus
966 917 1156 982 malum
1183 915 1400 986 (Matth.
1425 928 1522 977 ιιι,
1547 909 1662 982 5⁸5).
1691 911 1759 967 Ει
1787 909 1912 964 item
1936 923 1949 960 :

376 1017 437 1072 Si
463 1015 587 1070 mihi
608 1029 710 1071 non
737 1011 889 1068 uultis
912 1009 1144 1076 credere,
1184 1005 1418 1078 aperibus
1458 1002 1649 1060 credite
1683 999 1864 1071 (Joan.
1900 1014 1953 1062 χ,

375 1107 489 1174 58).
517 1105 692 1174 Atque
719 1100 968 1172 omnibus
995 1097 1362 1156 vehementius
1391 1141 1404 1161 ,
1432 1093 1576 1166 quod
1615 1091 1745 1149 dicit
1777 1091 1955 1146 inten-

375 1198 572 1254 tionem
620 1209 772 1252 suam
820 1193 1052 1252 humana
1097 1191 1372 1252 voluntate
1413 1186 1726 1258 impeditam
1753 1185 1954 1242 fuisse:

373 1287 683 1351 Jerusalem,
708 1284 900 1355 inquit,
927 1281 1240 1344 Jerusalem,
1267 1280 1460 1352 quoties
1484 1279 1624 1334 uolui
1651 1291 1960 1348 congregare

377 1377 510 1445 ﬁlios
544 1385 694 1442 tuos,
725 1375 856 1433 sicut
891 1373 1084 1446 gallina
1117 1371 1286 1444 pullos
1309 1388 1431 1431 suos
1467 1369 1558 1426 sub
1590 1369 1702 1426 alas
1727 1383 1848 1423 suos
1870 1405 1884 1430 ,
1915 1375 1963 1420 ct

377 1465 622 1522 uoluisti?
647 1463 776 1522 Post
797 1463 940 1535 quod
971 1479 1076 1520 non
1105 1463 1370 1534 sequitur,
1393 1461 1505 1518 Sed
1531 1469 1586 1517 te
1611 1460 1832 1516 nolente
1853 1457 1964 1514 col-

379 1556 478 1626 legi
505 1572 520 1610 :
545 1571 768 1624 verum,
799 1555 1132 1626 Relinquetur
1160 1553 1296 1612 vobis
1329 1554 1517 1610 domus
1560 1561 1724 1608 ucstra
1765 1550 1964 1605 deserta

381 1645 593 1712 (.llattli.
619 1655 767 1712 ιλιιι.
791 1647 881 1715 37,
909 1645 1031 1718 58);
1057 1657 1114 1704 ut
1143 1646 1264 1704 illos
1282 1644 1532 1704 ostendat
1557 1659 1657 1715 pro
1679 1642 1826 1700 malo
1847 1641 1966 1712 qui-

379 1737 500 1792 dem
532 1753 696 1812 opere
716 1740 838 1812 jure
861 1738 1062 1811 puniri,
1081 1737 1178 1795 sed
1203 1735 1272 1792 ab
1292 1735 1586 1794 intentione
1614 1733 1826 1805 propria
1855 1747 1962 1788 non

380 1827 632 1886 debuisse
659 1829 767 1891 ulla
815 1830 1133 1886 necessitate
1180 1826 1440 1884 revocari.
1481 1825 1572 1881 Sic
1597 1825 1740 1882 cutim
1779 1833 1836 1880 et
1873 1839 1966 1894 per

381 1919 691 1990 prophetarit
720 1921 929 1978 locutus
949 1930 1064 1978 erat
1085 1938 1100 1976 :
1124 1920 1188 1978 Si
1212 1919 1491 1986 uoluet-itis,
1511 1928 1558 1973 et
1580 1917 1843 1974 audieritis
1862 1933 1961 1980 nec,

378 2028 493 2082 (ιω
516 2013 648 2068 bona
675 2022 792 2074 sunt
821 2022 971 2070 teme
995 2012 1302 2074 comedetis:
1335 2012 1381 2067 si
1423 2011 1694 2067 nolueritis
1715 2051 1730 2076 ,
1771 2019 1819 2065 et
1862 2025 1964 2063 non

379 2103 661 2166 audieritis,
678 2103 884 2174 gladius
906 2119 994 2160 vos
1015 2104 1242 2162 comedet
1273 2100 1425 2176 (Issi.
1446 2118 1467 2156 ι
1485 2142 1500 2166 ,
1527 2102 1595 2158 l9
1615 2101 1794 2171 cliti).
1811 2100 1962 2170 Quo-

383 2193 542 2247 modo
561 2206 694 2264 ergo
721 2202 778 2246 tu
795 2192 1078 2250 arbitrium
1101 2193 1326 2250 liberum
1347 2207 1456 2246 non
1481 2205 1666 2262 negas,
1690 2189 1832 2260 quod
1856 2205 1962 2246 non

380 2279 592 2349 quidem
621 2295 870 2338 sermone
901 2291 1012 2346 tuo,
1037 2281 1131 2340 sed
1159 2281 1430 2352 Evangelii
1450 2281 1777 2346 testimonio,
1800 2293 1963 2336 sensu

373 2382 557 2428 autem
583 2382 695 2445 tuo,
727 2389 834 2430 non
864 2374 1092 2431 liberum
1119 2373 1514 2444 pronuntiasti?

450 2463 587 2518 Aes.
615 2463 1004 2534 Igituscendum
1049 2472 1138 2522 est
1157 2505 1173 2531 ,
1201 2465 1326 2535 quia
1363 2465 1422 2518 in
1451 2479 1512 2520 re
1535 2465 1760 2520 multum
1787 2463 1964 2518 abdita

381 2551 612 2612 uthotno
629 2553 848 2614 faueris.
867 2555 1024 2615 Absit
1039 2564 1095 2611 ut
1115 2555 1436 2626 impediatur
1451 2555 1520 2609 ab
1545 2555 1763 2610 homine
1791 2555 1964 2610 cinni-

377 2648 612 2718 potentis
640 2657 696 2704 et
721 2659 914 2710 cuncta
943 2648 1278 2718 praescientis
1306 2647 1556 2706 intentio.
1586 2647 1780 2703 Parum
1809 2646 1877 2702 de
1905 2661 1966 2702 re

373 2747 524 2796 tanta
553 2740 812 2811 cogitant,
841 2740 924 2798 vel
949 2740 1002 2798 ei
1025 2739 1392 2812 excogitanda
1417 2755 1524 2796 non
1549 2739 1844 2806 sufﬁciunt,
1874 2739 1962 2810 qui

372 2839 568 2902 putant
604 2831 772 2895 Deum
793 2833 1215 2903 ortitupotentem
1239 2831 1438 2904 aliquid
1461 2832 1600 2888 velle
1618 2873 1635 2898 ,
1661 2841 1719 2888 et
1746 2831 1964 2888 homine

371 2920 591 2981 inﬁrmo
619 2921 976 2992 impediente,
1006 2935 1114 2980 non
1141 2937 1320 2992 posse.
1349 2923 1500 2980 Sicut
1513 2934 1731 2980 certum
1749 2932 1841 2979 est
1863 2922 1965 2978 Je-

379 3011 612 3069 rusalem
636 3011 772 3074 ﬁlios
795 3028 924 3068 suos
949 3013 1019 3070 ab
1041 3013 1136 3069 illo
1163 3014 1343 3084 colligi
1369 3014 1628 3080 noluisse,
1657 3015 1732 3070 ita
1755 3024 1963 3071 certum

375 3111 462 3164 est
485 3117 608 3158 eum
636 3103 795 3166 etiam
815 3104 934 3174 ipsa
959 3103 1176 3160 uolente
1189 3120 1561 3176 quoscumque
1583 3121 1770 3163 eorum
1795 3107 1964 3163 voluit

378 3191 680 3262 adlegisse.
707 3193 846 3252 Deus
859 3195 1028 3260 enim,
1048 3194 1191 3251 sicut
1212 3195 1376 3251 homo
1395 3194 1512 3266 ejus
1529 3197 1546 3228 ι
1571 3195 1710 3251 dixit
1733 3195 1966 3252 Ambro-

377 3283 490 3340 sius
508 3323 526 3350 ,
556 3298 692 3352 quos
731 3284 980 3355 dignatur
1019 3293 1208 3350 vocat,
1239 3295 1304 3342 ,οι
1328 3301 1489 3356 «om
1517 3286 1630 3344 vult
1657 3287 1963 3358 religiosum

375 3373 506 3435 facit
529 3373 669 3445 (Lib.
690 3373 728 3434 2
743 3377 798 3432 in
817 3377 946 3433 Luc.
962 3392 1046 3444 sx,
1067 3377 1182 3449 58).
1207 3377 1472 3434 Convenit
1493 3388 1670 3434 autem
1687 3379 1964 3448 Scriptura

380 3465 698 3536 plerumque
715 3465 954 3528 hominis
979 3467 1307 3525 voluntatem
1325 3509 1342 3536 ,
1371 3478 1432 3524 ut
1455 3468 1599 3540 quod
1629 3485 1736 3526 non
1767 3469 1962 3538 habet,

381 3553 466 3611 vel
501 3570 611 3626 non
647 3564 828 3626 pcnest
850 3559 872 3590 ⁸
897 3598 913 3624 ,
943 3557 1250 3620 admonitus
1273 3559 1496 3626 sentiat;
1526 3571 1584 3616 et
1608 3561 1678 3616 ab
1702 3575 1771 3616 eo
1789 3575 1826 3616 a
1853 3577 1966 3632 quo

379 3653 506 3702 sunt
531 3644 668 3704 bona
693 3647 900 3716 munia,
927 3647 1176 3720 indigens
1199 3659 1408 3720 poscat.
1425 3649 1482 3706 Si
1509 3653 1652 3706 enim
1677 3651 1966 3708 exauditus

379 3737 540 3798 luerit
567 3738 622 3796 in
647 3753 718 3796 eo
739 3739 890 3810 quod
915 3741 1096 3797 dicere
1135 3741 1270 3811 iussi
1299 3758 1518 3810 sumus,
1549 3741 1634 3798 Ne
1656 3760 1750 3800 nos
1773 3745 1966 3816 inferas

379 3829 434 3884 in
458 3829 816 3894 manticam;
853 3831 1036 3900 procul
1058 3831 1222 3887 dubio
1239 3832 1384 3887 nulla
1409 3831 1707 3904 decipietur
1733 3833 1963 3901 inscitia,

379 3920 526 3978 nulla
553 3920 842 3990 cupiditate
868 3921 1129 3982 vincetur.
1157 3922 1446 3993 Propterea
1467 3938 1595 3994 ergo
1615 3940 1712 3996 per
1733 3924 1966 3996 prophe-

377 4022 488 4069 tam
513 4012 714 4075 dictum
735 4021 857 4086 est,
886 4013 947 4070 Si
981 4015 1244 4070 nolueritis
1265 4057 1281 4082 ,
1313 4025 1363 4071 ct
1407 4033 1508 4072 non
1545 4019 1810 4073 audieritis
1844 4035 1958 4084 me,

377 4104 582 4176 gladius
608 4121 694 4164 vos
720 4105 980 4170 comedet;
1004 4115 1065 4162 et
1104 4117 1301 4163 cetera
1348 4109 1651 4178 huiusmodi
1690 4129 1703 4165 :
1742 4122 1799 4166 ut
1832 4129 1956 4168 cum

377 4195 708 4252 invenissent
742 4196 800 4256 in
837 4211 898 4254 se
919 4197 1056 4268 ipsis
1083 4198 1330 4254 victrices
1347 4201 1668 4270 cupiditates
1687 4243 1703 4267 ,
1733 4202 1800 4258 ad
1832 4219 1958 4274 prn-

378 4286 681 4352 pellendum
717 4287 922 4346 tuaium
945 4287 1190 4345 'scirent
1230 4305 1260 4346 a
1295 4305 1404 4362 quo
1439 4291 1701 4348 deberent
1742 4309 1964 4364 poscere

377 4375 652 4441 auxilium.
698 4375 822 4438 Ideo
863 4385 1040 4434 autem
1081 4377 1286 4435 dictum
1327 4389 1445 4446 est,
1488 4379 1622 4438 Ecce
1657 4384 1967 4456 relinquetur

377 4459 517 4521 nobis
536 4465 900 4527 damnosum
920 4469 1156 4536 deserta;
1178 4471 1300 4541 quiia
1331 4473 1600 4542 plures‘ihi
1627 4483 1802 4540 erant,
1828 4491 1979 4547 quos.

376 4553 731 4612 obduruisse
748 4566 809 4616 et
831 4556 1136 4615 desertione
1153 4559 1486 4630 iudicaverat
1506 4561 1725 4634 dignos,
1753 4567 1964 4622 occulto

373 4643 762 4718 judicithtﬂo
778 4656 980 4708 tatam.
1005 4649 1137 4706 Nam
1158 4651 1226 4718 si,
1248 4661 1308 4706 ut
1331 4652 1486 4716 dicis,
1514 4672 1535 4706 ι
1571 4655 1642 4710 ab
1667 4656 1962 4715 intentione

380 4737 592 4809 propria
619 4757 646 4791 θ
679 4738 862 4810 utique
877 4741 1048 4806 maia,
1081 4759 1102 4794 ι
1135 4757 1240 4798 non
1263 4742 1426 4799 debet
1450 4744 1614 4800 homo
1639 4747 1749 4803 ulla
1776 4763 1964 4805 neces-

373 4829 536 4886 sitate
558 4831 795 4890 revocari
824 4847 838 4879 τ
873 4849 894 4884 s
920 4845 1019 4888 cur
1031 4833 1308 4902 apostolus
1329 4833 1528 4891 Paulus
1549 4836 1725 4893 adhuc
1740 4838 1959 4907 Saulus,

376 4922 580 4984 cedem
605 4921 821 4993 alimus
843 4932 900 4980 et
925 4923 1240 4996 sattguinem
1269 4925 1478 4993 sitiens,
1513 4927 1736 4984 violenta
1766 4944 1961 4998 corpo-

380 5014 458 5069 ris
476 5013 748 5083 ctucitate,
777 5024 836 5072 et
859 5016 1083 5072 territam
1109 5017 1340 5088 desuper
1367 5033 1516 5084 voce,
1544 5035 1578 5076 ιι
1603 5035 1700 5076 sua
1729 5021 1960 5092 pessima

377 5103 674 5166 intentione
711 5115 1032 5174 reuocatus;
1079 5117 1134 5164 et
1172 5123 1240 5166 ex
1283 5117 1631 5182 persecutore
1661 5121 1959 5183 prostrato,

379 5193 521 5253 illius
539 5195 838 5267 Evangelii,
858 5199 1008 5270 quod
1025 5201 1385 5272 oppugnabat,
1412 5202 1728 5258 laboriosior
1746 5205 1958 5262 czeteris

379 5281 589 5341 iuturus
630 5286 1193 5360 pmdicatorcrigitur
1220 5290 1528 5364 (Λανιιδῖ
1569 5296 1816 5364 Agnosco
1839 5309 1963 5365 gra-

379 5374 508 5428 tiam
539 5390 552 5424 :
581 5375 742 5430 alium
768 5377 865 5444 sic,
891 5379 1054 5435 alium
1081 5389 1256 5437 autem
1279 5381 1368 5443 .sic
1393 5382 1558 5450 Deus,
1582 5399 1740 5455 quem
1766 5385 1960 5456 digna-

377 5473 484 5524 tur.
513 5473 699 5522 vocat:
719 5474 785 5522 α
805 5467 1037 5537 $p'tritns
1058 5471 1151 5532 ubi
1183 5473 1290 5528 vult
1320 5473 1694 5547 sp'tmt:(Joan.
1719 5492 1796 5543 ιιι,
1823 5477 1902 5544 8).

450 5555 628 5612 XCIV.
671 5555 792 5613 ιω..
812 5557 951 5613 (Πρω
983 5559 1038 5614 in
1067 5561 1156 5616 illo
1179 5576 1378 5638 apere,
1404 5565 1547 5636 quod
1579 5573 1629 5626 te
1655 5581 1814 5640 supra
1841 5567 1952 5632 disi

441 5689 456 5720 ¹
576 5687 834 5750 mammia,
861 5686 983 5740 sicut
1003 5691 1143 5742 homo
1174 5691 1432 5746 Dcidixit.

355 5754 360 5760 '
441 5747 614 5814 fruiti,
637 5756 682 5800 ct
704 5763 797 5802 non
819 5747 983 5814 potest.

445 5807 1124 5890 ³
1261 5816 1396 5890 editi,
1416 5816 1634 5890 victrices
1669 5807 1957 5890 cupiditates

380 5871 444 5921 ad
467 5870 828 5935 propellenda»:
847 5887 898 5926 tn
919 5874 1119 5940 malum,
1141 5874 1318 5929 scirent
1340 5870 1505 5944 aqua,
1529 5870 1623 5932 etei

1773 416 1972 476 [ABER
2011 412 2277 472 PRIMUS.

2431 295 2472 306 ιι-

3497 410 3634 466 tuo

2058 549 2228 606 nuper
2257 533 2478 588 Romam
2505 531 2733 596 misisse,
2755 529 3008 586 audacius
3025 529 3150 600 quid
3171 529 3402 598 sentires
3425 527 3626 599 aperui-

2056 625 2144 682 sti.
2189 625 2247 680 In
2291 623 2464 695 primo
2497 623 2638 679 enim
2683 623 2852 686 libro,
2885 635 3008 676 cum
3035 621 3130 676 tibi
3159 619 3404 676 similiter
3435 633 3630 690 propo-

2057 719 2257 774 suisses
2296 715 2439 788 quod
2483 729 2582 771 nos
2623 713 2940 784 obiicimus,
2969 713 3250 769 arbitrium
3275 725 3372 767 vos
3409 712 3634 766 liberant

2058 809 2344 879 denegare,
2370 809 2438 862 ita
2460 807 2680 862 disscris
2698 804 3164 862 constantissimus
3186 813 3239 860 et
3258 797 3642 859 subtilissimus

2061 901 2374 972 disputator.
2406 919 2426 952 ι
2453 900 2583 967 Quis
2607 907 2786 953 autem
2823 906 3066 954 nostrum
3110 895 3254 951 dicat
3273 937 3288 960 ,
3315 897 3456 966 quod
3486 895 3646 964 primi

2061 991 2294 1045 hominis
2319 999 2536 1060 peccato
2569 988 2786 1058 perierit
2817 987 3041 1044 liberum
3065 987 3341 1040 arbitrium
3363 986 3430 1040 de
3450 997 3646 1055 genere

2065 1081 2338 1138 humano?
2367 1081 2609 1137 Libertas
2630 1081 2847 1152 quidem
2888 1081 3047 1151 periit
3085 1095 3184 1150 per
3210 1087 3484 1150 peccaturo
3505 1119 3522 1145 ,
3553 1077 3647 1133 sed

2063 1175 2152 1230 illa
2177 1190 2296 1246 qua:
2321 1174 2372 1228 in
2401 1159 2644 1244 paradiso
2664 1173 2781 1237 fuit,
2803 1172 3028 1250 habendi
3054 1172 3262 1241 plenam
3279 1185 3398 1226 cum
3426 1170 3646 1224 immor-

2067 1269 2267 1324 talitate
2285 1267 2575 1338 justitiam;
2602 1274 2821 1338 pr0pter
2840 1265 2982 1338 quod
3008 1275 3194 1321 natura
3221 1265 3448 1320 humana
3470 1262 3646 1320 divina

2067 1361 2266 1432 indiget
2303 1341 2471 1432 graiia
2494 1402 2510 1430 ,
2537 1360 2750 1416 dicente
2779 1359 3005 1415 Domino
3029 1359 3081 1413 in
3109 1357 3400 1430 Evangelio
3424 1371 3558 1425 suo,
3592 1355 3651 1412 Si

2065 1468 2154 1507 vos
2176 1451 2340 1506 Filius
2361 1453 2660 1517 liberaverit,
2687 1460 2806 1505 tunc
2825 1467 2939 1505 vere
2953 1450 3096 1505 liberi
3117 1450 3255 1504 eritis
3287 1469 3306 1502 ι
3334 1447 3514 1522 (Joan.
3538 1463 3651 1514 vm,

2067 1543 2158 1614 56)
2183 1559 2196 1596 :
2227 1561 2248 1594 ι
2275 1543 2456 1612 utique
2473 1541 2623 1597 liberi
2650 1541 2714 1596 ad
2743 1541 2882 1596 bene
2905 1539 3157 1612 justeque
3187 1539 3493 1597 vivendum.
3522 1539 3654 1594 Nam
3765 1553 3772 1560 ·
3873 1548 3888 1561 °

2070 1634 2296 1691 liberum
2319 1635 2596 1690 arbitrium
2620 1649 2788 1706 usque
2807 1634 2946 1690 adeo
2963 1633 3019 1689 in
3044 1642 3324 1704 peccatore
3347 1649 3453 1688 non
3476 1631 3658 1704 periit,

2076 1737 2136 1782 ut
2167 1742 2264 1796 per
2292 1727 2464 1796 ipsum
2493 1737 2736 1796 peccent,
2766 1725 2997 1782 maxime
3025 1739 3216 1782 omnes
3243 1725 3332 1796 qui
3359 1739 3480 1780 cum
3509 1723 3657 1780 dele-

2067 1819 2302 1874 ctatione
2334 1826 2556 1888 peccant
2581 1825 2634 1872 et
2661 1832 2848 1872 amore
2871 1817 3099 1888 peccati,
3124 1827 3180 1872 ct
3203 1817 3285 1873 eis
3315 1817 3486 1888 placet
3515 1815 3657 1886 quod

2069 1925 2162 1966 cos
2191 1910 2341 1966 libet.
2370 1909 2522 1966 Unde
2549 1909 2839 1980 Apostolus
2857 1950 2872 1974 ,
2904 1910 3032 1964 Cum
3058 1908 3228 1964 essetis
3246 1949 3262 1975 ,
3293 1907 3504 1979 inquit,
3529 1907 3658 1963 serri

2071 2005 2260 2076 peccati
2280 2045 2294 2070 ,
2328 2002 2471 2058 liberi
2497 2003 2666 2074 fuistis
2687 2003 2922 2074 justitiar.
2954 2001 3091 2058 Ecce
3119 1999 3472 2057 ostenduntur
3496 2003 3657 2056 etiam

2073 2105 2292 2167 peccato
2318 2096 2538 2151 minime
2565 2097 2803 2166 potuisse
2823 2138 2836 2161 ,
2863 2095 2966 2151 nisi
2997 2095 3102 2150 alia
3133 2095 3400 2164 libertate,
3427 2095 3652 2160 servire.

2069 2187 2244 2243 Liberi
2266 2203 2395 2259 ergo
2419 2203 2448 2242 a
2472 2187 2676 2258 iustitia
2710 2201 2814 2244 non
2845 2197 3002 2254 sunt,
3034 2187 3134 2242 nisi
3171 2187 3391 2243 arbitrio
3434 2187 3657 2243 liberta-

2072 2279 2218 2334 tis‘:
2250 2278 2403 2334 liberi
2449 2289 2628 2334 autem
2673 2294 2704 2334 a
2749 2287 2970 2350 peccato
3011 2293 3114 2334 non
3159 2279 3324 2345 llnnt,
3359 2281 3458 2336 nisi
3489 2282 3657 2354 gratia

2068 2367 2377 2426 Salvatoris.
2422 2369 2650 2440 Propter
2689 2370 2829 2442 quod
2877 2371 3209 2426 admirabilis
3255 2371 3460 2428 Doctor
3497 2373 3656 2428 etiam

2068 2461 2232 2518 verba
2273 2462 2388 2532 ipsa
2431 2462 2718 2518 discrevit:
2750 2461 2874 2518 Cum
2903 2464 3040 2518 enim
3065 2463 3195 2518 serui
3216 2464 3390 2519 essetis
3409 2505 3423 2530 ,
3453 2463 3654 2536 inquit,

2069 2554 2260 2624 peccati
2279 2595 2294 2618 ,
2327 2553 2470 2608 liberi
2494 2554 2663 2628 fuistis
2683 2555 2924 2626 justitiat.
2967 2554 3127 2622 Quem
3151 2572 3270 2626 ergo
3295 2566 3412 2610 tunc
3437 2559 3660 2628 fructum

2070 2645 2315 2700 habuistis
2342 2645 2396 2700 in
2425 2644 2503 2700 his
2522 2687 2537 2712 ,
2563 2646 2618 2700 in
2643 2645 2822 2714 quibus
2849 2663 2986 2702 nunc
3015 2647 3343 2704 erubescitis?
3372 2646 3513 2703 Nam
3540 2647 3660 2719 ﬁnis

2066 2733 2276 2791 illorum
2307 2753 2442 2792 mors
2469 2746 2542 2792 est
2571 2753 2591 2792 :
2617 2752 2753 2791 nunc
2781 2745 2944 2792 autem
2973 2737 3166 2794 liberati
3195 2755 3228 2792 α
3252 2747 3461 2810 peccato
3473 2782 3494 2805 ,,
3533 2741 3661 2795 serui

2071 2835 2236 2882 autem
2263 2829 2387 2900 facti
2410 2828 2501 2883 Dei
2521 2829 2566 2895 ¹,
2591 2829 2782 2884 habetis
2797 2829 3024 2902 fructum
3049 2840 3269 2885 oestrum
3293 2831 3345 2884 in
3373 2813 3662 2902 sancti/ica-

2069 2917 2274 2983 tionem,
2292 2919 2446 2988 ﬁnem
2473 2934 2586 2973 vero
2612 2919 2766 2974 vitam
2788 2929 3030 2974 teternam
3067 2939 3084 2972 ι
3112 2919 3292 2989 (Rom.
3319 2935 3395 2988 νι,
3413 2921 3509 2989 20,
3535 2921 3654 2996 22).

2075 3025 2096 3060 ι
2119 3007 2342 3064 Liberos
2367 3008 2497 3064 dixit
2517 3009 2758 3080 justitizn,
2777 3025 2884 3066 non
2903 3009 3228 3066 liberatosza
3249 3022 3469 3083 peccato
3481 3022 3659 3075 autem

2068 3114 2177 3156 non
2195 3100 2420 3168 liberos,
2445 3117 2510 3156 ne
2535 3102 2634 3157 sibi
2663 3101 2764 3158 hoc
2791 3103 3108 3168 tribuerent,
3133 3103 3229 3158 sed
3249 3104 3658 3177 vigilantissime

2069 3191 2256 3246 maluit
2271 3189 2452 3247 dicere
2473 3191 2727 3247 liberatos
2747 3207 2762 3258 ;
2789 3190 3028 3248 referens
3048 3192 3156 3248 hoc
3175 3193 3242 3248 ad
3274 3194 3422 3262 illam
3451 3195 3660 3256 Domini

2067 3282 2390 3337 sententiam
2411 3324 2426 3349 ,
2456 3281 2518 3338 Si
2543 3298 2630 3338 vos
2654 3281 2828 3338 Filius
2851 3283 3172 3352 liberaverit,
3203 3293 3324 3340 tunc
3366 3299 3479 3340 uere
3517 3286 3662 3351 liberi

2069 3371 2228 3427 eritis.
2255 3371 2387 3428 Cum
2415 3372 2597 3443 itaque
2621 3387 2728 3428 non
2753 3373 2934 3428 vivant
2959 3373 3096 3429 bente
3119 3373 3212 3442 lilii
3235 3373 3660 3443 hominum,_nisi

2069 3462 2245 3520 effecti
2269 3458 2364 3520 lilii
2393 3463 2509 3528 Dei,
2533 3465 2658 3536 quid
2688 3473 2773 3521 est
2805 3464 2946 3534 quod
2975 3465 3076 3522 iste
3102 3465 3274 3523 libero
3299 3467 3522 3525 arbitrio
3549 3472 3662 3526 vult

2063 3552 2206 3610 bene
2227 3552 2438 3610 vivendi
2469 3553 2704 3611 tribuere
2731 3563 3080 3626 potestatem;
3105 3571 3224 3612 cum
3249 3557 3396 3614 enim
3421 3558 3536 3615 hsce
3562 3575 3662 3635 po-

2070 3651 2236 3700 tests
2261 3659 2368 3700 non
2395 3645 2554 3702 detur
2579 3647 2680 3701 nisi
2710 3646 2878 3718 gratia
2912 3647 3030 3724 Dei,
3059 3663 3154 3719 pur
3177 3648 3358 3705 Jesum
3387 3650 3661 3708 Christum

2068 3735 2352 3792 "Dominum
2382 3746 2624 3794 nostrum
2656 3735 2768 3809 (Id.
2794 3753 2865 3794 vn
2891 3781 2903 3805 ,
2927 3738 3024 3811 25)
3047 3779 3062 3806 ,
3091 3738 3304 3796 dieente
3329 3741 3620 3815 Evangelia
3640 3786 3657 3811 ,

2072 3829 2328 3903 Quotquot
2367 3841 2532 3886 autem
2575 3839 2868 3902 receperunt
2911 3847 3022 3886 eum
3041 3873 3056 3896 ,
3085 3831 3224 3886 dedit
3257 3832 3330 3888 eis
3365 3843 3661 3906 potestatem

2068 3922 2203 3992 tilias
2225 3921 2318 3976 Dei
2347 3921 2462 3992 ﬁeri
2488 3941 2508 3976 ι
2547 3920 2722 3994 (Joan.
2747 3937 2785 3986 ι,
2811 3922 2933 3994 19).
2957 3923 3026 3978 Ει
3055 3924 3180 3978 item
3208 3931 3330 3994 post
3353 3924 3656 3984 modicum:

2072 4034 2096 4069 ιι
2118 4015 2284 4072 Datur
2308 4031 2456 4088 ergo,
2487 4036 2506 4070 ι
2537 4017 2742 4088 inquis,
2771 4035 2791 4070 ι
2815 4024 3052 4088 potestas
3080 4023 3136 4072 ut
3164 4016 3258 4076 lilii
3282 4017 3374 4076 Del
3403 4018 3660 4098 (iant,.qui

2067 4108 2291 4162 credunt
2315 4123 2460 4163 eum.
2487 4107 2621 4177 Quae
2651 4117 2888 4180 potestas
2909 4149 2924 4174 ,
2961 4108 3062 4164 nisi
3089 4107 3248 4169 detur
3276 4123 3307 4169 a
3336 4109 3446 4168 Deo
3467 4153 3482 4178 ,
3513 4111 3657 4166 nulla

2068 4215 2189 4255 esse
2231 4209 2403 4270 potest
2447 4215 2510 4256 ex
2559 4200 2726 4256 libero
2767 4199 2988 4256 arbitrio
3017 4219 3030 4256 :
3059 4200 3180 4279 quia
3208 4215 3318 4260 .nec
3350 4201 3576 4270 liberum
3604 4203 3657 4259 in

2071 4289 2212 4344 bono
2231 4291 2352 4354 erit,
2379 4289 2518 4361 quod
2547 4289 2798 4346 liberator
2819 4306 2926 4346 non
2946 4289 3291 4360 liberaverit;
3317 4292 3411 4348 sed
3437 4293 3490 4348 in
3508 4295 3660 4358 malo

2069 4379 2293 4436 liberum
2339 4380 2496 4436 habet
2537 4381 2848 4448 arbitrium,
2889 4381 2974 4437 cui
3001 4380 3412 4452 delectationem
3437 4383 3658 4448 malitia:

2068 4471 2154 4527 vel
2173 4471 2414 4528 occultus
2435 4474 2515 4529 vel
2540 4473 2856 4530 manifestus
2877 4473 3132 4546 deceptor
3153 4473 3344 4532 inscvit
3369 4475 3414 4545 ³,
3447 4476 3531 4535 vel
3546 4478 3656 4546 ,βίω

2070 4561 2184 4633 ipse
2213 4565 2494 4632 persuasit.
2532 4562 2648 4618 Non
2700 4565 2877 4635 itaque
2899 4607 2912 4628 ,
2941 4565 3080 4621 sicut
3104 4565 3292 4621 dicunt
3316 4581 3415 4622 nos
3439 4567 3653 4638 quidam

2067 4655 2270 4723 dicere,
2299 4665 2355 4712 et
2378 4657 2480 4712 iste
2509 4657 2669 4713 audet
2698 4659 2921 4728 insuper
2949 4657 3210 4726 scribere,
3239 4673 3429 4724 omnes
3450 4660 3500 4714 in
3526 4675 3658 4732 pec»

2068 4753 2268 4810 catum,
2298 4747 2445 4802 velut
2469 4745 2643 4814 inviti,
2671 4748 2848 4802 carnis
2875 4763 2984 4803 sua:
3015 4748 3334 4808 necessitate
3357 4759 3653 4820 coguntur:

2067 4836 2161 4892 sed
2188 4837 2232 4892 si
2253 4835 2362 4906 jam
2395 4837 2448 4891 in
2475 4851 2537 4892 ea
2561 4845 2719 4892 aetate
2749 4845 2904 4904 sunt,
2936 4847 2994 4893 ut
3020 4839 3250 4910 propriae
3274 4840 3468 4900 mentis
3492 4849 3653 4904 utam

2071 4935 2156 4984 tur
2174 4928 2413 4994 arbitrio,
2436 4929 2563 4984 etin
2594 4937 2814 5000 peccato
2837 4944 2930 4984 sua
2959 4931 3232 4988 voluntate
3261 4933 3576 4996 retinentur.
3601 4945 3658 4992 et

2069 5032 2097 5072 a
2125 5027 2342 5088 peccato
2381 5019 2432 5074 in
2471 5027 2748 5090 peccaturo
2787 5033 2883 5076 sua
2922 5020 3197 5078 voluntate
3231 5023 3652 5096 praecipitantur.

2069 5107 2175 5164 Sed
2207 5108 2320 5164 haec
2345 5110 2626 5176 voluntas,
2655 5125 2774 5180 qua:
2803 5110 2967 5167 libera
2995 5121 3079 5166 est
3109 5112 3161 5166 in
3192 5095 3524 5186 malis,.quia
3554 5116 3654 5177 de-

2069 5199 2293 5254 lectatur
2311 5199 2485 5262 malis,
2514 5199 2636 5256 ideo
2663 5201 2827 5256 libera
2852 5201 2904 5256 in
2935 5202 3090 5258 bonis
3109 5218 3214 5260 non
3240 5212 3344 5268 est,
3367 5207 3492 5282 quia
3518 5207 3660 5271 libe-

2069 5297 2180 5345 rata
2208 5305 2312 5345 non
2338 5290 2571 5347 est.-Nec
2590 5299 2766 5362 potest
2790 5291 2954 5349 homo
2973 5293 3100 5350 boni
3125 5295 3326 5367 aliquid
3348 5295 3515 5364 velle,
3547 5299 3652 5363 nisi

2068 5380 2348 5451 adjuvetur
2375 5382 2444 5437 ab
2467 5397 2534 5437 eo
2559 5383 2648 5451 qui
2680 5383 2878 5440 malum
2901 5399 3008 5440 non
3028 5394 3205 5456 potest
3225 5384 3363 5444 velle
3387 5408 3416 5443 -ι
3441 5389 3653 5461 (Contra

2067 5470 2214 5528 Duas
2249 5471 2510 5544 Epistolas
2543 5471 2956 5546 Pelagianorum,
2983 5476 3070 5534 lib.
3100 5495 3146 5548 ι,
3175 5498 3264 5536 nn.
3287 5479 3434 5552 5-7).
3473 5481 3528 5540 in
3571 5483 3652 5538 his

2132 5645 2247 5718 {sic
2266 5645 2484 5718 νισι-ει.
2519 5647 2758 5718 Menam;
2799 5653 3080 5718 materiam.
3106 5656 3156 5706 in
3178 5657 3396 5718 margine
3433 5656 3544 5718 fert,
3571 5670 3647 5708 ιιοο

2067 5705 2277 5764 Mais,
2303 5705 2432 5770 quod
2455 5705 2754 5782 votabulum'
2777 5713 2985 5764 exhibet
3005 5705 3424 5784 ipseAugus‘t’intts
3439 5719 3488 5768 in
3511 5705 3598 5770 ιὶιί.
3623 5721 3639 5768 l

2067 5774 2234 5821 contra
2249 5769 2624 5827 duasﬁptstolas
2637 5771 3026 5827 Pelagianorum.
3092 5784 3148 5827 n.

2066 5781 2234 5821 contra
2249 5781 2624 5832 massptswlas
2637 5781 3026 5836 Pelagianorum.
3092 5784 3148 5827 n.

2131 5831 2156 5902 ξ
2177 5829 2313 5902 ξιξῇιῇ,
2338 5837 2454 5901 ρει).
2478 5839 2593 5902 uss.
2610 5841 2752 5902 Port._
2770 5844 2823 5885 et
2847 5844 2976 5902 titan,
3004 5838 3110 5890 Dci.

2136 5890 2160 5922 ³
2176 5891 2313 5956 aditi,
2330 5891 2546 5946 inseruit.
2581 5901 2711 5959 lus,
2734 5895 2919 5950 inscvit.
