4118 6568
492 410 617 465 IllI

486 521 737 576 erunibus
759 519 937 574 verbis
965 518 1089 582 tuis,
1115 535 1234 589 quin
1265 521 1438 589 posui,
1472 522 1542 574 ita
1571 518 1725 572 vldeo
1753 516 1933 587 gratim
1961 527 2058 568 no-

489 627 610 665 men
637 627 756 663 cum
784 610 934 664 liberi
963 609 1167 664 arbitrii
1201 612 1481 680 negatione
1505 619 1808 665 consertum
1831 649 1843 670 ,
1871 614 1930 660 ut
1961 620 2065 658 non

493 714 594 758 tam
629 703 763 758 mala
794 717 982 756 sensus
1013 703 1084 756 tui
1121 704 1534 774 appellationum
1566 704 1581 733 ¹
1615 701 1767 754 bonis
1810 696 2067 752 vindicari

489 804 721 866 queant,
749 811 906 864 quam
937 793 1166 862 dignitas
1195 795 1469 848 nominum
1509 793 1814 863 dogmatqu
1860 799 2067 842 tuorum

489 885 796 939 adluesione
839 884 1077 938 vilescat.
1117 883 1232 938 Non
1261 900 1390 953 ergo
1420 893 1468 937 te
1497 883 1577 936 his
1604 879 1940 936 sermonibus
1959 878 2074 931 --1ιο-

494 977 710 1032 uestasti
733 1017 748 1042 ,
779 976 872 1031 sed
901 986 1214 1031 ornamenta
1246 976 1360 1046 ipsa
1389 974 1634 1044 turpasti.
1677 972 1782 1027 Nos
1809 983 1982 1026 tamen
2010 985 2075 1024 ca

493 1089 611 1142 qua:
640 1087 670 1124 a
703 1079 754 1124 te
784 1070 967 1138 juncta
995 1079 1118 1124 sunt
1145 1084 1454 1137 separamus
1474 1110 1489 1133 ,
1520 1075 1575 1120 ut
1602 1065 1784 1136 gratize
1823 1064 2070 1118 divinitas

497 1165 564 1218 ab
589 1164 774 1218 sezevis
798 1164 818 1194 ²
848 1162 1275 1231 eolligationibus
1304 1160 1529 1215 cnodata
1553 1199 1567 1223 ,
1599 1173 1697 1213 nec
1728 1156 2078 1226 responsione

494 1256 796 1324 quatiatur;
823 1254 1154 1323 etgravitate
1181 1251 1598 1312 Catholicorum,
1624 1263 1730 1302 non
1762 1244 2078 1300 Manichmo-

497 1361 614 1399 rum
644 1344 948 1399 adulatione
980 1344 1240 1397 laudetur.
1266 1342 1502 1397 Gratiam
1529 1354 1656 1410 ergo
1679 1333 1874 1392 Christi
1903 1335 2082 1389 multi-

501 1437 693 1506 plicem
736 1436 1069 1489 confitemur.
1123 1434 1356 1488 Primum
1385 1446 1576 1486 munus
1603 1431 1718 1498 ejus
1745 1428 1766 1459 ³
1795 1436 1907 1492 est,
1938 1425 2080 1496 quod

500 1529 626 1584 facti
657 1545 722 1584 ex
752 1528 921 1584 nihilo
947 1543 1150 1582 sumus.
1178 1525 1500 1592 Secundum,
1528 1524 1668 1592 quod
1697 1533 1754 1578 ut
1782 1520 2080 1578 viventibus

503 1634 659 1674 sensu
679 1661 692 1684 ,
737 1620 803 1672 ita
847 1617 1199 1673 sentientibus
1228 1616 1434 1672 ratione
1459 1624 1804 1684 prmstamus;
1836 1627 1954 1682 qua:
1982 1612 2086 1664 im-

505 1726 682 1777 pressa
705 1719 788 1764 est
805 1710 1005 1771 animo,
1032 1718 1086 1762 ut
1111 1707 1412 1762 Conditoris
1433 1706 1606 1775 imago
1627 1704 1907 1759 doceretur
1929 1701 1952 1734 ι
1976 1721 1988 1753 :
2015 1700 2082 1756 ad

503 1803 654 1872 cujus
675 1817 824 1870 a'que
848 1801 1060 1870 reSpicit
1084 1801 1391 1870 dignitatem
1413 1797 1620 1853 arbitrii
1641 1811 1896 1852 concessa
1927 1795 2086 1849 liber-

504 1904 605 1946 tas.
641 1892 744 1962 Ipsi
770 1892 929 1946 etiam
955 1891 1138 1960 gratim
1161 1932 1177 1958 ,
1209 1890 1587 1945 beneficiorum
1614 1903 1730 1957 quin
1759 1886 1911 1940 nobis
1945 1901 2085 1954 prte-

501 1995 644 2039 stare
674 2002 778 2038 non
810 1984 1006 2037 desinit
1026 2023 1040 2046 ,
1072 1993 1354 2052 augmenta
1388 1990 1713 2052 reputamus.
1761 1977 1878 2048 Ipsa
1916 1975 2084 2046 gratia

506 2076 674 2145 legem
707 2075 756 2128 in
787 2074 1105 2144 adjutorium
1135 2075 1276 2128 misit
1303 2071 1455 2146 (lsai.
1484 2087 1574 2126 vnt
1597 2111 1612 2137 ,
1640 2070 1852 2132 20,sec.
1884 2066 2084 2135 LXX):

504 2165 570 2219 ad
613 2164 729 2234 ejus
768 2164 1041 2233 spectabat
1068 2163 1300 2218 officium
1323 2203 1338 2227 ,
1369 2170 1424 2216 ut
1451 2161 1670 2215 rationis
1701 2160 1878 2213 lumen
1904 2199 1916 2221 ,
1947 2155 2089 2227 quod

511 2259 784 2327 pravitatis
805 2257 1047 2326 exempla
1071 2256 1388 2311 hebetabant
1405 2264 1458 2308 et
1474 2251 1803 2310 consuetudo
1821 2251 2089 2311 vitiorum,

514 2348 844 2403 multimodis
867 2347 1256 2403 eruditionibus
1275 2347 1547 2409 excitaret,
1577 2355 1735 2413 atque
1758 2343 1976 2396 invitatu
1997 2356 2094 2395 suo

510 2442 716 2496 foveret
744 2441 787 2494 ⁸.
815 2441 894 2494 Ad
927 2441 1080 2496 istius
1109 2455 1237 2509 ergo
1263 2438 1467 2510 gratiae,
1501 2437 1551 2490 id
1581 2445 1682 2496 cst,
1712 2435 1904 2488 divinae
1935 2433 2096 2487 bene-

509 2535 777 2596 volentizn,
804 2549 922 2602 qua:
944 2532 1106 2587 rebus
1134 2547 1347 2586 causam
1376 2529 1538 2592 dedit,
1574 2526 1953 2596 plenitudinem
1977 2540 2095 2592 spe-

510 2623 710 2687 ctavit,
746 2632 803 2676 ut
833 2621 1064 2677 Verbum
1099 2637 1224 2676 caro
1254 2620 1439 2683 fieret,
1473 2627 1526 2674 et
1552 2617 1812 2672 habitaret
1851 2615 1902 2669 in
1945 2614 2096 2669 nobis

514 2712 756 2784 (Joan.t,
794 2710 906 2783 M).
938 2713 1243 2782 Reposcens
1282 2709 1425 2765 enim
1468 2710 1606 2764 Deus
1645 2708 1712 2761 ab
1753 2706 1981 2776 imagine
2003 2719 2094 2759 sua

514 2805 716 2860 amoris
737 2805 927 2871 vicem,
953 2804 1126 2874 palam
1146 2802 1273 2858 fecit
1291 2817 1447 2872 quam
1473 2809 1640 2855 totum
1665 2800 1684 2830 ⁸
1710 2800 1762 2852 in
1788 2815 1882 2851 nos
1904 2797 2098 2852 ina-sti-

515 2895 697 2952 mabili
723 2895 923 2966 egisset
949 2894 1164 2960 affectu,
1195 2904 1250 2948 ut
1280 2892 1363 2947 vel
1392 2907 1512 2947 sero
1538 2891 1933 2945 redamaremus
1953 2902 2097 2950 eum,

520 2987 613 3058 qui
635 2985 1022 3042 commendans
1050 2985 1362 3040 charitatem
1390 2997 1539 3037 suam
1572 2981 1724 3034 nobis
1755 2979 1927 3048 (Rom.
1948 2993 1999 3041 v,
2019 2973 2097 3048 8),

522 3077 660 3133 Filio
685 3091 784 3132 suo
811 3092 915 3131 non
951 3077 1212 3147 pepercit,
1245 3073 1338 3130 sed
1368 3089 1462 3144 pro
1489 3072 1642 3127 nobis
1673 3071 1820 3125 illum
1849 3068 2098 3124 tradidit:

520 3171 780 3242 pollicens
808 3170 931 3239 quia
957 3169 1003 3224 si
1029 3169 1383 3224 voluissemus
1407 3166 1660 3235 deinceps
1684 3163 1944 3219 voluntati
1983 3162 2102 3232 ejus

516 3261 738 3317 obedire
761 3303 776 3328 ,
807 3260 1075 3330 Uuigeniti
1104 3261 1184 3315 sui
1217 3265 1494 3331 praestaret
1522 3272 1620 3313 nos
1647 3271 1768 3314 esse
1793 3256 2104 3312 colueredes

519 3350 631 3424 (Id.
661 3367 777 3416 vttt,
804 3351 894 3416 32,
922 3351 1034 3420 17).

591 3446 727 3499 Anc.
757 3441 928 3498 Homo
957 3441 1256 3512 Pelagiane,
1279 3440 1509 3496 charitas
1532 3439 1643 3494 vult
1665 3440 1884 3502 bonum,
1905 3447 1961 3492 et
1978 3436 2107 3492 cha-

523 3535 655 3590 ritas
681 3549 748 3590 ex
774 3533 883 3588 Deo
913 3542 1024 3598 est;
1054 3550 1159 3587 non
1188 3548 1286 3603 per
1317 3532 1449 3602 legis
1478 3531 1732 3596 litteram,
1756 3530 1848 3585 sed
1879 3545 1976 3600 per
2000 3530 2108 3599 spi-

523 3627 686 3681 ritum
711 3626 913 3696 gratiaa.
942 3623 999 3677 ln
1027 3623 1129 3678 hoc
1149 3633 1231 3678 est
1258 3622 1648 3692 prardestinatis
1675 3612 1994 3690 adjutorium
2023 3620 2108 3674 ht-

524 3729 660 3782 tera,
694 3719 814 3789 quia
840 3717 1076 3786 jnbendo
1098 3723 1152 3770 ct
1179 3732 1285 3770 non
1312 3715 1568 3784 juvando,
1591 3715 1842 3769 admonet
1870 3714 2110 3768 infirmos

527 3806 818 3878 confugere
847 3805 912 3860 ad
941 3805 1185 3875 spiritum
1211 3805 1415 3875 gratiae.
1439 3804 1528 3858 Sic
1557 3804 1670 3871 lege
1697 3803 1932 3874 legitime
1953 3811 2111 3855 utun-

529 3898 676 3963 tur",
700 3895 891 3966 quibus
937 3894 1076 3948 bona
1116 3904 1200 3948 est
1237 3893 1452 3959 (lTim.
1496 3910 1550 3958 ι,
1589 3893 1689 3964 8),
1717 3893 1767 3947 id
1797 3901 1907 3954 est,
1938 3891 2106 3945 utilis:

532 3989 770 4058 alioquin
799 4002 894 4056 per
920 4001 978 4040 se
1011 3986 1176 4053 ipsam
1210 3985 1380 4039 littera
1408 3985 1601 4038 occidit
1643 3983 1716 4054 (11
1750 3983 1866 4037 Cor.
1894 3999 1948 4036 ut
1968 4024 1983 4047 ,
2017 3980 2107 4051 6);

530 4079 651 4151 quia
691 4075 929 4146 jubendo
972 4075 1171 4131 bonum
1195 4116 1208 4138 ,
1237 4084 1290 4129 et
1321 4091 1425 4128 non
1457 4074 1730 4144 largiendo
1760 4073 2073 4126 charitatem
2094 4111 2108 4139 ,

530 4185 650 4242 quae
678 4168 790 4223 sola
817 4167 930 4221 vult
961 4167 1178 4228 bonum,
1209 4181 1331 4221 reos
1359 4165 1808 4236 prmvarieationis
1836 4164 1976 4219 facit.

605 4257 764 4314 XCV.
791 4258 909 4312 Jun.
936 4257 1058 4311 Haec
1079 4271 1208 4326 ergo
1225 4258 1414 4326 gratia,
1439 4272 1558 4326 qua:
1584 4256 1634 4308 in
1664 4256 1983 4323 liaptismatc
2007 4271 2111 4309 non

531 4351 704 4406 solum
754 4357 967 4416 peccata
1012 4345 1312 4408 condonat,
1339 4346 1432 4400 sed
1473 4362 1593 4400 cum
1641 4346 1739 4400 hoc
1777 4346 2115 4416 indulgentiae

535 4441 819 4504 beneﬁcio,
840 4448 895 4493 et
933 4437 1193 4508 provehit,
1216 4447 1269 4492 et
1289 4437 1504 4508 adoptat
1523 4439 1563 4500 ⁸,
1585 4447 1636 4492 et
1657 4447 1961 4492 consecrat:
1979 4437 2112 4502 lucc,

535 4532 772 4600 inquam,
799 4529 988 4599 gratia,
1017 4528 1262 4583 meritum
1293 4536 1460 4582 mutat
1488 4543 1724 4590 reorum,
1755 4544 1860 4581 non
1890 4527 2115 4582 liberum

536 4620 720 4676 condit
757 4619 1064 4683 arbitrium;
1094 4617 1236 4689 quod
1279 4633 1345 4673 eo
1389 4618 1680 4687 accipimus
1708 4627 1980 4684 tempore,
2011 4632 2118 4686 quo

535 4726 783 4766 creamur
808 4729 820 4764 :
844 4710 1042 4764 utimur
1060 4719 1259 4775 autem,
1283 4725 1388 4778 quo
1407 4711 1427 4742 ⁹
1453 4709 1738 4762 valcntiam
1764 4709 1899 4764 inter
1920 4709 2116 4765 bonum

538 4813 592 4856 et
617 4803 813 4856 malum
843 4800 1182 4856 discretionis
1210 4799 1572 4868 adipiscimur.
1621 4799 1782 4853 Bona:
1814 4800 1990 4870 itaque
2021 4817 2118 4854 vo-

541 4891 727 4949 luntati
758 4892 1065 4946 innumeras
1088 4889 1336 4959 adjutorii
1366 4889 1530 4944 divini
1555 4889 1744 4944 adesse
1771 4893 1981 4959 species
2012 4907 2117 4945 non

606 5091 620 5121 ‘
656 5090 730 5138 sic
761 5097 960 5138 veteres
998 5088 1127 5138 libri.
1153 5093 1208 5136 Αι
1247 5087 1391 5148 editi,
1428 5087 1558 5138 mala
1593 5101 1759 5138 sensus
1797 5085 1867 5137 tui
1905 5085 2124 5151 appella-

538 5157 784 5282 uogi‘gi‘iti,
806 5208 1035 5282 obscenis,
1062 5224 1218 5281 eorru;
1237 5217 1309 5260 te.

609 5276 630 5345 τ
663 5271 779 5345 aditi
810 5285 822 5320 :
866 5281 962 5322 Hoc
1004 5269 1218 5335 primum
1262 5285 1452 5322 mimus.
1517 5273 1691 5329 Abest,
1737 5269 1852 5329 hoc,
1887 5281 1916 5318 a
1953 5281 2122 5318 manu-

545 5341 1094 5463 m’fui'ttlisi-te,_diceretur.
1153 5461 1159 5463 _
1238 5453 1249 5462 _
1304 5452 1315 5463 ο

607 5457 629 5487 ³
641 5463 760 5515 Αιεε.
784 5453 904 5505 Clar.
929 5464 1038 5506 Mar.
1059 5461 1206 5514 Port.,
1229 5453 1435 5504 inritatos
1457 5465 1567 5503 suos
1585 5453 1780 5515 foveret.

608 5510 786 5583 fEdtti,
809 5525 983 5583 quanto
1003 5523 1121 5577 tum,
1139 5510 1402 5583 ωὸῼίὲοδεκ

607 5581 628 5608 ν
653 5584 718 5628 tta
740 5573 844 5628 uss;
872 5579 988 5628 Fditi
1017 5573 1136 5627 vero
1161 5589 1172 5622 :
1196 5573 1242 5623 si
1265 5574 1366 5637 lege
1385 5573 1590 5635 legitime
1612 5578 1823 5624 utantur.

610 5641 632 5670 ³
658 5648 762 5690 mss.
787 5641 907 5688 Llar.
935 5647 1044 5688 Mar.
1081 5644 1135 5685 et
1156 5643 1264 5684 Port
1286 5669 1302 5692 ,
1325 5640 1473 5694 aptat.

607 5701 901 5751 ,μεηπάιιε
932 5714 945 5750 ς
988 5697 1174 5764 itiier
1211 5694 1549 5764 autemquod.
1587 5697 1884 5764 vignierius:
1937 5698 2124 5764 vtiqmr

546 5770 702 5814 cratem
724 5775 780 5812 eo
798 5797 811 5822 ,
837 5759 1044 5825 quando.
1094 5764 1196 5805 Mss.
1244 5769 1255 5804 ε
1303 5759 1487 5807 ιτιιηιιιν
1528 5763 1687 5808 autem
1707 5791 1722 5812 .
1747 5770 1839 5821 quo
1862 5772 1878 5810 :
1905 5760 2079 5825 supple
2105 5797 2118 5822 ,

547 5835 770 5886 tempore.

1157 406 1402 464 OPElilS
1442 403 1691 462 lill’EliF
1699 403 1826 459 EC'f
1833 401 1852 457 1
1890 399 2161 457 CONTRA
2201 395 2560 465 JULIANUII,
2602 396 2660 453 S.
2700 395 3070 454 AUGUSTINI

2179 544 2460 600 negamus;
2491 530 2585 585 sed
2623 531 2693 585 ita
2735 541 2793 586 ut
2830 547 2934 588 non
2962 534 2979 565 ¹
3013 549 3107 603 per
3146 533 3391 604 adjutorii
3432 553 3625 608 genera
3652 556 3747 598 aut

2177 621 2461 677 fabricetur
2483 638 2603 693 qua:
2630 622 2787 678 fuerit
2812 625 3013 680 arbitrii
3040 627 3310 682 destructa
3353 631 3568 686 libertas
3591 673 3606 696 ,
3647 647 3739 690 aut

2177 713 2461 783 aliquando
2487 729 2550 768 ea
2576 715 2809 780 exclusa,
2841 717 2923 771 vel
2954 718 3076 772 boni
3106 719 3190 773 vel
3221 721 3342 774 mali
3372 723 3611 790 eui-mam
3643 743 3741 780 ne.-

2177 805 2402 858 cessitas
2443 804 2691 860 credatur
2725 806 3059 871 incumbere;
3085 825 3266 864 verum
3315 812 3534 867 arbitrio
3580 815 3746 872 libero

2181 907 2340 947 omne
2365 893 2684 962 adjutorium
2713 907 3051 966 cooperatur.

2253 988 2387 1042 Ave.
2418 986 2472 1041 Si
2505 1003 2608 1040 non
2641 990 2920 1058 praevenit,
2941 999 3002 1043 ut
3028 1001 3277 1059 operetur
3303 1008 3417 1046 eam
3436 1035 3448 1057 ,
3478 994 3569 1048 sed
3612 997 3753 1064 prius

2181 1075 2431 1130 existenti
2456 1077 2710 1131 voluntati
2732 1080 2894 1148 gratia
2914 1092 3259 1150 cooperator;
3289 1085 3550 1152 quomodo
3572 1102 3751 1141 verum

2182 1176 2284 1232 est,
2324 1166 2467 1221 Deus
2495 1169 2548 1222 in
2574 1169 2709 1224 vobis
2737 1180 2974 1239 operatur
2999 1181 3046 1225 et
3073 1171 3202 1226 velle
3234 1172 3253 1244 (
3275 1173 3498 1245 Philipp.
3530 1193 3563 1229 ιι
3583 1219 3596 1238 ,
3631 1177 3756 1246 I5)?

2182 1257 2450 1326 quomodo
2470 1301 2485 1322 ,
2517 1258 2848 1330 Prteparatur
2875 1263 3102 1316 voluntas
3125 1280 3157 1316 τι
3176 1262 3394 1317 Domino
3425 1263 3599 1333 (Prov.
3627 1281 3716 1321 vut
3734 1306 3752 1333 ,

2185 1349 2276 1414 55,
2301 1365 2401 1403 sec.
2421 1349 2616 1420 LXX)?
2643 1352 2929 1420 quomodo,
2947 1353 3178 1407 Charitas
3207 1371 3270 1407 ea:
3293 1353 3398 1408 Deo
3427 1367 3496 1409 est
3528 1355 3581 1425 (I
3604 1357 3756 1410 Joan.

2191 1455 2266 1503 tv,
2298 1441 2376 1510 7),
2399 1457 2518 1512 qua:
2547 1443 2659 1496 sola
2684 1443 2795 1497 vult
2819 1443 3119 1499 beatificum
3143 1445 3376 1499 bonum?
3397 1448 3500 1501 Aut
3520 1447 3561 1500 si
3585 1449 3757 1502 scien-

2190 1532 2261 1588 tia
2305 1533 2434 1605 legis
2477 1544 2532 1590 et
2572 1537 2902 1604 eloquiorum
2947 1537 3036 1591 Dei
3082 1537 3396 1592 charitatem
3429 1549 3677 1608 operatur
3705 1539 3755 1594 in

2193 1624 2368 1688 nobis,
2402 1634 2456 1678 ut
2488 1640 2594 1679 non
2627 1641 2720 1693 per
2747 1625 2944 1680 donum
2977 1627 3087 1691 Dei,
3119 1627 3210 1682 sed
3242 1641 3337 1697 per
3362 1639 3555 1682 nostrai
3578 1629 3759 1682 volun-

2192 1715 2316 1767 tatis
2339 1714 2615 1769 arbitrium
2642 1716 2957 1785 diligamus,
2985 1717 3125 1786 qnod
3153 1732 3273 1772 esse
3299 1718 3617 1788 diligendum
3656 1721 3763 1773 Deo

2192 1802 2417 1858 docente
2437 1805 2838 1874 cognoscimus;
2861 1806 3129 1876 quomodo
3149 1823 3234 1862 res
3261 1809 3436 1862 minor
3460 1824 3520 1863 ex
3547 1809 3651 1863 Deo
3671 1825 3761 1863 no-

2193 1894 2275 1948 bis
2313 1903 2430 1960 est,
2461 1903 2516 1948 et
2555 1895 2726 1964 major
2763 1912 2826 1950 ex
2871 1896 3056 1951 nobis?
3085 1899 3205 1968 quia
3235 1899 3352 1954 sine
3397 1899 3504 1953 Deo
3540 1900 3764 1953 donante

2194 1986 2495 2051 scientiam,
2525 1985 2624 2041 hoc
2651 1996 2736 2042 est
2757 1987 3004 2054 docente,
3032 2005 3191 2044 nosse
3213 2005 3315 2042 non
3341 2005 3647 2058 possumus;
3676 1991 3764 2043 illo

2193 2088 2370 2132 autem
2401 2077 2714 2133 charitatem
2741 2095 2860 2148 quae
2887 2081 3243 2149 supereminet
3272 2080 3507 2134 scientia:
3534 2080 3550 2146 (
3577 2080 3757 2146 Ephes.

2198 2181 2279 2231 ιιι,
2305 2167 2418 2235 19),
2454 2182 2558 2220 non
2585 2167 2836 2232 donante,
2859 2168 3084 2239 diligere
3117 2185 3416 2238 possumus.
3449 2170 3532 2225 Sic
3561 2187 3660 2224 non
3683 2187 3768 2224 sa-

2197 2258 2366 2328 piunt,
2396 2259 2494 2312 nisi
2522 2260 2642 2313 novi
2670 2258 2705 2313 h
2724 2261 2904 2314 cretici
2929 2273 2980 2316 et
3006 2261 3190 2330 gratiae
3218 2263 3307 2315 Dei
3341 2262 3497 2316 nimis
3522 2262 3737 2316 inimici.

2268 2347 2454 2402 XCVI.
2494 2348 2610 2402 Jun.
2657 2349 2765 2403 lloe
2791 2365 2919 2418 ergo
2951 2351 3224 2405 arbitrium
3268 2351 3487 2406 liberum
3509 2393 3522 2414 ,
3553 2362 3763 2421 propter

2197 2439 2340 2508 quod
2366 2437 2536 2493 solum
2561 2453 2659 2493 nos
2681 2439 3006 2495 manifestari
3033 2451 3158 2496 ante
3183 2441 3406 2496 tribunal
3433 2441 3647 2506 Christi,
3664 2442 3772 2496 Ma-

2199 2531 2362 2598 gister
2389 2528 2639 2584 Gentium
2669 2531 2878 2593 scribit,
2913 2541 2968 2585 ιιι
2996 2541 3230 2602 reportet
3255 2533 3619 2602 unusquisque
3645 2549 3770 2601 pro-

2204 2621 2314 2689 pria
2340 2623 2599 2690 corporis.
2625 2631 2782 2691 prout
2806 2624 3004 2693 gessit,
3036 2625 3148 2678 sive
3174 2625 3368 2679 bonum
3391 2667 3406 2691 ,
3434 2625 3545 2679 sive
3579 2627 3772 2678 malum

2203 2710 2276 2782 (11
2302 2711 2420 2767 Cor.
2452 2728 2502 2776 v,
2534 2712 2659 2782 10),
2686 2713 2823 2766 sicut
2850 2713 3106 2769 Catholici
3135 2715 3346 2784 quidem
3373 2715 3689 2769 confitentur
3715 2718 3770 2777 ’ς

2205 2803 2275 2857 ita
2301 2818 2398 2858 vos
2430 2819 2533 2858 nou
2564 2803 2734 2857 solum
2776 2819 2895 2858 cum
2940 2804 3293 2867 Manicltaeo',
3321 2805 3413 2859 sed
3455 2805 3610 2859 etiam
3654 2820 3773 2858 cum

2203 2891 2504 2960 Joviniano,
2526 2908 2684 2964 quem
2718 2894 2869 2949 nobis
2895 2895 3060 2950 audes
3089 2896 3398 2966 impingere,
3425 2896 3638 2949 diverso
3660 2897 3776 2964 qui-

2205 2985 2326 3040 detn
2350 3001 2567 3056 genere,
2599 2985 2693 3040 sed
2722 2987 2990 3056 impietate
3015 2986 3176 3040 simili
3208 2987 3499 3055 deligatis.
3539 2987 3684 3052 Quod
3719 2997 3773 3040 ut

2209 3075 2416 3146 planius
2445 3076 2537 3130 fiat
2555 3119 2569 3142 ,
2599 3077 2918 3131 divisionum
2945 3077 3262 3132 adhibeatur
3287 3093 3530 3132 examen.
3564 3077 3666 3131 Nos
3691 3079 3776 3130 di-

2207 3168 2379 3223 cimus
2416 3177 2633 3238 peccato
2661 3167 2927 3234 hominis,
2959 3184 3063 3222 non
3101 3179 3302 3222 naturte
3330 3178 3520 3222 statum
3554 3170 3738 3221 mutari
3760 3211 3774 3232 ,

2207 3258 2302 3314 sed
2324 3259 2496 3313 meriti
2519 3260 2852 3327 qualitatem;
2876 3258 2927 3313 id
2950 3270 3050 3324 est,
3073 3267 3127 3312 et
3153 3259 3203 3312 in
3231 3271 3478 3328 peccante
3504 3258 3637 3312 hanc
3655 3274 3776 3312 esse

2212 3351 2364 3406 liberi
2405 3351 2608 3404 arbitrii
2650 3360 2926 3416 naturam,
2957 3367 3054 3420 per
3085 3365 3240 3420 quam
3285 3358 3454 3419 potest
3490 3365 3520 3403 a
3562 3360 3780 3418 peccato

2210 3440 2478 3503 desinere.
2502 3457 2620 3511 qua:
2642 3441 2738 3495 fuit
2765 3443 2815 3495 in
2846 3456 2911 3496 eo
2941 3449 2997 3494 ut
3023 3449 3207 3509 posset
3231 3456 3260 3494 a
3283 3439 3480 3506 justitia
3506 3438 3737 3493 deviare.

2283 3533 2418 3588 Auc.
2451 3531 2663 3587 Scimus
2693 3548 2788 3587 vos
2815 3531 2935 3587 ideo
2961 3531 3157 3597 dicere,
3190 3543 3406 3602 peceato
3435 3530 3659 3584 hominis
3684 3546 3782 3583 na-

2213 3635 2344 3680 turze
2365 3633 2558 3680 statum
2588 3640 2690 3678 non
2713 3624 2927 3689 mutari,
2951 3625 3072 3694 quia
3097 3623 3407 3678 deseruistis
3428 3622 3579 3676 fidem
3601 3621 3787 3674 catho-

2215 3715 2394 3781 licam,
2419 3731 2535 3784 quae
2555 3714 2682 3768 dicit
2706 3714 2929 3781 primum
2963 3715 3229 3768 hominem
3262 3714 3338 3766 sie
3369 3713 3579 3775 factum,
3600 3721 3786 3764 utnon

2215 3805 2436 3860 haberet
2477 3804 2738 3867 moriendi
2782 3806 3182 3867 necessitatem;
3231 3813 3446 3872 peccato
3496 3811 3666 3856 autem
3713 3801 3786 3854 ita

2215 3896 2354 3949 hunc
2379 3907 2572 3949 statum
2603 3904 2804 3948 natura:
2832 3894 2993 3949 fuisse
3021 3903 3300 3959 mutatum,
3328 3903 3382 3947 ut
3403 3893 3664 3947 hominem
3687 3909 3787 3946 ne-

2215 4002 2367 4042 cesse
2393 3987 2462 4040 sit
2489 3987 2644 4050 mori,
2670 4002 2834 4054 usque
2859 3987 2994 4041 adeo
3022 3996 3078 4040 ut
3106 3987 3265 4040 etiam
3295 3986 3478 4053 spiritu
3503 3986 3608 4052 jam
3638 3999 3792 4053 rege—

2219 4079 2420 4132 neratis
2449 4088 2607 4148 atque
2636 4079 2910 4132 vivificatis
2937 4079 3225 4147 Apostolus
3254 4076 3402 4132 dicat
3426 4095 3436 4129 :
3474 4076 3533 4131 Si
3562 4076 3795 4130 Christus

2219 4169 2274 4221 in
2300 4169 2437 4222 robis
2461 4178 2556 4234 est,
2581 4185 2764 4237 corpus
2785 4169 2987 4238 quidem
3010 4180 3259 4221 mortuum
3286 4178 3356 4221 est
3384 4177 3584 4236 propter
3614 4183 3796 4232 pecca-

2218 4269 2354 4322 tum,
2381 4259 2589 4326 spiritus
2615 4269 2782 4312 autem
2809 4260 2908 4312 vita
2937 4269 3007 4312 est
3053 4269 3258 4328 prapter
3283 4259 3566 4327 justitiam:
3586 4258 3632 4310 si
3673 4273 3797 4326 ergo

2221 4351 2430 4419 spiritus
2458 4352 2567 4421 ejus
2591 4352 2674 4418 qui
2698 4352 2953 4404 suscitavit
2977 4351 3154 4404 Iesum
3181 4366 3243 4404 ea:
3269 4351 3496 4414 mortuis,
3526 4349 3711 4401 habitat
3741 4351 3799 4401 in

2224 4440 2362 4494 vobis
2378 4455 2398 4504 ,°
2425 4442 2509 4510 qui
2537 4442 2792 4495 suscitavit
2817 4441 2995 4496 Jesum
3017 4441 3273 4496 Christum
3299 4459 3330 4493 a
3356 4441 3561 4494 mortuis
3579 4481 3593 4503 ,
3631 4441 3798 4508 vivi/i-

2222 4531 2352 4584 cabit
2376 4541 2423 4584 et
2451 4533 2686 4586 mortalia
2715 4549 2930 4602 corpora
2959 4544 3121 4587 vestra
3149 4549 3238 4602 per
3263 4532 3618 4585 iuhobitantem
3644 4530 3799 4596 spiri-

2223 4633 2327 4677 tum
2341 4625 2450 4694 ejus
2469 4625 2520 4677 in
2538 4625 2672 4678 vobis
2689 4623 2861 4695 (Rom.
2892 4640 3006 4690 vut,
3028 4625 3095 4678 10
3114 4633 3158 4676 et
3181 4625 3290 4693 11).
3308 4623 3430 4678 Ideo
3450 4623 3623 4690 utique
3636 4620 3798 4684 dixit,

2234 4713 2512 4782 Viviﬁcabit
2541 4725 2584 4767 et
2616 4717 2849 4768 mortalia
2876 4731 3092 4784 corpora
3117 4723 3278 4768 vestra
3299 4755 3312 4774 ,
3353 4712 3491 4781 quod
3533 4713 3582 4765 in
3619 4713 3801 4764 carnis

2224 4806 2614 4860 resurrectione
2634 4821 2930 4874 speramus,
2946 4807 3067 4876 quia
3083 4805 3310 4866 dixerat,
3329 4802 3522 4872 Corpus
3545 4812 3803 4854 mortuum

2224 4903 2297 4948 est
2319 4904 2522 4964 propter
2544 4906 2802 4964 peccatum
2825 4911 2843 4948 :
2863 4904 2916 4949 et
2934 4911 3028 4949 vos
3050 4911 3154 4948 non
3183 4893 3342 4947 vultis
3366 4901 3579 4962 peccato
3601 4899 3802 4944 statum

2226 4995 2482 5040 mutatum
2525 5002 2645 5042 esse
2684 4997 2906 5041 naturae.
2940 4986 3320 5042 Verumtamen
3361 4985 3569 5053 Pelagio
3594 4998 3714 5036 cum
3750 4984 3804 5037 in

2227 5074 2509 5129 l’alaistiuo
2522 5075 2722 5145 judicio
2733 5077 2920 5132 fuisset
2940 5077 3230 5145 ohjectutn,
3249 5074 3388 5144 quod
3411 5073 3609 5128 diceret
3630 5071 3807 5124 infan-

2227 5174 2307 5219 tes
2333 5179 2501 5236 nuper
2529 5179 2682 5220 uatos
2710 5167 2762 5221 in
2788 5183 2852 5221 eo
2877 5177 3017 5221 statu
3043 5181 3163 5220 esse
3185 5207 3199 5228 ,
3245 5165 3296 5218 in
3341 5178 3446 5233 quo
3488 5162 3654 5216 Adam
3703 5161 3810 5214 fuit

2226 5265 2350 5311 ante
2370 5266 2662 5326 peceatum,
2679 5260 2894 5328 negavit
2922 5273 2980 5312 se
3000 5258 3201 5322 dicere,
3229 5256 3384 5326 idque
3408 5254 3677 5308 damnavit
3698 5253 3806 5322 (α).

2291 5393 2414 5457 {Hie
2453 5393 2733 5457 particulam
2747 5401 3011 5457 negantem
3026 5456 3030 5457 ί
3044 5395 3224 5457 omittit
3239 5392 3528 5457 Vignierius.
3552 5389 3641 5438 Sed
3663 5388 3815 5457 infra.

2225 5454 2429 5518 verbum
2451 5452 2581 5504 addit
2604 5469 2666 5518 eo
2687 5452 2906 5514 loeoJrut
2927 5454 3209 5518 subjiciatur
3221 5461 3268 5504 et
3291 5452 3566 5518 fabricetur.
3588 5452 3814 5518 Denique

2227 5514 2333 5580 ipse
2354 5528 2410 5564 ac
2432 5517 2682 5580 Menardus
2704 5512 2870 5580 postea
2888 5552 2903 5575 ,
2927 5512 3035 5579 quia
3056 5517 3204 5578 fuerit
3225 5512 3453 5577 adjutorii
3475 5512 3718 5563 destructa
3752 5512 3816 5558 ti-

2225 5577 2398 5640 bertas.
2418 5577 2716 5640 castigantur
2736 5580 2794 5628 ad
2819 5577 3179 5640 manitscriptos.

2489 5631 2599 5690 ﬂavr.
2649 5649 2701 5690 et
2745 5648 2892 5702 Port.,
2938 5631 3071 5691 sicut
3113 5635 3334 5690 catholici
3383 5635 3464 5700 qui
3519 5642 3617 5683 Deo
3660 5631 3817 5694 conﬁ-

2290 5761 2313 5793 ³
2335 5762 2410 5810 sic
2439 5767 2545 5810 Mss.
2573 5761 2710 5820 Editt,
2737 5761 3034 5814 Manicha’is.

2291 5821 2368 5886 (α)
2390 5823 2506 5874 vide
2526 5819 2703 5874 librum
2722 5824 2786 5874 de
2806 5827 2962 5877 Gestis
2983 5824 3179 5887 Pelagii,
3203 5837 3284 5873 nn.
3311 5820 3389 5883 ει,
3412 5819 3488 5881 21,
3512 5819 3588 5875 57.
