4140 6506
355 409 492 464 HIS

347 522 500 589 Quod
528 520 572 574 si
604 518 815 574 fecisset
836 515 1000 572 corde
1021 514 1218 578 veraci,
1237 513 1346 582 jam
1374 510 1599 565 fortasse
1623 517 1800 563 vestra
1822 507 1925 562 lue-

350 613 486 668 resis
520 611 803 665 interiissct
829 628 843 664 :
871 617 1139 677 postremo
1177 605 1290 672 ipse
1317 602 1504 658 saltem
1535 599 1716 655 fuisse!
1745 599 1814 654 ab
1839 599 1930 653 illa

352 714 500 771 peste
535 712 771 756 sanatus.
819 699 1017 753 Deinde
1058 710 1240 766 qtuero
1265 703 1441 748 utrum
1464 692 1594 747 vitio
1623 701 1802 746 careat
1833 706 1930 744 na-

351 804 464 847 tura
489 792 746 862 peccatrix
773 789 943 860 :quod
965 789 1008 843 si
1031 787 1472 842 absurdissimum
1493 792 1596 850 est,
1622 781 1784 837 habet
1805 796 1931 851 ergo

350 885 570 940 vitium:
615 882 659 936 si
705 882 864 936 habet
902 879 1121 940 vitium,
1155 875 1338 946 procul
1381 874 1544 929 dubio
1589 874 1774 925 vitiata
1825 879 1929 924 est.

347 971 627 1040 Quomodo
645 985 772 1040 ergo
791 979 988 1023 mutata
1013 984 1117 1021 non
1147 975 1250 1032 est,
1277 980 1396 1035 qua:
1421 979 1542 1018 cum
1568 961 1756 1016 luisset
1778 975 1928 1021 sana,

351 1065 529 1118 vitiata
555 1072 638 1118 est
661 1064 714 1116 ’ἲ
742 1063 818 1116 Ae
847 1077 945 1132 per
974 1062 1096 1127 hoc,
1126 1060 1287 1115 etiam
1314 1065 1540 1126 excepto
1565 1063 1784 1126 peccato
1815 1053 1926 1118 illo,

349 1155 420 1213 de
465 1170 572 1226 quo
615 1154 847 1210 Joannes
891 1150 1508 1221 Constantinopolitanus
1555 1149 1670 1214 ait,
1708 1169 1728 1199 ι
1757 1146 1926 1202 Adam

353 1249 589 1316 peccavit
605 1245 730 1300 illud
749 1244 950 1315 grande
977 1254 1272 1316 peccatum,
1289 1253 1343 1297 et
1359 1255 1550 1296 omnes
1571 1241 1625 1294 in
1644 1253 1929 1294 commune

349 1337 621 1392 damnavit
652 1354 672 1388 ι
701 1335 967 1407 (llomilia
1001 1335 1064 1388 de
1098 1333 1294 1388 Lazaro
1335 1333 1670 1402 resuscitato)
1697 1349 1710 1385 :
1738 1340 1793 1386 et
1835 1330 1930 1384 illo

347 1442 477 1497 ergo
505 1437 762 1496 excepto,
790 1425 858 1481 de
895 1441 1000 1495 quo
1035 1425 1429 1480 damnationem
1475 1423 1704 1478 humana
1743 1430 1927 1476 natura

348 1517 682 1586 originaliter
702 1515 883 1582 trahit,
901 1516 1171 1586 quomodo
1189 1515 1367 1570 sobrie
1385 1513 1489 1569 dici
1513 1522 1706 1583 potest,
1731 1521 1926 1568 statum

351 1619 555 1663 natura:
581 1609 632 1661 in
661 1607 875 1661 homine
905 1623 1009 1660 non
1039 1605 1203 1660 fuisse
1229 1614 1486 1659 mutatum
1513 1604 1602 1674 qui
1630 1603 1791 1667 dicit,
1823 1603 1931 1657 Lex

346 1699 626 1770 spiritualis
655 1707 750 1763 est,
780 1713 876 1769 ego
895 1708 1064 1750 autem
1088 1696 1310 1750 carnalis
1330 1712 1462 1761 sum,
1489 1695 1818 1748 venumdatus
1838 1695 1929 1748 sub

346 1801 550 1861 peccato
575 1806 594 1846 :
618 1789 756 1856 quod
791 1791 928 1844 enim
968 1805 1166 1860 operor,
1211 1789 1428 1859 ignoro;
1475 1804 1575 1841 non
1613 1787 1748 1841 enim
1786 1787 1921 1855 quod

345 1885 479 1949 volo,
509 1900 606 1955 ago
633 1883 810 1950 (Rom.
834 1897 929 1947 vn,
963 1881 1028 1935 14
1056 1890 1104 1934 et
1131 1879 1219 1951 l5)
1241 1897 1254 1944 ;
1280 1889 1332 1934 et
1356 1889 1546 1934 caetera
1571 1879 1876 1946 ltttjttsmodi
1909 1896 1922 1933 :

344 1976 505 2029 ctiam
545 1975 590 2030 si
631 1974 768 2029 hanc
795 1973 1141 2028 mutationem
1171 1988 1276 2026 non
1307 1973 1356 2025 in
1388 1987 1454 2026 eo
1482 1973 1730 2026 nascendi
1764 1973 1924 2026 traxit

345 2065 582 2119 conditio
601 2105 616 2130 ,
642 2064 734 2118 sed
759 2105 774 2128 ,
804 2075 862 2118 ιιι
887 2063 1049 2118 vultis
1072 2103 1088 2130 ,
1117 2063 1381 2116 contraxit
1421 2062 1752 2118 consuetudo
1799 2078 1926 2131 pec-

344 2153 536 2206 candi?
565 2152 863 2208 Cernitisne
883 2194 899 2219 ,
931 2167 1126 2206 vamuu
1155 2167 1275 2207 esse
1302 2152 1442 2220 quod
1472 2152 1681 2216 dicitis,
1712 2162 1929 2221 peccato

351 2243 585 2298 hominis
615 2259 720 2297 non
753 2252 954 2297 natura:
981 2251 1177 2296 statum
1204 2244 1417 2304 mutari,
1441 2243 1534 2296 sed
1561 2243 1734 2296 meriti
1759 2242 1929 2312 quali-

347 2334 544 2388 tatem?
571 2333 680 2388 Nisi
720 2332 858 2388 forte
899 2333 1088 2387 dicatis
1111 2373 1126 2396 ,
1158 2347 1264 2386 non
1293 2341 1534 2386 naturam
1568 2345 1785 2402 peccato
1812 2349 1930 2388 mu-

347 2425 468 2487 tari,
490 2423 584 2478 sed
609 2423 903 2478 hominem.
937 2423 1004 2476 Et
1021 2421 1147 2492 quid
1168 2423 1396 2488 esthoc,
1419 2423 1519 2476 nisi
1545 2423 1811 2476 hominem
1835 2439 1930 2476 ne-

344 2529 471 2583 gare
498 2529 618 2569 esse
647 2516 925 2568 naturam?
953 2512 1177 2579 Quando
1206 2512 1308 2567 ista
1337 2513 1589 2568 diceretis
1610 2554 1624 2578 ,
1657 2513 1700 2568 si
1726 2515 1928 2583 cogita-

246 2596 248 2598 ’
347 2608 476 2661 retis
504 2621 632 2660 sana
665 2614 844 2660 mente
869 2605 1011 2676 quod
1036 2605 1248 2661 dicitis?

417 2698 622 2752 XCV".
663 2697 782 2753 Jun.
825 2698 1150 2753 Maniclta-us
1177 2698 1340 2761 dicit,
1369 2698 1693 2753 voluntatem
1734 2701 1926 2754 malam

345 2790 412 2843 ab
441 2807 502 2845 ea
533 2791 779 2860 inspirari
809 2800 1017 2853 natura,
1049 2807 1169 2860 quae
1192 2791 1389 2846 bonum
1423 2792 1559 2846 velle
1581 2807 1686 2846 non
1717 2801 1925 2861 potest;

343 2880 671 2934 voluntatem
715 2896 840 2934 vero
882 2880 1074 2934 bonam
1118 2880 1188 2934 ab
1217 2895 1278 2934 ea
1310 2879 1516 2934 infundi
1557 2890 1742 2935 natura
1764 2923 1780 2946 ,
1809 2899 1928 2951 quae

344 2971 543 3024 malum
563 2970 702 3024 velle
727 2984 832 3024 non
858 2978 1030 3038 potest
1051 2987 1064 3023 :
1088 2969 1157 3022 ita
1181 2969 1361 3038 utique
1384 2970 1586 3023 naturis
1602 2971 1926 3039 singularum

344 3075 526 3115 rerum
557 3059 780 3128 imponit
810 3059 1208 3121 necessitatem,
1241 3066 1298 3112 ut
1329 3058 1556 3127 propria:
1579 3059 1882 3114 voluntates
1906 3061 1926 3092 ³

346 3164 452 3203 non
490 3149 698 3217 possint
723 3148 862 3202 velle
887 3149 1176 3202 contraria.
1223 3146 1367 3202 inter
1398 3163 1496 3202 nos
1522 3157 1577 3202 et
1606 3149 1751 3202 illttm
1781 3159 1929 3204 certe

344 3238 546 3309 grande
587 3237 752 3292 chaos
791 3248 875 3293 est
896 3256 910 3292 :
932 3237 1211 3292 videamus
1239 3253 1380 3292 nunc
1403 3246 1658 3308 quantum
1686 3239 1752 3292 ab
1775 3256 1840 3294 eo
1871 3247 1926 3294 tu

345 3328 657 3384 recesseris.
681 3329 824 3384 Dicis
845 3343 965 3384 esse
993 3329 1213 3384 liberam
1243 3331 1593 3394 voluntatem,
1623 3333 1715 3387 sed
1741 3342 1797 3387 ut
1819 3348 1930 3387 ma-

345 3419 454 3474 lum
485 3419 855 3474 tantununodo
885 3419 1064 3487 faciat,
1091 3435 1196 3475 non
1223 3431 1402 3476 autem
1431 3436 1553 3477 esse
1582 3423 1633 3477 in
1665 3423 1768 3478 hoc
1797 3425 1931 3478 libe-

346 3525 457 3563 ram
479 3549 495 3576 ,
517 3519 576 3563 ut
599 3509 796 3563 malum
826 3510 1050 3564 desistat
1076 3512 1283 3579 operari
1309 3552 1326 3577 ,
1354 3512 1456 3566 nisi
1487 3513 1535 3566 ei
1564 3512 1723 3568 fuerit
1751 3515 1926 3584 impo-

344 3603 446 3656 sita
477 3602 768 3656 necessitas
795 3601 1004 3656 volendi
1031 3602 1253 3668 bonum,
1280 3604 1348 3657 ab
1373 3619 1435 3659 ea
1464 3613 1672 3672 natura,
1695 3623 1833 3676 quat,
1867 3615 1927 3661 ut

345 3691 450 3746 tuis
466 3702 583 3746 utar
597 3692 952 3756 sermonibus,
973 3710 992 3744 ι
1013 3693 1207 3748 malum
1222 3711 1325 3748 non
1343 3706 1516 3765 potest
1530 3697 1666 3752 velle
1690 3717 1708 3749 ι
1737 3697 1920 3768 (Libri

343 3794 520 3838 contra
560 3783 702 3838 Duas
759 3783 1018 3855 Epistolas
1063 3784 1498 3858 Pelagianorum,
1539 3808 1593 3844 ιι.
1639 3790 1716 3861 7)
1791 3793 1927 3845 Deli-

346 3875 428 3928 nis
449 3890 597 3945 ergo,
623 3889 792 3944 genus
822 3876 1093 3930 hominum
1125 3893 1220 3946 per
1247 3879 1470 3934 liberum
1493 3883 1770 3937 arbitrium
1794 3884 1926 3938 nihil

348 3963 491 4020 aliud
513 3979 672 4033 quam
701 3979 941 4033 peccare,
973 3981 1074 4021 nec
1091 3967 1230 4020 aliud
1258 3983 1414 4038 posse
1436 3970 1630 4026 facere.
1661 3972 1763 4026 Per
1785 3974 1925 4042 quod

345 4054 586 4110 absolute
626 4057 939 4124 pronuntias
959 4099 974 4120 ,
1007 4057 1292 4113 humanam
1323 4071 1567 4117 naturam
1594 4081 1754 4118 unum
1781 4081 1926 4120 sem-

349 4158 446 4212 per
470 4159 669 4214 cupere
692 4146 833 4216 quod
866 4148 1062 4202 malum
1089 4159 1194 4212 est,
1221 4160 1273 4204 ct
1303 4152 1440 4206 velle
1472 4169 1574 4206 non
1604 4170 1760 4222 posse
1790 4173 1923 4211 con-

349 4234 568 4288 trarium
595 4253 608 4288 :
634 4245 877 4290 naturam
897 4245 1075 4292 autem
1107 4239 1200 4293 Dei
1226 4241 1420 4296 malum
1445 4258 1548 4297 lt0n
1580 4260 1734 4312 posse
1759 4248 1922 4309 velle;

342 4330 399 4378 et
424 4323 562 4385 ideo,
588 4325 686 4378 nisi
712 4326 1044 4381 necessitatis
1065 4343 1176 4382 sua:
1198 4331 1506 4401 participem
1532 4332 1711 4388 fecerit
1730 4339 1921 4391 malam

345 4409 619 4464 homimun
661 4423 900 4468 naturam
924 4455 938 4477 ,
968 4417 1164 4471 bonum
1209 4421 1260 4472 in
1301 4435 1363 4474 ea
1403 4423 1626 4477 actionis
1661 4441 1783 4479 esse
1819 4443 1923 4481 non

347 4514 524 4568 posse.
556 4499 683 4554 Post
712 4501 826 4556 luee
857 4503 1032 4573 itaque
1057 4515 1232 4560 utrum
1260 4523 1362 4563 non
1389 4512 1612 4566 multum
1639 4529 1787 4570 ames
1816 4517 1926 4570 Ma-

345 4588 631 4652 nichzeum,
657 4590 708 4644 in
735 4591 912 4646 cordis
934 4593 1008 4647 tui
1033 4605 1242 4651 secreto
1270 4598 1410 4654 Deus
1431 4602 1647 4657 viderit:
1667 4618 1922 4674 quantum

345 4689 521 4735 tamen
567 4697 630 4736 ex
672 4681 974 4752 dogmatum
1018 4690 1369 4754 germanitate
1411 4705 1762 4760 monstratur,
1794 4700 1925 4754 nihil

343 4770 487 4825 aliud
516 4786 733 4841 prorsus
757 4773 930 4843 egisti,
953 4791 1111 4844 quam
1142 4786 1200 4832 ut
1224 4779 1410 4835 ordine
1433 4794 1756 4840 commutato
1783 4789 1922 4844 idem

345 4859 486 4930 quod
517 4861 608 4915 ille
635 4861 926 4917 aitirmarat
957 4864 1285 4922 adstrueres.

415 4952 551 5006 Auc.
583 4949 798 5008 Utinam
831 4953 1178 5011 Manichteum
1209 4956 1417 5015 fortiter
1443 4963 1749 5019 destrucres
1769 5007 1785 5032 ,
1818 4983 1923 5022 non

345 5040 571 5108 turpiter
599 5042 897 5112 adjuvares.
949 5044 1041 5100 llle
1072 5062 1302 5116 namque
1327 5050 1489 5104 nimia
1523 5067 1811 5122 perversns
1839 5057 1921 5110 in-

344 5130 492 5184 sauia
521 5147 626 5186 non
652 5131 781 5189 dicit
808 5145 1052 5191 naturam
1078 5140 1201 5193 mali
1229 5142 1344 5212 cogi
1377 5143 1511 5198 bene
1532 5143 1707 5202 facere
1733 5149 1800 5204 ab
1821 5151 1923 5206 alia

340 5230 532 5276 natura
562 5223 708 5291 boni,
738 5241 857 5294 qua:
888 5228 1084 5283 malum
1112 5247 1218 5285 non
1250 5242 1427 5302 potest
1449 5237 1618 5302 velle;
1651 5240 1742 5294 scd
1774 5253 1926 5296 natu-

347 5327 461 5364 ram
499 5311 622 5365 boni
662 5314 778 5383 cogi
815 5318 952 5373 male
978 5319 1153 5375 facere
1183 5323 1250 5377 ab
1279 5339 1342 5378 ea
1375 5339 1561 5381 natura
1603 5332 1766 5394 mali,
1805 5349 1924 5404 qua:

346 5399 544 5454 bonum
589 5417 690 5456 non
735 5413 908 5472 potest
947 5409 1084 5464 velle
1109 5427 1122 5463 :
1146 5426 1209 5466 ac
1239 5429 1334 5482 per
1364 5416 1464 5470 hoc
1493 5419 1806 5478 mirabiliter
1825 5399 1928 5481 de-

345 5502 498 5543 mens
521 5499 759 5545 naturam
780 5495 902 5548 mali
920 5496 1030 5551 vult
1047 5513 1166 5554 esse
1184 5501 1587 5573 immutabilem,
1610 5515 1921 5570 mutabilem

411 5604 1038 5683 'nttneslententijamhillam
1077 5623 1362 5683 revocamus
1400 5632 1464 5667 ex
1502 5627 1610 5672 Mss.
1645 5631 1752 5673 star.
1769 5661 1782 5683 ,
1803 5629 1922 5678 clar.

346 5667 978 5750 fi..'.‘f".‘.:-L-8'_‘°l'}£d9.f.'9°
1015 5678 1198 5723 πιωαια
1233 5688 1326 5726 ηοη
1349 5686 1448 5737 es!»
1481 5667 1927 5750 devorasti

343 5737 479 5782 sarta,
507 5728 668 5776 ritiata
689 5739 780 5776 nou
800 5734 871 5779 est
889 5728 914 5778 Ρ

411 5787 428 5818 ³
595 5795 702 5838 Mar.
729 5796 874 5854 Port.,
899 5799 951 5842 et
985 5791 1229 5846 voluntatis

1727 389 1927 446 LIBER
1966 388 2235 447 PRIMUS.

3483 393 3621 452 ll”

2041 522 2171 562 vero
2197 513 2436 561 naturam
2457 505 2602 561 boni.
2633 505 2878 572 Proinde,
2903 509 3226 565 voluntatem
3251 511 3443 566 malam
3465 513 3534 568 ab
3556 530 3616 569 ea

2039 597 2284 667 inspirari
2306 604 2508 658 natura,
2533 611 2653 666 qua:
2678 597 2874 652 bonum
2899 598 3038 652 velle
3061 614 3165 653 non
3195 609 3388 670 potest,
3411 612 3616 658 certum

2035 695 2118 741 est
2137 686 2314 740 dicere
2334 685 2680 739 Manichteum
2705 704 2720 738 :
2750 688 3074 742 voluntatem
3099 703 3227 743 vero
3248 689 3439 744 bonam
3460 692 3527 744 ab
3550 708 3612 746 ea

2037 776 2239 831 infundi
2268 788 2475 838 natura,
2506 791 2626 845 qua:
2653 778 2849 831 malum
2876 779 3014 834 velle
3041 795 3144 834 non
3173 789 3366 848 potest,
3397 796 3504 835 non
3530 782 3614 834 di-

2034 868 2108 918 cit
2136 865 2477 930 Manichzeus,
2501 867 2634 921 sicut
2665 877 2718 922 tu
2746 869 2812 922 de
2837 869 2928 924 iilo
2955 869 3135 923 mitius
3155 871 3622 940 suspicaris:quo-

2036 956 2178 1010 niam
2207 958 2224 988 ¹
2254 957 2379 1012 boni
2409 968 2651 1011 naturam
2677 960 2823 1012 nullo
2844 960 3004 1014 modo
3022 963 3402 1017 immutabilem
3424 963 3612 1027 credit,

2035 1063 2154 1115 qua:
2185 1048 2382 1102 malum
2413 1048 2550 1102 velle
2582 1065 2687 1103 non
2721 1050 2907 1119 possit,
2939 1052 3022 1104 cui
3054 1050 3223 1106 credit
3249 1053 3492 1122 inspirari
3521 1068 3616 1107 vo-

2034 1137 2290 1192 luntatem
2319 1139 2510 1192 malam
2533 1139 2601 1194 ab
2620 1155 2680 1194 ea
2713 1148 2922 1206 natura,
2946 1157 3064 1211 quae
3093 1143 3287 1196 bonum
3312 1159 3415 1197 non
3443 1153 3618 1212 potest

2016 1231 2197 1294 'vclle;
2227 1231 2407 1301 itaque
2435 1231 2548 1285 fieri
2590 1247 2686 1302 per
2715 1233 2838 1286 mali
2869 1242 3110 1288 naturam
3130 1275 3143 1298 ,
3167 1244 3228 1290 ιιι
3263 1236 3462 1290 malum
3491 1237 3620 1292 velit

2034 1320 2156 1375 boni
2181 1331 2388 1386 natura,
2411 1337 2569 1391 quam
2593 1322 2723 1377 nihil
2747 1323 2860 1378 vult
2880 1339 3002 1379 esse
3023 1325 3165 1380 aliud
3187 1342 3345 1396 quam
3371 1337 3614 1383 naturam

2035 1413 2149 1468 Dei.
2181 1413 2261 1466 Τιι
2289 1428 2418 1482 ergo
2447 1406 2586 1467 hunc
2612 1413 2832 1484 adjuvas
2851 1455 2867 1481 ,
2900 1416 3142 1486 negando
3173 1417 3458 1471 humanam
3488 1433 3616 1488 pec-

2030 1516 2153 1560 cato
2183 1506 2335 1573 primi
2367 1504 2597 1560 hominis
2625 1507 2862 1562 vitiatam
2887 1523 3006 1563 esse
3028 1519 3296 1574 naturam,
3329 1519 3386 1563 ut
3411 1520 3617 1565 natura:

2034 1595 2156 1648 mali
2185 1611 2340 1666 quam
2373 1595 2540 1666 lingit,
2569 1597 2822 1651 attribuat
2843 1598 3095 1668 quidquid
3126 1600 3386 1653 malorum
3416 1601 3466 1654 in
3497 1616 3615 1653 ma-

2032 1687 2374 1744 nifestissima
2407 1690 2606 1744 invenit
2634 1690 2851 1744 miseria
2882 1691 3244 1760 parvulorum.
3269 1692 3471 1746 Deinde
3491 1707 3612 1746 cum

2031 1781 2281 1851 displicet
2306 1781 2421 1848 tibi,
2456 1782 2726 1836 hominem
2754 1798 2858 1836 non
2893 1796 3048 1852 posse
3087 1781 3284 1836 bonum
3315 1783 3481 1847 velle,
3513 1783 3614 1837 nisi

2030 1873 2310 1941 adjuvetur
2337 1873 2403 1927 ab
2429 1887 2495 1928 eo
2523 1873 2612 1942 qui
2646 1873 2841 1926 malum
2878 1889 2982 1925 non
3029 1881 3204 1942 potest
3232 1872 3368 1927 velle
3387 1914 3401 1937 ,
3432 1887 3612 1926 nonne

2031 1962 2253 2033 respicis
2271 1963 2320 2017 ei
2346 1969 2397 2017 te
2417 1961 2806 2029 contradicere,
2831 1963 2920 2033 qui
2941 1962 3095 2027 dixit,
3127 1963 3253 2016 Sine
3271 1977 3348 2015 me
3369 1962 3496 2015 nihil
3522 1979 3614 2033 ρο·-

2030 2054 2168 2106 testis
2196 2056 2362 2124 facere
2390 2051 2567 2124 (Joan.
2591 2068 2680 2117 xv,
2705 2053 2776 2121 5)
2806 2069 2818 2104 :
2852 2061 2906 2106 et
2931 2052 3221 2122 Scriptura:
3239 2093 3254 2118 ,
3280 2052 3365 2104 ubi
3399 2051 3608 2120 legitur,

2032 2142 2257 2197 Paratur
2281 2143 2512 2197 voluntas
2535 2160 2568 2196 a
2594 2143 2809 2197 Domino
2843 2143 3022 2214 (Prov.
3038 2159 3149 2206 vm,
3179 2144 3380 2207 ὄδωδε.
3405 2141 3609 2210 LXX);

2031 2245 2084 2288 et
2124 2234 2214 2288 ubi
2253 2233 2446 2304 legitur
2465 2274 2480 2295 ,
2514 2233 2655 2287 Deus
2684 2243 2753 2287 est
2780 2235 2912 2287 enim
2939 2234 3023 2301 qui
3052 2243 3292 2301 operatur
3319 2234 3372 2286 in
3400 2233 3540 2286 nobis
3567 2243 3615 2286 et

2030 2324 2158 2377 velle
2185 2321 2440 2394 (Philipp.
2464 2339 2523 2388 tl,
2547 2323 2668 2392 l3);
2693 2332 2746 2377 et
2765 2323 2853 2377 ubi
2876 2323 3086 2392 legitur,
3111 2324 3152 2374 Α
3176 2322 3394 2375 Domino
3414 2339 3614 2392 gressus

2031 2415 2249 2470 hominis
2290 2415 2592 2486 dirigentur,
2623 2425 2669 2468 et
2713 2416 2844 2469 viam
2883 2415 2992 2486 ejus
3033 2415 3160 2468 volet
3203 2413 3388 2482 (Psal.
3417 2430 3611 2476 xxxvi,

2030 2508 2162 2578 23)?
2195 2508 2293 2564 Ubi
2325 2509 2456 2563 nihil
2488 2508 2673 2571 miror,
2703 2508 2804 2562 nisi
2835 2508 2974 2562 unde
3002 2518 3052 2562 te
3078 2506 3423 2562 christianum
3447 2507 3611 2572 dicas,

2030 2615 2152 2654 cum
2185 2599 2268 2654 his
2295 2600 2492 2654 divinis
2519 2608 2596 2654 tot
2623 2608 2678 2656 et
2707 2609 2812 2653 tam
2843 2599 3002 2655 claris
3023 2600 3238 2655 vocibus
3260 2600 3611 2653 contradicas.

2104 2689 2334 2746 XCVIII.
2361 2689 2481 2745 ιω..
2505 2689 2790 2746 Joviniano
2812 2701 2990 2746 autem
3021 2692 3070 2743 in
3094 2707 3194 2744 una
3228 2698 3376 2759 parte
3395 2690 3615 2756 conjun-

2031 2781 2210 2852 geris:
2234 2797 2357 2836 nam
2385 2781 2514 2835 dicit
2542 2782 2594 2836 in
2625 2781 2861 2836 secundo
2881 2781 3060 2850 operis
3081 2781 3162 2835 sui
3197 2781 3352 2845 libro,
3377 2780 3618 2849 Baptiza-

2033 2881 2144 2927 tum
2178 2872 2448 2927 hominem
2481 2887 2584 2926 non
2613 2887 2773 2943 posse
2799 2887 3053 2942 peccare;
3081 2881 3206 2926 ante
3235 2872 3499 2937 Baptisma
3521 2886 3618 2925 au-

2033 2973 2138 3017 tem
2185 2973 2240 3017 et
2285 2978 2506 3033 peccare
2549 2972 2604 3018 et
2646 2979 2752 3018 non
2796 2979 3021 3033 peccare
3062 2977 3238 3032 posse.
3269 2963 3463 3017 Tecum
3489 2979 3616 3032 ergo

2031 3061 2214 3124 putat,
2243 3067 2273 3107 a
2305 3061 2546 3123 tempore
2585 3055 2927 3123 Baptismatis
2953 3054 3153 3122 imponi
3182 3054 3487 3108 hominibus
3517 3068 3614 3106 ne-

2030 3145 2333 3199 cessitatem
2378 3144 2502 3199 boni
2527 3161 2540 3198 :
2575 3144 2718 3213 quod
2743 3159 2894 3213 aeque
2920 3143 3110 3197 falsum
3136 3152 3255 3208 est,
3281 3158 3442 3212 quam
3473 3143 3612 3210 quod

2034 3245 2088 3290 tu
2119 3243 2301 3305 putas,
2332 3245 2458 3290 ante
2489 3235 2757 3304 Baptisma
2784 3237 2960 3289 inesse
2989 3234 3294 3288 hominibus
3321 3234 3612 3288 necessita-

2032 3335 2138 3382 tem
2180 3327 2404 3382 laciendi
2447 3327 2594 3382 mali.
2631 3327 2761 3382 Nam
2783 3343 2903 3382 cum
2933 3327 3068 3382 dicis
3099 3337 3153 3380 tu
3177 3367 3192 3392 ,
3231 3345 3250 3377 ι
3284 3325 3396 3380 Νοιι
3445 3333 3616 3394 potest

2032 3418 2194 3473 homo
2215 3419 2337 3473 boni
2357 3419 2556 3489 aliquid
2581 3419 2739 3483 velle,
2767 3419 2865 3472 nisi
2892 3417 3176 3486 adjuvetur
3199 3417 3267 3471 ab
3292 3431 3358 3472 eo
3384 3417 3472 3484 qui
3498 3431 3616 3470 ma-

2030 3511 2138 3566 hun
2169 3525 2276 3564 non
2305 3518 2484 3580 potest
2509 3510 2686 3564 velle:
2729 3527 2748 3561 ι
2783 3510 3190 3578 participatione
3220 3509 3404 3577 utique
3432 3509 3616 3577 gratia:

2031 3610 2084 3654 et
2110 3609 2311 3654 natura:
2339 3601 2494 3655 bona:
2517 3601 2597 3654 vis
2626 3599 2896 3653 hominem
2926 3599 3330 3669 possibilitatem
3358 3599 3614 3666 consequi

2029 3690 2259 3746 faciendi
2287 3691 2442 3754 boni;
2469 3691 2611 3760 quod
2635 3690 2769 3745 dicis
2798 3698 2971 3743 tamen
2993 3705 3023 3743 a
3048 3699 3289 3758 tempore
3315 3688 3615 3756 Baptisma-

2031 3783 2098 3837 tis
2125 3797 2280 3852 posse
2306 3783 2637 3851 contingere.
2687 3783 2830 3836 Inter
2861 3782 3188 3852 impietatem
3222 3782 3381 3852 igitur
3405 3781 3612 3835 medius

2029 3883 2085 3928 et
2111 3874 2377 3937 timorem,
2412 3871 2478 3926 ad
2514 3872 2777 3926 Joviniani
2805 3873 3130 3927 consortium
3160 3871 3480 3941 confugisti,
3518 3872 3612 3926 sed

2030 3965 2306 4020 Manichaei
2357 3966 2583 4033 lupanar
2621 3965 2848 4020 necdum
2903 3965 3181 4033 reliquisti.
3234 3964 3612 4019 Verumtamen

2031 4065 2178 4110 tanto
2200 4065 2251 4110 te
2271 4055 2607 4110 innocentior
2621 4055 2952 4117 Jovinianus,
2972 4063 3171 4125 quanto
3187 4055 3470 4110 Joviniano
3495 4069 3616 4123 pro-

2032 4145 2204 4200 fanior
2233 4145 2574 4202 Manichacus.
2617 4147 2682 4203 Ut
2706 4148 2848 4201 enim
2881 4148 3056 4201 adhuc
3083 4147 3297 4202 brevius
3326 4147 3465 4216 quod
3497 4148 3612 4216 egi-

2032 4253 2151 4292 mus
2174 4238 2473 4307 colligatur,
2503 4238 2824 4292 Manichmus
2849 4238 2978 4294 dicit
3001 4256 3014 4291 :
3037 4237 3096 4291 In
3142 4238 3390 4292 omnibus
3437 4237 3612 4291 homi-

2030 4333 2187 4388 nibus
2223 4331 2526 4401 inspiratris
2553 4333 2706 4386 malae
2735 4333 3020 4386 voluntatis
3062 4331 3398 4384 tenebrarum
3427 4337 3613 4383 natura

2029 4422 2318 4491 delinquit,
2354 4433 2406 4475 et
2446 4421 2587 4475 aliud
2633 4421 2810 4476 facere
2850 4437 2953 4474 non
3000 4431 3194 4490 potest.
3245 4420 3323 4474 Τιι
3359 4420 3492 4474 dicis
3517 4437 3530 4474 :
3555 4418 3612 4474 In

2029 4515 2238 4568 cunctis
2277 4515 2580 4568 hominibus
2617 4515 2772 4584 primi
2816 4514 3018 4582 peccati
3046 4513 3280 4568 tenebris
3307 4513 3495 4566 infecta
3517 4552 3532 4576 ,
3563 4523 3617 4566 et

2031 4621 2126 4674 per
2169 4605 2271 4660 hoc
2304 4605 2457 4660 mala:
2481 4607 2768 4659 voluntatis
2794 4615 2982 4660 auctor
3007 4615 3192 4658 natura
3226 4604 3520 4673 delinquit,
3561 4614 3616 4657 et

2031 4697 2229 4751 bonum
2255 4697 2393 4751 velle
2434 4712 2539 4750 non
2586 4705 2779 4765 potest.
2809 4697 3122 4751 Jovinianus
3150 4695 3278 4749 dicit
3306 4712 3320 4748 :
3355 4695 3614 4748 Voluntas

2029 4785 2242 4853 quidem
2270 4785 2578 4851 hominum,
2607 4786 2700 4838 sed
2727 4801 2895 4853 usque
2921 4785 2985 4838 ad
3019 4785 3283 4852 Baptisma
3314 4783 3610 4852 delinquit;

2032 4884 2214 4944 postea
2240 4890 2416 4930 autem
2446 4875 2545 4928 nisi
2577 4876 2773 4929 bonum
2805 4875 2943 4930 velle
2971 4891 3076 4928 non
3111 4884 3303 4943 potest.
3331 4875 3610 4941 Catholici,

2032 4966 2083 5021 id
2127 4975 2211 5021 est
2252 4981 2351 5020 nos
2370 5007 2385 5030 ,
2414 4966 2640 5021 dicimus
2659 5007 2674 5030 ,
2707 4966 2848 5036 quod
2879 4967 2948 5022 ab
2979 4967 3128 5021 initio
3155 4982 3322 5036 usque
3347 4967 3413 5021 ad
3453 4968 3613 5022 linem

2031 5058 2146 5112 sine
2171 5057 2350 5127 aliquo
2378 5059 2696 5112 naturalium
2723 5068 2908 5113 coactu
2931 5099 2946 5124 ,
2976 5058 3220 5112 voluntas
3251 5069 3305 5113 et
3343 5069 3466 5114 ante
3507 5060 3609 5114 Βεε-

2032 5149 2222 5217 ptisma
2245 5147 2295 5202 in
2321 5163 2637 5218 unoquoque
2659 5149 2938 5217 delinquit,
2967 5165 3087 5218 quae
3115 5148 3206 5203 illo
3233 5149 3348 5219 ipso
3373 5157 3615 5218 tempore

2030 5256 2136 5309 quo
2164 5249 2364 5309 peccat,
2399 5249 2713 5310 potestatem
2746 5241 2904 5296 habet
2931 5242 3186 5297 recedere
3211 5257 3238 5295 a
3268 5242 3429 5310 malo,
3453 5251 3508 5296 et
3540 5243 3613 5296 fa-

2030 5347 2152 5386 cere
2179 5333 2396 5398 bonum,
2428 5341 2488 5387 ut
2511 5342 2722 5390 constet
2749 5335 2886 5389 ratio
2915 5334 3197 5390 libertatis.
3224 5333 3473 5390 Vestrum
3505 5335 3605 5390 ita-

2030 5437 2134 5491 que
2176 5423 2304 5477 nulli
2352 5425 2564 5493 quidem
2590 5425 2786 5481 veritas
2807 5425 3114 5496 dogmatum
3153 5433 3401 5481 constat:
3429 5434 3604 5480 tamen

2031 5529 2151 5568 cum
2177 5515 2243 5569 ab
2273 5531 2378 5569 uno
2409 5517 2664 5587 principio
2687 5519 2888 5573 erroris
2917 5519 3120 5574 fueritis
3145 5524 3368 5590 egressi.
3394 5519 3477 5574 vel
3504 5519 3606 5573 mi-

2034 5617 2134 5658 nus
2153 5603 2485 5659 inhonestum
2504 5616 2638 5674 erat,
2655 5608 2698 5662 si
2717 5625 2835 5678 qua:
2851 5619 3252 5681 consequuntur
3267 5609 3574 5666 admittens
3587 5645 3604 5672 9

2097 5819 2110 5849 ¹
2136 5825 2186 5869 ιιι
2221 5819 2380 5884 editis,
2405 5823 2549 5886 quod.
2575 5825 2888 5878 attendamus
2913 5840 2976 5879 ex
3537 5839 3557 5864 ι

3627 5835 3643 5873 -3
