4118 6572
525 419 660 480 ms

522 546 578 591 et
605 531 729 602 quia
765 543 891 588 cum
925 527 1220 586 Hernicinam
1257 525 1425 588 dicis.
1454 531 1643 580 natura
1671 519 1813 578 mala
1835 521 1874 584 ι,
1907 517 1957 575 id
1997 524 2111 580 est,

526 635 717 681 manca
758 619 1006 680 libertate
1026 617 1268 686 delinqui
1289 658 1305 682 ,
1329 615 1688 672 dicereseum
1715 609 1936 672 eodem,
1967 606 2116 665 nullo

525 716 675 770 illam
706 721 864 784 pacto
887 726 1049 782 posse
1073 708 1320 768 mundari
1353 725 1368 762 :
1399 705 1542 777 quod
1568 702 1784 775 quidem
1811 696 1936 756 alibi
1965 697 2114 753 amr.

525 819 646 866 mas
664 822 682 873 ;
703 806 804 862 sed
833 803 976 874 quod
1000 799 1308 858 necessario
1327 796 1752 864 consequebatur
1773 791 2112 862 adjungeres,

526 896 649 952 ideo
669 896 718 954 ei
735 909 868 964 opus
884 907 990 948 non
1013 906 1134 948 esse
1157 888 1494 959 Baptismatis
1511 882 1858 942 sacramentis
1880 883 1926 934 ³.
1949 881 2054 935 Aut
2071 879 2118 935 si

526 1003 649 1044 cum
681 985 984 1051 Joviniano,
1017 1000 1046 1037 a
1079 992 1319 1054 tempore
1339 988 1601 1050 susceptio
1625 977 1748 1033 ﬁdei
1772 977 2005 1048 imprimi
2031 989 2118 1030 as.

530 1078 669 1136 seris
705 1077 875 1133 bonas
902 1074 1252 1146 cupiditates;
1283 1072 1496 1128 diceres
1517 1085 1636 1125 cum
1665 1068 1858 1124 eodem
1879 1111 1893 1132 .
1923 1067 2118 1122 bonam

531 1179 588 1226 et
625 1181 752 1226 ante
790 1166 1065 1239 Baptisms
1107 1165 1270 1221 fuisse
1309 1174 1578 1224 naturam,
1601 1176 1720 1230 qua:
1748 1160 1873 1214 licet
1899 1157 2121 1212 haberet

533 1259 939 1330 possibilitatem
960 1257 1108 1320 mali,
1129 1271 1232 1312 non
1261 1264 1435 1310 tamen
1461 1251 1704 1308 habuerit
1719 1249 2118 1314 necessitatem,

532 1367 598 1407 ac
639 1366 737 1422 per
778 1350 882 1406 hoc
911 1347 992 1404 ad
1040 1346 1484 1404 indissimulabile
1509 1345 1532 1378 ⁸
1560 1345 1760 1400 bonum
1807 1348 2121 1398 consecrata

535 1441 858 1513 pervenerit.
885 1441 1000 1497 Hoc
1025 1439 1171 1496 enim
1198 1437 1378 1504 modo,
1409 1437 1508 1492 etsi
1539 1435 1757 1502 rationi,
1785 1445 2120 1504 nequaquam

537 1541 718 1590 tamen
745 1547 932 1590 eorum
947 1573 969 1600 ,
995 1545 1136 1602 quos
1169 1529 1412 1600 sequeris
1429 1569 1446 1594 ,
1470 1525 1812 1598 dogmatibus
1837 1532 2124 1580 contrave«

538 1637 706 1678 utres.

611 1713 749 1769 Aes.
790 1709 1002 1766 Oblitus
1024 1723 1084 1766 es
1113 1700 1240 1778 quid
1265 1707 1510 1766 dicamus
1539 1725 1553 1762 :
1583 1704 1888 1768 recordare,
1917 1715 2125 1774 (praesa.

540 1805 653 1863 Nos
681 1817 866 1860 sumus
892 1803 984 1873 qui
1013 1801 1166 1857 vobis
1203 1798 1625 1856 reclamantibus
1661 1797 1925 1862 dicimus,
1959 1795 2127 1850 etiam

537 1895 716 1967 iustis,
743 1892 994 1966 quamdiu
1018 1900 1143 1948 sunt
1167 1891 1220 1948 in
1251 1893 1350 1946 hac
1373 1891 1504 1956 vita,
1531 1905 1636 1946 non
1665 1888 1876 1955 deesse,
1909 1886 2050 1943 unde
2077 1885 2130 1942 in

540 1987 783 2044 oratione
807 2000 902 2040 sua
919 1984 992 2040 de
1016 2000 1078 2042 se
1105 1983 1234 2052 ipsis
1253 1982 1516 2038 veraciter
1539 1981 1738 2046 dicant,
1763 1978 1970 2032 Diuiitte
1990 1977 2134 2033 nobis

541 2077 710 2135 debita
735 2089 910 2132 nostra
941 2073 1154 2149 (Matth.
1183 2091 1256 2138 HI,
1287 2073 1410 2146 12)..
1438 2075 1700 2142 Quoniam
1727 2071 1776 2130 si
1815 2071 2049 2126 dixerint
2075 2085 2136 2125 se

542 2184 650 2224 non
679 2167 883 2225 habere
914 2176 1222 2238 peccatum,
1249 2180 1308 2222 se
1353 2167 1500 2236 ipsus
1527 2163 1824 2234 decipiunt,
1856 2171 1912 2219 et
1939 2161 2137 2217 veritas

543 2261 600 2317 in
621 2260 702 2318 eis
723 2275 831 2318 nou
857 2268 944 2316 est
964 2261 986 2328 (
1006 2260 1030 2316 Ι
1049 2258 1210 2316 locus.
1245 2276 1282 2323 ι,
1311 2259 1349 2316 8
1435 2257 1574 2327 Quid
1597 2265 1681 2312 est
1707 2272 1832 2327 ergo
1857 2255 1997 2325 quod
2025 2255 2138 2308 ina-

547 2351 690 2407 niter
716 2350 955 2421 loqueris
973 2391 988 2414 .
1018 2365 1108 2408 me
1135 2348 1419 2406 Joviniano
1445 2349 1500 2403 in
1529 2363 1591 2404 ea
1625 2355 1775 2418 parte
1814 2346 2065 2417 conjungi
2093 2345 2136 2407 ⁴ς

546 2455 652 2514 qua
681 2439 810 2496 dicit
851 2439 1175 2510 baptizatum
1219 2439 1492 2496 hominem
1533 2453 1642 2496 non
1675 2451 1834 2509 posse
1883 2436 2141 2506 peccare?

549 2531 707 2586 Absit
729 2539 790 2586 ut
816 2537 924 2586 tam
963 2530 1133 2586 simus
1170 2529 1318 2586 surdi
1359 2537 1414 2588 et
1437 2530 1614 2596 muti,
1641 2539 1703 2587 ut
1728 2543 1836 2584 non
1865 2529 2142 2584 audiamus

549 2637 737 2678 eorum
763 2621 858 2692 qui
889 2620 1140 2690 baptizati
1166 2631 1293 2679 sunt
1319 2635 1533 2688 vocem,
1567 2620 1652 2677 vel
1678 2634 1785 2676 non
1813 2634 1934 2676 cum
1958 2619 2039 2674 eis
2063 2617 2144 2673 di.

551 2729 760 2781 camus,
781 2713 987 2769 Dimitte
1005 2713 1148 2770 nobis
1169 2713 1334 2774 debita
1349 2722 1542 2772 mura.
1569 2713 1648 2770 Ex
1663 2728 1770 2784 quo
1785 2721 1964 2768 autem
1978 2711 2144 2767 homo

554 2804 740 2874 incipit
763 2803 842 2860 uti
867 2805 1156 2860 voluntatis
1177 2805 1423 2872 arbitrio,
1453 2811 1508 2860 et
1535 2818 1760 2874 peccare
1797 2812 1854 2860 et
1879 2818 1989 2858 non
2015 2817 2144 2874 pec-

553 2911 681 2954 care
706 2905 921 2967 potest:
949 2897 1045 2954 sed
1069 2897 1303 2954 alterum
1328 2897 1522 2954 horum
1547 2912 1658 2954 non
1680 2895 1832 2963 facit,
1863 2894 1963 2951 nisi
1993 2895 2147 2966 adju-

559 2997 646 3044 tus
658 2988 728 3044 ab
747 3004 815 3046 eo
834 2989 925 3060 qui
949 2988 1106 3058 dixit,
1130 2989 1258 3046 Sine
1278 3006 1362 3046 ate
1389 2990 1520 3046 nihil
1547 2989 1755 3060 potestis
1779 2988 1947 3059 {acere
1961 2987 2144 3056 (Joan.

557 3095 662 3148 sv,
692 3080 758 3145 Β)
789 3097 807 3138 :
833 3081 1064 3140 alterum
1104 3096 1234 3139 vero
1274 3082 1487 3153 propria
1518 3084 1792 3138 voluntate
1814 3122 1831 3149 ,
1858 3080 1980 3136 sive
2021 3095 2056 3134 a
2089 3094 2150 3140 se

558 3175 706 3246 ipso,
735 3175 858 3231 sive
887 3173 962 3230 ab
997 3174 1106 3230 alio
1145 3175 1436 3245 decepture
1481 3173 1774 3240 seductus,
1804 3173 1891 3228 vel
1931 3179 2150 3243 peccato

560 3267 699 3324 sicut
719 3280 914 3324 servus
949 3266 1212 3323 addictus.
1243 3267 1472 3338 Adjutos
1492 3269 1680 3322 autem
1719 3265 1968 3322 homines
1991 3264 2150 3320 novic-

559 3375 682 3415 mus
703 3358 796 3414 Dei
817 3357 1030 3429 spiritu,
1059 3367 1115 3414 ut
1141 3373 1205 3414 ea
1235 3358 1434 3414 vellent
1455 3373 1578 3428 quae
1607 3359 1698 3414 Dei
1717 3365 1884 3425 sunt,
1901 3367 2030 3412 ante
2050 3355 2154 3410 Ba—

561 3451 842 3519 ptismum,
879 3449 1022 3506 sicut
1039 3447 1354 3508 Gamelion
1389 3449 1544 3520 (Act.
1575 3449 1644 3522 ι)
1673 3467 1689 3504 :
1716 3449 1977 3520 quosdam
2021 3461 2150 3502 vero

563 3553 666 3596 nec
679 3547 800 3608 post
816 3539 1173 3608 Baptismum,
1192 3538 1332 3595 sicut
1349 3537 1624 3595 Simonem
1645 3537 1856 3609 Magum
1881 3536 1992 3610 (Μ.
2011 3537 2151 3608 vui).

559 3629 765 3687 Iudicia
781 3629 927 3686 enim
951 3629 1046 3686 Dei
1071 3629 1210 3685 sicut
1225 3629 1400 3687 milita
1416 3628 1646 3702 .abyssus
1671 3627 1842 3702 (Pani.
1867 3644 2036 3691 xxxv,
2055 3629 2112 3698 7)
2137 3645 2152 3682 :

558 3732 614 3778 et
629 3721 799 3792 gratia
815 3721 936 3792 eius
953 3735 1059 3776 non
1080 3735 1149 3781 ex
1163 3719 1452 3790 operibus;
1476 3719 1714 3790 alioquin
1735 3719 1901 3790 gratia
1913 3719 2026 3790 jam
2048 3735 2154 3774 non

560 3821 647 3868 est
659 3811 830 3882 gratia
851 3813 872 3880 (
891 3811 1038 3866 Rom.
1063 3827 1138 3879 at,
1163 3811 1258 3881 6).
1287 3810 1484 3868 Desine
1507 3810 1668 3880 igitur
1689 3809 1976 3866 conviciari
2001 3809 2158 3868 nobis

561 3902 634 3958 de
651 3901 952 3958 Manichaee
969 3913 1026 3958 et
1043 3901 1326 3960 Jovittiano
1353 3917 1366 3955 :
1389 3901 1587 3972 quibus
1604 3901 1747 3958 enim
1760 3901 2084 3957 convicieris
2103 3901 2157 3956 in

563 3993 722 4050 nobis
736 4031 755 4060 ,
777 4007 918 4063 quos
937 3992 1212 4050 subsecuti
1233 4006 1433 4062 negare
1455 4006 1564 4048 non
1593 4006 1878 4063 possumus
1899 3992 2160 4064 originale

567 4095 866 4156 peccatum.
885 4083 1094 4140 videres
1117 4083 1166 4140 si
1188 4084 1374 4141 oculos
1395 4082 1641 4150 haberes,
1657 4092 1936 4140 ettacercs
1952 4085 1997 4140 si
2011 4083 2162 4140 fron-

570 4185 678 4232 tem
699 4173 945 4230 haberes.
975 4173 1068 4230 Sic
1088 4181 1268 4229 autem
1285 4171 1650 4230 calumniosus
1666 4188 1752 4241 es,
1775 4181 1834 4228 ut
1855 4173 1988 4229 alibi
2009 4172 2159 4230 alitr-

571 4283 747 4328 masse
772 4283 860 4324 me
886 4266 1056 4336 dicas,
1083 4283 1113 4324 a
1137 4267 1372 4338 peccatis
1395 4267 1664 4324 hominem
1692 4283 1798 4322 non
1827 4281 1984 4338 posse
2004 4284 2163 4324 inuno

570 4361 686 4418 dari
715 4376 878 4424 zeum
907 4361 978 4416 ita
1007 4360 1182 4418 dicam
1205 4375 1388 4430 posse,
1410 4369 1471 4415 ut
1489 4373 1560 4416 eo
1581 4376 1792 4435 quoque
1818 4361 2158 4432 perducatur,

571 4453 661 4510 ubi
689 4451 1028 4508 beatissimus
1053 4467 1279 4521 peccare
1308 4468 1412 4509 non
1437 4453 1627 4523 possit.
1655 4467 1658 4470 ’
2093 4527 2096 4530 ἢ

643 4544 832 4604 XCIX.
859 4543 984 4601 Jun.
1010 4545 1164 4602 Nunc
1178 4553 1360 4602 autem
1381 4545 1630 4602 omnibus
1649 4543 1906 4616 perfidus,
1928 4544 2065 4601 dicis
2078 4543 2164 4599 ει.

570 4648 714 4696 ctam
735 4637 791 4694 in
819 4645 1008 4692 natura
1035 4638 1237 4704 carnis,
1269 4637 1471 4707 peccati
1497 4635 1899 4692 necessitatem.

642 4732 782 4790 Atta.
821 4730 902 4789 'l'u
923 4745 1062 4800 nega
1087 4729 1292 4786 dixisse
1315 4729 1653 4800 Apostolum,
1681 4728 1811 4784 Cum
1830 4729 2004 4784 essetis
2031 4719 2166 4783 servi

573 4823 784 4894 peccati,
815 4823 960 4878 liberi
986 4822 1156 4893 fuistis
1171 4822 1407 4894 justitiw.
1436 4822 1543 4876 Aut
1569 4822 1618 4876 si
1647 4822 1748 4876 hoc
1773 4819 1845 4876 ab
1870 4835 1937 4876 eo
1953 4819 2164 4876 dictum

573 4929 696 4971 esse
717 4930 830 4970 non
867 4928 1064 4986 negas,
1095 4929 1202 4970 non
1231 4929 1355 4970 eum
1384 4921 1534 4970 recte
1570 4912 1773 4970 dixisse
1797 4911 2076 4984 redarguo.
2105 4911 2165 4970 Si

573 5016 752 5064 autem
771 5021 878 5064 non
894 5005 1084 5071 audes,
1106 5019 1270 5078 nega,
1288 5005 1336 5060 si
1365 5013 1540 5076 potes,
1557 5019 1662 5061 eos
1681 5005 1876 5076 quibus
1892 5006 2000 5060 hoc
2009 5005 2162 5068 dicit.

576 5097 826 5157 habuisse
865 5099 919 5155 in
949 5097 1104 5154 malis
1133 5098 1355 5154 liberam
1381 5097 1706 5153 voluntatem
1733 5137 1749 5164 ,
1770 5097 1989 5168 quando
2032 5095 2158 5152 fite-

577 5197 704 5244 runt
733 5187 882 5246 liberi
908 5186 1128 5254 iustitiae
1159 5203 1174 5242 :
1202 5197 1296 5244 aut
1323 5187 1577 5244 habuisse
1599 5187 1624 5220 ⁸
1651 5186 1873 5242 liberam
1901 5187 1956 5241 in
1979 5186 2163 5254 bonis,

579 5279 796 5349 iurando
813 5277 1030 5334 fuerunt
1051 5280 1191 5336 servi
1213 5281 1427 5350 peccati
1456 5298 1469 5333 :
1500 5287 1555 5335 et
1577 5279 1648 5335 ab
1665 5279 1770 5336 hac
1785 5281 2044 5336 servitute
2063 5293 2166 5336 eos

641 5390 660 5422 ¹
683 5389 824 5462 editi,
1306 5389 1680 5456 ustiganturad
1702 5389 2070 5453 manuscriptos.

641 5452 664 5514 δ
689 5457 1320 5514 νιεωθςιιιειβααῖρηεμωε
1356 5513 1363 5514 ,
1385 5512 1412 5514 __
1598 5513 1603 5514 ,
1788 5511 1799 5514 _
1847 5511 1858 5514 _
1977 5511 1989 5514 _
2045 5511 2070 5514 __

643 5484 1459 5586 aet-asumma'mm
1473 5513 1764 5586 venientis.
1779 5511 2165 5586 ἐρίηρηίεείυίέε-

585 5579 633 5622 st
657 5578 766 5622 κει.
789 5571 912 5634 clar.
942 5571 1060 5626 nar.
1081 5581 1138 5624 et
1162 5581 1310 5634 ραι..
1341 5576 1408 5626 ad
1437 5571 1854 5626 ammentante.
1894 5581 1991 5625 uoc
2015 5575 2171 5624 verbo
2253 5580 2256 5583 ‘

582 5642 800 5706 ,εει
819 5633 1036 5706 tennis
1047 5647 1218 5706 enim:
1243 5633 1356 5706 ea».
1377 5638 1423 5687 ι.

643 5695 1213 5770 χῃθηᾳτὰιιβκλουὶτξὶωή
1455 5703 1618 5770 aperte
1632 5695 2168 5770 conjungivignierins,

584 5754 818 5825 {at-iniam
843 5754 1062 5825 Opinione
1090 5756 1142 5825 in
1179 5770 1239 5808 ea
1253 5754 1397 5823 'parte
1421 5754 1661 5824 conjungi.
1689 5754 1743 5810 A't
1765 5754 1892 5821 Mss,
1923 5754 2172 5810 iouinich

583 5818 634 5868 ίιι
647 5833 719 5892 .ee
733 5818 1133 5892 Ww'wniwui:

646 5883 666 5916 ³
691 5873 845 5945 Forte,
867 5873 1026 5936 asscie
1047 5873 1268 5933 habuisse

1241 411 1484 470 OPERIS
1521 403 1928 464 IMPERFECTI
1965 401 2236 460 CONTRA
2276 401 2638 471 JULIANUM,
2681 401 2738 460 S.
2781 402 3151 460 AUGUSTINI

2218 516 2359 572 aude
2379 513 2564 572 dicere
2600 531 2696 588 per
2719 530 2783 572 se
2811 517 2956 588 ipsos
2975 557 2992 584 ,
3025 531 3129 573 non
3159 529 3256 588 per
3283 516 3378 574 Dei
3404 517 3630 587 gratiam
3663 518 3808 578 libe-

2215 617 2364 666 ratos
2380 647 2397 674 ,
2427 609 2620 678 quibus
2655 607 2872 675 dicitur,
2899 606 3056 664 Nunc
3078 617 3248 663 autem
3269 607 3466 664 liberati
3489 626 3522 663 α
3551 621 3761 680 peccato
3779 650 3802 678 ,

2215 701 2348 754 servi
2359 701 2478 772 facti
2495 701 2612 756 satis
2628 699 2836 767 iustitia:
2849 699 3025 769 (Rom.
3050 715 3126 764 vt,
3139 699 3234 767 20,
3247 699 3361 770 22).
3371 699 3434 756 Si
3445 709 3625 756 autem
3639 700 3803 769 didm,

2217 805 2252 844 a
2277 799 2426 848 reatu
2455 791 2844 860 praeteritorum
2869 790 3155 855 malorum,
3185 803 3290 845 ou
3311 788 3644 846 a-domiuatu
3673 806 3804 861 pec-

2221 882 2360 949 cati,
2391 899 2500 952 quo
2535 884 2762 953 ipsisque
2783 883 2962 953 justus
2977 898 3106 938 esse
3131 897 3236 938 non
3265 883 3488 951 sinitur,
3507 899 3614 940 eos
3639 885 3807 941 fuisse

2221 974 2317 1029 Dei
2345 975 2514 1044 gratia
2540 975 2828 1040 liberatos;
2857 983 3122 1030 utautem
3147 974 3226 1030 eis
3255 990 3360 1030 non
3385 974 3758 1031 dominaretur
3781 977 3803 1010 ³

2223 1074 2530 1135 peccatum,
2555 1065 2704 1135 ipsos
2729 1063 2906 1121 facere
2935 1065 3173 1136 potuitne
3203 1065 3253 1120 si
3281 1065 3507 1130 vellent,
3535 1081 3711 1137 neque
3735 1066 3807 1121 ad

2223 1155 2326 1212 hoc
2351 1155 2644 1226 indiguisse
2681 1157 2853 1227 gratia
2892 1156 3184 1212 Salvuoris
3213 1173 3228 1211 :
3260 1155 3348 1212 ubi
3377 1157 3534 1227 ponis
3565 1172 3685 1214 eum
3709 1157 3809 1228 qui

2223 1249 2372 1311 dicit.
2395 1248 2524 1304 Non
2547 1250 2688 1320 quod
2707 1249 2844 1314 uoto,
2877 1250 3012 1322 facio
3035 1249 3222 1304 bonum
3241 1263 3260 1314 ;
3285 1247 3376 1304 sed
3403 1249 3539 1320 quod
3558 1251 3674 1304 noto
3695 1265 3810 1302 asa—

2223 1341 2350 1404 lnnt,
2369 1341 2468 1396 hoc
2485 1357 2587 1414 ago
2613 1339 2725 1412 (Id.
2743 1355 2838 1403 vit.
2867 1339 2995 1412 l9)?
3026 1339 3082 1395 Si
3103 1340 3250 1394 enim
3275 1339 3375 1394 sub
3395 1339 3546 1410 iege,
3569 1355 3676 1394 non
3699 1339 3810 1395 sub

2223 1432 2394 1504 gratia
2414 1433 2733 1489 constitutus
2757 1431 2874 1487 inec
2899 1430 3134 1502 loquitur
3153 1447 3172 1485 :
3191 1431 3354 1488 istum
3382 1444 3510 1501 nega
3533 1429 3635 1485 sub
3652 1429 3804 1500 gravi

2226 1525 2561 1580 necessitatis
2585 1523 2822 1594 pondere
2849 1523 3158 1594 ingemere;
3201 1522 3342 1577 hunc
3367 1521 3434 1576 ad
3459 1523 3594 1578 bene
3615 1521 3810 1576 viven-

2227 1615 2353 1671 dum
2389 1626 2442 1672 et
2485 1615 2552 1670 ad
2592 1627 2739 1672 recte
2775 1615 3042 1687 agendum
3081 1629 3176 1685 per
3212 1613 3809 1670 robustis-arbitrium

2229 1721 2413 1764 assere
2427 1707 2676 1774 liberum,
2697 1706 3018 1762 clamantem
3041 1705 3159 1773 tibi,
3179 1705 3440 1772 Mentiris,
3459 1711 3555 1759 aut
3573 1703 3772 1758 falleris
3789 1720 3809 1764 ;

2230 1815 2334 1854 non
2363 1799 2504 1870 quod
2534 1799 2683 1866 uoto,
2720 1815 2840 1870 age.
2885 1797 2946 1854 Si
2990 1805 3168 1854 autem
3187 1836 3204 1864 ,
3247 1796 3387 1852 sicut
3419 1795 3610 1852 melius
3639 1795 3816 1852 sensit

2234 1889 2570 1954 Ambrosius,
2592 1889 2693 1944 hoc
2711 1889 2876 1944 etiam
2902 1886 2971 1944 de
2989 1901 3050 1942 se
3075 1886 3194 1957 ipso
3219 1885 3350 1946 ditat
3370 1885 3686 1956 Apostolus;
3709 1899 3817 1939 nec

2229 1978 2493 2049 iustorum
2514 1979 2670 2034 estin
2693 1977 2793 2034 bac
2815 1979 2924 2033 vita
2949 1977 3016 2032 ad
3037 1973 3422 2048 perﬁciendum
3445 1974 3642 2030 bonum
3665 1982 3813 2028 tatua

2235 2073 2454 2130 libertas
2482 2073 2710 2145 propria:
2738 2070 3026 2128 voluntatis
3045 2113 3061 2138 ,
3093 2079 3295 2143 quanta
3330 2071 3438 2128 erit
3475 2071 3526 2126 in
3553 2071 3638 2126 illa
3666 2071 3775 2125 vita
3796 2112 3815 2136 ,

2233 2167 2326 2222 ubi
2351 2181 2454 2224 non
2475 2165 2701 2233 dicetur,
2732 2165 2854 2222 Non
2880 2150 3018 2236 quod
3037 2165 3176 2231 uolo,
3205 2181 3325 2238 ago.

2307 2257 2370 2312 C.
2411 2256 2527 2313 Jun.
2567 2256 2639 2313 Ut
2676 2258 3016 2328 possessione
3049 2255 3366 2312 nternitatis
3393 2254 3587 2311 amissa
3619 2256 3816 2326 (quam

2237 2349 2452 2420 quidem
2483 2363 2750 2419 nunquam
2786 2363 2904 2404 eam
2947 2363 3048 2420 per
3072 2357 3317 2403 exortum
3355 2347 3438 2404 sui
3473 2357 3680 2404 constat
3713 2347 3818 2401 lia-

2237 2440 2420 2494 huissc
2434 2440 2476 2508 ),
2497 2439 2744 2494 voluntas
2765 2438 3078 2510 appetenda:
3093 2439 3296 2510 iugiter
3315 2439 3588 2508 pravitatis
3612 2441 3822 2495 incum-

2241 2532 2410 2587 beret.
2435 2529 2780 2604 Etadjungis,
2815 2551 2835 2585 ε
2872 2531 3130 2588 Voluntas
3149 2547 3270 2603 qua:
3291 2531 3456 2588 libera
3467 2540 3555 2588 est
3571 2533 3620 2588 in
3640 2532 3819 2596 malis,

2246 2624 2412 2680 libera
2434 2624 2486 2680 in
2508 2624 2663 2680 bonis
2683 2640 2789 2680 non
2817 2633 2902 2681 est
2933 2641 2947 2682 :
2985 2642 3006 2678 ι
3042 2639 3146 2679 non
3174 2625 3382 2682 minore
3407 2625 3563 2696 plane
3581 2625 3822 2682 stultitiae

2243 2717 2597 2788 professione,
2623 2734 2784 2790 quam
2811 2717 3205 2791 profanitatis",
3224 2719 3455 2774 tiberum
3481 2731 3658 2785 vocas,
3675 2716 3820 2790 quod

2245 2809 2382 2868 dicis
2409 2811 2514 2866 nisi
2537 2826 2702 2866 unum
2729 2811 2866 2867 velle
2905 2825 3009 2866 non
3048 2823 3227 2880 posse.

2319 2901 2456 2957 Auc.
2503 2901 2559 2958 Si
2601 2901 2838 2958 liberum
2885 2915 2992 2957 non
3032 2909 3141 2970 est,
3185 2900 3289 2956 nisi
3327 2900 3472 2972 quod
3497 2899 3609 2956 duo
3648 2907 3826 2970 potest

2248 2993 2420 3061 velle,
2465 2992 2520 3049 id
2547 3001 2653 3071 est,
2685 3001 2746 3048 et
2791 2993 2996 3050 bonum
3021 3000 3080 3048 et
3121 2991 3320 3047 malum
3337 3009 3361 3050 -:
3387 2991 3526 3046 liber
3549 2991 3688 3046 Deus
3714 3005 3825 3044 non

2248 3095 2334 3142 est
2355 3126 2370 3151 ,
2397 3087 2488 3157 qui
2520 3085 2847 3141 malumnon
2877 3093 3058 3156 potest
3083 3083 3244 3150 velle,
3289 3081 3360 3139 de
3387 3095 3492 3153 quo
3516 3081 3674 3138 etiam
3711 3081 3828 3152 ipse

2248 3178 2464 3246 dixisti,
2497 3193 2790 3248 verumque
2813 3177 3016 3243 dixisti,
3051 3195 3072 3229 ι
3101 3177 3244 3232 Deus
3263 3189 3386 3232 esse
3401 3173 3506 3231 nisi
3526 3174 3699 3248 justus
3719 3189 3827 3228 non

2251 3280 2427 3343 potest
2462 3289 2482 3323 ι
2521 3271 2722 3344 (Supra
2742 3311 2758 3336 ,
2799 3285 2917 3342 cap.
2944 3269 3066 3340 23).
3111 3267 3324 3324 Siccine
3348 3267 3512 3322 Deum
3539 3263 3742 3332 laudas,
3771 3275 3831 3319 ut

2249 3365 2301 3420 ei
2330 3364 2544 3419 auferas
2598 3361 2945 3418 libertatm?
2964 3375 3039 3416 an
3093 3361 3272 3432 potius
3328 3359 3620 3430 intelligere
3665 3357 3830 3413 debes

2249 3470 2376 3512 esse
2399 3453 2683 3526 quamdam
2715 3453 2928 3510 beatam
2959 3451 3354 3516 necessitatem,
3381 3463 3482 3522 qua
3501 3449 3642 3504 Deus
3663 3447 3832 3518 injus-

2255 3555 2341 3602 tus
2369 3563 2474 3602 non
2503 3554 2678 3616 potest
2705 3544 2870 3601 esse?

2325 3637 2412 3693 CL
2441 3637 2561 3692 Jun.
2591 3636 2698 3692 Sed
2743 3636 2869 3690 licet
2887 3634 3039 3690 nulia
3059 3648 3127 3690 es
3169 3641 3318 3706 parte
3345 3641 3558 3690 constes
3579 3629 3623 3698 ⁸,
3653 3638 3826 3684 tamen

2256 3728 2384 3798 quid
2407 3727 2660 3782 attuleris
2685 3725 2922 3798 prudens
2953 3725 3124 3782 lector
3151 3723 3408 3780 attendat.
3423 3719 3830 3779 Consentiamus

2257 3819 2587 3872 voluntatem
2614 3817 2844 3873 iiberant
2869 3815 2975 3871 dici
2997 3829 3180 3886 posse,
3205 3829 3326 3884 qua:
3351 3814 3546 3868 bonum
3567 3811 3700 3866 velle
3725 3824 3828 3864 non

2259 3917 2471 3978 potest:
2495 3906 2635 3963 hane
2659 3916 2837 3962 autem
2863 3906 3190 3986 voluntatem
3219 3904 3272 3959 in
3291 3902 3616 3973 baptismate
3639 3901 3832 3956 asseris

2259 4001 2494 4058 liberari.
2527 4000 2807 4075 Interrogo
2827 4041 2842 4062 ,
2875 3997 2941 4054 ad
2988 4012 3153 4068 quem
3195 3996 3422 4052 modum
3446 3994 3738 4050 libentur?
3761 4001 3820 4048 ut

2261 4093 2462 4150 bonum
2489 4105 2706 4161 semper
2747 4090 2890 4146 velle
2931 4097 3160 4160 cogatur
3183 4129 3198 4153 ,
3229 4096 3284 4144 et
3307 4085 3508 4142 malum
3551 4084 3684 4140 velle
3723 4099 3828 4139 non

2263 4182 2476 4254 possit?
2503 4197 2572 4235 an
2616 4189 2679 4236 ut
2722 4189 3009 4250 utrumque
3035 4179 3202 4250 possit
3251 4176 3552 4248 appetere?
3583 4174 3680 4230 Hic
3705 4183 3762 4229 tu
3788 4173 3834 4229 si

2262 4274 2630 4345 responderis,
2660 4273 2733 4330 Ut
2766 4273 2964 4328 bonum
2989 4283 3214 4340 semper
3237 4268 3378 4324 velle
3402 4275 3652 4338 cogatur:
3679 4280 3832 4336 quam

2263 4366 2339 4422 sis
2367 4364 2749 4427 Joviniauista,
2779 4361 2942 4419 etiam
2964 4362 3078 4432 ipse
3103 4358 3406 4430 cognoscis.
3431 4356 3486 4414 Si
3507 4364 3676 4411 autem
3691 4355 3836 4410 dixe-

2263 4457 2362 4523 ris,
2389 4455 2668 4524 Quomodo
2695 4462 2888 4526 potest
2929 4467 3055 4508 esse
3079 4451 3324 4506 voluntas
3351 4449 3540 4514 libera,
3571 4447 3615 4502 si
3641 4445 3833 4500 bonum

2263 4563 2478 4620 semper
2501 4547 2642 4603 velle
2665 4545 2928 4617 cogatur?
2953 4541 3279 4614 respondeo,
3319 4535 3603 4608 Quomodo
3623 4535 3836 4592 diceba-

2264 4649 2352 4696 tur
2373 4648 2498 4695 ante
2522 4637 2770 4694 voluntas
2789 4637 2986 4702 iibera,
3011 4635 3059 4691 si
3089 4633 3289 4689 malum
3317 4631 3456 4688 velle
3478 4626 3838 4686 tantummodo

2263 4731 2593 4803 cogebatur?
2619 4729 2678 4787 Si
2699 4743 2847 4800 ergo
2863 4725 3244 4798 responderis,
3273 4723 3355 4780 sic
3377 4720 3495 4778 ﬁeri
3528 4729 3643 4792 post
3660 4717 3841 4789 Bapti-

2265 4839 2380 4880 sma
2407 4823 2628 4878 liberam
2643 4820 3000 4885 voluntatem,
3017 4825 3082 4872 ut
3101 4825 3400 4890 etpeeca‘re
3423 4821 3480 4870 et
3503 4827 3604 4868 non
3622 4823 3841 4882 peccare

2267 4915 2434 4986 possit
2461 4931 2476 4980 ;
2505 4913 2608 4969 hoc
2637 4913 2754 4984 ipso
2784 4907 3156 4982 pronuntiabis
3183 4907 3408 4964 liberum
3437 4904 3708 4962 arbitrium
3729 4915 3835 4955 non

2269 5008 2429 5064 fuisse
2449 5048 2464 5074 ,
2497 5022 2618 5062 cum
2647 5014 2936 5076 utrumque
2969 5017 3074 5058 non
3116 5008 3344 5073 poterat.
3387 4995 3658 5054 Clauderis
3682 4991 3834 5046 undi-

2266 5116 2370 5170 que
2394 5097 2768 5169 disputationis
2781 5103 2892 5151 tute
2911 5093 3121 5166 laqueis
3155 5109 3169 5144 :
3206 5089 3481 5146 arbitrium
3506 5094 3627 5142 ante
3655 5083 3833 5154 Bapti-

2268 5207 2382 5248 sma
2419 5191 2648 5246 liberum
2683 5187 2813 5252 fuit;
2853 5185 3165 5241 facultatem
3193 5180 3382 5236 habuit
3419 5175 3642 5233 faciendi
3672 5173 3830 5238 boni,

2268 5287 2408 5340 sicut
2433 5284 2732 5340 facultatem
2759 5279 2942 5334 habuit
2967 5275 3190 5332 faciendi
3217 5274 3339 5329 ma‘li
3365 5287 3382 5340 ;
3413 5280 3465 5327 et
3484 5269 3654 5326 omnis
3717 5267 3846 5338 dog-

2270 5379 2428 5434 matis
2457 5374 2554 5442 tni,
2581 5385 2690 5444 quo
2714 5370 2916 5428 malum
2941 5367 3183 5425 naturale
3210 5362 3520 5437 persuades,
3549 5374 3706 5418 scena
3733 5358 3836 5414 cols

2269 5469 2371 5527 labi
2379 5477 2480 5522 tur.
3541 5471 3544 5474 ’

2343 5561 2478 5616 Anc.
2509 5557 2584 5614 De
2608 5553 2899 5613 Manichzeo
2915 5561 2972 5610 et
2997 5549 3276 5610 Joviniano
3292 5549 3400 5620 jam
3426 5561 3511 5602 me
3550 5545 3642 5602 tibi
3684 5556 3843 5614 snpe-

2337 5695 2353 5727 ι
2389 5691 2823 5751 uss.,dominetur.
2982 5748 2990 5751 _
3145 5749 3153 5751 _
3229 5747 3238 5751 _
3301 5745 3315 5751 ,
3562 5749 3569 5751 ᾼ

2336 5759 2356 5788 ²
2381 5736 2790 5818 iamiam
2801 5736 3083 5818 profanatis.
3107 5745 3408 5810 \‘ignierius,
3422 5752 3524 5806 qua
3540 5736 3846 5801 profuit“

2275 5818 2596 5866 Emendantur
2620 5813 2682 5865 cx
2699 5813 3060 5875 'mauusa'iptis.
3327 5847 3335 5856 .

2341 5881 2359 5910 ³
2383 5879 2518 5936 aditi,
2546 5885 2736 5929 constet.
2765 5886 2868 5927 Mss.
2895 5887 3027 5935 vero,
3051 5876 3250 5925 constes.
