4118 6526
358 466 500 523 ἨΠ

354 572 729 633 ἰιίιιςιιινθιιὶθι
755 574 1115 644 respondisse,
1160 572 1249 641 qui
1278 567 1794 641 legeritzquomodo
1837 581 1930 618 au-

349 683 477 722 -iem
494 669 645 721 «ﬁcus
681 680 825 727 eum,
854 664 1006 733 cujus
1040 664 1366 717 voluntatem
1392 675 1490 716 nos
1510 660 1746 715 dicimus
1776 673 1806 712 a
1832 659 1936 712 Do-

375 757 521 810 mino
541 755 847 825 pneparari,
871 756 942 809 ita
971 754 1082 807 fieri
1107 754 1259 807 bona:
1298 751 1587 806 voluntatis
1610 790 1626 817 ,
1653 760 1709 803 ut
1739 750 1934 801 bonum

356 848 504 903 -velle
529 857 750 916 cogatur
769 845 932 914 (quod
954 846 1091 899 absit
1116 855 1173 898 ut
1210 844 1418 899 dicatur
1444 858 1475 897 a
1514 842 1714 910 nobis),
1748 839 1939 894 viderit

356 939 614 1007 pucclara
647 936 987 1006 intelligentia
1011 945 1120 990 tua.
1144 935 1200 991 Si
1226 937 1368 990 enim
1388 932 1615 1005 cogitur,
1648 946 1753 986 non
1778 931 1886 983 vult
1923 948 1936 983 :

356 1041 413 1082 et
438 1028 562 1097 quid
584 1028 862 1082 absurdius
884 1067 900 1093 ,
932 1042 1090 1095 quam
1116 1036 1175 1081 ut
1193 1026 1399 1081 dicatur
1422 1025 1609 1080 uolens
1629 1024 1767 1079 velle
1792 1020 1935 1092 quod

358 1122 556 1175 bome
580 1118 710 1173 est?
750 1120 822 1173 lie
863 1129 1046 1173 natura
1084 1118 1244 1174 etiam
1288 1118 1381 1173 Dei
1405 1117 1528 1172 vide
1563 1116 1688 1187 quid
1710 1115 1934 1177 sentias,

360 1210 523 1263 homo
542 1210 632 1279 qui
654 1209 789 1264 dicis
808 1210 925 1279 cogi
949 1207 1217 1264 hominem
1240 1216 1299 1263 ut
1318 1209 1517 1263 bonum
1553 1204 1685 1262 velit
1709 1248 1723 1271 ,
1754 1206 1798 1260 si
1821 1220 1935 1259 ma-

366 1299 471 1353 lum
495 1300 631 1355 velte
672 1316 780 1355 non
831 1300 1014 1369 possit.
1043 1299 1309 1369 Numquid
1351 1300 1495 1354 enim
1544 1298 1683 1353 Deus
1729 1296 1937 1367 cogitur

363 1388 502 1445 velle
523 1390 718 1443 bonum
744 1429 758 1453 ,
786 1389 909 1458 quia
938 1390 1073 1444 velle
1112 1405 1221 1443 non
1240 1397 1415 1458 potest
1436 1388 1653 1453 malum,
1678 1385 1933 1457 quoniam

359 1487 444 1532 est
462 1478 681 1534 omnino
710 1478 1097 1534 immutabilis?
1122 1478 1322 1534 Natura
1360 1492 1489 1533 vero
1512 1479 1739 1533 humana
1761 1492 1938 1547 quam-

363 1569 443 1621 vis
463 1567 753 1633 mutabilis,
776 1578 1029 1638 quantum
1070 1568 1139 1624 ad
1188 1568 1241 1624 id
1282 1571 1511 1639 pertinet
1549 1568 1693 1638 quod
1720 1567 1932 1622 condita

360 1669 463 1724 est,
486 1660 623 1715 bona
644 1673 756 1727 est;
792 1675 911 1730 quae
931 1676 1039 1716 non
1060 1662 1234 1716 solum
1275 1662 1393 1716 sine
1416 1662 1544 1715 vitio
1566 1662 1699 1715 facta
1722 1668 1823 1725 est,
1847 1675 1936 1712 vc.

362 1767 480 1805 rum
498 1752 657 1806 etiam
676 1767 798 1807 cum
825 1766 923 1823 per
954 1753 1137 1808 vitium
1158 1754 1297 1807 mala
1340 1762 1444 1818 est,
1474 1768 1639 1823 capax
1668 1762 1750 1807 est
1786 1753 1933 1818 boni,

359 1841 669 1911 quo‘bona
709 1842 800 1896 sit.
844 1842 969 1897 llzec
993 1857 1118 1897 vera
1168 1843 1430 1897 sententia
1481 1841 1721 1897 fallacem
1766 1841 1938 1895 Mani-

358 1932 627 1985 elucorum
669 1934 862 1987 evertit
906 1931 1185 1987 insaniam.
1244 1932 1300 1987 In
1329 1933 1598 2002 Baptismo
1638 1940 1814 1987 autem
1866 1933 1937 1985 ita

362 2031 576 2089 peccata
606 2022 782 2076 omnia
810 2020 1146 2077 dimittuntur
1165 2023 1219 2077 in
1251 2023 1343 2078 Dei
1380 2024 1569 2093 gratia,
1598 2036 1701 2091 qua
1732 2024 1754 2054 ⁸
1776 2032 1831 2076 et
1870 2021 1935 2076 ad

359 2113 532 2180 ipsum
560 2113 886 2182 Baptismum
915 2114 1077 2169 homo
1101 2123 1395 2185 praeparata
1420 2116 1490 2171 ab
1532 2116 1625 2170 illo
1666 2115 1936 2170 voluntate

360 2202 685 2271 perducitur,
710 2214 769 2259 ut
790 2204 1043 2276 deinceps
1070 2207 1314 2277 quamvis
1355 2208 1700 2278 concupiscat
1717 2209 1937 2277 spiritus

358 2291 477 2359 ejus
520 2292 781 2348 adversus
807 2308 1044 2362 caruere,
1072 2312 1142 2352 ne
1168 2297 1190 2331 ³
1213 2298 1511 2353 consentiat
1541 2298 1820 2368 iniquitati,
1855 2306 1937 2352 ta-

358 2397 483 2437 men
509 2393 567 2438 et
603 2398 731 2439 caro
774 2388 1116 2456 conmpiscat
1138 2387 1394 2445 adversus
1418 2392 1658 2460 spiritum
1682 2433 1698 2457 ,
1741 2399 1803 2447 ut
1828 2406 1938 2447 non

360 2472 518 2529 faciat
544 2482 595 2528 et
642 2475 897 2545 illaquod
948 2478 1080 2532 vult.
1139 2480 1262 2534 Vult
1300 2481 1444 2535 enim
1481 2490 1537 2536 et
1580 2483 1734 2536 istam
1760 2483 1938 2537 carnis

356 2564 844 2632 concupiscentiam
872 2582 977 2623 non
1006 2568 1202 2625 habere
1230 2587 1244 2623 :
1276 2571 1369 2625 sed
1399 2585 1505 2626 non
1536 2581 1710 2642 potest
1750 2588 1893 2628 nunc
1918 2589 1934 2637 ;

357 2655 732 2724 propteran
752 2656 926 2713 adhuc
951 2658 1003 2712 in
1026 2672 1086 2714 se
1108 2659 1226 2730 ipso
1244 2660 1564 2731 ingemiscit,
1596 2663 1936 2733 adoptionem

356 2753 672 2813 exspectans
688 2746 1106 2818 redemptionem
1122 2753 1362 2821 corporis
1377 2752 1460 2807 sui
1480 2751 1654 2823 (Rom.
1679 2768 1792 2818 vin,
1816 2752 1937 2825 2‘5),

359 2836 447 2891 ubi
490 2838 569 2892 sic
597 2839 794 2895 habeat
840 2855 1057 2896 carnem
1081 2884 1095 2908 ,
1140 2853 1199 2898 ut
1222 2845 1332 2914 jam
1358 2859 1583 2915 peccare
1612 2861 1718 2901 non
1748 2848 1934 2916 possit.

360 2926 509 2981 Nunc
532 2943 693 2999 ergo,
724 2944 833 2984 non
862 2932 1034 2985 solum
1079 2941 1259 3003 poteSt
1306 2949 1528 3004 peccare
1578 2946 1699 3007 post
1746 2937 1935 3007 Bapti—

359 3032 562 3079 smum,
593 3033 776 3073 verum
805 3019 966 3074 etiam
991 3023 1113 3091 quia
1142 3033 1195 3076 et
1217 3024 1357 3078 bene
1394 3026 1661 3081 reluctans
1684 3028 1937 3097 concupi-

359 3109 580 3163 sectilia:
596 3111 786 3166 carnis
809 3112 1096 3182 aliquando
1138 3114 1205 3169 ab
1233 3128 1294 3169 ea
1325 3116 1554 3171 trahitur
1577 3117 1643 3171 ad
1688 3132 1924 3173 consen-

359 3198 567 3253 sionem
596 3210 688 3262 ;et
710 3203 957 3271 quamvis
984 3205 1206 3259 venialia
1237 3204 1281 3271 ⁸,
1309 3215 1485 3260 tamen
1514 3207 1692 3278 aliqua
1723 3218 1934 3279 peccata

358 3293 646 3349 committit
675 3313 689 3349 ;
722 3294 885 3351 habet
914 3313 1018 3352 cur
1058 3310 1277 3370 semper
1305 3298 1392 3355 hic
1417 3299 1578 3367 dicat,
1610 3300 1819 3355 Dimitte
1847 3319 1939 3357 no-

358 3383 434 3438 bis
452 3385 622 3439 debita
650 3397 828 3441 nostra
846 3386 1059 3459 (Matth.
1092 3402 1169 3456 vn,
1205 3389 1315 3461 i2).
1351 3391 1474 3445 [iure
1515 3404 1727 3462 queque
1752 3392 1936 3448 catho-

361 3475 460 3529 lica
491 3476 685 3530 veritas
708 3476 969 3533 Ioviniani
999 3481 1269 3550 redarguit
1293 3482 1597 3537 vanitatem.
1643 3482 1938 3555 Utrumque

360 3574 537 3619 autem
561 3606 576 3629 ,
610 3567 661 3621 id
684 3576 789 3632 est,
821 3571 1045 3639 etquod
1070 3580 1255 3625 contra
1304 3571 1670 3639 Manichacum,
1717 3582 1772 3629 et
1794 3576 1937 3644 quod

361 3665 545 3709 contra
593 3655 932 3713 Joviaianum
983 3659 1229 3725 dicimus,
1263 3661 1510 3718 bazresim
1535 3673 1767 3719 vestram
1789 3666 1937 3721 calu-

360 3746 636 3817 mniasque
661 3749 939 3805 subvertit.

429 3836 547 3893 Cll.
577 3838 696 3894 ιω..
724 3838 818 3895 Sin
843 3850 1023 3896 autem
1048 3841 1276 3898 liberum
1303 3851 1428 3900 ante
1446 3844 1513 3899 ad
1542 3844 1567 3879 ⁸
1587 3846 1784 3900 bonum
1832 3862 1939 3902 non

362 3927 480 3991 fuit,
507 3939 562 3985 et
589 3928 789 3986 factum
814 3941 897 3987 est
922 3924 1043 4003 pdst
1061 3934 1331 4004 Baptisms
1360 3935 1431 3991 ita
1462 3935 1711 4003 liberum,
1740 3948 1799 3991 ut
1826 3952 1941 3992 ma-

362 4021 469 4074 lum
494 4018 675 4076 facere
728 4036 837 4076 non
873 4023 1042 4093 possit
1071 4041 1085 4078 :
1113 4040 1381 4095 nunquam
1408 4028 1626 4097 quidem
1672 4028 1720 4082 ei
1772 4028 1940 4085 adfuit

360 4110 566 4165 arbitrii
594 4111 833 4178 libertas,
861 4122 916 4167 et
935 4114 1194 4182 probatur
1222 4116 1342 4171 sine
1365 4128 1513 4173 reatu
1534 4128 1689 4174 antea
1720 4135 1936 4188 peccas-

360 4217 452 4267 se,
476 4212 533 4256 et
560 4210 744 4272 postea
772 4205 889 4259 sine
908 4220 1035 4260 cura
1062 4207 1363 4263 sanctitatis
1390 4209 1614 4279 gloriam
1640 4210 1934 4281 possidere.

436 4294 547 4348 Aut;
592 4292 733 4363 Ergo
764 4307 862 4350 nec
905 4295 959 4350 in
992 4295 1102 4350 Deo
1150 4305 1234 4352 est
1285 4292 1489 4354 arbitrii
1527 4299 1764 4365 libertas,
1815 4301 1937 4371 quia

362 4381 557 4447 malum
583 4382 761 4439 facere
788 4398 896 4440 non
924 4395 1135 4456 potest,
1165 4388 1305 4445 sicut
1331 4404 1526 4461 negare
1549 4406 1609 4446 se
1632 4392 1804 4459 ipsum
1832 4407 1937 4447 non

360 4483 537 4541 potest
558 4474 626 4546 (Ii
651 4474 783 4530 Tim.
816 4474 990 4550 11,13)
1029 4496 1044 4533 :
1071 4480 1160 4550 qui
1181 4489 1237 4536 et
1256 4481 1411 4537 nobis
1437 4497 1650 4539 summo
1681 4483 1773 4539 illo
1796 4498 1937 4555 pra:-

361 4563 472 4617 mio
498 4564 779 4634 largiturus
801 4575 905 4633 est,
935 4579 994 4623 ut
1022 4584 1129 4623 non
1160 4572 1380 4639 quidem
1411 4572 1512 4642 ipsi
1561 4573 1673 4629 Deo
1693 4616 1706 4638 .
1735 4574 1828 4628 sed
1858 4582 1939 4628 ta-

360 4666 484 4707 men
511 4654 729 4722 Angelis
745 4654 864 4724 ejus
882 4658 1134 4726 aequales,
1158 4674 1257 4714 uec
1276 4677 1372 4716 nos
1404 4677 1624 4731 peccare
1650 4666 1935 4732 possimus.

361 4748 476 4804 Hoc
518 4749 661 4804 enim
702 4750 787 4805 eis
831 4758 951 4819 post
980 4750 1185 4820 lapsum
1212 4753 1409 4808 diaboli
1441 4770 1538 4824 pro
1566 4754 1759 4810 merito
1786 4754 1939 4809 bona:

360 4838 649 4894 voluntatis
671 4878 688 4905 ,
721 4855 826 4909 qua
865 4840 918 4894 in
951 4839 1174 4896 veritate
1214 4851 1471 4897 steterunt
1498 4885 1513 4908 ,
1542 4844 1777 4900 donasse
1821 4860 1940 4900 crc-

358 4928 569 4985 dendua
593 4939 696 4995 est,
729 4940 786 4985 ut
824 4939 1006 5000 postca
1039 4931 1217 4986 utullus
1260 4948 1357 5003 per
1384 4933 1609 4988 liberum
1657 4935 1937 4990 arbitrium

361 5036 529 5076 novus
550 5022 796 5077 diabolus
821 5022 996 5077 ﬁeret.

431 5112 564 5167 Clll.
589 5112 710 5169 Jun.
739 5114 859 5182 Quo
884 5114 1115 5169 collecto
1140 5115 1476 5171 convinceris
1522 5116 1750 5171 inliciari
1780 5131 1937 5186 prora-

361 5215 455 5256 sus
481 5203 712 5273 dogmati
744 5214 837 5260 tuo
865 5207 923 5269 ’ς
951 5214 1009 5261 ιιι
1032 5206 1310 5275 promittas
1330 5214 1383 5262 te
1404 5207 1627 5262 liberum
1655 5208 1931 5263 arbitrium

361 5307 469 5346 nea
490 5307 706 5362 negare,
729 5296 870 5365 quod
886 5305 1042 5351 antea
1071 5297 1191 5351 mali
1214 5339 1229 5364 ,
1260 5308 1441 5367 postea
1464 5299 1587 5353 boni
1613 5300 1934 5356 necessitate

361 5384 624 5438 subvenis

364 5558 1335 5634 {Edmund-mersae”

423 5624 445 5716 ἒ
866 5622 953 5672 Dei
965 5622 1140 5688 gratia,
1164 5622 1212 5674 ct
1231 5626 1296 5675 ad
1315 5625 1490 5690 ipsum,
1508 5629 1702 5689 omisso,
1730 5644 1841 5694 qua.

428 5744 1839 5817 ξωεφκρηασμαι-ίψηίαιεααιίσωηιαωηαηιιιη

424 5808 444 5839 ⁸
471 5806 766 5864 Partirulam,
789 5806 873 5864 ad,
892 5807 1193 5857 restituimus
1214 5822 1277 5858 ex
1313 5806 1416 5861 aliis.
1445 5806 1453 5808 ⁷
1563 5858 1569 5865 .

426 5867 446 5899 ⁸
495 5869 565 5920 sic
589 5877 693 5919 Mss.
720 5869 836 5921 Μία
860 5882 996 5930 vero,
1019 5867 1237 5943 dogmata
1254 5877 1351 5922 tua.

1742 438 1945 511 metu
1980 449 2251 507 PRIMUS.

2120 564 2252 618 duo.
2285 561 2526 617 Dicturus
2545 578 2624 629 es,
2652 574 2710 618 ut
2734 564 2917 629 video,
2951 566 3115 622 Deum
3148 571 3469 627 necessitate
3498 587 3619 641 pre-
3710 630 3719 635 _

2046 653 2139 715 mi,
2176 663 2231 708 ut
2289 668 2510 723 peccare
2558 672 2662 710 non
2705 658 2875 727 possit
2904 675 2919 711 :
2948 660 3038 729 qui
3083 662 3264 732 utique
3306 680 3402 718 nec
3449 672 3623 733 potest

2045 745 2183 800 velle
2208 786 2222 809 ,
2250 760 2351 799 nec
2371 747 2483 801 vult
2513 762 2669 816 posse
2715 762 2956 818 peccare.
2992 750 3101 805 lmo
3129 768 3285 817 vero,
3317 755 3361 807 si
3392 758 3626 810 necessi-

2044 843 2126 889 tas
2152 835 2375 889 dicenda
2401 846 2504 904 est,
2536 853 2637 908 qua
2664 854 2881 893 necesse
2908 851 2990 895 est
3014 842 3211 911 aliquid
3237 844 3319 899 vel
3348 860 3469 899 esse
3487 886 3501 908 ,
3533 846 3615 901 vcl

2042 925 2187 991 iieri;
2219 925 2523 982 beatissima
2551 936 2633 984 est
2664 930 2763 984 ista
2791 932 3008 985 omnino
3038 935 3329 988 necessitas
3351 976 3366 1000 ,
3396 950 3498 1004 qua
3522 952 3621 991 ne-

2040 1028 2194 1070 cesse
2218 1026 2300 1071 est
2328 1015 2554 1073 feliciter
2579 1020 2755 1075 vivere
2777 1062 2791 1085 ,
2827 1032 2882 1076 et
2930 1021 2980 1076 in
3012 1022 3198 1078 eadem
3247 1025 3352 1078 vita
3404 1040 3623 1084 necesse

2041 1114 2126 1160 est
2153 1116 2260 1161 non
2304 1109 2479 1173 mori,
2514 1124 2734 1166 necesse
2762 1119 2847 1166 est
2890 1112 2942 1167 in
2973 1111 3212 1169 deterius
3242 1129 3346 1167 non
3398 1117 3615 1169 mutari.

2044 1197 2154 1253 Hac
2176 1200 2514 1262 necessitate.
2544 1200 2588 1255 si
2622 1202 2912 1258 necessitas
2936 1203 3094 1258 etiam
3124 1203 3236 1275 ipsa
3265 1204 3487 1260 dicenda
3514 1215 3619 1270 est,

2041 1304 2148 1346 nou
2190 1280 2503 1361 premuntur
2526 1294 2695 1348 sancti
2743 1295 2929 1366 Angeli
2955 1337 2969 1361 ,
2996 1297 3091 1352 sed
3137 1294 3387 1352 fruuntur
3424 1297 3622 1353 :nobis

2040 1391 2217 1438 autem
2248 1391 2328 1437 est
2356 1383 2528 1438 futura
2550 1427 2566 1452 ,
2596 1401 2701 1440 non
2724 1400 2979 1456 praesens.

2109 1472 2245 1528 CIV.
2285 1473 2403 1529 ιω..
2432 1474 2807 1530 Verumtamen
2829 1518 2844 1544 ,
2879 1477 2944 1531 ad
2973 1476 3388 1534 destructionem
3418 1487 3580 1534 totam
3599 1480 3618 1511 ⁸

2039 1564 2302 1637 dogmatis
2325 1567 2399 1621 tui
2429 1567 2651 1637 prolicit,
2676 1577 2734 1623 ut
2756 1568 2916 1625 etiam
2936 1571 2957 1601 ⁸
2986 1569 3332 1626 recordemur
3353 1570 3622 1626 deﬁnitio-

2042 1671 2167 1710 num
2196 1658 2552 1724 sureriorum.
2597 1657 2652 1713 Si
2684 1668 2955 1727 peccatum
2996 1675 3102 1714 non
3142 1646 3224 1715 est
3250 1661 3349 1715 nisi
3378 1661 3623 1717 voluntas

2040 1746 2302 1802 retinendi
2331 1756 2387 1802 et
2425 1747 2738 1803 admittendi
2782 1749 2922 1819 quod
2964 1750 3167 1820 justitia
3208 1760 3373 1817 vetat,
3402 1758 3457 1805 et
3481 1752 3622 1808 unde

2041 1835 2267 1892 liberum
2293 1845 2377 1892 est
2402 1838 2701 1905 abStinere;
2726 1839 2929 1894 nullum
2955 1848 3226 1911 peccatum
3263 1840 3315 1895 in
3344 1842 3505 1897 rebus
3526 1856 3620 1912 pc-

2041 1927 2185 1982 nitus
2207 1928 2495 1984 invenitur.

2115 2019 2247 2073 Anc.
2276 2016 2379 2072 ista
2401 2018 2646 2075 definitio
2670 2021 2871 2091 peccati
2896 2020 3015 2092 ejus
3041 2029 3146 2087 est,
3174 2022 3317 2092 quod
3344 2032 3618 2093 peccatmn

2044 2106 2411 2163 tantummodo
2453 2118 2575 2177 est,
2617 2126 2726 2165 non
2770 2111 2914 2181 quod
2955 2113 3116 2166 etiam
3162 2127 3318 2182 ptena
3374 2114 3618 2183 peccati,

2041 2212 2147 2268 qua
2201 2198 2359 2268 periit
2404 2198 2623 2255 libertas
2654 2216 2759 2255 non
2811 2201 3068 2271 peccandi
3096 2219 3108 2255 :
3137 2216 3167 2256 a
3196 2217 3303 2273 quo
3333 2204 3477 2259 male
3507 2220 3616 2259 non

2041 2289 2252 2356 liberat,
2287 2291 2388 2345 nisi
2436 2291 2549 2356 ille,
2577 2293 2662 2346 cui
2706 2307 2814 2347 non
2856 2301 3061 2348 tantum
3107 2293 3337 2349 dicimus
3360 2335 3376 2359 ,
3405 2294 3617 2350 Dimitte

2041 2381 2184 2435 nobis
2212 2383 2377 2436 debita
2401 2394 2574 2437 nostra
2596 2398 2617 2447 ,'
2660 2398 2844 2439 verum
2884 2385 3073 2450 etiam,
3106 2383 3187 2437 Ne
3212 2401 3303 2439 nos
3346 2386 3538 2457 inferas
3566 2386 3622 2440 in

2042 2475 2383 2538 tentationem,
2407 2475 2495 2528 sed
2519 2475 2676 2529 libera
2695 2492 2787 2529 nos
2804 2491 2840 2528 a
2866 2476 3002 2530 male
3032 2477 3243 2544 (Matth.
3264 2493 3316 2531 vt
3339 2519 3354 2543 ,
3378 2472 3448 2533 ﬂ
3465 2520 3480 2543 ,
3508 2476 3620 2549 15).

2110 2563 2217 2619 CV.
2245 2565 2362 2620 Jun.
2389 2566 2520 2620 Nam
2559 2566 2605 2620 si
2648 2581 2754 2622 non
2788 2565 3012 2636 imputat
3037 2568 3241 2636 justitia
3267 2567 3310 2633 ³,
3354 2568 3452 2624 nisi
3479 2570 3620 2623 unde

2040 2653 2264 2709 liberum
2292 2664 2375 2710 est
2413 2656 2709 2722 abstinere;
2752 2666 2807 2712 et
2851 2666 2974 2713 ante
3016 2658 3284 2727 Baptisma
3335 2659 3624 2715 necessitas

2039 2746 2291 2813 maliest,
2313 2747 2565 2816 quoniam
2592 2748 2860 2815 voluntas,
2891 2749 3033 2804 sicut
3075 2748 3276 2816 dixisti,
3316 2749 3381 2804 ad
3424 2748 3622 2805 facien-

2040 2835 2165 2891 dum
2195 2836 2390 2891 bonum
2413 2851 2516 2892 non
2541 2846 2627 2893 est
2651 2838 2839 2906 libera,
2882 2853 3081 2909 perque
3127 2839 3230 2896 hoc
3278 2838 3419 2895 aliud
3465 2855 3625 2909 agerc

2041 2940 2147 2981 non
2176 2935 2352 2995 potest
2379 2927 2478 2981 nisi
2508 2928 2704 2982 malum
2734 2945 2749 2981 :
2796 2927 2864 2984 ab
2908 2929 3121 2983 infamia
3166 2932 3289 2985 mali
3328 2931 3439 3000 ipsa
3465 2947 3624 3001 quant
3708 2960 3731 2975 ρ

2040 3020 2237 3086 patitur
2278 3017 2598 3073 necessitate
2641 3018 2976 3088 defenditur;
3023 3023 3273 3091 quoniam
3322 3023 3459 3093 apud
3505 3038 3623 3077 eam

2035 3107 2294 3176 justitiam
2318 3109 2522 3178 gravari
2545 3110 2797 3178 operibus
2820 3112 2935 3165 suis
2977 3125 3084 3165 non
3125 3120 3334 3182 potest,
3366 3128 3486 3182 qua:
3514 3131 3621 3167 non

2041 3200 2264 3269 imputat
2308 3200 2525 3264 malum.
2568 3202 2668 3255 nisi
2709 3218 2739 3255 a
2785 3217 2892 3273 quo
2934 3202 3161 3258 liberum
3207 3213 3291 3259 est
3331 3204 3621 3260 abstinere.

2039 3290 2167 3345 Post
2193 3291 2461 3360 Baptism
2490 3302 2666 3349 autem
2687 3334 2703 3358 ,
2730 3294 2773 3347 si
2804 3296 3095 3350 necessitas
3123 3295 3246 3349 boni
3275 3302 3397 3361 est,
3420 3296 3621 3351 nullum

2041 3382 2223 3450 utique
2252 3389 2426 3450 potest
2450 3396 2574 3437 esse
2601 3391 2901 3452 peccatum.
2938 3383 3069 3440 Vide
3109 3384 3267 3455 igitur
3305 3401 3463 3455 quam
3494 3386 3623 3441 illud

2040 3472 2182 3542 quod
2224 3487 2343 3527 esse
2379 3483 2653 3542 peccatum
2685 3473 2818 3528 ratio
2856 3474 3203 3540 demonstrat,
3251 3474 3477 3531 inveniri
3530 3491 3626 3531 ue-

2041 3572 2202 3631 queat
2238 3563 2290 3615 in
2335 3562 2648 3627 seminibus,
2691 3562 2905 3634 quando
2949 3566 3241 3621 secundum
3287 3552 3625 3623 definitiones

2042 3665 2159 3707 tuas
2173 3652 2285 3723 jam
2317 3668 2414 3708 nec
2443 3654 2494 3707 in
2522 3654 2757 3709 moribus
2786 3655 3073 3710 invenitur.

2111 3745 2248 3799 Aac.
2287 3744 2506 3799 Multum
2551 3760 2735 3813 erras,
2780 3747 2870 3817 qui
2902 3748 2986 3802 vel
3022 3748 3394 3803 necessitatem
3424 3749 3621 3804 nullam

2042 3845 2197 3906 putas
2219 3851 2340 3892 esse
2369 3837 2642 3906 peccandi,
2670 3838 2754 3894 vel
2782 3853 2899 3894 eam
2930 3853 3035 3896 non
3061 3840 3311 3911 intelligis
3334 3840 3473 3895 illius
3502 3857 3624 3911 pec-

2041 3928 2144 3983 cati
2170 3943 2290 3984 esse
2324 3943 2536 4000 pugnam
2559 3971 2574 3995 ,
2602 3930 2742 4000 quod
2767 3932 2911 3986 nulla
2940 3934 3259 3989 necessitate
3282 3935 3625 3989 commissum

2041 4031 2143 4075 est.
2169 4019 2225 4079 Si
2254 4021 2396 4076 enim
2418 4021 2714 4077 necessitas
2740 4022 2884 4077 nulla
2916 4023 3169 4094 peccandi
3208 4034 3290 4079 est
3333 4024 3351 4093 (
3368 4031 3426 4079 ut
3459 4024 3621 4079 omit-

2043 4121 2149 4165 tam
2195 4112 2299 4164 vim
2351 4110 2475 4165 mali
2517 4110 2631 4181 ejus
2676 4111 2819 4183 quod
2862 4112 3191 4183 originaliter
3220 4113 3483 4180 trahitur;
3526 4114 3627 4169 hoc

2042 4200 2185 4256 enim
2214 4202 2417 4257 nullum
2442 4216 2561 4259 esse
2584 4217 2681 4258 vos
2699 4202 2904 4276 vultis),
2929 4204 3055 4275 quid
3077 4204 3399 4275 patiebatur,
3418 4220 3622 4277 quaeso,

2042 4292 2132 4361 qui
2154 4292 2446 4347 secundum
2469 4301 2703 4347 vestrum
2726 4306 2962 4359 sensum,
2985 4302 3129 4349 taina
3155 4297 3296 4350 mole
3319 4296 3474 4351 mala:
3494 4311 3626 4351 con-

2041 4382 2333 4438 suetudinis
2344 4384 2702 4452 premebatur,
2722 4392 2782 4438 ut
2800 4383 3018 4452 diceret,
3044 4384 3163 4439 Non
3184 4385 3318 4455 quod
3336 4384 3468 4453 voto,
3491 4387 3625 4455 facio

2044 4476 2266 4539 bonum;
2290 4472 2379 4529 sed
2407 4474 2545 4544 quod
2568 4476 2684 4531 noto
2710 4476 2927 4542 molunt,
2959 4478 3053 4532 hoc
3071 4493 3167 4548 ago
3185 4477 3360 4548 (Rom.
3388 4493 3480 4543 vn,
3504 4479 3573 4535 19
3582 4478 3628 4549 )1

2044 4564 2251 4621 Deinde
2270 4566 2504 4637 cogitare
2534 4575 2590 4622 te
2612 4568 2863 4623 existimo
2883 4609 2897 4633 ,
2926 4569 3052 4639 quid
3081 4570 3435 4639 appetendum
3455 4611 3470 4635 ,
3496 4570 3625 4640 quid

2042 4655 2315 4711 vitandum
2346 4656 2422 4710 sit
2457 4656 2752 4727 in.agenda
2780 4659 2903 4722 vita,
2934 4669 3135 4728 quanto
3161 4659 3342 4715 labore
3368 4660 3621 4714 discatur.

2042 4744 2145 4812 Qui
2168 4752 2348 4800 autem
2377 4745 2481 4802 hoc
2500 4747 2763 4811 nesciunt,
2795 4748 2906 4816 ipsa
2930 4749 3055 4803 boni
3085 4747 3365 4818 appetendi
3390 4749 3625 4819 malique

2043 4834 2244 4891 vitandi
2275 4835 2575 4907 ignorantia
2596 4835 2620 4868 ⁸
2648 4838 2919 4907 patiuntur
2946 4840 3197 4909 peccandi
3226 4842 3621 4897 necessitatem.

2041 4924 2275 4982 Necesse
2297 4935 2380 4982 est
2398 4926 2542 4982 enim
2570 4938 2627 4981 ut
2650 4938 2854 5000 peccet,
2877 4930 2966 5001 qui
2991 4931 3279 4988 nesciendo
3298 4933 3624 5004 quid-facere

2043 5017 2256 5080 debeat,
2282 5017 2422 5087 quod
2441 5020 2461 5050 ⁸
2491 5034 2594 5072 non
2616 5020 2780 5075 debet
2819 5020 2959 5075 facit.
2986 5023 3062 5077 De
3091 5039 3196 5091 quo
3223 5038 3418 5094 genere
3452 5026 3625 5080 malo-

2044 5123 2161 5162 rum
2208 5109 2346 5163 Deus
2388 5120 2626 5180 rogatur,
2670 5112 2761 5166 ubi
2808 5112 3033 5179 dicitur,
3062 5112 3260 5168 Delicta
3279 5118 3553 5186 juventtttis
3577 5126 3625 5172 et

2042 5199 2343 5269 ignorantia
2372 5216 2497 5254 mea:
2534 5218 2598 5256 ne
2633 5203 2916 5257 amitineris
2970 5203 3138 5267 (Paci.
3189 5222 3335 5273 niv,
3364 5208 3621 5281 7).Quod

2041 5307 2210 5363 genus
2241 5292 2554 5349 delictorum
2598 5296 2643 5349 si
2672 5309 2777 5349 non
2809 5296 3091 5365 imputaret
3112 5297 3260 5353 Deus
3284 5299 3478 5369 justus,
3513 5314 3619 5354 non

2109 5447 2124 5476 ί
2150 5452 2201 5497 ιιι
2232 5454 2337 5497 Mss.
2367 5447 2488 5496 ctar.
2516 5454 2568 5497 et
2585 5452 2717 5507 Ian,
2735 5452 2900 5499 totum.

2106 5506 2463 5571 foederatur,
2479 5521 2590 5557 cum
2618 5506 2839 5571 editione
2859 5510 3085 5571 lenardi,
3106 5510 3251 5563 sitim.

2108 5569 2129 5641 ἲ
2152 5566 2518 5641 Ψίὲίεὶυέἓέιίω·
2546 5566 3082 5641 δὲυῑὶυεῄωενίαξείέίι
3164 5632 3175 5641 .
3282 5636 3294 5641 -
3526 5629 3538 5641 .

2107 5630 2130 5660 δ
2151 5631 2495 5695 sic_ntss_.’atar.
2533 5639 2742 5695 et_rort.
2791 5630 3004 5695 At'editi
3032 5646 3048 5695 ;
3086 5632 3176 5695 Qui
3209 5636 3369 5695 uittae
3403 5630 3620 5695 nesciunt

2042 5689 2330 5804 :mwbad
2348 5691 2603 5757 me
3432 5690 3618 5754 patiun-

2064 5765 2139 5801 ur.
2164 5765 2259 5801 0w.

2106 5788 2427 5882 ιίῖὲἷιξιηιιιε,
2448 5813 2586 5882 quid.
2611 5823 2732 5868 Tum
2766 5816 2875 5879 ipse
2906 5829 2966 5869 ac
3000 5816 3293 5882 Vigniorius,
3332 5826 3423 5867 uolt
3444 5812 3613 5865 debent

2046 5877 2223 5939 facere.
2242 5877 2368 5933 facit.
2395 5879 2711 5929 iuncudautur
2737 5877 2800 5930 ei
2826 5887 2929 5930 Mss.
