4118 6568
483 417 622 475 1119

481 548 544 587 ea
571 531 669 586 sibi
692 529 884 586 dimitti
909 540 1150 599 posceret
1164 528 1323 586 lmmo
1349 528 1539 584 ﬁdelis.
1563 527 1717 585 Unde
1739 529 1868 585 dicit
1891 529 2060 583 et-Dei

481 620 712 677 famulus
736 619 858 685 Job,
893 620 1124 690 Siguasti
1145 631 1348 687 peccata
1377 637 1487 673 mea
1511 621 1562 674 iu
1590 619 1810 682 sacculo.
1833 631 1880 674 ει
1899 638 2067 674 amto-

482 714 598 766 tasti
621 713 665 765 si
689 713 810 782 quid
834 713 1017 766 invitus
1043 714 1268 766 commisi
1298 712 1419 783 (Job
1458 729 1577 778 xiv,
1601 714 1696 778 47,
1739 729 1840 766 sec.
1873 712 2064 782 LXX).

484 803 563 858 Tu
593 819 806 874 quoque
843 805 955 872 ipse
986 805 1036 858 in
1067 804 1201 858 libro
1230 803 1516 858 novissimo
1549 815 1636 856 tuo
1675 819 1860 858 eorum
1885 845 1899 868 ,
1932 819 2066 872 quos

483 902 668 948 eontra
702 911 861 948 unum
890 911 1067 950 meum
1094 906 1321 965 quatuor
1349 895 1580 957 edidisti.
1606 911 1672 950 cx
1699 895 2066 952 aﬂ‘ectionibus

484 995 645 1054 atque
697 987 1030 1055 passionibus
1077 989 1236 1041 animi
1275 987 1408 1042 dicis
1461 1007 1480 1038 ι
1509 988 1721 1042 evenire
1765 986 2068 1043 hominibus

484 1074 874 1131 atl'cctionalem
913 1078 1220 1147 qualitatem
1263 1087 1424 1147 atque
1465 1078 1535 1132 ita
1579 1077 1951 1144 inhaerescere,
2011 1088 2068 1134 ut

485 1175 578 1222 aut
603 1168 808 1238 magnis
835 1169 1195 1224 molitionibus
1219 1211 1234 1232 ,
1262 1179 1354 1224 aut
1381 1169 1539 1224 nullls
1577 1178 1856 1240 separetur
1895 1171 2067 1224 omni-

486 1274 556 1312 no
587 1275 607 1309 ι
643 1257 738 1330 (a).
763 1259 1017 1331 Quisquis
1039 1276 1169 1332 ergo
1193 1277 1255 1318 ea
1287 1261 1564 1317 timiditate
1599 1261 1917 1331 peccaverit,
1947 1278 2067 1333 qute

486 1348 554 1402 ab
584 1349 676 1403 illo
699 1365 801 1404 non
833 1362 1006 1421 potest
1032 1351 1290 1422 separari,
1319 1352 1445 1424 quid
1471 1352 1613 1408 aliud
1639 1368 1797 1422 quant
1823 1352 2065 1408 necessi-

487 1451 594 1496 tate
625 1444 904 1509 peccabit?
946 1444 1050 1501 Sed
1097 1462 1190 1501 vos
1233 1447 1331 1501 ista
1365 1456 1577 1516 peccata
1625 1461 1692 1500 ex
1733 1446 1840 1501 illis
1885 1445 2068 1500 venire

491 1536 746 1603 peccatis,
773 1552 891 1606 qua:
921 1538 1064 1592 nulla
1095 1539 1408 1593 necessitate
1427 1539 1710 1594 commissa
1735 1550 1878 1600 sunt,
1903 1537 1953 1592 in
1978 1539 2067 1592 illo

489 1625 678 1680 saltem
707 1627 1018 1694 conceditis,
1046 1629 1136 1699 qui
1162 1630 1308 1693 dicit.
1355 1630 1505 1698 Quod
1546 1631 1663 1685 nolo
1706 1632 1930 1695 malum,
1975 1631 2069 1685 hoc

485 1735 601 1787 ago.
630 1719 726 1788 Qui
765 1721 928 1786 enim,
961 1727 1022 1774 ut
1059 1720 1213 1775 istam
1263 1722 1491 1792 patiatur
1535 1723 1931 1788 necessitatem,
1963 1736 2068 1776 non

486 1810 587 1864 nisi
632 1812 879 1880 peccandi
911 1813 1298 1870 consuetudine
1339 1815 1634 1884 premitur;
1683 1815 1864 1884 procul
1907 1815 2069 1870 dubio

485 1903 787 1972 priusquam
818 1907 1124 1973 peccaret‘,
1155 1907 1390 1961 nondum
1433 1909 1751 1963 necessitate
1787 1917 2073 1963 consuetu-

483 1993 622 2048 dinis
640 1996 1076 2062 premebatur.Ac
1091 2015 1187 2069 per
1203 1999 1323 2063 hoc,
1339 2001 1496 2053 etiam
1516 2000 1807 2056 secundum
1825 2015 1940 2065 vos,
1957 2015 2072 2066 pec-

483 2085 634 2138 candi
654 2088 942 2142 necessitas
958 2089 1100 2144 unde
1129 2092 1399 2145 abstinere
1417 2091 1639 2146 liberum
1668 2106 1772 2145 non
1800 2099 1902 2157 est,
1930 2091 2070 2146 illius

481 2177 682 2244 peccati
704 2193 858 2248 ptena
885 2187 987 2242 est,
1005 2194 1153 2250 aquo
1173 2179 1439 2237 abstinere
1467 2182 1687 2237 liberum
1714 2179 1831 2248 fuit,
1859 2182 2071 2252 quando

482 2267 681 2321 nullum
706 2268 910 2336 pondus
935 2271 1267 2325 necessitatis
1295 2272 1533 2342 urgebat.
1555 2272 1664 2328 Cur
1683 2288 1811 2342 ergo
1830 2290 1936 2328 non
1961 2289 2070 2328 erc-

480 2355 604 2409 ditis
621 2365 825 2412 tantum
841 2361 1032 2414 saltem
1050 2361 1280 2416 valuisse
1295 2362 1422 2416 illud
1439 2363 1592 2431 primi
1625 2363 1859 2418 hominis
1881 2363 2066 2418 inetl'a-

482 2445 865 2518 bilitergrande
884 2458 1180 2518 peccatum,
1202 2461 1332 2506 uteo
1348 2452 1622 2506 vitiaretur
1638 2453 1864 2506 humana
1883 2463 2068 2508 natura

481 2537 748 2602 universa,
780 2551 1035 2610 quanttun
1074 2543 1212 2596 valet
1242 2559 1382 2598 nunc
1419 2544 1470 2598 in
1504 2544 1718 2600 homine
1745 2534 1851 2599 uno
1876 2560 2069 2599 secun.

477 2628 547 2681 da
577 2631 806 2685 natura?
827 2631 904 2686 sic
931 2633 1073 2686 enim
1104 2649 1132 2686 a
1160 2633 1332 2689 doctis
1353 2635 1608 2703 appellari
1631 2637 2067 2691 consuetudinem

480 2735 579 2774 nos
603 2723 1105 2778 commemorandos
1144 2726 1334 2793 putasti
1379 2725 1608 2796 (Supra.
1641 2744 1753 2798 cap.
1795 2725 1906 2799 (i9).
1934 2727 2068 2783 Cum

481 2812 641 2881 igitur
663 2824 715 2867 et
740 2813 826 2867 illa
857 2813 1116 2870 fateamur
1143 2817 1192 2870 in
1225 2818 1526 2872 hominibus
1549 2835 1668 2875 esse
1690 2829 1923 2889 peccata,
1951 2836 2070 2890 quae

479 2903 904 2969 committuntur,
938 2921 1041 2960 non
1074 2909 1394 2963 necessitate
1415 2953 1428 2973 ,
1472 2910 1564 2963 sed
1611 2911 1880 2965 voluntate
1901 2953 1916 2976 ,
1949 2928 2068 2981 quze

482 2995 850 3050 tantummodo
881 3009 1092 3066 peccata
1122 3007 1283 3066 sunt,
1318 2999 1456 3054 unde
1485 3001 1552 3055 ab
1593 3002 1673 3056 eis
1719 3003 1938 3057 liberum
1987 3011 2069 3058 est

481 3085 783 3151 abstinere;
817 3097 871 3143 et
908 3089 1140 3157 peccatis
1178 3089 1244 3145 de
1283 3089 1593 3160 ignorantiae
1622 3093 1704 3146 vel
1730 3093 2068 3148 aﬁectionum

484 3176 801 3232 necessitate
831 3179 1188 3243 venientibus,
1217 3197 1336 3250 qute
1357 3188 1464 3250 jam
1494 3197 1598 3236 non
1627 3183 1800 3238 solum
1829 3194 2065 3254 peccata,

482 3283 667 3322 verum
687 3269 846 3322 etiam
866 3285 1037 3339 ptenre
1056 3279 1174 3326 sunt
1197 3281 1552 3342 peccatorum,
1577 3274 1788 3344 plenum
1814 3275 1881 3330 sit
1902 3291 2069 3346 genus

484 3356 773 3412 humanum
808 3376 821 3412 :
853 3360 1119 3429 quomodo
1146 3360 1280 3417 dicis
1307 3363 1700 3419 deﬁnitionibus
1726 3367 1921 3422 nostris
1943 3382 2069 3435 pec-

482 3456 660 3501 eatum
691 3464 788 3503 nec
814 3448 866 3504 in
891 3452 1128 3506 moribus
1156 3453 1426 3508 inveniri?
1447 3454 1551 3509 Sed
1580 3455 1724 3525 quod
1755 3473 1857 3509 non
1890 3457 2066 3522 \‘ttltis,

482 3538 683 3593 audite.
736 3540 778 3594 A
829 3542 1060 3610 peccatis
1101 3543 1349 3598 omnibus
1389 3545 1502 3601 sive
1547 3547 1912 3617 originalibus,
1956 3549 2069 3605 sive

484 3630 791 3695 moralibus,
823 3635 904 3688 vel
932 3649 1049 3704 qu:e
1079 3634 1213 3690 facta
1238 3647 1397 3702 sunt,
1427 3637 1509 3691 vel
1538 3653 1603 3692 ne
1630 3639 1777 3702 tiant,
1803 3654 1905 3693 non
1933 3640 2068 3695 libe-

484 3729 568 3774 rat
594 3721 692 3774 nisi
723 3725 890 3790 gratia
924 3725 1014 3794 Dej
1035 3739 1136 3794 per
1162 3725 1342 3780 Jesum
1367 3725 1635 3780 Christum
1666 3727 1946 3782 Dominum
1973 3745 2070 3783 no-

484 3819 655 3864 strum
677 3852 690 3874 .
724 3812 774 3866 in
802 3829 906 3882 quo
934 3817 1230 3885 regenerati
1259 3831 1472 3883 sumus,
1505 3827 1558 3872 ct
1601 3834 1629 3870 a
1657 3833 1763 3888 quo
1790 3819 2070 3874 didicimus

485 3902 688 3956 orando
708 3903 907 3965 dicere,
932 3920 1036 3958 non
1060 3907 1256 3971 solum,
1291 3905 1498 3960 Dimitte
1522 3907 1662 3961 nobis
1691 3908 1853 3962 debita
1875 3919 2067 3976 nostra,

489 3995 540 4049 id
562 4005 664 4060 est,
695 3996 814 4065 quia
847 3998 1214 4064 peccavimus;
1243 4014 1424 4054 verum
1447 4001 1628 4064 etiam,
1664 3999 1748 4055 Nc
1771 4017 1862 4054 nos
1882 4001 2072 4073 inferas

486 4084 540 4137 in
563 4085 905 4147 tentationem,
935 4087 986 4140 id
1016 4095 1119 4152 est,
1144 4103 1210 4141 ne
1240 4103 1538 4157 peccemus.

560 4174 691 4230 CVI.
720 4175 838 4230 JuL.
874 4175 1066 4233 Verum
1087 4179 1392 4248 consignata
1421 4179 1518 4234 hac
1541 4179 1909 4250 disputationis
1927 4197 2075 4236 sum-

489 4283 575 4322 ma
603 4267 877 4336 prudentis
901 4269 1080 4323 animo
1105 4269 1343 4336 lectoris,
1373 4271 1701 4327 excutiamus
1729 4273 1851 4342 quid
1898 4275 2074 4341 Bapti-

489 4373 604 4414 sma
647 4368 814 4423 tuum,
861 4359 1002 4429 quod
1052 4368 1268 4430 propter
1295 4361 1463 4416 solam
1493 4363 1800 4433 genitalium
1830 4379 2072 4418 commo-

493 4451 692 4505 tionem
730 4451 864 4507 dicis
915 4452 1075 4507 fuisse
1126 4455 1415 4523 provisum,
1464 4455 1652 4510 crediti
1695 4455 1796 4509 sibi
1840 4456 2074 4510 muneris

491 4553 831 4609 exsequatur.
865 4544 1148 4600 Proﬁtetur
1170 4561 1228 4599 se
1254 4561 1282 4606 a
1307 4548 1536 4616 peccatis
1559 4548 1801 4602 homines
1822 4549 2071 4617 expiare:

492 4634 585 4691 sed
615 4651 735 4691 cum
776 4638 912 4708 apud
937 4638 1192 4708 justitiam
1218 4654 1375 4693 causa
1403 4643 1577 4709 agitur
1601 4641 1889 4695 voluntatis
1910 4683 1926 4707 ,
1970 4657 2076 4696 nou

494 4727 862 4796 pronuntiatur
886 4744 998 4796 rea,
1025 4745 1141 4798 qua:
1166 4729 1307 4784 aliud
1339 4731 1474 4786 velle
1499 4745 1604 4784 non
1637 4732 1825 4800 potuit.
1861 4732 2075 4788 Evane-

493 4827 675 4874 sceute
701 4829 878 4875 autem
907 4820 1099 4876 invidia
1127 4830 1324 4885 reatus,
1352 4822 1512 4876 etiam
1539 4838 1732 4894 pompa
1761 4823 2076 4895 indulgentis

493 4912 706 4970 evanuit
739 4929 752 4966 :
793 4913 912 4982 quia
943 4928 1048 4967 non
1087 4921 1258 4982 potest
1307 4914 1599 4984 ignoscere,
1627 4915 1768 4984 quod
1801 4915 1923 4985 jure
1971 4933 2075 4971 non

494 5010 667 5071 potest
695 5001 976 5070 imputare.
1011 5004 1086 5056 Ac
1125 5018 1219 5072 per
1247 5002 1380 5069 hoc,
1415 5005 1779 5074 promissionis
1813 5021 1925 5060 sua:
1964 5005 2077 5060 fru-

493 5102 692 5147 stratur
720 5093 1081 5148 etlectibus':
1121 5096 1367 5164 quoniam
1407 5112 1506 5150 nec
1547 5096 1741 5151 invenit
1788 5097 2010 5151 crimina
2032 5097 2074 5161 ³,

497 5199 722 5253 quorum
749 5184 1061 5240 remissione
1087 5184 1365 5252 laudetur;
1396 5204 1493 5242 nec
1519 5187 1676 5243 habet
1698 5187 1852 5257 hujus
1880 5188 2081 5242 beneﬁ-

496 5274 564 5328 cii
590 5273 880 5340 debitores,
911 5290 1017 5346 quo
1040 5285 1376 5346 peccatorum
1402 5277 1569 5330 vinela
1600 5276 1905 5332 solvantur‘
1926 5295 1941 5334 :
1959 5279 2078 5348 quia

499 5365 552 5418 in
577 5366 904 5420 necessitatis
928 5367 1074 5440 asylo
1101 5368 1388 5422 collocatos
1425 5382 1528 5420 non
1560 5376 1733 5436 potest
1768 5368 1920 5422 mala:
1949 5384 2078 5423 con-

499 5456 708 5511 vincere
739 5457 1021 5513 voluntatis
1053 5476 1066 5511 :
1102 5473 1198 5527 per
1223 5473 1341 5527 quae
1367 5455 1543 5508 omnia
1571 5471 1951 5527 supervacuum
1982 5457 2073 5514 dc-

562 5567 580 5632 !
606 5575 654 5616 In
673 5570 802 5627 Mss,
825 5567 962 5632 prius
984 5579 1095 5632 cum
1110 5571 1344 5628 peccaret.

561 5630 686 5698 ius.
712 5627 1155 5698 Margoﬁ‘ectibttsL.
1333 5683 1343 5694 .
1583 5686 1594 5697 .
1651 5687 1661 5698 .

566 5690 586 5720 ³
697 5699 806 5740 Mss.
828 5687 966 5751 miti,
991 5687 1186 5751 quando
1205 5698 1302 5734 nou
1323 5687 1499 5735 inuenit
1521 5687 1738 5739 crimina.

561 5750 580 5781 ⁵
609 5759 654 5801 tn
681 5759 806 5811 Mss,
824 5749 1085 5811 solvuntur.

562 5811 632 5875 (tt)
659 5814 772 5874 vide
795 5805 958 5876 Supra,
982 5809 1067 5860 lib.
1090 5807 1120 5859 ϐ
1141 5812 1305 5859 contra
1327 5805 1579 5870 lulianum,
1606 5823 1650 5859 tt.
1678 5811 1750 5862 5L

1189 415 1432 505 O‘PERIS
1469 413 1879 470 IMPERFECTI
1917 415 2188 474 CONTRA
2227 419 2586 490 JULIANUM,
2625 423 2684 480 S.
2723 425 3098 483 AUGUSTI?“

3611 437 3749 494 ιιι-ιο

2174 533 2537 602 prehenditur.
2569 536 2761 593 Verum
2783 541 2901 609 quia
2923 542 3090 611 gratia
3114 558 3231 613 quae
3255 559 3286 597 a
3314 544 3527 602 Christo
3548 553 3752 619 provisa

2171 633 2274 688 est,
2307 639 2631 694 supervacua
2675 644 2780 682 nou
2811 640 2925 695 est;
2957 631 3281 687 rationabilis
3308 634 3424 703 ejus
3453 638 3752 694 muniﬁcen-

2176 715 2242 767 tia
2278 723 2540 783 teneatur,
2573 733 2669 788 per
2688 720 2826 788 quod
2851 737 2938 775 rea
2963 724 3204 778 voluntas
3223 727 3552 783 convincitur
3572 745 3752 798 pecca-

2175 805 2325 869 toris,
2357 821 2476 875 qua:
2505 809 2674 878 potuit
2712 810 2894 880 utique
2922 821 3026 865 tam
3055 813 3248 867 bonum
3277 815 3432 878 velle,
3461 833 3617 886 quam
3637 837 3748 875 ma-

2173 896 2284 951 lum
2309 899 2491 953 voluit.
2524 900 2715 956 Totum
2744 919 2872 972 ergo
2901 905 3206 974 ﬁgmentum
3255 911 3586 966 necessitatis
3631 929 3749 968 eva-

2173 989 2322 1043 nuit:
2349 1005 2410 1045 ac
2436 1007 2532 1060 per
2555 992 2688 1057 hoc,
2731 997 2930 1051 nullum
2979 1007 3060 1052 est
3104 999 3171 1054 de
3212 1009 3412 1057 natura:
3451 1006 3747 1063 conditione

2175 1090 2482 1149 peccatum;
2509 1083 2606 1138 sed
2634 1084 2857 1140 liberum
2883 1088 3157 1143 arbitrium
3191 1091 3241 1145 in
3270 1101 3454 1148 natura
3481 1095 3746 1156 hominum

2175 1181 2482 1238 perseverat
2506 1191 2518 1225 :
2547 1174 2688 1244 quod
2718 1184 2773 1229 ιιι
2802 1186 2855 1230 ιιι
2881 1193 3000 1232 cum
3026 1179 3329 1237 Maniclucis
3355 1199 3534 1253 ngas,
3559 1189 3626 1241 ita
3652 1204 3747 1244 nos

2171 1277 2292 1318 cum
2323 1263 2591 1334 Apostolis
2619 1275 2673 1322 et
2701 1270 2947 1324 omnibus
2972 1268 3260 1327 Catholicis
3288 1277 3618 1331 conﬁtemur.

2241 1354 2379 1410 Anc.
2419 1354 2648 1412 Necesse
2675 1367 2757 1412 est
2781 1369 2838 1412 ut
2862 1370 3063 1429 peccet,
3095 1377 3124 1413 a
3155 1377 3260 1431 quo
3289 1363 3560 1432 ignoratur
3589 1367 3745 1436 justi-

2173 1445 2245 1500 tia
2276 1463 2289 1500 :
2315 1447 2570 1516 numquid
2618 1448 2738 1504 ideo
2782 1465 2903 1506 cum
2950 1451 3209 1520 justitiam
3253 1458 3587 1526 cognoverit,
3642 1475 3743 1514 non

2173 1544 2296 1590 sunt
2312 1537 2360 1591 ei
2390 1539 2704 1594 remittenda
2734 1552 2969 1610 peccata,
3014 1558 3133 1613 quae
3176 1545 3481 1614 ignorantiae
3517 1550 3744 1604 necessi-

2175 1635 2280 1682 tate
2302 1629 2607 1684 comntisiti
2625 1632 2730 1685 Aut
2748 1633 2868 1701 quia
2895 1633 3005 1703 jam
3033 1636 3283 1704 cognovit
3305 1639 3741 1706 quemadmodum

2175 1718 2352 1773 vivere
2379 1718 2594 1784 debeat,
2627 1721 2694 1774 de
2723 1737 2782 1776 se
2807 1722 2922 1792 ipso
2947 1724 2996 1778 ei
3026 1727 3446 1792 pratsumeudum
3475 1738 3557 1784 est
3581 1740 3636 1783 ut
3659 1731 3745 1800 ju-

2172 1817 2254 1862 ste
2285 1810 2443 1874 vivat,
2477 1825 2580 1864 non
2607 1811 2676 1866 de
2727 1812 2818 1867 illo
2863 1814 2947 1868 cui
2987 1813 3198 1879 dicitur,
3243 1815 3323 1870 Ne
3357 1835 3447 1872 nos
3483 1820 3667 1888 inferas
3693 1824 3743 1874 in

2173 1901 2538 1956 tentationem?
2561 1901 2674 1955 Non
2699 1912 2782 1958 est
2827 1904 2984 1974 igitur
3032 1905 3357 1975 impunitatis
3402 1910 3656 1964 securitas
3693 1911 3742 1963 in

2173 1992 2490 2046 necessitate
2517 1992 2800 2062 peccandi:
2823 1994 2916 2050 Sed
2944 2003 3003 2049 ut
3023 2011 3125 2050 non
3153 1997 3292 2051 obsit
3317 1998 3414 2053 ista
3440 2000 3740 2064 necessitas,

2172 2078 2335 2135 donat
2364 2081 2452 2136 ille
2479 2083 2562 2136 cui
2592 2082 2789 2137 dicitur
2811 2124 2825 2147 ,
2855 2084 2931 2138 De
2958 2087 3333 2142 necessitatibus
3371 2090 3492 2142 meis
3518 2107 3633 2144 erue
3669 2109 3745 2146 me

2175 2172 2342 2243 (Psal.
2373 2190 2515 2243 xxtv,
2541 2177 2649 2248 l7).
2672 2176 2842 2231 Donat
2867 2187 3042 2232 autem
3072 2179 3280 2233 duobus
3304 2181 3472 2235 modis
3499 2200 3513 2236 :
3539 2192 3592 2237 et
3618 2199 3748 2252 prae-

2175 2265 2381 2320 teritam
2409 2266 2726 2322 ditnittcndo
2763 2269 3112 2338 iniquitatem,
3143 2279 3197 2326 et
3221 2272 3524 2340 opitulando
3563 2290 3629 2329 ne
3667 2274 3748 2327 in-

2175 2363 2375 2410 tremus
2415 2358 2466 2410 iu
2509 2358 2878 2412 tentationem.
2909 2359 3283 2431 Unusquisque
3311 2377 3437 2417 vero
3463 2372 3691 2418 tentatur
3713 2381 3744 2419 a

2172 2447 2599 2517 Concupiscentia
2623 2463 2719 2503 sua
2734 2449 3032 2505 abstractus
3052 2462 3106 2506 et
3125 2452 3334 2508 illectus
3361 2451 3556 2524 (Jacobi
3574 2470 3610 2519 t,
3635 2456 3743 2520 14).

2172 2539 2301 2604 Qme
2331 2550 2573 2608 suscepta
2602 2549 2688 2595 tua
2716 2551 2818 2595 tam
2852 2541 2942 2596 tibi
2981 2552 3130 2612 grata
3159 2554 3238 2598 est
3262 2585 3278 2609 ,
3325 2555 3381 2598 ut
3421 2561 3541 2599 cum
3567 2547 3634 2600 ab
3661 2547 3746 2601 illa

2173 2628 2227 2682 in
2257 2629 2667 2684 consensionem
2699 2630 2923 2700 quisque
2953 2647 3056 2684 non
3089 2630 3312 2686 trahitur
3333 2673 3351 2700 ,
3393 2633 3556 2703 ipsam
3600 2645 3748 2703 putes

2171 2733 2292 2774 esse
2321 2719 2666 2785 laudandam;
2687 2721 2838 2791 quasi
2869 2721 3064 2776 malum
3091 2737 3194 2777 non
3221 2725 3290 2778 sit
3313 2739 3400 2779 res
3423 2740 3542 2794 quae
3566 2726 3748 2795 impel-

2173 2810 2234 2864 lit
2265 2812 2317 2866 in
2355 2812 2550 2866 malum
2574 2853 2588 2876 ,
2618 2812 2664 2866 si
2693 2829 2796 2868 non
2827 2814 2876 2869 ei
2915 2813 3098 2879 cedat,
3151 2814 3246 2870 sed
3285 2815 3496 2871 resistat
3531 2817 3616 2870 ille
3658 2819 3745 2886 qui

2173 2901 2478 2971 impellitur.
2497 2903 2749 2971 Quamvis
2775 2913 2828 2959 tu
2846 2945 2862 2968 ,
2891 2905 3098 2959 etiamsi
3125 2906 3175 2960 ei
3205 2908 3581 2969 consentiatur,
3601 2907 3746 2962 illum

2169 2995 2258 3063 qui
2287 2993 2495 3059 cecidit,
2541 3009 2648 3048 non
2675 2994 2842 3063 ipsam
2869 3011 2988 3064 quae
3026 2996 3267 3066 impulit;
3297 2997 3443 3050 illum
3469 2998 3556 3067 qui
3581 3006 3746 3052 attra-

2170 3095 2288 3139 ctus
2325 3095 2436 3152 est,
2484 3101 2590 3140 non
2630 3086 2794 3154 ipsam
2840 3103 2958 3156 quae
3001 3088 3246 3153 attraxit;
3296 3088 3444 3142 illum
3489 3088 3576 3158 qui
3626 3089 3747 3142 illc-

2171 3186 2288 3231 ctus
2313 3186 2394 3232 cst
2418 3217 2436 3244 ,
2469 3191 2571 3230 non
2622 3176 2788 3244 ipsam
2817 3192 2936 3246 quae
2966 3177 3166 3241 illexit;
3213 3192 3405 3246 magno
3451 3178 3749 3247 vaniloquio

2171 3267 2461 3322 contendas
2489 3281 2609 3322 esse
2634 3261 2956 3337 culpandum
2991 3285 3005 3321 :
3037 3268 3156 3337 quia
3186 3267 3415 3333 scilicet,
3448 3277 3504 3321 ut
3525 3267 3747 3331 detinis,

2171 3358 2310 3412 male
2339 3372 2466 3412 usus
2502 3367 2584 3413 est
2609 3358 2749 3412 bono
2779 3376 2792 3412 :
2829 3359 2989 3412 habes
3009 3358 3206 3429 quippe
3228 3368 3335 3412 tam
3365 3359 3560 3413 malum
3583 3361 3745 3428 spiri-

2174 3455 2306 3516 tum,
2336 3456 2394 3502 ut
2416 3448 2842 3517 concupiscentia
2873 3448 3011 3502 bona
3056 3449 3148 3503 tibi
3193 3449 3450 3513 videatur,
3496 3464 3596 3518 qua
3625 3464 3750 3503 caro

2171 3539 2502 3610 concupiscit
2529 3539 2785 3595 adversus
2816 3541 3080 3610 Spiritum.
3125 3540 3230 3596 Sed
3267 3541 3536 3611 eleganter
3562 3550 3612 3596 te
3635 3543 3749 3596 exi-

2173 3632 2358 3686 stimas
2399 3631 2626 3686 irrisisse
2676 3631 2744 3687 de
2794 3633 3063 3700 Baptismo
3107 3634 3425 3688 sententiam
3471 3643 3699 3687 nostram
3731 3675 3748 3698 ,

2173 3721 2581 3778 mendacissime
2624 3723 2896 3778 afﬁrmans
2935 3724 3074 3793 quod
3125 3733 3339 3793 propter
3361 3724 3525 3780 solam
3550 3725 3753 3794 genita-

2175 3813 2301 3868 lium
2341 3814 2748 3869 commotionem
2792 3815 3114 3885 Baptismum
3139 3815 3379 3871 dicamus
3413 3831 3533 3872 esse
3573 3817 3752 3885 provio

2174 3920 2311 3958 sum.
2343 3904 2461 3959 Non
2499 3903 2599 3959 hoc
2627 3904 2853 3960 dicimus
2884 3923 2898 3960 :
2929 3905 3024 3960 sed
3056 3905 3182 3960 illud
3212 3905 3352 3974 quod
3396 3921 3490 3961 vos
3530 3921 3660 3960 nova
3692 3916 3754 3960 et

2176 3996 2425 4052 lueretica
2470 3998 2813 4066 perversitate
2853 3999 3160 4054 subvertere
3187 4000 3474 4064 conamini,
3504 3999 3752 4060 dicimus,

2175 4085 2295 4140 ideo
2334 4085 2586 4140 divinitus
2609 4101 2728 4141 esse
2756 4087 3024 4156 provisum
3053 4087 3300 4142 secundte
3337 4089 3627 4156 spiritualis
3654 4102 3754 4140 na-

2179 4175 2396 4231 tivitatis
2422 4175 2698 4240 auxilium,
2721 4192 2876 4245 quam
2907 4176 3017 4230 ﬁeri
3050 4177 3100 4229 iu
3127 4191 3186 4231 se
3208 4177 3322 4244 ipso
3345 4177 3579 4232 Christus
3604 4178 3756 4230 insti-

2180 4268 2311 4332 tuit,
2343 4267 2591 4338 quoniam
2637 4268 2929 4323 secundum
2973 4269 3140 4322 Adam
3185 4270 3467 4323 carnaliter
3494 4270 3596 4322 nati
3624 4283 3757 4322 con-

2179 4359 2396 4422 trahunt
2437 4360 2623 4413 mortis
2668 4362 2898 4427 antiqua:
2943 4360 3106 4428 prima
3154 4361 3426 4415 nativitate
3455 4359 3754 4430 contagium

2183 4448 2509 4520 (Cyprianus,
2527 4448 2691 4520 Epist.
2713 4449 2803 4513 64,
2825 4451 2891 4502 ad
2909 4449 3139 4519 Fidum).
3161 4450 3297 4504 Ecce
3313 4451 3485 4505 verbis
3499 4465 3623 4505 usus
3635 4465 3759 4504 sum

2181 4539 2333 4595 Pani
2362 4541 2594 4610 episcopi
2635 4541 2905 4611 Cypriani,
2948 4550 3131 4595 contra
3158 4558 3312 4610 queat
3344 4551 3397 4595 tu
3429 4541 3585 4596 etiam
3613 4557 3760 4595 mar-

2182 4640 2351 4703 tyrem
2375 4631 2556 4697 latras,
2580 4647 2700 4685 cum
2729 4631 2979 4686 Ecclesia:
3011 4631 3431 4687 fundatissimam
3459 4632 3636 4694 ﬁdem,
3657 4647 3764 4699 μιν

2181 4739 2283 4793 qua
2315 4723 2550 4779 Ecclesia
2582 4724 2728 4780 fusus
2757 4733 2838 4778 est
2866 4723 2982 4792 ejus
3007 4725 3219 4793 sanguis
3239 4765 3254 4791 ,
3284 4739 3571 4795 oppugnas.
3609 4723 3762 4778 Sicut

2181 4816 2324 4870 enim
2352 4815 2545 4870 Paulus
2573 4818 2843 4884 apostolus
2870 4815 3021 4882 dixit,
3055 4814 3154 4869 Per
3177 4833 3332 4870 unum
3356 4817 3600 4871 hominem
3637 4832 3760 4884 psc-

2182 4917 2349 4962 catum
2374 4907 2578 4960 intravit
2604 4907 2656 4959 in
2687 4907 2948 4970 mundum,
2996 4915 3043 4959 et
3086 4923 3175 4975 per
3223 4916 3478 4975 peccatum
3523 4922 3683 4968 mors;
3709 4917 3763 4959 et

2183 5001 2256 5054 ita
2281 5000 2334 5053 in
2361 5016 2532 5053 omnes
2561 4999 2788 5052 homines
2816 4997 3142 5068 pertransiit,
3171 4999 3224 5050 in
3251 5014 3350 5066 quo
3391 5014 3559 5051 omnes
3584 5012 3764 5064 pecco.

2185 5101 2359 5144 verunt
2379 5089 2534 5162 (Rom
2585 5105 2637 5153 v,
2669 5088 2754 5159 12)
2787 5106 2800 5142 :
2831 5089 2898 5143 ita
2929 5099 2980 5144 et
3001 5089 3299 5160 Cyprianus
3340 5089 3644 5158 cplscopus,
3673 5088 3764 5141 iu-

2189 5183 2434 5238 tellector
2481 5182 2638 5251 lmjus
2671 5181 2896 5251 apostoli
2921 5182 2959 5246 ',
2991 5182 3267 5235 confessus
3308 5190 3428 5245 est,
3473 5178 3766 5235 secundum

2188 5274 2358 5328 Adam
2413 5273 2697 5329 carnaliter
2746 5281 2899 5326 natos
2953 5271 3252 5340 contagium
3299 5267 3486 5324 mortis
3533 5270 3766 5339 antiqua:

2189 5365 2356 5434 prima
2395 5365 2671 5420 nativitate
2715 5363 3054 5418 contrahere.
3097 5361 3231 5428 Quid
3280 5370 3516 5430 estergo
3543 5359 3682 5430 quod
3709 5369 3769 5415 te

2189 5457 2456 5524 Apostolis
2503 5465 2558 5510 et
2605 5455 2852 5510 omnibus
2910 5452 3194 5508 Catholicis
3245 5450 3495 5505 fallacner
3551 5449 3769 5519 jungis;

2187 5547 2615 5620 quandoquidem
2659 5545 2916 5616 Apostolo
2952 5542 3338 5606 fraudulenter,
3379 5540 3640 5595 catholico
3666 5555 3774 5592 au-

2251 5749 2266 5779 ι
2292 5746 2365 5795 sic
2387 5753 2495 5795 Mss.
2531 5746 2649 5798 Editi
2674 5755 2821 5806 vero,
2850 5742 2922 5796 ita
2942 5747 2989 5794 et
3009 5737 3302 5805 rypritmas,
3329 5742 3379 5787 ut
3413 5733 3678 5788 intellectus
3697 5739 3781 5786 ea

2185 5808 2328 5872 hujus
2349 5807 2562 5872 apostoli.
