2059 3200
179 143 241 170 illi
870 135 969 164 LIBER
991 135 1126 164 PRIMUS.
1740 139 1808 168 “in

178 206 229 228 tem
243 199 374 234 Episcopo
384 204 410 226 et
420 197 537 234 Martyri.
548 197 575 224 in
587 203 620 224 eo
631 195 702 231 quod
713 195 796 222 sensit
810 201 870 221 cum
880 195 969 221 orien-

177 245 220 272 tali
246 250 273 272 et
294 244 451 272 occidentali
476 242 606 271 catholica
626 241 777 274 Ecclesia’,
801 240 969 276 apertissime

177 290 353 318 contradicis?

213 335 288 363 (LVII.
307 335 367 363 Jun.
398 334 536 370 Expositio
560 341 635 367 sane,
661 340 740 368 quam
762 331 837 360 Pauli
855 330 969 366 apostoli

177 382 345 409 sermonibus
358 381 498 408 admovisti
508 401 516 414 ,
529 388 591 408 cum
606 380 661 407 risu
680 384 750 407 esset
772 377 967 413 praetereunda,

176 426 227 453 nisi
238 426 434 462 Scripturarum
445 431 560 454 terreret
572 428 688 462 ignaros.
702 425 766 452 Cum
776 424 871 457 essetis,
884 424 970 459 inquit

177 472 335 506 Apostolus,
350 473 415 500 servi
429 473 535 508 peccati,
552 472 622 499 liberi
637 472 722 508 fuistis
737 471 855 506 justitiae.
875 470 968 497 Dicere

177 519 267 553 utique
281 527 336 546 non
350 524 470 554 poterat,
495 519 632 546 Liberatos
648 527 655 545 :
675 518 799 553 quoniam
822 516 865 543 hie
879 523 968 543 sermo

176 563 338 592 liberationis
354 569 416 592 tunc
436 565 564 592 decenter
585 564 696 591 infertur
717 567 744 590 et
766 562 883 597 proprie,
907 569 967 588 cum

176 608 256 635 homo
274 616 289 635 a
313 609 399 636 noxiis
422 610 569 641 liberatur;
593 609 668 636 liberi
689 613 780 635 autem
798 615 812 634 a
827 607 968 634 virtutibus

175 652 227 680 dici
250 658 372 688 possunt,
388 655 433 690 qui
446 654 594 682 decemunt
617 653 681 681 nihil
703 653 801 680 debere
815 653 966 679 virtutibus.

176 698 256 726 Liber
270 707 334 734 ergo
353 704 380 728 et
394 708 408 727 a
423 700 494 728 bono
506 706 533 728 et
546 708 560 727 a
573 700 643 727 malo
657 700 707 727 dici
722 703 819 734 potest,
834 698 878 733 qui
891 698 966 725 alteri

175 744 310 777 serviens,
326 744 403 772 alteri
417 745 505 772 studet
520 745 584 772 nihil
604 745 702 772 debere
717 753 723 770 :
739 744 865 771 liberatus
879 748 966 770 autem

175 789 224 816 nisi
235 797 250 816 a
265 790 336 817 malo
349 790 400 817 dici
414 799 468 817 non
484 795 570 825 potest
583 799 589 823 ;
604 790 665 826 quia
680 790 791 817 verbum
805 789 855 816 hoc
869 789 966 816 libera-

175 835 253 862 tionis
267 835 294 862 in
308 843 338 863 se
350 835 430 864 habet
451 837 578 863 indicium
594 836 664 863 illius
675 836 719 870 qui
732 835 903 871 propulsatur
917 841 966 861 an-

173 882 254 914 goris.
265 882 330 915 Quae
342 883 422 918 igitur
435 883 478 910 hic
497 883 609 918 quzestio
623 882 750 917 Apostolo
762 881 796 908 de
810 880 898 908 verbis
911 880 966 907 suis

174 927 230 955 fieri
245 929 338 962 potuit,
361 937 422 956 cum
446 929 492 956 ille
512 937 588 956 more
609 929 715 964 generis
734 927 854 960 humani,
866 934 881 953 a
897 927 966 954 bono

173 973 270 1001 liberos
282 994 289 1005 ,
305 981 320 1000 a
336 975 405 1001 malo
419 974 515 1002 dixerit
535 974 677 1002 liberatos?
691 974 754 1001 Cum
773 980 847 1008 ergo,
870 972 964 1007 inquit,

173 1019 238 1045 δεηιί
260 1020 346 1046 essetis
365 1021 471 1055 peccati,
495 1021 566 1048 liberi
581 1020 666 1055 fuistis
683 1020 812 1055 justitiw:
826 1027 897 1054 quem
911 1019 966 1053 fru-

172 1068 238 1091 ctum
253 1065 374 1092 habuistis
387 1071 446 1093 tunc
465 1066 492 1093 in
507 1067 562 1098 Itis,
575 1067 602 1093 in
615 1065 705 1101 quibus
720 1073 786 1092 nunc
800 1064 943 1091 erubescitis
953 1063 966 1089 .9

172 1111 223 1138 Sed
237 1120 271 1139 ne
286 1117 313 1139 tu
328 1113 477 1140 a-stimares
489 1120 582 1139 Servos
595 1119 644 1139 nos
661 1115 769 1147 peccato
783 1110 839 1138 fieri
857 1118 904 1145 per
917 1117 965 1136 na-

174 1161 271 1189 turam,
287 1158 349 1185 audi
362 1159 447 1192 ipsum
463 1158 618 1193 Apostolum
634 1158 659 1184 in
673 1156 766 1184 iisdem
781 1156 845 1183 locis
856 1156 966 1190 loquen-

172 1207 246 1229 tem:
267 1202 307 1230 Αη
329 1203 430 1230 nescitis
452 1203 572 1239 quoniam
599 1203 641 1229 cui
664 1202 784 1229 etc/tibetis
803 1201 965 1235 vosmetipsos

171 1255 254 1274 servos
265 1248 299 1274 ad
311 1247 487 1280 obediendum,
504 1248 568 1275 servi
582 1248 641 1274 estis
659 1247 713 1282 ejus
725 1247 767 1273 cui
786 1246 901 1279 obeditis,
915 1246 966 1273 sive

172 1294 275 1327 peccati,
289 1294 340 1321 sive
360 1294 529 1321 obanditionis
545 1293 651 1330 justitia:
667 1293 753 1329 (Rom.
777 1300 821 1325 vr,
848 1292 893 1323 20,
916 1291 962 1323 21,

171 1339 216 1374 16)
226 1340 238 1367 l
250 1340 442 1375 Vosmetipsos,
458 1340 553 1375 inquit,
567 1338 725 1367 cxhibuistis
735 1343 844 1373 peccato
854 1345 962 1370 servos;

176 1390 205 1411 ut
218 1385 395 1420 intelligeres,
409 1393 470 1413 eum
490 1385 636 1417 voluntati,
655 1392 707 1411 non
732 1384 862 1411 nativitati
877 1383 964 1417 itnpu-

172 1434 228 1457 tare
247 1435 394 1464 peccatum.
413 1430 454 1457 0b
469 1430 521 1457 hoc
534 1437 598 1464 ergo
615 1429 701 1456 solum
718 1436 764 1455 eos
782 1429 851 1455 dixit
866 1428 964 1456 liberos

173 1475 254 1503 fuisse
266 1475 376 1510 justiti'e
386 1496 394 1508 ,
409 1476 469 1510 quia
484 1475 677 1502 detrectassent
689 1475 747 1509 ejus
760 1479 891 1510 praecepta
904 1482 964 1502 ser-

172 1530 201 1549 va
205 1530 245 1550 re.
318 1536 321 1539 '
878 1539 882 1543 .

205 1568 274 1596 Anc.
294 1567 322 1595 Si
342 1567 377 1595 ob
394 1568 446 1596 hoc
465 1568 550 1595 solum
574 1567 636 1594 dicti
657 1572 719 1594 sunt
739 1566 862 1594 homines
885 1566 963 1593 liberi

171 1612 251 1641 fuisse
260 1614 368 1648 iustitiae
378 1634 386 1647 ,
397 1613 467 1649 quod
481 1613 674 1641 detrectassent
688 1613 747 1646 ejus
761 1615 891 1646 praecepta
905 1618 964 1638 ser-

171 1667 248 1692 vare;
266 1667 330 1694 ergo
350 1664 492 1694 anteqttam
512 1659 663 1694 acciperent
682 1661 815 1693 praecepta
834 1657 943 1692 justitize
955 1677 963 1689 ,

171 1712 231 1739 qua
246 1704 427 1732 detrectarent
443 1712 568 1736 servare,
585 1711 637 1731 non
655 1707 731 1730 erant
744 1702 820 1729 liberi
836 1702 963 1736 justitize,

171 1750 293 1785 servique
307 1750 428 1785 peccati?
438 1750 497 1785 quis
510 1749 561 1777 hoc
580 1749 699 1777 dixerit?
714 1748 755 1776 Ah
769 1748 818 1776 hac
832 1756 897 1784 ergo
917 1756 964 1775 ne-

171 1796 294 1824 cessitate
313 1796 448 1824 servitutis
470 1795 514 1823 ille
535 1795 647 1828 liberat,
661 1795 706 1830 qui
731 1802 783 1821 non
809 1794 895 1821 solum
920 1793 966 1821 dat

173 1847 303 1877 przccepta
318 1850 366 1877 per
378 1842 463 1877 legem
476 1849 584 1872 :verum
598 1841 677 1869 etiam
690 1840 772 1868 donat
783 1848 830 1875 per
836 1839 965 1873 Spiritum

172 1884 346 1920 cltaritatem',
370 1887 445 1922 cujus
461 1886 640 1914 delectatione
671 1886 792 1912 vincatur
821 1883 966 1912 delectatio

174 1933 273 1967 peccati
296 1941 303 1959 :
330 1933 446 1967 alioquin
466 1935 622 1967 perseverat
644 1931 741 1958 invicta
762 1931 784 1963 ³,
804 1935 832 1958 et
856 1938 963 1957 servum

173 1987 249 2006 suum
270 1983 352 2006 tenet.
367 1980 388 2005 Α
410 1986 463 2013 quo
481 1978 552 2004 enim
573 1977 634 2011 quis
655 1976 775 2003 devictus
792 1980 853 2010 est,
867 1975 929 2003 huic
938 1979 966 2002 et

125 2062 127 2064 _
172 2032 266 2052 servus
278 2024 399 2051 addictus
408 2028 450 2050 est
462 2022 495 2058 (11
509 2022 578 2049 Petr.
590 2030 619 2055 tt,
635 2021 689 2057 I9).

208 2069 297 2097 CVIII.
312 2069 372 2097 JUL.
387 2069 505 2104 Denique
527 2068 616 2095 statim
631 2067 721 2099 addit.
745 2067 779 2094 ita
802 2073 849 2094 eos
874 2074 966 2094 servos

173 2123 232 2143 esse
244 2115 367 2150 justitirc,
390 2114 460 2142 sicut
479 2113 583 2141 fuerant
597 2113 667 2140 servi
687 2117 752 2139 ante
776 2112 887 2146 peccati.
914 2112 966 2140 Per

173 2160 244 2195 quod
259 2165 334 2195 potes
352 2167 400 2188 eos
410 2159 465 2194 jam
480 2163 506 2186 tu
516 2179 524 2190 .
538 2159 560 2186 si
575 2158 675 2194 placet,
691 2158 789 2185 liberos
800 2158 890 2185 dicere
905 2165 967 2192 pec-

174 2211 245 2238 cato,
257 2213 317 2233 cum
328 2206 448 2232 serviunt
459 2205 568 2240 jnstitiaa
580 2212 588 2237 ;
604 2204 673 2232 sicut
688 2204 723 2231 ab
738 2204 783 2231 illo
802 2203 865 2231 dicti
878 2208 940 2231 sunt
951 2211 966 2230 a

173 2251 274 2285 justitia
289 2250 364 2277 liberi
375 2269 383 2282 ,
396 2257 456 2277 cum
471 2250 602 2276 servirent
613 2249 721 2276 delicto.
735 2248 903 2283 lneptissime
919 2249 968 2275 ita-

175 2302 227 2330 que
240 2294 402 2329 simplicitati
416 2293 569 2329 apostolica:
584 2293 688 2320 voluisti
710 2293 869 2320 calumniam
890 2300 966 2320 com-

175 2348 292 2368 movere.
309 2339 400 2374 Neque
411 2339 553 2371 enimille,
565 2343 594 2365 nt
607 2342 693 2373 putas,
705 2338 906 2377 vigilantissitne
917 2338 967 2365 hoc

174 2386 246 2421 quod
267 2388 384 2413 aestimas
406 2384 536 2411 intimavit
559 2393 566 2411 :
592 2384 639 2411 sed
663 2388 690 2410 tu
713 2383 968 2411 somniculosissime

175 2431 245 2465 quod
261 2430 307 2457 ille
318 2430 426 2465 protulit
440 2429 561 2456 intueris.
574 2428 774 2463 Argumentaris
786 2428 894 2463 quippe.
909 2428 968 2456 ideo

177 2476 249 2502 illum
263 2475 388 2503 liberatos
401 2474 490 2501 dicere
505 2473 641 2505 maluisse,
652 2480 731 2508 quam
747 2472 854 2504 liberos,
875 2478 903 2499 ut
926 2473 967 2500 itt-

178 2521 356 2555 telligeremus
376 2520 479 2547 arbitrii
503 2519 625 2546 libertate
646 2518 715 2546 male
734 2518 841 2553 quidem
869 2526 967 2553 posse.

178 2569 246 2597 bene
257 2575 346 2597 autem
366 2569 422 2596 ﬂeri
441 2576 493 2596 non
507 2575 596 2604 posse.
615 2567 710 2594 Verum
727 2567 783 2602 ipse
805 2567 850 2594 tibi
872 2567 968 2594 verbo-

179 2622 236 2641 rum
250 2614 310 2649 cjus
322 2614 388 2641 ordo
399 2614 531 2641 renititur.
547 2612 612 2641 Nam
626 2613 648 2640 si
664 2612 725 2645 hoc,
740 2612 811 2647 quod
823 2616 860 2645 to,
877 2617 968 2647 putas-

178 2666 218 2688 set
227 2661 247 2691 '.
262 2660 323 2695 quia
336 2659 459 2687 libertate
471 2660 558 2687 solum
574 2664 744 2695 peccaretur;
755 2658 847 2686 debuit
867 2658 967 2690 dicere,

179 2707 266 2734 Liberi
281 2706 367 2733 fuistis
378 2709 504 2741 peccato;
519 2713 582 2738 non,
597 2705 681 2732 Liberi
699 2705 783 2741 fuistis
797 2705 906 2740 justitia?
916 2713 926 2732 .·
942 2709 969 2732 ut

213 2816 220 2831 ‘
233 2819 290 2843 \‘ox,
305 2813 417 2842 Ecclesia,
436 2813 572 2838 restituitur
585 2818 616 2837 ex
633 2813 808 2843 mansa-iptis.

210 2847 219 2861 ³
233 2841 300 2875 ι-Άὶιὶ,
312 2844 393 2869 incita.
407 2841 458 2868 Mss.
471 2847 526 2868 star.
538 2847 567 2875 et
583 2846 660 2872 ναι-1.,
671 2841 768 2875 istiista.

211 2877 221 2893 ³
230 2873 297 2907 Editi,
309 2880 369 2902 Nam
383 2874 465 2907 sillae,
479 2874 542 2906 quod
553 2877 579 2899 tu
590 2876 670 2906 putas,
679 2873 718 2898 sit.
737 2876 800 2904 Ixs.,
812 2876 925 2904 putassrt-

1025 195 1069 222 ille
1081 194 1214 222 diceretur
1225 202 1285 223 esse
1303 195 1369 223 liber
1383 197 1425 223 cui
1445 198 1603 232 cperabatur
1615 197 1671 234 ipsa
1694 199 1813 228 libertas.

1023 240 1051 267 Si
1063 240 1134 267 enim
1146 240 1229 274 placet
1243 240 1323 268 etiam
1336 248 1445 269 casuum
1458 250 1572 277 pensare
1586 248 1736 278 momenta,
1753 245 1815 273 huic

1023 286 1198 321 illosjustititc
1209 287 1275 315 dixit
1286 295 1346 315 esse
1362 288 1477 322 liberos,
1493 297 1547 317 non
1562 290 1596 318 ab
1608 290 1658 319 hac
1668 292 1769 326 justitia
1784 292 1815 320 li-

1021 332 1112 360 beros.
1132 333 1346 369 Conscquentius
1366 342 1429 370 ergo
1448 334 1498 362 hac
1511 336 1660 364 elocutione
1674 345 1724 365 nos
1739 338 1814 372 adju«

1021 387 1154 413 varemnr,
1170 379 1192 407 si
1216 381 1295 408 etiam
1311 385 1363 408 tam
1377 381 1449 409 leves
1472 390 1515 409 res
1538 390 1659 417 premere
1673 384 1812 411 vellemus.

1021 424 1072 452 Sed
1086 425 1155 452 absit
1169 425 1220 453 hoc
1232 434 1239 452 :
1253 433 1362 453 sensum
1376 426 1546 462 intelligimus
1563 428 1694 462 Aposmli,
1711 433 1738 456 et
1753 429 1811 455 elo-

1020 471 1156 498 cutionum
1187 471 1342 506 simpliciter
1375 474 1536 508 prolatarum
1570 474 1659 501 ot’ticio
1693 475 1811 502 contenti

1021 524 1122 544 smnus.
1137 516 1206 544 Nihil
1220 517 1291 544 aliud
1312 517 1380 545 dixit
1398 518 1522 553 Magister
1534 518 1676 552 Gentium,
1692 519 1752 551 nisi.
1769 519 1812 546 Li-

1021 568 1076 595 beri
1088 568 1184 599 fuistis.
1196 576 1248 595 non
1260 567 1508 603 servistis.justiti:e
1523 577 1530 594 :
1543 568 1646 596 liberati
1660 569 1734 601 estis,
1749 575 1812 603 pec-

1019 618 1140 642 catorum
1149 615 1252 642 veniam
1258 614 1423 650 suscepistis,
1431 618 1554 641 manente
1560 614 1662 641 arbitrii
1671 614 1793 642 libertate
1802 622 1810 646 ς

1020 668 1153 696 perquam
1164 665 1306 696 potuerunt
1318 665 1347 689 et
1356 665 1418 688 ante
1429 665 1548 695 peccato,
1560 665 1588 688 et
1601 665 1690 696 postea
1701 661 1812 688 obedire

1017 706 1137 740 justitiat.

1054 752 1122 779 Anc.
1144 751 1183 779 Ex
1198 751 1248 778 isto
1262 750 1387 779 hzrretico
1399 758 1479 778 sensu
1491 771 1499 784 ,
1512 758 1566 786 quo
1579 750 1667 779 dicitis
1681 758 1734 779 non
1753 751 1812 779 ﬂeri

1020 805 1068 832 per
1080 797 1192 832 gratiam
1203 797 1387 825 liberatiOnem
1398 804 1412 824 a
1427 801 1546 832 peccato,
1563 797 1613 824 nisi
1623 804 1685 824 cum
1700 797 1734 824 de
1743 805 1811 832 pne-

1020 843 1099 870 terito
1111 843 1240 876 accipitur
1249 843 1340 874 venia;
1353 850 1405 869 non
1416 847 1504 869 autem
1519 842 1598 869 etiam
1612 850 1646 870 ne
1659 842 1812 870 dominetur

1018 893 1168 923 peccatum,
1184 896 1244 915 cum
1259 888 1372 923 quisque
1383 895 1398 915 a
1409 888 1622 922 concupiscentia
1636 895 1684 916 sua
1698 888 1811 916 trahitur

1018 935 1044 962 Ill
1058 935 1115 969 ejus
1128 942 1282 967 assensum;
1295 935 1374 961 etiam
1395 938 1546 961 sanctorum
1561 934 1724 962 orationibus
1742 941 1809 962 con-

1018 979 1156 1007 tradicitis.
1174 980 1269 1015 thuid
1282 980 1352 1007 enim
1369 979 1423 1006 Deo
1434 979 1541 1009 dicitur.
1560 978 1602 1007 Ne
1615 987 1660 1007 nos
1673 980 1768 1015 inferas
1781 980 1809 1006 in

1018 1026 1178 1053 tentatiormn
1188 1034 1195 1057 ;
1207 1026 1239 1058 si,
1253 1030 1281 1053 ιιι
1292 1026 1342 1053 hoc
1350 1033 1402 1053 non
1416 1025 1471 1057 fiat.
1484 1026 1509 1052 in
1520 1026 1595 1053 liberi
1609 1026 1711 1053 arbitrii
1725 1027 1808 1054 nostri

1017 1075 1057 1097 est
1073 1075 1211 1105 potestate,
1224 1071 1294 1106 quod
1306 1071 1382 1098 nobis
1394 1071 1549 1098 naturaliter
1560 1071 1666 1098 insitum
1679 1072 1741 1098 est?
1758 1071 1807 1099 Ut-

1016 1115 1079 1150 qnid
1094 1115 1157 1143 dicit
1178 1116 1332 1151 Apostolus,
1361 1115 1470 1143 Oramus
1495 1120 1577 1143 autem
1600 1116 1634 1143 ad
1659 1115 1750 1148 Deum,
1777 1125 1809 1144 ne

1016 1162 1076 1196 quid
1090 1163 1190 1197 faciatis
1204 1163 1266 1189 mali
1279 1162 1290 1198 (
1302 1162 1323 1190 Il
1336 1162 1395 1189 Cor.
1409 1170 1466 1193 xnt,
1480 1163 1534 1196 7);
1550 1162 1572 1189 si
1593 1162 1660 1189 Dens
1674 1170 1726 1190 non
1742 1163 1808 1190 libe-

1017 1212 1057 1235 rat
1070 1215 1082 1234 a
1099 1208 1224 1243 peccatis.
1240 1209 1290 1235 nisi
1303 1208 1407 1236 veniam
1423 1208 1512 1236 dando
1526 1208 1685 1243 praeteritis?

1051 1253 1118 1280 CIX.
1132 1253 1191 1281 Jun.
1213 1254 1330 1289 Denique
1343 1253 1406 1289 quid
1427 1253 1577 1281 exhortatio
1590 1253 1672 1289 ipsius
1687 1258 1788 1282 teneret
1799 1276 1807 1287 ,

1015 1299 1142 1332 ostendit,
1156 1299 1338 1335 praemittens:
1353 1298 1500 1326 Humanum
1510 1299 1621 1334 estquod
1628 1299 1695 1331 dico,
1707 1305 1810 1335 propter

1015 1345 1186 1378 inﬁrmitatem
1194 1345 1278 1372 carnis
1285 1349 1373 1385 vestra
1383 1352 1393 1372 :
1402 1345 1467 1371 sicut
1474 1345 1540 1371 enim
1548 1344 1694 1372 exhibuistis
1699 1345 1809 1372 mentbra

1016 1398 1097 1419 vestra
1109 1392 1202 1419 servire
1220 1391 1387 1419 immunditiis
1400 1396 1422 1418 et
1434 1390 1561 1424 iniquitati
1579 1390 1614 1417 ad
1633 1390 1809 1426 iniquitatem;

1015 1438 1051 1465 ita
1063 1446 1131 1464 nunc
1144 1437 1257 1465 exhibete
1268 1437 1380 1464 membra
1392 1441 1474 1464 uestra
1487 1436 1579 1463 servire
1590 1436 1694 1470 iustitia:
1709 1436 1736 1463 in
1747 1445 1808 1464 san—

1016 1483 1215 1518 ctiﬁcationem:
1238 1490 1295 1510 cum
1317 1483 1383 1509 enim
1406 1481 1470 1509 serui
1492 1482 1577 1509 essetis
1601 1482 1714 1516 peccati,
1738 1481 1810 1509 liberi

998 1560 1003 1562 γ
1016 1530 1100 1566 fuistis
1109 1530 1214 1566 justititz
1226 1528 1314 1566 (Hom.
1326 1536 1362 1560 vl.
1375 1528 1409 1556 I9
1419 1533 1443 1555 et
1451 1527 1508 1564 20).
1520 1526 1722 1556 Ordinatissitne
1732 1536 1810 1575 pror-

1015 1584 1061 1605 sus
1074 1577 1146 1611 ipsos
1155 1576 1219 1603 dicit
1231 1575 1329 1603 liberos
1342 1574 1423 1602 fuisse
1434 1574 1554 1609 justititc.
1567 1581 1634 1609 quos
1647 1574 1809 1602 convenerat

1016 1626 1045 1650 nt
1069 1621 1187 1650 membra
1214 1629 1260 1649 sua
1282 1622 1308 1648 in
1329 1621 1401 1648 omni
1424 1620 1633 1648 sanctificatione
1647 1620 1806 1648 retinerent.

1015 1668 1113 1695 Ventm
1126 1667 1186 1701 quia
1199 1675 1251 1694 non
1263 1674 1354 1701 parum
1368 1666 1410 1694 hic
1422 1665 1552 1693 itnmorati
1565 1673 1667 1700 sumus,
1682 1670 1711 1694 ut
1719 1672 1811 1694 osten-

1015 1713 1141 1741 dcremus
1163 1712 1340 1740 certissimum
1366 1719 1427 1739 esse
1450 1707 1521 1747 quod
1547 1711 1668 1739 dixeram
1692 1711 1808 1747 (Supra,

1017 1770 1074 1796 cap.
1088 1762 1149 1797 75),
1165 1762 1226 1797 quia
1251 1766 1379 1797 negarent
1396 1761 1507 1789 liberum
1526 1761 1664 1789 arbitrium
1688 1761 1810 1788 homines

1016 1808 1061 1843 qui
1077 1811 1167 1835 vestro
1181 1807 1292 1834 fuissent
1310 1814 1435 1835 sermone
1456 1806 1595 1840 deterriti,
1620 1810 1648 1834 ct
1668 1807 1694 1833 in
1716 1813 1809 1834 verum

1016 1854 1127 1880 exitium
1142 1861 1208 1880 vana
1229 1852 1370 1880 formidine
1391 1851 1579 1884 truderentur;
1600 1856 1681 1886 atqtte
1702 1855 1728 1879 te
1751 1858 1810 1879 esse

1018 1899 1180 1934 praecipuum
1192 1898 1294 1925 arbitrii
1313 1897 1389 1925 liberi
1409 1902 1561 1932 negatorem
1578 1905 1584 1923 :
1601 1896 1810 1928 revertamurad

1018 1945 1091 1972 illum
1105 1944 1214 1977 librum,
1229 1943 1274 1978 qui
1287 1947 1328 1970 cst
1341 1941 1373 1970 ad
1389 1942 1523 1970 Valerium
1537 1941 1696 1973 destinatus,
1709 1946 1736 1968 nt
1746 1949 1810 1976 pro-

1018 1991 1111 2018 bemus
1124 1989 1211 2024 primo
1226 1993 1253 2017 te
1263 1996 1373 2024 negasse
1383 1987 1549 2016 conditorem
1566 1987 1647 2015 Deum
1660 1995 1668 2020 ;
1683 1994 1752 2014 nunc
1764 1994 1811 2013 au-

1018 2040 1083 2069 tem,
1098 2035 1160 2063 alibi
1174 2034 1281 2070 quidem
1295 2041 1402 2069 negare,
1414 2033 1476 2061 alibi
1487 2032 1624 2060 scelestius
1635 2033 1718 2060 multo
1731 2039 1810 2068 quam

1019 2088 1164 2116 negaveras
1176 2079 1308 2108 confiteri.
1323 2079 1356 2107 Et
1371 2079 1477 2114 quidem
1491 2086 1569 2114 quam
1585 2078 1610 2105 in
1629 2078 1674 2106 illo
1688 2078 1755 2105 libro
1766 2082 1811 2105 tuo

1018 2128 1108 2164 priore
1130 2127 1251 2154 absolute
1271 2126 1355 2154 Deum
1378 2125 1516 2160 negaveris
1538 2124 1703 2152 conditorem
1725 2124 1812 2151 homi-

1019 2182 1094 2206 num.
1106 2173 1171 2201 satis
1183 2179 1243 2200 cum
1256 2171 1434 2199 discuteretur
1447 2170 1586 2205 apparuit:
1602 2169 1691 2197 dixisti
1702 2169 1809 2205 quippe,

1019 2219 1089 2255 quod
1107 2228 1116 2244 t
1132 2224 1216 2253 genus
1229 2217 1372 2245 humanum
1387 2216 1510 2243 diabolus
1529 2215 1603 2251 quasi
1627 2214 1737 2250 plantati
1752 2222 1766 2241 a
1782 2222 1813 2242 se

1020 2265 1122 2293 fruticis
1136 2265 1249 2292 fructum
1262 2263 1322 2297 jure
1334 2262 1490 2297 decerperet
1504 2270 1513 2287 ι
1524 2259 1576 2296 (De
1586 2259 1691 2295 Nuptiis
1705 2264 1729 2286 et
1743 2259 1812 2286 Cort-

1020 2310 1182 2346 cupisoentia,
1196 2308 1239 2335 lib.
1253 2308 1279 2341 1,
1298 2316 1326 2334 η.
1345 2307 1409 2340 26);
1422 2305 1558 2340 multaque
1572 2304 1622 2331 alia
1637 2311 1696 2339 quas
1716 2303 1776 2331 loco
1796 2311 1811 2331 a

1021 2361 1047 2384 te
1056 2358 1272 2391 argumentorum
1294 2353 1379 2388 posita
1392 2351 1453 2379 huic
1473 2355 1651 2385 cooperantur
1667 2349 1762 2378 errori.
1783 2349 1811 2378 In

1021 2401 1073 2429 hoc
1085 2407 1148 2428 vero
1162 2398 1281 2426 secundo
1291 2398 1370 2430 libro,
1386 2397 1435 2424 etsi
1451 2395 1622 2423 universitate
1634 2395 1764 2429 dogmatis
1775 2396 1812 2423 tui

1022 2446 1090 2474 idem
1107 2451 1183 2481 agas;
1200 2448 1290 2471 tamen
1304 2441 1477 2478 perniciosius
1488 2441 1581 2468 niteris
1594 2440 1735 2468 emendare
1747 2448 1813 2468 sen-

1022 2490 1142 2523 tentiam,
1157 2497 1236 2524 quatn
1251 2493 1313 2516 ante
1326 2487 1468 2523 protulisti.

1057 2538 1125 2564 Anc.
1141 2535 1170 2563 Si
1190 2534 1236 2562 tibi
1259 2541 1350 2570 partim
1365 2537 1406 2561 est
1422 2532 1576 2569 Apostolus,
1598 2532 1643 2567 qui
1666 2531 1740 2566 dicit,
1764 2531 1814 2560 Per

1022 2591 1099 2610 unum
1115 2582 1240 2609 hominem
1254 2584 1382 2616 peccatum
1403 2578 1505 2606 intravit
1526 2579 1552 2605 in
1573 2578 1710 2612 amntium,
1726 2583 1750 2605 et
1769 2587 1815 2613 per

1023 2632 1151 2664 peccatum
1163 2635 1230 2653 mors
1238 2635 1248 2660 ;
1262 2631 1286 2653 et
1299 2626 1334 2652 ita
1348 2625 1374 2652 in
1387 2633 1472 2652 omnes
1487 2624 1599 2651 homines
1618 2624 1772 2659 pertransiit,
1788 2625 1814 2651 in

1022 2682 1072 2709 quo
1094 2681 1179 2700 omnes
1203 2676 1386 2708 peccaverunt:
1402 2670 1557 2698 Ambrosius
1579 2669 1687 2705 utique,
1711 2677 1763 2696 non
1786 2674 1814 2696 ut

1023 2719 1194 2752 Manichacus,
1209 2725 1261 2753 quo
1274 2717 1382 2744 nomine
1397 2716 1474 2749 tales,
1487 2715 1574 2750 qualis
1589 2714 1634 2742 ille
1647 2715 1731 2742 fuerat
1741 2713 1812 2745 fidei.

1023 2763 1186 2795 criminaris;
1211 2762 1257 2790 sed
1281 2766 1310 2789 ut
1329 2761 1475 2789 catholicus
1496 2757 1626 2788 intellexit
1645 2758 1812 2794 Apostolum,

1022 2818 1137 2846 eumque
1150 2809 1300 2844 intelligens
1310 2810 1356 2842 ait,
1373 2817 1383 2835 s
1396 2807 1495 2836 Omnes
1507 2806 1630 2833 homines
1643 2804 1692 2832 sub
1704 2809 1814 2839 peccato

1026 2857 1167 2891 poscimur,
1179 2862 1290 2890 quorum
1304 2854 1360 2890 ipse
1372 2859 1447 2882 ortus
1460 2852 1486 2880 in
1499 2852 1563 2879 vitio
1575 2855 1617 2878 cst
1628 2859 1637 2877 ι
1655 2849 1705 2884 (De
1724 2848 1813 2875 Ριινηὲα
