  <div class='ocr_page' id='page_1' title='image "/cluster/home/n/w/nwhite01/storage/ocr_20150623/44-45/uc1.31175026792435/571.png"; bbox 0 0 4118 6514; ppageno 0'>
   <div class='ocr_carea' id='block_1_1' title="bbox 513 327 650 386">
    <p class='ocr_par' dir='ltr' id='par_1_1' title="bbox 513 327 650 386">
     <span class='ocr_line' id='line_1_1' title="bbox 513 327 650 386; baseline -0.036 0"><span class='ocrx_word' id='word_1_1' title='bbox 513 327 650 386; x_wconf 66' lang='grc'><strong>1193</strong></span> 
     </span>
    </p>
   </div>
   <div class='ocr_carea' id='block_1_2' title="bbox 507 423 2091 500">
    <p class='ocr_par' dir='ltr' id='par_1_2' title="bbox 507 423 2091 500">
     <span class='ocr_line' id='line_1_2' title="bbox 507 423 2091 500; baseline -0.011 -7"><span class='ocrx_word' id='word_1_2' title='bbox 507 441 664 494; x_wconf 76' lang='lat' dir='ltr'><strong>tentia</strong></span> <span class='ocrx_word' id='word_1_3' title='bbox 687 477 701 498; x_wconf 94' lang='lat'><strong>,</strong></span> <span class='ocrx_word' id='word_1_4' title='bbox 731 437 822 490; x_wconf 83' lang='lat' dir='ltr'><strong>lib.</strong></span> <span class='ocrx_word' id='word_1_5' title='bbox 863 436 913 496; x_wconf 83' lang='grc'><strong>1,</strong></span> <span class='ocrx_word' id='word_1_6' title='bbox 943 449 1058 500; x_wconf 83' lang='lat' dir='ltr'><strong>cap.</strong></span> <span class='ocrx_word' id='word_1_7' title='bbox 1081 431 1114 484; x_wconf 79' lang='grc' dir='ltr'><strong>Ξ).</strong></span> <span class='ocrx_word' id='word_1_8' title='bbox 1137 431 1176 500; x_wconf 92' lang='grc'><strong>).</strong></span> <span class='ocrx_word' id='word_1_9' title='bbox 1227 429 1367 486; x_wconf 84' lang='lat' dir='ltr'><strong>Ecce</strong></span> <span class='ocrx_word' id='word_1_10' title='bbox 1395 427 1462 484; x_wconf 89' lang='lat' dir='ltr'><strong>de</strong></span> <span class='ocrx_word' id='word_1_11' title='bbox 1491 443 1596 496; x_wconf 90' lang='lat' dir='ltr'><strong>quo</strong></span> <span class='ocrx_word' id='word_1_12' title='bbox 1624 439 1869 496; x_wconf 88' lang='lat' dir='ltr'><strong>tanquam</strong></span> <span class='ocrx_word' id='word_1_13' title='bbox 1897 423 1967 478; x_wconf 87' lang='lat' dir='ltr'><strong>de</strong></span> <span class='ocrx_word' id='word_1_14' title='bbox 1994 433 2091 476; x_wconf 89' lang='lat' dir='ltr'><strong>suo</strong></span> 
     </span>
    </p>
   </div>
   <div class='ocr_carea' id='block_1_3' title="bbox 505 517 2093 592">
    <p class='ocr_par' dir='ltr' id='par_1_3' title="bbox 505 517 2093 592">
     <span class='ocr_line' id='line_1_3' title="bbox 505 517 2093 592; baseline -0.011 -6"><span class='ocrx_word' id='word_1_15' title='bbox 505 531 698 587; x_wconf 88' lang='lat' dir='ltr'><strong>frutice</strong></span> <span class='ocrx_word' id='word_1_16' title='bbox 715 529 958 584; x_wconf 78' lang='lat' dir='ltr'><strong>diabolus</strong></span> <span class='ocrx_word' id='word_1_17' title='bbox 982 525 1204 580; x_wconf 89' lang='lat' dir='ltr'><strong>fructum</strong></span> <span class='ocrx_word' id='word_1_18' title='bbox 1221 524 1342 592; x_wconf 83' lang='lat' dir='ltr'><strong>jure</strong></span> <span class='ocrx_word' id='word_1_19' title='bbox 1357 521 1626 589; x_wconf 87' lang='lat' dir='ltr'><strong>decerpsit</strong></span> <span class='ocrx_word' id='word_1_20' title='bbox 1645 537 1659 584; x_wconf 90' lang='lat'><strong>;</strong></span> <span class='ocrx_word' id='word_1_21' title='bbox 1687 533 1791 572; x_wconf 89' lang='lat' dir='ltr'><strong>non</strong></span> <span class='ocrx_word' id='word_1_22' title='bbox 1811 517 1882 572; x_wconf 89' lang='lat' dir='ltr'><strong>de</strong></span> <span class='ocrx_word' id='word_1_23' title='bbox 1903 523 2093 570; x_wconf 88' lang='lat' dir='ltr'><strong>natura</strong></span> 
     </span>
    </p>
   </div>
   <div class='ocr_carea' id='block_1_4' title="bbox 504 605 2088 691">
    <p class='ocr_par' dir='ltr' id='par_1_4' title="bbox 504 605 2088 691">
     <span class='ocr_line' id='line_1_4' title="bbox 504 605 2088 691; baseline -0.011 -14"><span class='ocrx_word' id='word_1_24' title='bbox 504 638 662 691; x_wconf 90' lang='lat' dir='ltr'><strong>quam</strong></span> <span class='ocrx_word' id='word_1_25' title='bbox 691 622 830 676; x_wconf 88' lang='lat' dir='ltr'><strong>Deus</strong></span> <span class='ocrx_word' id='word_1_26' title='bbox 853 617 1110 679; x_wconf 88' lang='lat' dir='ltr'><strong>condidit,</strong></span> <span class='ocrx_word' id='word_1_27' title='bbox 1135 615 1229 670; x_wconf 90' lang='lat' dir='ltr'><strong>sed</strong></span> <span class='ocrx_word' id='word_1_28' title='bbox 1255 615 1323 668; x_wconf 90' lang='lat' dir='ltr'><strong>de</strong></span> <span class='ocrx_word' id='word_1_29' title='bbox 1349 612 1478 668; x_wconf 88' lang='lat' dir='ltr'><strong>vitio</strong></span> <span class='ocrx_word' id='word_1_30' title='bbox 1501 610 1642 681; x_wconf 87' lang='lat' dir='ltr'><strong>quod</strong></span> <span class='ocrx_word' id='word_1_31' title='bbox 1669 610 1782 678; x_wconf 86' lang='lat' dir='ltr'><strong>ipse</strong></span> <span class='ocrx_word' id='word_1_32' title='bbox 1810 605 2088 676; x_wconf 71' lang='lat' dir='ltr'><strong>plantavit.</strong></span> 
     </span>
    </p>
   </div>
   <div class='ocr_carea' id='block_1_5' title="bbox 506 703 2090 783">
    <p class='ocr_par' dir='ltr' id='par_1_5' title="bbox 506 703 2090 783">
     <span class='ocr_line' id='line_1_5' title="bbox 506 703 2090 783; baseline -0.012 -14"><span class='ocrx_word' id='word_1_33' title='bbox 506 713 690 783; x_wconf 80' lang='lat' dir='ltr'><strong>Neque</strong></span> <span class='ocrx_word' id='word_1_34' title='bbox 735 711 878 766; x_wconf 88' lang='lat' dir='ltr'><strong>enim</strong></span> <span class='ocrx_word' id='word_1_35' title='bbox 933 709 1024 778; x_wconf 88' lang='lat' dir='ltr'><strong>qui</strong></span> <span class='ocrx_word' id='word_1_36' title='bbox 1067 715 1360 762; x_wconf 87' lang='lat' dir='ltr'><strong>nascuntur</strong></span> <span class='ocrx_word' id='word_1_37' title='bbox 1411 703 1510 757; x_wconf 87' lang='lat' dir='ltr'><strong>sub</strong></span> <span class='ocrx_word' id='word_1_38' title='bbox 1554 709 1806 770; x_wconf 90' lang='lat' dir='ltr'><strong>peccato,</strong></span> <span class='ocrx_word' id='word_1_39' title='bbox 1866 703 2090 766; x_wconf 82' lang='lat' dir='ltr'><strong>possunt</strong></span> 
     </span>
    </p>
   </div>
   <div class='ocr_carea' id='block_1_6' title="bbox 509 788 2090 869">
    <p class='ocr_par' dir='ltr' id='par_1_6' title="bbox 509 788 2090 869">
     <span class='ocr_line' id='line_1_6' title="bbox 509 788 2090 869; baseline -0.012 -7"><span class='ocrx_word' id='word_1_40' title='bbox 509 807 608 862; x_wconf 86' lang='lat' dir='ltr'><strong>nisi</strong></span> <span class='ocrx_word' id='word_1_41' title='bbox 650 803 752 860; x_wconf 87' lang='lat' dir='ltr'><strong>sub</strong></span> <span class='ocrx_word' id='word_1_42' title='bbox 787 810 1005 858; x_wconf 84' lang='lat' dir='ltr'><strong>auctore</strong></span> <span class='ocrx_word' id='word_1_43' title='bbox 1042 814 1160 854; x_wconf 88' lang='lat' dir='ltr'><strong>esse</strong></span> <span class='ocrx_word' id='word_1_44' title='bbox 1189 796 1388 869; x_wconf 87' lang='lat' dir='ltr'><strong>peccati</strong></span> <span class='ocrx_word' id='word_1_45' title='bbox 1407 835 1424 862; x_wconf 90' lang='lat'><strong>,</strong></span> <span class='ocrx_word' id='word_1_46' title='bbox 1453 794 1502 854; x_wconf 86' lang='lat' dir='ltr'><strong>si</strong></span> <span class='ocrx_word' id='word_1_47' title='bbox 1527 808 1632 850; x_wconf 88' lang='lat' dir='ltr'><strong>non</strong></span> <span class='ocrx_word' id='word_1_48' title='bbox 1661 797 2008 847; x_wconf 72' lang='lat' dir='ltr'><strong>renascantur</strong></span> <span class='ocrx_word' id='word_1_49' title='bbox 2035 788 2090 844; x_wconf 89' lang='lat' dir='ltr'><strong>in</strong></span> 
     </span>
    </p>
   </div>
   <div class='ocr_carea' id='block_1_7' title="bbox 505 899 1898 980">
    <p class='ocr_par' dir='ltr' id='par_1_7' title="bbox 505 899 1898 980">
     <span class='ocr_line' id='line_1_7' title="bbox 505 899 1898 980; baseline -0.009 -27"><span class='ocrx_word' id='word_1_50' title='bbox 505 899 740 953; x_wconf 76' lang='lat' dir='ltr'><strong>Christo.</strong></span> <span class='ocrx_word' id='word_1_51' title='bbox 1885 973 1898 980; x_wconf 65' lang='lat'>_</span> 
     </span>
    </p>
   </div>
   <div class='ocr_carea' id='block_1_8' title="bbox 573 981 2086 1052">
    <p class='ocr_par' dir='ltr' id='par_1_8' title="bbox 573 981 2086 1052">
     <span class='ocr_line' id='line_1_8' title="bbox 573 981 2086 1052; baseline -0.011 -9"><span class='ocrx_word' id='word_1_52' title='bbox 573 987 686 1043; x_wconf 77' lang='lat' dir='ltr'><strong>CX.</strong></span> <span class='ocrx_word' id='word_1_53' title='bbox 703 987 822 1042; x_wconf 71' lang='lat' dir='ltr'><strong>Iun.</strong></span> <span class='ocrx_word' id='word_1_54' title='bbox 839 985 1033 1040; x_wconf 86' lang='lat' dir='ltr'><strong>Verum</strong></span> <span class='ocrx_word' id='word_1_55' title='bbox 1054 983 1396 1052; x_wconf 83' lang='lat' dir='ltr'><strong>suppleamus</strong></span> <span class='ocrx_word' id='word_1_56' title='bbox 1409 981 1644 1033; x_wconf 77' lang='lat' dir='ltr'><strong>breviter</strong></span> <span class='ocrx_word' id='word_1_57' title='bbox 1657 987 2086 1044; x_wconf 75' lang='lat' dir='ltr'><strong>respousronem,</strong></span> 
     </span>
    </p>
   </div>
   <div class='ocr_carea' id='block_1_9' title="bbox 504 1065 2092 1150">
    <p class='ocr_par' dir='ltr' id='par_1_9' title="bbox 504 1065 2092 1150">
     <span class='ocr_line' id='line_1_9' title="bbox 504 1065 2092 1150; baseline -0.008 -18"><span class='ocrx_word' id='word_1_58' title='bbox 504 1095 620 1150; x_wconf 69' lang='lat' dir='ltr'><strong>qua:</strong></span> <span class='ocrx_word' id='word_1_59' title='bbox 643 1080 797 1148; x_wconf 88' lang='lat' dir='ltr'><strong>capiti</strong></span> <span class='ocrx_word' id='word_1_60' title='bbox 821 1087 927 1142; x_wconf 90' lang='lat' dir='ltr'><strong>tuo,</strong></span> <span class='ocrx_word' id='word_1_61' title='bbox 957 1076 1096 1147; x_wconf 87' lang='lat' dir='ltr'><strong>quod</strong></span> <span class='ocrx_word' id='word_1_62' title='bbox 1127 1091 1285 1143; x_wconf 84' lang='lat' dir='ltr'><strong>supra</strong></span> <span class='ocrx_word' id='word_1_63' title='bbox 1313 1072 1586 1142; x_wconf 82' lang='lat' dir='ltr'><strong>posuimus</strong></span> <span class='ocrx_word' id='word_1_64' title='bbox 1611 1067 1764 1140; x_wconf 85' lang='lat' dir='ltr'><strong>(Cap.</strong></span> <span class='ocrx_word' id='word_1_65' title='bbox 1795 1065 2092 1137; x_wconf 68' lang='lat' dir='ltr'><strong>74),debe-</strong></span> 
     </span>
    </p>
   </div>
   <div class='ocr_carea' id='block_1_10' title="bbox 513 1157 2090 1238">
    <p class='ocr_par' dir='ltr' id='par_1_10' title="bbox 513 1157 2090 1238">
     <span class='ocr_line' id='line_1_10' title="bbox 513 1157 2090 1238; baseline -0.01 -14"><span class='ocrx_word' id='word_1_66' title='bbox 513 1181 618 1226; x_wconf 90' lang='lat' dir='ltr'><strong>tur.</strong></span> <span class='ocrx_word' id='word_1_67' title='bbox 637 1172 954 1226; x_wconf 85' lang='lat' dir='ltr'><strong>Constanter</strong></span> <span class='ocrx_word' id='word_1_68' title='bbox 973 1169 1150 1238; x_wconf 92' lang='lat' dir='ltr'><strong>itaque</strong></span> <span class='ocrx_word' id='word_1_69' title='bbox 1170 1166 1496 1234; x_wconf 73' lang='lat' dir='ltr'><strong>fideliterque</strong></span> <span class='ocrx_word' id='word_1_70' title='bbox 1517 1160 1836 1231; x_wconf 83' lang='lat' dir='ltr'><strong>respondeo,</strong></span> <span class='ocrx_word' id='word_1_71' title='bbox 1849 1157 2090 1228; x_wconf 88' lang='lat' dir='ltr'><strong>quianon</strong></span> 
     </span>
    </p>
   </div>
   <div class='ocr_carea' id='block_1_11' title="bbox 507 1246 2084 1318">
    <p class='ocr_par' dir='ltr' id='par_1_11' title="bbox 507 1246 2084 1318">
     <span class='ocr_line' id='line_1_11' title="bbox 507 1246 2084 1318; baseline -0.009 -2"><span class='ocrx_word' id='word_1_72' title='bbox 507 1261 841 1316; x_wconf 81' lang='lat' dir='ltr'><strong>invideamus</strong></span> <span class='ocrx_word' id='word_1_73' title='bbox 875 1260 1212 1315; x_wconf 89' lang='lat' dir='ltr'><strong>liberatorem</strong></span> <span class='ocrx_word' id='word_1_74' title='bbox 1243 1254 1548 1312; x_wconf 87' lang='lat' dir='ltr'><strong>hominibus</strong></span> <span class='ocrx_word' id='word_1_75' title='bbox 1589 1251 1872 1318; x_wconf 87' lang='lat' dir='ltr'><strong>Dominum</strong></span> <span class='ocrx_word' id='word_1_76' title='bbox 1897 1246 2084 1304; x_wconf 86' lang='lat' dir='ltr'><strong>Jesum</strong></span> 
     </span>
    </p>
   </div>
   <div class='ocr_carea' id='block_1_12' title="bbox 506 1342 2088 1424">
    <p class='ocr_par' dir='ltr' id='par_1_12' title="bbox 506 1342 2088 1424">
     <span class='ocr_line' id='line_1_12' title="bbox 506 1342 2088 1424; baseline -0.011 -13"><span class='ocrx_word' id='word_1_77' title='bbox 506 1355 812 1418; x_wconf 87' lang='lat' dir='ltr'><strong>Christum;</strong></span> <span class='ocrx_word' id='word_1_78' title='bbox 853 1367 988 1424; x_wconf 89' lang='lat' dir='ltr'><strong>quos</strong></span> <span class='ocrx_word' id='word_1_79' title='bbox 1023 1350 1370 1406; x_wconf 86' lang='lat' dir='ltr'><strong>convenimus</strong></span> <span class='ocrx_word' id='word_1_80' title='bbox 1394 1387 1410 1414; x_wconf 90' lang='lat'><strong>,</strong></span> <span class='ocrx_word' id='word_1_81' title='bbox 1463 1361 1534 1402; x_wconf 89' lang='lat' dir='ltr'><strong>ne</strong></span> <span class='ocrx_word' id='word_1_82' title='bbox 1579 1345 1730 1400; x_wconf 81' lang='lat' dir='ltr'><strong>vobis</strong></span> <span class='ocrx_word' id='word_1_83' title='bbox 1769 1342 2088 1404; x_wconf 88' lang='lat' dir='ltr'><strong>credentes,</strong></span> 
     </span>
    </p>
   </div>
   <div class='ocr_carea' id='block_1_13' title="bbox 505 1432 2091 1512">
    <p class='ocr_par' dir='ltr' id='par_1_13' title="bbox 505 1432 2091 1512">
     <span class='ocr_line' id='line_1_13' title="bbox 505 1432 2091 1512; baseline -0.008 -13"><span class='ocrx_word' id='word_1_84' title='bbox 505 1444 891 1500; x_wconf 86' lang='lat' dir='ltr'><strong>emendationis</strong></span> <span class='ocrx_word' id='word_1_85' title='bbox 911 1441 1283 1512; x_wconf 86' lang='lat' dir='ltr'><strong>desperatione</strong></span> <span class='ocrx_word' id='word_1_86' title='bbox 1314 1439 1639 1508; x_wconf 80' lang='lat' dir='ltr'><strong>frangantur,</strong></span> <span class='ocrx_word' id='word_1_87' title='bbox 1663 1447 1718 1491; x_wconf 89' lang='lat' dir='ltr'><strong>et</strong></span> <span class='ocrx_word' id='word_1_88' title='bbox 1745 1433 1998 1489; x_wconf 75' lang='lat' dir='ltr'><strong>recedant</strong></span> <span class='ocrx_word' id='word_1_89' title='bbox 2023 1432 2091 1486; x_wconf 88' lang='lat' dir='ltr'><strong>ab</strong></span> 
     </span>
    </p>
   </div>
   <div class='ocr_carea' id='block_1_14' title="bbox 505 1531 2092 1604">
    <p class='ocr_par' dir='ltr' id='par_1_14' title="bbox 505 1531 2092 1604">
     <span class='ocr_line' id='line_1_14' title="bbox 505 1531 2092 1604; baseline -0.009 -10"><span class='ocrx_word' id='word_1_90' title='bbox 505 1537 806 1594; x_wconf 85' lang='lat' dir='ltr'><strong>eruditione</strong></span> <span class='ocrx_word' id='word_1_91' title='bbox 832 1535 1052 1601; x_wconf 86' lang='lat' dir='ltr'><strong>Christi,</strong></span> <span class='ocrx_word' id='word_1_92' title='bbox 1083 1533 1236 1604; x_wconf 80' lang='lat' dir='ltr'><strong>quasi</strong></span> <span class='ocrx_word' id='word_1_93' title='bbox 1259 1548 1322 1588; x_wconf 86' lang='lat' dir='ltr'><strong>ea</strong></span> <span class='ocrx_word' id='word_1_94' title='bbox 1349 1531 1727 1600; x_wconf 60' lang='lat' dir='ltr'><strong>praecipientis,</strong></span> <span class='ocrx_word' id='word_1_95' title='bbox 1750 1543 1870 1598; x_wconf 73' lang='grc' dir='ltr'><strong>(ιυω</strong></span> <span class='ocrx_word' id='word_1_96' title='bbox 1899 1541 2092 1595; x_wconf 83' lang='lat' dir='ltr'><strong>capere</strong></span> 
     </span>
    </p>
   </div>
   <div class='ocr_carea' id='block_1_15' title="bbox 508 1619 2090 1692">
    <p class='ocr_par' dir='ltr' id='par_1_15' title="bbox 508 1619 2090 1692">
     <span class='ocr_line' id='line_1_15' title="bbox 508 1619 2090 1692; baseline -0.008 -12"><span class='ocrx_word' id='word_1_97' title='bbox 508 1625 811 1682; x_wconf 84' lang='lat' dir='ltr'><strong>mortalium</strong></span> <span class='ocrx_word' id='word_1_98' title='bbox 838 1633 1023 1680; x_wconf 87' lang='lat' dir='ltr'><strong>natura</strong></span> <span class='ocrx_word' id='word_1_99' title='bbox 1052 1638 1158 1678; x_wconf 88' lang='lat' dir='ltr'><strong>non</strong></span> <span class='ocrx_word' id='word_1_100' title='bbox 1188 1621 1392 1692; x_wconf 90' lang='lat' dir='ltr'><strong>possit,</strong></span> <span class='ocrx_word' id='word_1_101' title='bbox 1423 1621 1621 1690; x_wconf 85' lang='lat' dir='ltr'><strong>quippe</strong></span> <span class='ocrx_word' id='word_1_102' title='bbox 1645 1619 1784 1674; x_wconf 87' lang='lat' dir='ltr'><strong>male</strong></span> <span class='ocrx_word' id='word_1_103' title='bbox 1809 1626 2090 1686; x_wconf 78' lang='lat' dir='ltr'><strong>aggravata</strong></span> 
     </span>
    </p>
   </div>
   <div class='ocr_carea' id='block_1_16' title="bbox 501 1717 808 1787">
    <p class='ocr_par' dir='ltr' id='par_1_16' title="bbox 501 1717 808 1787">
     <span class='ocr_line' id='line_1_16' title="bbox 501 1717 808 1787; baseline -0.007 -17"><span class='ocrx_word' id='word_1_104' title='bbox 501 1717 808 1787; x_wconf 75' lang='lat' dir='ltr'><strong>congenito.</strong></span> 
     </span>
    </p>
   </div>
   <div class='ocr_carea' id='block_1_17' title="bbox 577 1797 2090 1874">
    <p class='ocr_par' dir='ltr' id='par_1_17' title="bbox 577 1797 2090 1874">
     <span class='ocr_line' id='line_1_17' title="bbox 577 1797 2090 1874; baseline -0.005 -14"><span class='ocrx_word' id='word_1_105' title='bbox 577 1809 713 1862; x_wconf 80' lang='lat' dir='ltr'><strong>Anc.</strong></span> <span class='ocrx_word' id='word_1_106' title='bbox 745 1805 850 1862; x_wconf 86' lang='lat' dir='ltr'><strong>Sed</strong></span> <span class='ocrx_word' id='word_1_107' title='bbox 874 1814 930 1862; x_wconf 89' lang='lat' dir='ltr'><strong>et</strong></span> <span class='ocrx_word' id='word_1_108' title='bbox 969 1819 1116 1860; x_wconf 86' lang='lat' dir='ltr'><strong>mets</strong></span> <span class='ocrx_word' id='word_1_109' title='bbox 1141 1802 1420 1874; x_wconf 80' lang='lat' dir='ltr'><strong>congenita</strong></span> <span class='ocrx_word' id='word_1_110' title='bbox 1467 1811 1586 1866; x_wconf 86' lang='lat' dir='ltr'><strong>est;</strong></span> <span class='ocrx_word' id='word_1_111' title='bbox 1635 1808 1690 1856; x_wconf 91' lang='lat' dir='ltr'><strong>et</strong></span> <span class='ocrx_word' id='word_1_112' title='bbox 1727 1807 1904 1854; x_wconf 88' lang='lat' dir='ltr'><strong>tamen</strong></span> <span class='ocrx_word' id='word_1_113' title='bbox 1934 1797 2002 1852; x_wconf 86' lang='lat' dir='ltr'><strong>ab</strong></span> <span class='ocrx_word' id='word_1_114' title='bbox 2027 1811 2090 1852; x_wconf 84' lang='lat' dir='ltr'><strong>ea</strong></span> 
     </span>
    </p>
   </div>
   <div class='ocr_carea' id='block_1_18' title="bbox 506 1885 2092 1966">
    <p class='ocr_par' dir='ltr' id='par_1_18' title="bbox 506 1885 2092 1966">
     <span class='ocr_line' id='line_1_18' title="bbox 506 1885 2092 1966; baseline -0.005 -16"><span class='ocrx_word' id='word_1_115' title='bbox 506 1896 718 1960; x_wconf 88' lang='lat' dir='ltr'><strong>liberat,</strong></span> <span class='ocrx_word' id='word_1_116' title='bbox 771 1896 862 1966; x_wconf 87' lang='lat' dir='ltr'><strong>qtti</strong></span> <span class='ocrx_word' id='word_1_117' title='bbox 907 1909 1044 1966; x_wconf 86' lang='lat' dir='ltr'><strong>quos</strong></span> <span class='ocrx_word' id='word_1_118' title='bbox 1087 1895 1202 1950; x_wconf 88' lang='lat' dir='ltr'><strong>vult</strong></span> <span class='ocrx_word' id='word_1_119' title='bbox 1244 1894 1477 1949; x_wconf 86' lang='lat' dir='ltr'><strong>vivificat</strong></span> <span class='ocrx_word' id='word_1_120' title='bbox 1519 1892 1706 1963; x_wconf 81' lang='lat' dir='ltr'><strong>(Joan.</strong></span> <span class='ocrx_word' id='word_1_121' title='bbox 1745 1906 1802 1954; x_wconf 87' lang='lat' dir='ltr'><strong>v,</strong></span> <span class='ocrx_word' id='word_1_122' title='bbox 1846 1886 1952 1959; x_wconf 68' lang='grc'><strong>21)</strong></span> <span class='ocrx_word' id='word_1_123' title='bbox 1985 1885 2092 1942; x_wconf 87' lang='lat' dir='ltr'><strong>:ad</strong></span> 
     </span>
    </p>
   </div>
   <div class='ocr_carea' id='block_1_19' title="bbox 505 1978 2094 2057">
    <p class='ocr_par' dir='ltr' id='par_1_19' title="bbox 505 1978 2094 2057">
     <span class='ocr_line' id='line_1_19' title="bbox 505 1978 2094 2057; baseline -0.006 -15"><span class='ocrx_word' id='word_1_124' title='bbox 505 2003 664 2057; x_wconf 87' lang='lat' dir='ltr'><strong>quem</strong></span> <span class='ocrx_word' id='word_1_125' title='bbox 693 1987 892 2044; x_wconf 87' lang='lat' dir='ltr'><strong>debent</strong></span> <span class='ocrx_word' id='word_1_126' title='bbox 920 1984 1231 2056; x_wconf 84' lang='lat' dir='ltr'><strong>confugere,</strong></span> <span class='ocrx_word' id='word_1_127' title='bbox 1261 1985 1350 2054; x_wconf 87' lang='lat' dir='ltr'><strong>qui</strong></span> <span class='ocrx_word' id='word_1_128' title='bbox 1377 1984 1560 2040; x_wconf 87' lang='lat' dir='ltr'><strong>volunt</strong></span> <span class='ocrx_word' id='word_1_129' title='bbox 1582 1997 1612 2036; x_wconf 91' lang='lat' dir='ltr'><strong>a</strong></span> <span class='ocrx_word' id='word_1_130' title='bbox 1641 1981 1786 2036; x_wconf 85' lang='lat' dir='ltr'><strong>malo</strong></span> <span class='ocrx_word' id='word_1_131' title='bbox 1811 1978 2094 2050; x_wconf 82' lang='lat' dir='ltr'><strong>congenito</strong></span> 
     </span>
    </p>
   </div>
   <div class='ocr_carea' id='block_1_20' title="bbox 505 2070 2094 2147">
    <p class='ocr_par' dir='ltr' id='par_1_20' title="bbox 505 2070 2094 2147">
     <span class='ocr_line' id='line_1_20' title="bbox 505 2070 2094 2147; baseline -0.003 -16"><span class='ocrx_word' id='word_1_132' title='bbox 505 2078 750 2142; x_wconf 86' lang='lat' dir='ltr'><strong>liberari;</strong></span> <span class='ocrx_word' id='word_1_133' title='bbox 781 2076 920 2147; x_wconf 89' lang='lat' dir='ltr'><strong>quod</strong></span> <span class='ocrx_word' id='word_1_134' title='bbox 949 2084 1009 2130; x_wconf 92' lang='lat' dir='ltr'><strong>ut</strong></span> <span class='ocrx_word' id='word_1_135' title='bbox 1033 2075 1246 2143; x_wconf 83' lang='lat' dir='ltr'><strong>faciant,</strong></span> <span class='ocrx_word' id='word_1_136' title='bbox 1275 2075 1396 2146; x_wconf 85' lang='lat' dir='ltr'><strong>quis</strong></span> <span class='ocrx_word' id='word_1_137' title='bbox 1419 2074 1684 2138; x_wconf 90' lang='lat' dir='ltr'><strong>attrahat,</strong></span> <span class='ocrx_word' id='word_1_138' title='bbox 1723 2073 1774 2126; x_wconf 92' lang='lat' dir='ltr'><strong>in</strong></span> <span class='ocrx_word' id='word_1_139' title='bbox 1807 2070 2094 2140; x_wconf 78' lang='lat' dir='ltr'><strong>Evangelia</strong></span> 
     </span>
    </p>
   </div>
   <div class='ocr_carea' id='block_1_21' title="bbox 504 2169 996 2240">
    <p class='ocr_par' dir='ltr' id='par_1_21' title="bbox 504 2169 996 2240">
     <span class='ocr_line' id='line_1_21' title="bbox 504 2169 996 2240; baseline 0.004 -18"><span class='ocrx_word' id='word_1_140' title='bbox 504 2170 622 2240; x_wconf 84' lang='lat' dir='ltr'><strong>lege</strong></span> <span class='ocrx_word' id='word_1_141' title='bbox 648 2169 754 2240; x_wconf 96' lang='lat' dir='ltr'><strong>(Id.</strong></span> <span class='ocrx_word' id='word_1_142' title='bbox 782 2187 849 2234; x_wconf 82' lang='lat' dir='ltr'><strong>vr,</strong></span> <span class='ocrx_word' id='word_1_143' title='bbox 879 2169 996 2239; x_wconf 75' lang='lat' dir='ltr'><strong>M).</strong></span> 
     </span>
    </p>
   </div>
   <div class='ocr_carea' id='block_1_22' title="bbox 573 2254 2094 2327">
    <p class='ocr_par' dir='ltr' id='par_1_22' title="bbox 573 2254 2094 2327">
     <span class='ocr_line' id='line_1_22' title="bbox 573 2254 2094 2327; baseline -0.005 -11"><span class='ocrx_word' id='word_1_144' title='bbox 573 2262 710 2316; x_wconf 75' lang='lat' dir='ltr'><strong>CXI.</strong></span> <span class='ocrx_word' id='word_1_145' title='bbox 739 2261 856 2316; x_wconf 68' lang='lat' dir='ltr'><strong>Jun.</strong></span> <span class='ocrx_word' id='word_1_146' title='bbox 885 2259 990 2314; x_wconf 88' lang='lat' dir='ltr'><strong>Sed</strong></span> <span class='ocrx_word' id='word_1_147' title='bbox 1019 2267 1238 2314; x_wconf 88' lang='lat' dir='ltr'><strong>currant</strong></span> <span class='ocrx_word' id='word_1_148' title='bbox 1276 2259 1340 2312; x_wconf 87' lang='lat' dir='ltr'><strong>ad</strong></span> <span class='ocrx_word' id='word_1_149' title='bbox 1377 2273 1500 2312; x_wconf 90' lang='lat' dir='ltr'><strong>eum</strong></span> <span class='ocrx_word' id='word_1_150' title='bbox 1529 2257 1620 2327; x_wconf 89' lang='lat' dir='ltr'><strong>qui</strong></span> <span class='ocrx_word' id='word_1_151' title='bbox 1643 2257 1859 2318; x_wconf 90' lang='lat' dir='ltr'><strong>clamat,</strong></span> <span class='ocrx_word' id='word_1_152' title='bbox 1898 2254 2094 2324; x_wconf 80' lang='lat' dir='ltr'><strong>Iugum</strong></span> 
     </span>
    </p>
   </div>
   <div class='ocr_carea' id='block_1_23' title="bbox 502 2342 2089 2418">
    <p class='ocr_par' dir='ltr' id='par_1_23' title="bbox 502 2342 2089 2418">
     <span class='ocr_line' id='line_1_23' title="bbox 502 2342 2089 2418; baseline -0.006 -10"><span class='ocrx_word' id='word_1_153' title='bbox 502 2369 668 2408; x_wconf 78' lang='lat' dir='ltr'><strong>meum</strong></span> <span class='ocrx_word' id='word_1_154' title='bbox 695 2367 848 2406; x_wconf 82' lang='lat' dir='ltr'><strong>suave</strong></span> <span class='ocrx_word' id='word_1_155' title='bbox 871 2359 965 2416; x_wconf 82' lang='lat' dir='ltr'><strong>est,</strong></span> <span class='ocrx_word' id='word_1_156' title='bbox 995 2360 1044 2404; x_wconf 83' lang='lat' dir='ltr'><strong>et</strong></span> <span class='ocrx_word' id='word_1_157' title='bbox 1071 2366 1196 2403; x_wconf 79' lang='lat' dir='ltr'><strong>onus</strong></span> <span class='ocrx_word' id='word_1_158' title='bbox 1215 2365 1382 2402; x_wconf 76' lang='lat' dir='ltr'><strong>meum</strong></span> <span class='ocrx_word' id='word_1_159' title='bbox 1407 2349 1510 2402; x_wconf 81' lang='lat' dir='ltr'><strong>leue</strong></span> <span class='ocrx_word' id='word_1_160' title='bbox 1533 2357 1602 2402; x_wconf 78' lang='lat' dir='ltr'><strong>est</strong></span> <span class='ocrx_word' id='word_1_161' title='bbox 1627 2346 1836 2418; x_wconf 73' lang='lat' dir='ltr'><strong>(Matth.</strong></span> <span class='ocrx_word' id='word_1_162' title='bbox 1861 2361 1934 2409; x_wconf 74' lang='lat' dir='ltr'><strong>XI,</strong></span> <span class='ocrx_word' id='word_1_163' title='bbox 1960 2342 2050 2414; x_wconf 79' lang='grc'>50)</span> <span class='ocrx_word' id='word_1_164' title='bbox 2075 2361 2089 2398; x_wconf 90' lang='lat'><strong>:</strong></span> 
     </span>
    </p>
   </div>
   <div class='ocr_carea' id='block_1_24' title="bbox 502 2436 2094 2512">
    <p class='ocr_par' dir='ltr' id='par_1_24' title="bbox 502 2436 2094 2512">
     <span class='ocr_line' id='line_1_24' title="bbox 502 2436 2094 2512; baseline -0.003 -18"><span class='ocrx_word' id='word_1_165' title='bbox 502 2443 592 2511; x_wconf 88' lang='lat' dir='ltr'><strong>qui</strong></span> <span class='ocrx_word' id='word_1_166' title='bbox 621 2452 675 2496; x_wconf 90' lang='lat' dir='ltr'><strong>et</strong></span> <span class='ocrx_word' id='word_1_167' title='bbox 698 2441 852 2494; x_wconf 66' lang='lat' dir='ltr'><strong>malae</strong></span> <span class='ocrx_word' id='word_1_168' title='bbox 867 2440 1126 2496; x_wconf 74' lang='lat' dir='ltr'><strong>voluntati</strong></span> <span class='ocrx_word' id='word_1_169' title='bbox 1149 2441 1164 2472; x_wconf 76' lang='grc'>³</span> <span class='ocrx_word' id='word_1_170' title='bbox 1185 2439 1395 2494; x_wconf 85' lang='lat' dir='ltr'><strong>veniam</strong></span> <span class='ocrx_word' id='word_1_171' title='bbox 1409 2454 1508 2512; x_wconf 87' lang='lat' dir='ltr'><strong>pro</strong></span> <span class='ocrx_word' id='word_1_172' title='bbox 1525 2437 1876 2494; x_wconf 60' lang='lat' dir='ltr'><strong>inaestimabili</strong></span> <span class='ocrx_word' id='word_1_173' title='bbox 1904 2436 2094 2492; x_wconf 88' lang='lat' dir='ltr'><strong>libera-</strong></span> 
     </span>
    </p>
   </div>
   <div class='ocr_carea' id='block_1_25' title="bbox 503 2529 2087 2603">
    <p class='ocr_par' dir='ltr' id='par_1_25' title="bbox 503 2529 2087 2603">
     <span class='ocr_line' id='line_1_25' title="bbox 503 2529 2087 2603; baseline -0.003 -15"><span class='ocrx_word' id='word_1_174' title='bbox 503 2535 652 2590; x_wconf 74' lang='lat' dir='ltr'><strong>litate</strong></span> <span class='ocrx_word' id='word_1_175' title='bbox 694 2534 914 2603; x_wconf 78' lang='lat' dir='ltr'><strong>largitur</strong></span> <span class='ocrx_word' id='word_1_176' title='bbox 935 2573 951 2598; x_wconf 91' lang='lat'><strong>,</strong></span> <span class='ocrx_word' id='word_1_177' title='bbox 979 2542 1032 2588; x_wconf 91' lang='lat' dir='ltr'><strong>et</strong></span> <span class='ocrx_word' id='word_1_178' title='bbox 1060 2533 1449 2598; x_wconf 88' lang='lat' dir='ltr'><strong>innocentiam,</strong></span> <span class='ocrx_word' id='word_1_179' title='bbox 1481 2545 1640 2601; x_wconf 88' lang='lat' dir='ltr'><strong>quam</strong></span> <span class='ocrx_word' id='word_1_180' title='bbox 1670 2539 1818 2584; x_wconf 86' lang='lat' dir='ltr'><strong>creat</strong></span> <span class='ocrx_word' id='word_1_181' title='bbox 1859 2529 2049 2584; x_wconf 78' lang='lat' dir='ltr'><strong>bonam</strong></span> <span class='ocrx_word' id='word_1_182' title='bbox 2072 2569 2087 2593; x_wconf 93' lang='lat'><strong>,</strong></span> 
     </span>
    </p>
   </div>
   <div class='ocr_carea' id='block_1_26' title="bbox 504 2620 1723 2692">
    <p class='ocr_par' dir='ltr' id='par_1_26' title="bbox 504 2620 1723 2692">
     <span class='ocr_line' id='line_1_26' title="bbox 504 2620 1723 2692; baseline -0.006 -12"><span class='ocrx_word' id='word_1_183' title='bbox 504 2625 630 2680; x_wconf 84' lang='lat' dir='ltr'><strong>facit</strong></span> <span class='ocrx_word' id='word_1_184' title='bbox 656 2621 956 2678; x_wconf 88' lang='lat' dir='ltr'><strong>innovando</strong></span> <span class='ocrx_word' id='word_1_185' title='bbox 985 2621 1398 2692; x_wconf 88' lang='lat' dir='ltr'><strong>adoptandoque</strong></span> <span class='ocrx_word' id='word_1_186' title='bbox 1426 2620 1723 2676; x_wconf 89' lang='lat' dir='ltr'><strong>meliorem.</strong></span> 
     </span>
    </p>
   </div>
   <div class='ocr_carea' id='block_1_27' title="bbox 575 2711 2090 2782">
    <p class='ocr_par' dir='ltr' id='par_1_27' title="bbox 575 2711 2090 2782">
     <span class='ocr_line' id='line_1_27' title="bbox 575 2711 2090 2782; baseline -0.003 -14"><span class='ocrx_word' id='word_1_187' title='bbox 575 2716 712 2770; x_wconf 78' lang='lat' dir='ltr'><strong>Atto.</strong></span> <span class='ocrx_word' id='word_1_188' title='bbox 729 2714 832 2782; x_wconf 88' lang='lat' dir='ltr'><strong>Ipsi</strong></span> <span class='ocrx_word' id='word_1_189' title='bbox 853 2721 980 2768; x_wconf 87' lang='lat' dir='ltr'><strong>sunt</strong></span> <span class='ocrx_word' id='word_1_190' title='bbox 999 2711 1260 2774; x_wconf 88' lang='lat' dir='ltr'><strong>homines,</strong></span> <span class='ocrx_word' id='word_1_191' title='bbox 1285 2713 1476 2782; x_wconf 86' lang='lat' dir='ltr'><strong>quibus</strong></span> <span class='ocrx_word' id='word_1_192' title='bbox 1507 2711 1710 2766; x_wconf 86' lang='lat' dir='ltr'><strong>invides</strong></span> <span class='ocrx_word' id='word_1_193' title='bbox 1731 2711 2090 2776; x_wconf 87' lang='lat' dir='ltr'><strong>liberatorem,</strong></span> 
     </span>
    </p>
   </div>
   <div class='ocr_carea' id='block_1_28' title="bbox 503 2801 2094 2878">
    <p class='ocr_par' dir='ltr' id='par_1_28' title="bbox 503 2801 2094 2878">
     <span class='ocr_line' id='line_1_28' title="bbox 503 2801 2094 2878; baseline 0 -20"><span class='ocrx_word' id='word_1_194' title='bbox 503 2821 638 2878; x_wconf 83' lang='lat' dir='ltr'><strong>quos</strong></span> <span class='ocrx_word' id='word_1_195' title='bbox 665 2805 864 2860; x_wconf 89' lang='lat' dir='ltr'><strong>habere</strong></span> <span class='ocrx_word' id='word_1_196' title='bbox 893 2805 1115 2868; x_wconf 90' lang='lat' dir='ltr'><strong>malum,</strong></span> <span class='ocrx_word' id='word_1_197' title='bbox 1149 2819 1178 2858; x_wconf 87' lang='lat' dir='ltr'><strong>a</strong></span> <span class='ocrx_word' id='word_1_198' title='bbox 1221 2817 1328 2876; x_wconf 92' lang='lat' dir='ltr'><strong>quo</strong></span> <span class='ocrx_word' id='word_1_199' title='bbox 1369 2801 1682 2872; x_wconf 87' lang='lat' dir='ltr'><strong>libe&#39;rentur,</strong></span> <span class='ocrx_word' id='word_1_200' title='bbox 1728 2817 1908 2872; x_wconf 80' lang='lat' dir='ltr'><strong>negas.</strong></span> <span class='ocrx_word' id='word_1_201' title='bbox 1952 2802 2094 2868; x_wconf 89' lang='lat' dir='ltr'><strong>Quo-</strong></span> 
     </span>
    </p>
   </div>
   <div class='ocr_carea' id='block_1_29' title="bbox 504 2893 2092 2966">
    <p class='ocr_par' dir='ltr' id='par_1_29' title="bbox 504 2893 2092 2966">
     <span class='ocr_line' id='line_1_29' title="bbox 504 2893 2092 2966; baseline 0 -16"><span class='ocrx_word' id='word_1_202' title='bbox 504 2895 663 2954; x_wconf 88' lang='lat' dir='ltr'><strong>modo</strong></span> <span class='ocrx_word' id='word_1_203' title='bbox 705 2910 836 2966; x_wconf 70' lang='lat' dir='ltr'><strong>ergo</strong></span> <span class='ocrx_word' id='word_1_204' title='bbox 876 2905 1185 2952; x_wconf 82' lang='lat' dir='ltr'><strong>constanter</strong></span> <span class='ocrx_word' id='word_1_205' title='bbox 1227 2894 1558 2964; x_wconf 81' lang='lat' dir='ltr'><strong>fideliterque</strong></span> <span class='ocrx_word' id='word_1_206' title='bbox 1598 2894 1920 2966; x_wconf 86' lang='lat' dir='ltr'><strong>respondes,</strong></span> <span class='ocrx_word' id='word_1_207' title='bbox 1950 2893 2092 2964; x_wconf 84' lang='lat' dir='ltr'><strong>quod</strong></span> 
     </span>
    </p>
   </div>
   <div class='ocr_carea' id='block_1_30' title="bbox 503 2985 2091 3044">
    <p class='ocr_par' dir='ltr' id='par_1_30' title="bbox 503 2985 2091 3044">
     <span class='ocr_line' id='line_1_30' title="bbox 503 2985 2091 3044; baseline -0.001 0"><span class='ocrx_word' id='word_1_208' title='bbox 503 3003 612 3044; x_wconf 90' lang='lat' dir='ltr'><strong>non</strong></span> <span class='ocrx_word' id='word_1_209' title='bbox 640 2987 919 3042; x_wconf 81' lang='lat' dir='ltr'><strong>invideatis</strong></span> <span class='ocrx_word' id='word_1_210' title='bbox 947 2987 1283 3044; x_wconf 86' lang='lat' dir='ltr'><strong>liberatorem</strong></span> <span class='ocrx_word' id='word_1_211' title='bbox 1328 2987 1634 3042; x_wconf 89' lang='lat' dir='ltr'><strong>hominibus</strong></span> <span class='ocrx_word' id='word_1_212' title='bbox 1675 2987 1955 3040; x_wconf 86' lang='lat' dir='ltr'><strong>Dominum</strong></span> <span class='ocrx_word' id='word_1_213' title='bbox 1996 2985 2091 3042; x_wconf 81' lang='lat' dir='ltr'><strong>Je-</strong></span> 
     </span>
    </p>
   </div>
   <div class='ocr_carea' id='block_1_31' title="bbox 501 3074 2092 3146">
    <p class='ocr_par' dir='ltr' id='par_1_31' title="bbox 501 3074 2092 3146">
     <span class='ocr_line' id='line_1_31' title="bbox 501 3074 2092 3146; baseline -0.002 -13"><span class='ocrx_word' id='word_1_214' title='bbox 501 3093 622 3134; x_wconf 87' lang='lat' dir='ltr'><strong>sum</strong></span> <span class='ocrx_word' id='word_1_215' title='bbox 655 3077 956 3142; x_wconf 86' lang='lat' dir='ltr'><strong>Christum;</strong></span> <span class='ocrx_word' id='word_1_216' title='bbox 981 3091 1104 3132; x_wconf 89' lang='lat' dir='ltr'><strong>eum</strong></span> <span class='ocrx_word' id='word_1_217' title='bbox 1133 3077 1306 3146; x_wconf 88' lang='lat' dir='ltr'><strong>potius</strong></span> <span class='ocrx_word' id='word_1_218' title='bbox 1331 3075 1671 3146; x_wconf 85' lang='lat' dir='ltr'><strong>pertinaciter</strong></span> <span class='ocrx_word' id='word_1_219' title='bbox 1711 3086 1765 3132; x_wconf 91' lang='lat' dir='ltr'><strong>et</strong></span> <span class='ocrx_word' id='word_1_220' title='bbox 1805 3074 2092 3132; x_wconf 83' lang='lat' dir='ltr'><strong>infideliter</strong></span> 
     </span>
    </p>
   </div>
   <div class='ocr_carea' id='block_1_32' title="bbox 501 3165 2094 3240">
    <p class='ocr_par' dir='ltr' id='par_1_32' title="bbox 501 3165 2094 3240">
     <span class='ocr_line' id='line_1_32' title="bbox 501 3165 2094 3240; baseline -0.002 -18"><span class='ocrx_word' id='word_1_221' title='bbox 501 3182 660 3240; x_wconf 85' lang='lat' dir='ltr'><strong>agas,</strong></span> <span class='ocrx_word' id='word_1_222' title='bbox 694 3183 764 3226; x_wconf 88' lang='lat' dir='ltr'><strong>ne</strong></span> <span class='ocrx_word' id='word_1_223' title='bbox 795 3167 862 3222; x_wconf 89' lang='lat' dir='ltr'><strong>ab</strong></span> <span class='ocrx_word' id='word_1_224' title='bbox 899 3167 988 3222; x_wconf 91' lang='lat' dir='ltr'><strong>illo</strong></span> <span class='ocrx_word' id='word_1_225' title='bbox 1011 3167 1140 3222; x_wconf 89' lang='lat' dir='ltr'><strong>salvi</strong></span> <span class='ocrx_word' id='word_1_226' title='bbox 1187 3167 1298 3222; x_wconf 86' lang='lat' dir='ltr'><strong>fieri</strong></span> <span class='ocrx_word' id='word_1_227' title='bbox 1343 3165 1631 3222; x_wconf 85' lang='lat' dir='ltr'><strong>credantur</strong></span> <span class='ocrx_word' id='word_1_228' title='bbox 1675 3166 1914 3234; x_wconf 87' lang='lat' dir='ltr'><strong>parvuli,</strong></span> <span class='ocrx_word' id='word_1_229' title='bbox 1955 3166 2094 3220; x_wconf 90' lang='lat' dir='ltr'><strong>sicut</strong></span> 
     </span>
    </p>
   </div>
   <div class='ocr_carea' id='block_1_33' title="bbox 499 3257 2091 3330">
    <p class='ocr_par' dir='ltr' id='par_1_33' title="bbox 499 3257 2091 3330">
     <span class='ocr_line' id='line_1_33' title="bbox 499 3257 2091 3330; baseline -0.004 -16"><span class='ocrx_word' id='word_1_230' title='bbox 499 3261 706 3314; x_wconf 89' lang='lat' dir='ltr'><strong>salvum</strong></span> <span class='ocrx_word' id='word_1_231' title='bbox 745 3257 874 3316; x_wconf 84' lang='lat' dir='ltr'><strong>facit</strong></span> <span class='ocrx_word' id='word_1_232' title='bbox 909 3258 1162 3330; x_wconf 85' lang='lat' dir='ltr'><strong>populum</strong></span> <span class='ocrx_word' id='word_1_233' title='bbox 1203 3273 1356 3312; x_wconf 90' lang='lat' dir='ltr'><strong>suum</strong></span> <span class='ocrx_word' id='word_1_234' title='bbox 1396 3272 1424 3312; x_wconf 88' lang='lat' dir='ltr'><strong>a</strong></span> <span class='ocrx_word' id='word_1_235' title='bbox 1459 3257 1690 3326; x_wconf 90' lang='lat' dir='ltr'><strong>peccatis</strong></span> <span class='ocrx_word' id='word_1_236' title='bbox 1717 3271 1934 3318; x_wconf 88' lang='lat' dir='ltr'><strong>eorum;</strong></span> <span class='ocrx_word' id='word_1_237' title='bbox 1963 3271 2091 3326; x_wconf 88' lang='lat' dir='ltr'><strong>pro-</strong></span> 
     </span>
    </p>
   </div>
   <div class='ocr_carea' id='block_1_34' title="bbox 503 3347 2094 3422">
    <p class='ocr_par' dir='ltr' id='par_1_34' title="bbox 503 3347 2094 3422">
     <span class='ocr_line' id='line_1_34' title="bbox 503 3347 2094 3422; baseline -0.003 -16"><span class='ocrx_word' id='word_1_238' title='bbox 503 3360 620 3420; x_wconf 90' lang='lat' dir='ltr'><strong>pter</strong></span> <span class='ocrx_word' id='word_1_239' title='bbox 644 3350 784 3422; x_wconf 91' lang='lat' dir='ltr'><strong>quod</strong></span> <span class='ocrx_word' id='word_1_240' title='bbox 811 3365 954 3417; x_wconf 90' lang='lat' dir='ltr'><strong>eum,</strong></span> <span class='ocrx_word' id='word_1_241' title='bbox 985 3349 1277 3420; x_wconf 76' lang='lat' dir='ltr'><strong>Evangelia</strong></span> <span class='ocrx_word' id='word_1_242' title='bbox 1303 3349 1568 3422; x_wconf 86' lang='lat' dir='ltr'><strong>loquente,</strong></span> <span class='ocrx_word' id='word_1_243' title='bbox 1603 3347 1889 3402; x_wconf 85' lang='lat' dir='ltr'><strong>didicimus</strong></span> <span class='ocrx_word' id='word_1_244' title='bbox 1913 3348 2094 3418; x_wconf 85' lang='lat' dir='ltr'><strong>appel-</strong></span> 
     </span>
    </p>
   </div>
   <div class='ocr_carea' id='block_1_35' title="bbox 501 3437 2091 3510">
    <p class='ocr_par' dir='ltr' id='par_1_35' title="bbox 501 3437 2091 3510">
     <span class='ocr_line' id='line_1_35' title="bbox 501 3437 2091 3510; baseline -0.003 -14"><span class='ocrx_word' id='word_1_245' title='bbox 501 3443 666 3497; x_wconf 90' lang='lat' dir='ltr'><strong>latum</strong></span> <span class='ocrx_word' id='word_1_246' title='bbox 701 3455 824 3500; x_wconf 82' lang='lat' dir='ltr'><strong>esse</strong></span> <span class='ocrx_word' id='word_1_247' title='bbox 847 3440 1026 3498; x_wconf 74' lang='lat' dir='ltr'><strong>Iesum</strong></span> <span class='ocrx_word' id='word_1_248' title='bbox 1059 3437 1168 3510; x_wconf 87' lang='lat' dir='ltr'><strong>(Id.</strong></span> <span class='ocrx_word' id='word_1_249' title='bbox 1193 3455 1229 3506; x_wconf 86' lang='grc' dir='ltr'><strong>ι,</strong></span> <span class='ocrx_word' id='word_1_250' title='bbox 1262 3438 1397 3510; x_wconf 72' lang='lat'><strong>2|)?</strong></span> <span class='ocrx_word' id='word_1_251' title='bbox 1427 3437 1540 3496; x_wconf 89' lang='lat' dir='ltr'><strong>Non</strong></span> <span class='ocrx_word' id='word_1_252' title='bbox 1579 3439 1735 3508; x_wconf 79' lang='lat' dir='ltr'><strong>igitur</strong></span> <span class='ocrx_word' id='word_1_253' title='bbox 1775 3438 1966 3494; x_wconf 88' lang='lat' dir='ltr'><strong>docere</strong></span> <span class='ocrx_word' id='word_1_254' title='bbox 1995 3455 2091 3508; x_wconf 84' lang='lat' dir='ltr'><strong>po-</strong></span> 
     </span>
    </p>
   </div>
   <div class='ocr_carea' id='block_1_36' title="bbox 503 3529 2099 3588">
    <p class='ocr_par' dir='ltr' id='par_1_36' title="bbox 503 3529 2099 3588">
     <span class='ocr_line' id='line_1_36' title="bbox 503 3529 2099 3588; baseline -0.003 -1"><span class='ocrx_word' id='word_1_255' title='bbox 503 3532 675 3588; x_wconf 91' lang='lat' dir='ltr'><strong>teritis</strong></span> <span class='ocrx_word' id='word_1_256' title='bbox 700 3531 1036 3588; x_wconf 89' lang='lat' dir='ltr'><strong>liberatorem</strong></span> <span class='ocrx_word' id='word_1_257' title='bbox 1065 3529 1330 3584; x_wconf 74' lang='lat' dir='ltr'><strong>Christum</strong></span> <span class='ocrx_word' id='word_1_258' title='bbox 1363 3545 1458 3582; x_wconf 87' lang='lat' dir='ltr'><strong>vos</strong></span> <span class='ocrx_word' id='word_1_259' title='bbox 1487 3529 1789 3582; x_wconf 89' lang='lat' dir='ltr'><strong>hominibus</strong></span> <span class='ocrx_word' id='word_1_260' title='bbox 1826 3544 1931 3584; x_wconf 89' lang='lat' dir='ltr'><strong>non</strong></span> <span class='ocrx_word' id='word_1_261' title='bbox 1959 3529 2099 3583; x_wconf 87' lang='lat' dir='ltr'><strong>invi-</strong></span> 
     </span>
    </p>
   </div>
   <div class='ocr_carea' id='block_1_37' title="bbox 501 3619 2092 3694">
    <p class='ocr_par' dir='ltr' id='par_1_37' title="bbox 501 3619 2092 3694">
     <span class='ocr_line' id='line_1_37' title="bbox 501 3619 2092 3694; baseline -0.003 -16"><span class='ocrx_word' id='word_1_262' title='bbox 501 3623 664 3690; x_wconf 89' lang='lat' dir='ltr'><strong>dere,</strong></span> <span class='ocrx_word' id='word_1_263' title='bbox 696 3624 816 3694; x_wconf 88' lang='lat' dir='ltr'><strong>quia</strong></span> <span class='ocrx_word' id='word_1_264' title='bbox 859 3623 1106 3693; x_wconf 89' lang='lat' dir='ltr'><strong>parvulos</strong></span> <span class='ocrx_word' id='word_1_265' title='bbox 1153 3638 1258 3676; x_wconf 89' lang='lat' dir='ltr'><strong>non</strong></span> <span class='ocrx_word' id='word_1_266' title='bbox 1299 3637 1418 3676; x_wconf 91' lang='lat' dir='ltr'><strong>esse</strong></span> <span class='ocrx_word' id='word_1_267' title='bbox 1461 3620 1710 3676; x_wconf 88' lang='lat' dir='ltr'><strong>homines</strong></span> <span class='ocrx_word' id='word_1_268' title='bbox 1749 3619 1894 3676; x_wconf 82' lang='lat' dir='ltr'><strong>nullo</strong></span> <span class='ocrx_word' id='word_1_269' title='bbox 1934 3620 2092 3673; x_wconf 90' lang='lat' dir='ltr'><strong>modo</strong></span> 
     </span>
    </p>
   </div>
   <div class='ocr_carea' id='block_1_38' title="bbox 503 3714 1056 3786">
    <p class='ocr_par' dir='ltr' id='par_1_38' title="bbox 503 3714 1056 3786">
     <span class='ocr_line' id='line_1_38' title="bbox 503 3714 1056 3786; baseline -0.005 -16"><span class='ocrx_word' id='word_1_270' title='bbox 503 3716 726 3786; x_wconf 90' lang='lat' dir='ltr'><strong>potestis</strong></span> <span class='ocrx_word' id='word_1_271' title='bbox 753 3714 1056 3772; x_wconf 89' lang='lat' dir='ltr'><strong>ostendere.</strong></span> 
     </span>
    </p>
   </div>
   <div class='ocr_carea' id='block_1_39' title="bbox 576 3803 2092 3876">
    <p class='ocr_par' dir='ltr' id='par_1_39' title="bbox 576 3803 2092 3876">
     <span class='ocr_line' id='line_1_39' title="bbox 576 3803 2092 3876; baseline -0.001 -16"><span class='ocrx_word' id='word_1_272' title='bbox 576 3804 734 3864; x_wconf 78' lang='lat' dir='ltr'><strong>CXII.</strong></span> <span class='ocrx_word' id='word_1_273' title='bbox 762 3805 881 3862; x_wconf 69' lang='lat' dir='ltr'><strong>Jun.</strong></span> <span class='ocrx_word' id='word_1_274' title='bbox 917 3805 1161 3860; x_wconf 90' lang='lat' dir='ltr'><strong>Demiror</strong></span> <span class='ocrx_word' id='word_1_275' title='bbox 1205 3805 1384 3875; x_wconf 90' lang='lat' dir='ltr'><strong>itaque</strong></span> <span class='ocrx_word' id='word_1_276' title='bbox 1412 3820 1599 3860; x_wconf 87' lang='lat' dir='ltr'><strong>ausum</strong></span> <span class='ocrx_word' id='word_1_277' title='bbox 1629 3814 1682 3860; x_wconf 91' lang='lat' dir='ltr'><strong>te</strong></span> <span class='ocrx_word' id='word_1_278' title='bbox 1709 3803 1866 3859; x_wconf 83' lang='lat' dir='ltr'><strong>fuisse</strong></span> <span class='ocrx_word' id='word_1_279' title='bbox 1891 3819 2092 3876; x_wconf 87' lang='lat' dir='ltr'><strong>ponere</strong></span> 
     </span>
    </p>
   </div>
   <div class='ocr_carea' id='block_1_40' title="bbox 504 3894 2090 3966">
    <p class='ocr_par' dir='ltr' id='par_1_40' title="bbox 504 3894 2090 3966">
     <span class='ocr_line' id='line_1_40' title="bbox 504 3894 2090 3966; baseline -0.002 -14"><span class='ocrx_word' id='word_1_280' title='bbox 504 3897 888 3959; x_wconf 82' lang='lat' dir='ltr'><strong>testimonium,</strong></span> <span class='ocrx_word' id='word_1_281' title='bbox 911 3910 1017 3966; x_wconf 89' lang='lat' dir='ltr'><strong>quo</strong></span> <span class='ocrx_word' id='word_1_282' title='bbox 1035 3895 1250 3960; x_wconf 89' lang='lat' dir='ltr'><strong>dicitur,</strong></span> <span class='ocrx_word' id='word_1_283' title='bbox 1273 3894 1319 3948; x_wconf 80' lang='grc' dir='ltr'><strong>Α</strong></span> <span class='ocrx_word' id='word_1_284' title='bbox 1341 3913 1440 3964; x_wconf 85' lang='lat' dir='ltr'><strong>quo</strong></span> <span class='ocrx_word' id='word_1_285' title='bbox 1458 3897 1588 3950; x_wconf 85' lang='lat' dir='ltr'><strong>enim</strong></span> <span class='ocrx_word' id='word_1_286' title='bbox 1615 3897 1725 3966; x_wconf 82' lang='lat' dir='ltr'><strong>quis</strong></span> <span class='ocrx_word' id='word_1_287' title='bbox 1755 3895 1973 3950; x_wconf 83' lang='lat' dir='ltr'><strong>devictus</strong></span> <span class='ocrx_word' id='word_1_288' title='bbox 1999 3906 2090 3960; x_wconf 77' lang='lat' dir='ltr'><strong>est,</strong></span> 
     </span>
    </p>
   </div>
   <div class='ocr_carea' id='block_1_41' title="bbox 507 3983 2093 4056">
    <p class='ocr_par' dir='ltr' id='par_1_41' title="bbox 507 3983 2093 4056">
     <span class='ocr_line' id='line_1_41' title="bbox 507 3983 2093 4056; baseline 0 -16"><span class='ocrx_word' id='word_1_289' title='bbox 507 3986 624 4040; x_wconf 83' lang='lat' dir='ltr'><strong>huic</strong></span> <span class='ocrx_word' id='word_1_290' title='bbox 643 3995 690 4038; x_wconf 84' lang='lat' dir='ltr'><strong>et</strong></span> <span class='ocrx_word' id='word_1_291' title='bbox 717 4001 886 4040; x_wconf 82' lang='lat' dir='ltr'><strong>servus</strong></span> <span class='ocrx_word' id='word_1_292' title='bbox 919 3984 1154 4039; x_wconf 79' lang='lat' dir='ltr'><strong>addictus</strong></span> <span class='ocrx_word' id='word_1_293' title='bbox 1179 3994 1248 4038; x_wconf 86' lang='lat' dir='ltr'><strong>est</strong></span> <span class='ocrx_word' id='word_1_294' title='bbox 1278 3983 1344 4045; x_wconf 89' lang='lat' dir='ltr'><strong>(II</strong></span> <span class='ocrx_word' id='word_1_295' title='bbox 1365 3984 1504 4038; x_wconf 86' lang='lat' dir='ltr'><strong>Petr.</strong></span> <span class='ocrx_word' id='word_1_296' title='bbox 1529 4001 1586 4050; x_wconf 90' lang='lat' dir='ltr'><strong>tt,</strong></span> <span class='ocrx_word' id='word_1_297' title='bbox 1615 3985 1722 4056; x_wconf 85' lang='grc'><strong>19).</strong></span> <span class='ocrx_word' id='word_1_298' title='bbox 1748 3987 1897 4052; x_wconf 85' lang='lat' dir='ltr'><strong>Quod</strong></span> <span class='ocrx_word' id='word_1_299' title='bbox 1925 3985 2093 4040; x_wconf 87' lang='lat' dir='ltr'><strong>mani-</strong></span> 
     </span>
    </p>
   </div>
   <div class='ocr_carea' id='block_1_42' title="bbox 508 4073 2094 4146">
    <p class='ocr_par' dir='ltr' id='par_1_42' title="bbox 508 4073 2094 4146">
     <span class='ocr_line' id='line_1_42' title="bbox 508 4073 2094 4146; baseline 0.001 -16"><span class='ocrx_word' id='word_1_300' title='bbox 508 4073 795 4132; x_wconf 70' lang='lat' dir='ltr'><strong>festissime</strong></span> <span class='ocrx_word' id='word_1_301' title='bbox 841 4089 941 4144; x_wconf 92' lang='lat' dir='ltr'><strong>pro</strong></span> <span class='ocrx_word' id='word_1_302' title='bbox 981 4073 1140 4128; x_wconf 88' lang='lat' dir='ltr'><strong>nobis</strong></span> <span class='ocrx_word' id='word_1_303' title='bbox 1180 4074 1337 4137; x_wconf 90' lang='lat' dir='ltr'><strong>facit,</strong></span> <span class='ocrx_word' id='word_1_304' title='bbox 1385 4075 1744 4129; x_wconf 85' lang='lat' dir='ltr'><strong>asscrentibus</strong></span> <span class='ocrx_word' id='word_1_305' title='bbox 1786 4092 1892 4130; x_wconf 91' lang='lat' dir='ltr'><strong>non</strong></span> <span class='ocrx_word' id='word_1_306' title='bbox 1939 4092 2094 4146; x_wconf 80' lang='lat' dir='ltr'><strong>posse</strong></span> 
     </span>
    </p>
   </div>
   <div class='ocr_carea' id='block_1_43' title="bbox 505 4165 2093 4242">
    <p class='ocr_par' dir='ltr' id='par_1_43' title="bbox 505 4165 2093 4242">
     <span class='ocr_line' id='line_1_43' title="bbox 505 4165 2093 4242; baseline 0.002 -21"><span class='ocrx_word' id='word_1_307' title='bbox 505 4181 828 4238; x_wconf 87' lang='lat' dir='ltr'><strong>quemquam</strong></span> <span class='ocrx_word' id='word_1_308' title='bbox 853 4165 1143 4221; x_wconf 82' lang='lat' dir='ltr'><strong>obnoxium</strong></span> <span class='ocrx_word' id='word_1_309' title='bbox 1165 4181 1285 4220; x_wconf 88' lang='lat' dir='ltr'><strong>esse</strong></span> <span class='ocrx_word' id='word_1_310' title='bbox 1305 4165 1539 4232; x_wconf 87' lang='lat' dir='ltr'><strong>diabolo,</strong></span> <span class='ocrx_word' id='word_1_311' title='bbox 1563 4167 1662 4222; x_wconf 89' lang='lat' dir='ltr'><strong>nisi</strong></span> <span class='ocrx_word' id='word_1_312' title='bbox 1685 4167 1773 4238; x_wconf 90' lang='lat' dir='ltr'><strong>qui</strong></span> <span class='ocrx_word' id='word_1_313' title='bbox 1793 4168 1949 4224; x_wconf 88' lang='lat' dir='ltr'><strong>fuerit</strong></span> <span class='ocrx_word' id='word_1_314' title='bbox 1972 4177 2093 4242; x_wconf 88' lang='lat' dir='ltr'><strong>post</strong></span> 
     </span>
    </p>
   </div>
   <div class='ocr_carea' id='block_1_44' title="bbox 505 4257 2090 4330">
    <p class='ocr_par' dir='ltr' id='par_1_44' title="bbox 505 4257 2090 4330">
     <span class='ocr_line' id='line_1_44' title="bbox 505 4257 2090 4330; baseline -0.001 -15"><span class='ocrx_word' id='word_1_315' title='bbox 505 4269 777 4318; x_wconf 88' lang='lat' dir='ltr'><strong>certamen</strong></span> <span class='ocrx_word' id='word_1_316' title='bbox 809 4258 1097 4316; x_wconf 86' lang='lat' dir='ltr'><strong>voluntatis</strong></span> <span class='ocrx_word' id='word_1_317' title='bbox 1127 4258 1378 4328; x_wconf 72' lang='lat' dir='ltr'><strong>degeneri</strong></span> <span class='ocrx_word' id='word_1_318' title='bbox 1415 4257 1688 4314; x_wconf 88' lang='lat' dir='ltr'><strong>deditione</strong></span> <span class='ocrx_word' id='word_1_319' title='bbox 1717 4272 2017 4330; x_wconf 87' lang='lat' dir='ltr'><strong>superatus.</strong></span> <span class='ocrx_word' id='word_1_320' title='bbox 2047 4264 2090 4316; x_wconf 83' lang='grc' dir='ltr'><strong>Α</strong></span> 
     </span>
    </p>
   </div>
   <div class='ocr_carea' id='block_1_45' title="bbox 507 4352 2091 4426">
    <p class='ocr_par' dir='ltr' id='par_1_45' title="bbox 507 4352 2091 4426">
     <span class='ocr_line' id='line_1_45' title="bbox 507 4352 2091 4426; baseline 0 -18"><span class='ocrx_word' id='word_1_321' title='bbox 507 4364 558 4408; x_wconf 90' lang='lat' dir='ltr'><strong>te</strong></span> <span class='ocrx_word' id='word_1_322' title='bbox 582 4362 756 4410; x_wconf 88' lang='lat' dir='ltr'><strong>autem</strong></span> <span class='ocrx_word' id='word_1_323' title='bbox 786 4352 1028 4422; x_wconf 88' lang='lat' dir='ltr'><strong>usurpari</strong></span> <span class='ocrx_word' id='word_1_324' title='bbox 1065 4368 1170 4408; x_wconf 92' lang='lat' dir='ltr'><strong>non</strong></span> <span class='ocrx_word' id='word_1_325' title='bbox 1199 4352 1420 4422; x_wconf 88' lang='lat' dir='ltr'><strong>debuit,</strong></span> <span class='ocrx_word' id='word_1_326' title='bbox 1449 4353 1533 4410; x_wconf 90' lang='lat' dir='ltr'><strong>cui</strong></span> <span class='ocrx_word' id='word_1_327' title='bbox 1563 4354 1908 4410; x_wconf 88' lang='lat' dir='ltr'><strong>vehementer</strong></span> <span class='ocrx_word' id='word_1_328' title='bbox 1929 4371 2091 4426; x_wconf 88' lang='lat' dir='ltr'><strong>repu-</strong></span> 
     </span>
    </p>
   </div>
   <div class='ocr_carea' id='block_1_46' title="bbox 507 4443 2092 4516">
    <p class='ocr_par' dir='ltr' id='par_1_46' title="bbox 507 4443 2092 4516">
     <span class='ocr_line' id='line_1_46' title="bbox 507 4443 2092 4516; baseline 0.001 -18"><span class='ocrx_word' id='word_1_329' title='bbox 507 4453 655 4513; x_wconf 87' lang='lat' dir='ltr'><strong>gnat,</strong></span> <span class='ocrx_word' id='word_1_330' title='bbox 683 4443 1029 4516; x_wconf 87' lang='lat' dir='ltr'><strong>persuadenti</strong></span> <span class='ocrx_word' id='word_1_331' title='bbox 1057 4443 1106 4498; x_wconf 93' lang='lat' dir='ltr'><strong>in</strong></span> <span class='ocrx_word' id='word_1_332' title='bbox 1135 4459 1303 4514; x_wconf 83' lang='lat' dir='ltr'><strong>regno</strong></span> <span class='ocrx_word' id='word_1_333' title='bbox 1321 4444 1516 4500; x_wconf 85' lang='lat' dir='ltr'><strong>diaboli</strong></span> <span class='ocrx_word' id='word_1_334' title='bbox 1535 4459 1653 4502; x_wconf 89' lang='lat' dir='ltr'><strong>esse</strong></span> <span class='ocrx_word' id='word_1_335' title='bbox 1680 4456 1976 4512; x_wconf 84' lang='lat' dir='ltr'><strong>nascentes,</strong></span> <span class='ocrx_word' id='word_1_336' title='bbox 2002 4447 2092 4516; x_wconf 86' lang='lat' dir='ltr'><strong>qui</strong></span> 
     </span>
    </p>
   </div>
   <div class='ocr_carea' id='block_1_47' title="bbox 507 4536 2092 4610">
    <p class='ocr_par' dir='ltr' id='par_1_47' title="bbox 507 4536 2092 4610">
     <span class='ocr_line' id='line_1_47' title="bbox 507 4536 2092 4610; baseline 0.004 -21"><span class='ocrx_word' id='word_1_337' title='bbox 507 4537 622 4590; x_wconf 83' lang='lat' dir='ltr'><strong>sine</strong></span> <span class='ocrx_word' id='word_1_338' title='bbox 649 4536 920 4592; x_wconf 87' lang='lat' dir='ltr'><strong>voluntate</strong></span> <span class='ocrx_word' id='word_1_339' title='bbox 953 4537 1168 4606; x_wconf 88' lang='lat' dir='ltr'><strong>propria</strong></span> <span class='ocrx_word' id='word_1_340' title='bbox 1207 4551 1314 4596; x_wconf 82' lang='lat' dir='ltr'><strong>nec</strong></span> <span class='ocrx_word' id='word_1_341' title='bbox 1333 4538 1472 4594; x_wconf 88' lang='lat' dir='ltr'><strong>vinci</strong></span> <span class='ocrx_word' id='word_1_342' title='bbox 1504 4541 1702 4610; x_wconf 89' lang='lat' dir='ltr'><strong>utique,</strong></span> <span class='ocrx_word' id='word_1_343' title='bbox 1736 4554 1836 4594; x_wconf 88' lang='lat' dir='ltr'><strong>nec</strong></span> <span class='ocrx_word' id='word_1_344' title='bbox 1869 4555 2092 4608; x_wconf 84' lang='lat' dir='ltr'><strong>peccare</strong></span> 
     </span>
    </p>
   </div>
   <div class='ocr_carea' id='block_1_48' title="bbox 509 4635 818 4698">
    <p class='ocr_par' dir='ltr' id='par_1_48' title="bbox 509 4635 818 4698">
     <span class='ocr_line' id='line_1_48' title="bbox 509 4635 818 4698; baseline 0.013 -20"><span class='ocrx_word' id='word_1_345' title='bbox 509 4635 818 4698; x_wconf 82' lang='lat' dir='ltr'><strong>potuerunt.</strong></span> 
     </span>
    </p>
   </div>
   <div class='ocr_carea' id='block_1_49' title="bbox 577 4719 2090 4790">
    <p class='ocr_par' dir='ltr' id='par_1_49' title="bbox 577 4719 2090 4790">
     <span class='ocr_line' id='line_1_49' title="bbox 577 4719 2090 4790; baseline 0.004 -16"><span class='ocrx_word' id='word_1_346' title='bbox 577 4721 714 4776; x_wconf 80' lang='lat' dir='ltr'><strong>Aea.</strong></span> <span class='ocrx_word' id='word_1_347' title='bbox 742 4719 886 4789; x_wconf 87' lang='lat' dir='ltr'><strong>Quos</strong></span> <span class='ocrx_word' id='word_1_348' title='bbox 909 4720 1042 4776; x_wconf 87' lang='lat' dir='ltr'><strong>dicis</strong></span> <span class='ocrx_word' id='word_1_349' title='bbox 1079 4729 1362 4778; x_wconf 78' lang='lat' dir='ltr'><strong>nascentes</strong></span> <span class='ocrx_word' id='word_1_350' title='bbox 1393 4737 1491 4778; x_wconf 89' lang='lat' dir='ltr'><strong>nec</strong></span> <span class='ocrx_word' id='word_1_351' title='bbox 1527 4723 1666 4778; x_wconf 85' lang='lat' dir='ltr'><strong>vinci</strong></span> <span class='ocrx_word' id='word_1_352' title='bbox 1690 4765 1706 4790; x_wconf 91' lang='lat'><strong>,</strong></span> <span class='ocrx_word' id='word_1_353' title='bbox 1749 4738 1848 4778; x_wconf 90' lang='lat' dir='ltr'><strong>nec</strong></span> <span class='ocrx_word' id='word_1_354' title='bbox 1883 4734 2090 4780; x_wconf 87' lang='lat' dir='ltr'><strong>certare</strong></span> 
     </span>
    </p>
   </div>
   <div class='ocr_carea' id='block_1_50' title="bbox 509 4811 2093 4888">
    <p class='ocr_par' dir='ltr' id='par_1_50' title="bbox 509 4811 2093 4888">
     <span class='ocr_line' id='line_1_50' title="bbox 509 4811 2093 4888; baseline 0.003 -20"><span class='ocrx_word' id='word_1_355' title='bbox 509 4813 763 4882; x_wconf 87' lang='lat' dir='ltr'><strong>potuisse,</strong></span> <span class='ocrx_word' id='word_1_356' title='bbox 795 4812 863 4868; x_wconf 90' lang='lat' dir='ltr'><strong>ab</strong></span> <span class='ocrx_word' id='word_1_357' title='bbox 891 4813 980 4868; x_wconf 86' lang='lat' dir='ltr'><strong>illo</strong></span> <span class='ocrx_word' id='word_1_358' title='bbox 1007 4811 1268 4884; x_wconf 74' lang='lat' dir='ltr'><strong>originem</strong></span> <span class='ocrx_word' id='word_1_359' title='bbox 1297 4813 1518 4877; x_wconf 90' lang='lat' dir='ltr'><strong>ducunt,</strong></span> <span class='ocrx_word' id='word_1_360' title='bbox 1547 4814 1602 4868; x_wconf 88' lang='lat' dir='ltr'><strong>in</strong></span> <span class='ocrx_word' id='word_1_361' title='bbox 1629 4829 1734 4888; x_wconf 91' lang='lat' dir='ltr'><strong>quo</strong></span> <span class='ocrx_word' id='word_1_362' title='bbox 1760 4831 1947 4870; x_wconf 87' lang='lat' dir='ltr'><strong>omnes</strong></span> <span class='ocrx_word' id='word_1_363' title='bbox 1969 4831 2093 4885; x_wconf 83' lang='lat' dir='ltr'><strong>pec-</strong></span> 
     </span>
    </p>
   </div>
   <div class='ocr_carea' id='block_1_51' title="bbox 507 4903 2092 4976">
    <p class='ocr_par' dir='ltr' id='par_1_51' title="bbox 507 4903 2092 4976">
     <span class='ocr_line' id='line_1_51' title="bbox 507 4903 2092 4976; baseline 0.004 -20"><span class='ocrx_word' id='word_1_364' title='bbox 507 4911 764 4958; x_wconf 87' lang='lat' dir='ltr'><strong>caverunt</strong></span> <span class='ocrx_word' id='word_1_365' title='bbox 789 4921 803 4957; x_wconf 90' lang='lat'><strong>:</strong></span> <span class='ocrx_word' id='word_1_366' title='bbox 829 4903 920 4974; x_wconf 89' lang='lat' dir='ltr'><strong>qui</strong></span> <span class='ocrx_word' id='word_1_367' title='bbox 943 4903 1138 4966; x_wconf 91' lang='lat' dir='ltr'><strong>homo,</strong></span> <span class='ocrx_word' id='word_1_368' title='bbox 1167 4903 1308 4974; x_wconf 91' lang='lat' dir='ltr'><strong>quod</strong></span> <span class='ocrx_word' id='word_1_369' title='bbox 1337 4911 1419 4960; x_wconf 87' lang='lat' dir='ltr'><strong>est</strong></span> <span class='ocrx_word' id='word_1_370' title='bbox 1443 4905 1593 4976; x_wconf 90' lang='lat' dir='ltr'><strong>pejus</strong></span> <span class='ocrx_word' id='word_1_371' title='bbox 1615 4947 1631 4974; x_wconf 91' lang='lat'><strong>,</strong></span> <span class='ocrx_word' id='word_1_372' title='bbox 1663 4906 1778 4962; x_wconf 91' lang='lat' dir='ltr'><strong>sine</strong></span> <span class='ocrx_word' id='word_1_373' title='bbox 1803 4907 2092 4962; x_wconf 79' lang='lat' dir='ltr'><strong>certamine</strong></span> 
     </span>
    </p>
   </div>
   <div class='ocr_carea' id='block_1_52' title="bbox 511 4993 2088 5059">
    <p class='ocr_par' dir='ltr' id='par_1_52' title="bbox 511 4993 2088 5059">
     <span class='ocr_line' id='line_1_52' title="bbox 511 4993 2088 5059; baseline 0.006 -15"><span class='ocrx_word' id='word_1_374' title='bbox 511 4996 682 5049; x_wconf 86' lang='lat' dir='ltr'><strong>victus</strong></span> <span class='ocrx_word' id='word_1_375' title='bbox 711 5003 813 5048; x_wconf 91' lang='lat' dir='ltr'><strong>est.</strong></span> <span class='ocrx_word' id='word_1_376' title='bbox 843 4993 966 5048; x_wconf 83' lang='lat' dir='ltr'><strong>Fuit</strong></span> <span class='ocrx_word' id='word_1_377' title='bbox 985 4995 1128 5048; x_wconf 90' lang='lat' dir='ltr'><strong>enim</strong></span> <span class='ocrx_word' id='word_1_378' title='bbox 1157 4995 1346 5059; x_wconf 84' lang='lat' dir='ltr'><strong>Adam,</strong></span> <span class='ocrx_word' id='word_1_379' title='bbox 1373 5005 1428 5050; x_wconf 89' lang='lat' dir='ltr'><strong>et</strong></span> <span class='ocrx_word' id='word_1_380' title='bbox 1455 4997 1508 5052; x_wconf 91' lang='lat' dir='ltr'><strong>in</strong></span> <span class='ocrx_word' id='word_1_381' title='bbox 1533 4998 1621 5052; x_wconf 90' lang='lat' dir='ltr'><strong>illo</strong></span> <span class='ocrx_word' id='word_1_382' title='bbox 1645 4999 1836 5052; x_wconf 83' lang='lat' dir='ltr'><strong>fuimus</strong></span> <span class='ocrx_word' id='word_1_383' title='bbox 1861 5013 2049 5058; x_wconf 88' lang='lat' dir='ltr'><strong>omnes</strong></span> <span class='ocrx_word' id='word_1_384' title='bbox 2073 5018 2088 5054; x_wconf 89' lang='lat'><strong>:</strong></span> 
     </span>
    </p>
   </div>
   <div class='ocr_carea' id='block_1_53' title="bbox 511 5083 2087 5160">
    <p class='ocr_par' dir='ltr' id='par_1_53' title="bbox 511 5083 2087 5160">
     <span class='ocr_line' id='line_1_53' title="bbox 511 5083 2087 5160; baseline 0.001 -20"><span class='ocrx_word' id='word_1_385' title='bbox 511 5084 668 5152; x_wconf 89' lang='lat' dir='ltr'><strong>periit</strong></span> <span class='ocrx_word' id='word_1_386' title='bbox 697 5083 888 5150; x_wconf 84' lang='lat' dir='ltr'><strong>Adam,</strong></span> <span class='ocrx_word' id='word_1_387' title='bbox 917 5093 972 5140; x_wconf 92' lang='lat' dir='ltr'><strong>et</strong></span> <span class='ocrx_word' id='word_1_388' title='bbox 1008 5083 1060 5140; x_wconf 90' lang='lat' dir='ltr'><strong>in</strong></span> <span class='ocrx_word' id='word_1_389' title='bbox 1092 5085 1181 5140; x_wconf 87' lang='lat' dir='ltr'><strong>illo</strong></span> <span class='ocrx_word' id='word_1_390' title='bbox 1205 5101 1393 5142; x_wconf 89' lang='lat' dir='ltr'><strong>omnes</strong></span> <span class='ocrx_word' id='word_1_391' title='bbox 1423 5088 1696 5156; x_wconf 87' lang='lat' dir='ltr'><strong>perierunt</strong></span> <span class='ocrx_word' id='word_1_392' title='bbox 1713 5088 1970 5160; x_wconf 81' lang='lat' dir='ltr'><strong>(Ambros.</strong></span> <span class='ocrx_word' id='word_1_393' title='bbox 1999 5091 2087 5144; x_wconf 86' lang='lat' dir='ltr'><strong>lib.</strong></span> 
     </span>
    </p>
   </div>
   <div class='ocr_carea' id='block_1_54' title="bbox 507 5175 2089 5250">
    <p class='ocr_par' dir='ltr' id='par_1_54' title="bbox 507 5175 2089 5250">
     <span class='ocr_line' id='line_1_54' title="bbox 507 5175 2089 5250; baseline 0.003 -18"><span class='ocrx_word' id='word_1_394' title='bbox 507 5178 538 5232; x_wconf 85' lang='lat'><strong>7</strong></span> <span class='ocrx_word' id='word_1_395' title='bbox 569 5179 619 5232; x_wconf 86' lang='lat' dir='ltr'><strong>in</strong></span> <span class='ocrx_word' id='word_1_396' title='bbox 651 5175 778 5230; x_wconf 84' lang='lat' dir='ltr'><strong>Luc.</strong></span> <span class='ocrx_word' id='word_1_397' title='bbox 819 5192 936 5248; x_wconf 82' lang='lat' dir='ltr'><strong>cap.</strong></span> <span class='ocrx_word' id='word_1_398' title='bbox 968 5177 1054 5242; x_wconf 81' lang='lat' dir='ltr'><strong>l5,</strong></span> <span class='ocrx_word' id='word_1_399' title='bbox 1085 5194 1138 5231; x_wconf 81' lang='grc' dir='ltr'><strong>η.</strong></span> <span class='ocrx_word' id='word_1_400' title='bbox 1183 5178 1341 5250; x_wconf 68' lang='grc'><strong>251).</strong></span> <span class='ocrx_word' id='word_1_401' title='bbox 1379 5179 1548 5234; x_wconf 88' lang='lat' dir='ltr'><strong>Sinite</strong></span> <span class='ocrx_word' id='word_1_402' title='bbox 1581 5194 1710 5248; x_wconf 80' lang='lat' dir='ltr'><strong>ergo</strong></span> <span class='ocrx_word' id='word_1_403' title='bbox 1737 5181 1984 5250; x_wconf 87' lang='lat' dir='ltr'><strong>parvulos</strong></span> <span class='ocrx_word' id='word_1_404' title='bbox 2011 5181 2089 5236; x_wconf 85' lang='lat' dir='ltr'><strong>in-</strong></span> 
     </span>
    </p>
   </div>
   <div class='ocr_carea' id='block_1_55' title="bbox 512 5268 2084 5340">
    <p class='ocr_par' dir='ltr' id='par_1_55' title="bbox 512 5268 2084 5340">
     <span class='ocr_line' id='line_1_55' title="bbox 512 5268 2084 5340; baseline 0.004 -20"><span class='ocrx_word' id='word_1_405' title='bbox 512 5268 679 5322; x_wconf 89' lang='lat' dir='ltr'><strong>veniri</strong></span> <span class='ocrx_word' id='word_1_406' title='bbox 705 5268 774 5322; x_wconf 87' lang='lat' dir='ltr'><strong>ab</strong></span> <span class='ocrx_word' id='word_1_407' title='bbox 799 5283 884 5330; x_wconf 89' lang='lat' dir='ltr'><strong>eo,</strong></span> <span class='ocrx_word' id='word_1_408' title='bbox 917 5269 1006 5340; x_wconf 92' lang='lat' dir='ltr'><strong>qui</strong></span> <span class='ocrx_word' id='word_1_409' title='bbox 1049 5269 1193 5324; x_wconf 87' lang='lat' dir='ltr'><strong>venit</strong></span> <span class='ocrx_word' id='word_1_410' title='bbox 1234 5283 1476 5340; x_wconf 57' lang='lat' dir='ltr'><strong>quaerere</strong></span> <span class='ocrx_word' id='word_1_411' title='bbox 1504 5269 1644 5340; x_wconf 87' lang='lat' dir='ltr'><strong>quod</strong></span> <span class='ocrx_word' id='word_1_412' title='bbox 1677 5270 1903 5340; x_wconf 86' lang='lat' dir='ltr'><strong>perierat</strong></span> <span class='ocrx_word' id='word_1_413' title='bbox 1928 5269 2084 5338; x_wconf 85' lang='lat' dir='ltr'><strong>(Luc.</strong></span> 
     </span>
    </p>
   </div>
   <div class='ocr_carea' id='block_1_56' title="bbox 507 5359 2090 5434">
    <p class='ocr_par' dir='ltr' id='par_1_56' title="bbox 507 5359 2090 5434">
     <span class='ocr_line' id='line_1_56' title="bbox 507 5359 2090 5434; baseline 0.003 -20"><span class='ocrx_word' id='word_1_414' title='bbox 507 5375 624 5426; x_wconf 73' lang='lat' dir='ltr'><strong>nx,</strong></span> <span class='ocrx_word' id='word_1_415' title='bbox 671 5359 755 5428; x_wconf 83' lang='grc'><strong>10)</strong></span> <span class='ocrx_word' id='word_1_416' title='bbox 793 5377 806 5412; x_wconf 88' lang='lat'><strong>:</strong></span> <span class='ocrx_word' id='word_1_417' title='bbox 837 5360 1070 5434; x_wconf 86' lang='lat' dir='ltr'><strong>alioquin</strong></span> <span class='ocrx_word' id='word_1_418' title='bbox 1113 5361 1456 5416; x_wconf 86' lang='lat' dir='ltr'><strong>liberatorem</strong></span> <span class='ocrx_word' id='word_1_419' title='bbox 1491 5361 1696 5425; x_wconf 77' lang='lat' dir='ltr'><strong>Iesum,</strong></span> <span class='ocrx_word' id='word_1_420' title='bbox 1745 5363 1997 5431; x_wconf 84' lang='lat' dir='ltr'><strong>quoniam</strong></span> <span class='ocrx_word' id='word_1_421' title='bbox 2035 5372 2090 5418; x_wconf 90' lang='lat' dir='ltr'><strong>et</strong></span> 
     </span>
    </p>
   </div>
   <div class='ocr_carea' id='block_1_57' title="bbox 509 5451 2090 5528">
    <p class='ocr_par' dir='ltr' id='par_1_57' title="bbox 509 5451 2090 5528">
     <span class='ocr_line' id='line_1_57' title="bbox 509 5451 2090 5528; baseline 0.004 -23"><span class='ocrx_word' id='word_1_422' title='bbox 509 5452 606 5522; x_wconf 88' lang='lat' dir='ltr'><strong>ipsi</strong></span> <span class='ocrx_word' id='word_1_423' title='bbox 633 5452 875 5510; x_wconf 85' lang='lat' dir='ltr'><strong>homines</strong></span> <span class='ocrx_word' id='word_1_424' title='bbox 895 5462 1042 5518; x_wconf 83' lang='lat' dir='ltr'><strong>sunt,</strong></span> <span class='ocrx_word' id='word_1_425' title='bbox 1065 5467 1286 5524; x_wconf 88' lang='lat' dir='ltr'><strong>prorsus</strong></span> <span class='ocrx_word' id='word_1_426' title='bbox 1305 5451 1608 5508; x_wconf 88' lang='lat' dir='ltr'><strong>hominibus</strong></span> <span class='ocrx_word' id='word_1_427' title='bbox 1627 5453 1892 5520; x_wconf 87' lang='lat' dir='ltr'><strong>invidetis,</strong></span> <span class='ocrx_word' id='word_1_428' title='bbox 1923 5471 2090 5528; x_wconf 85' lang='lat' dir='ltr'><strong>quan-</strong></span> 
     </span>
    </p>
   </div>
   <div class='ocr_carea' id='block_1_58' title="bbox 573 5622 2086 5684">
    <p class='ocr_par' dir='ltr' id='par_1_58' title="bbox 573 5622 2086 5684">
     <span class='ocr_line' id='line_1_58' title="bbox 573 5622 2086 5684; baseline 0.002 -9"><span class='ocrx_word' id='word_1_429' title='bbox 573 5627 588 5656; x_wconf 85' lang='grc'>¹</span> <span class='ocrx_word' id='word_1_430' title='bbox 617 5627 688 5675; x_wconf 84' lang='lat' dir='ltr'><strong>Sic</strong></span> <span class='ocrx_word' id='word_1_431' title='bbox 725 5633 831 5676; x_wconf 80' lang='lat' dir='ltr'><strong>Mss.</strong></span> <span class='ocrx_word' id='word_1_432' title='bbox 859 5633 913 5674; x_wconf 80' lang='lat' dir='ltr'><strong>At</strong></span> <span class='ocrx_word' id='word_1_433' title='bbox 936 5625 1052 5673; x_wconf 80' lang='lat' dir='ltr'><strong>editi</strong></span> <span class='ocrx_word' id='word_1_434' title='bbox 1071 5660 1085 5678; x_wconf 91' lang='lat'><strong>.</strong></span> <span class='ocrx_word' id='word_1_435' title='bbox 1121 5623 1265 5672; x_wconf 65' lang='lat' dir='ltr'><strong>nullm</strong></span> <span class='ocrx_word' id='word_1_436' title='bbox 1287 5622 1552 5672; x_wconf 75' lang='lat' dir='ltr'><strong>voluntatis.</strong></span> <span class='ocrx_word' id='word_1_437' title='bbox 1579 5629 1746 5677; x_wconf 76' lang='lat' dir='ltr'><strong>Marius</strong></span> <span class='ocrx_word' id='word_1_438' title='bbox 1768 5635 2012 5684; x_wconf 74' lang='lat' dir='ltr'><strong>Mercator.</strong></span> <span class='ocrx_word' id='word_1_439' title='bbox 2039 5631 2086 5678; x_wconf 86' lang='lat' dir='ltr'><strong>in</strong></span> 
     </span>
    </p>
   </div>
   <div class='ocr_carea' id='block_1_59' title="bbox 508 5687 2088 5754">
    <p class='ocr_par' dir='ltr' id='par_1_59' title="bbox 508 5687 2088 5754">
     <span class='ocr_line' id='line_1_59' title="bbox 508 5687 2088 5754; baseline 0.004 -20"><span class='ocrx_word' id='word_1_440' title='bbox 508 5689 871 5754; x_wconf 82' lang='lat' dir='ltr'><strong>Commonitorio</strong></span> <span class='ocrx_word' id='word_1_441' title='bbox 893 5687 1281 5754; x_wconf 70' lang='lat' dir='ltr'><strong>sttbnotationutn</strong></span> <span class='ocrx_word' id='word_1_442' title='bbox 1307 5687 1353 5731; x_wconf 88' lang='lat' dir='ltr'><strong>in</strong></span> <span class='ocrx_word' id='word_1_443' title='bbox 1369 5687 1550 5752; x_wconf 34' lang='lat' dir='ltr'><strong>.Scripta</strong></span> <span class='ocrx_word' id='word_1_444' title='bbox 1570 5687 1753 5754; x_wconf 69' lang='lat' dir='ltr'><strong>Iuliani,</strong></span> <span class='ocrx_word' id='word_1_445' title='bbox 1779 5690 1976 5754; x_wconf 79' lang='lat' dir='ltr'><strong>legebat</strong></span> <span class='ocrx_word' id='word_1_446' title='bbox 1997 5693 2088 5741; x_wconf 82' lang='lat' dir='ltr'><strong>hoc</strong></span> 
     </span>
    </p>
   </div>
   <div class='ocr_carea' id='block_1_60' title="bbox 505 5744 1748 5811">
    <p class='ocr_par' dir='ltr' id='par_1_60' title="bbox 505 5744 1748 5811">
     <span class='ocr_line' id='line_1_60' title="bbox 505 5744 1748 5811; baseline -0.006 -12"><span class='ocrx_word' id='word_1_447' title='bbox 505 5754 610 5811; x_wconf 79' lang='lat' dir='ltr'><strong>ipso</strong></span> <span class='ocrx_word' id='word_1_448' title='bbox 633 5749 754 5806; x_wconf 82' lang='lat' dir='ltr'><strong>loco,</strong></span> <span class='ocrx_word' id='word_1_449' title='bbox 775 5747 858 5808; x_wconf 77' lang='lat' dir='ltr'><strong>qui</strong></span> <span class='ocrx_word' id='word_1_450' title='bbox 877 5753 926 5796; x_wconf 85' lang='lat' dir='ltr'><strong>ct</strong></span> <span class='ocrx_word' id='word_1_451' title='bbox 945 5744 1070 5794; x_wconf 79' lang='lat' dir='ltr'><strong>male</strong></span> <span class='ocrx_word' id='word_1_452' title='bbox 1091 5745 1248 5806; x_wconf 73' lang='lat' dir='ltr'><strong>agenti</strong></span> <span class='ocrx_word' id='word_1_453' title='bbox 1273 5744 1484 5794; x_wconf 73' lang='lat' dir='ltr'><strong>ceruum.</strong></span> <span class='ocrx_word' id='word_1_454' title='bbox 1743 5747 1748 5754; x_wconf 82' lang='lat'><strong><em>&#39;</em></strong></span> 
     </span>
    </p>
   </div>
   <div class='ocr_carea' id='block_1_61' title="bbox 1153 307 3060 374">
    <p class='ocr_par' dir='ltr' id='par_1_61' title="bbox 1153 307 3060 374">
     <span class='ocr_line' id='line_1_61' title="bbox 1153 307 3060 374; baseline -0.003 0"><span class='ocrx_word' id='word_1_455' title='bbox 1153 317 1396 374; x_wconf 77' lang='lat' dir='ltr'><strong>OPERIS</strong></span> <span class='ocrx_word' id='word_1_456' title='bbox 1435 311 1843 370; x_wconf 67' lang='lat' dir='ltr'><strong>IIII‘ERFECTI</strong></span> <span class='ocrx_word' id='word_1_457' title='bbox 1881 308 2152 366; x_wconf 75' lang='lat' dir='ltr'><strong>CONTRA</strong></span> <span class='ocrx_word' id='word_1_458' title='bbox 2195 307 2548 371; x_wconf 65' lang='lat' dir='ltr'><strong>IULIA‘NUM,</strong></span> <span class='ocrx_word' id='word_1_459' title='bbox 2593 311 2648 366; x_wconf 90' lang='lat' dir='ltr'><strong>S.</strong></span> <span class='ocrx_word' id='word_1_460' title='bbox 2691 309 3060 368; x_wconf 80' lang='lat' dir='ltr'><strong>AUCUSTINI</strong></span> 
     </span>
    </p>
   </div>
   <div class='ocr_carea' id='block_1_62' title="bbox 3633 329 3766 384">
    <p class='ocr_par' dir='ltr' id='par_1_62' title="bbox 3633 329 3766 384">
     <span class='ocr_line' id='line_1_62' title="bbox 3633 329 3766 384; baseline 0.03 -4"><span class='ocrx_word' id='word_1_461' title='bbox 3633 329 3766 384; x_wconf 61' lang='lat' dir='ltr'><strong>Ilii</strong></span> 
     </span>
    </p>
   </div>
   <div class='ocr_carea' id='block_1_63' title="bbox 2205 424 3766 507">
    <p class='ocr_par' dir='ltr' id='par_1_63' title="bbox 2205 424 3766 507">
     <span class='ocr_line' id='line_1_63' title="bbox 2205 424 3766 507; baseline 0.015 -35"><span class='ocrx_word' id='word_1_462' title='bbox 2205 428 2486 491; x_wconf 80' lang='lat' dir='ltr'><strong>lacumque</strong></span> <span class='ocrx_word' id='word_1_463' title='bbox 2515 424 2832 494; x_wconf 83' lang='lat' dir='ltr'><strong>loquacitate</strong></span> <span class='ocrx_word' id='word_1_464' title='bbox 2859 428 3234 488; x_wconf 83' lang='lat' dir='ltr'><strong>crudelitatem</strong></span> <span class='ocrx_word' id='word_1_465' title='bbox 3255 444 3420 492; x_wconf 76' lang='lat' dir='ltr'><strong>vestri</strong></span> <span class='ocrx_word' id='word_1_466' title='bbox 3441 441 3594 507; x_wconf 78' lang='lat' dir='ltr'><strong>hujus</strong></span> <span class='ocrx_word' id='word_1_467' title='bbox 3617 457 3766 498; x_wconf 77' lang='lat' dir='ltr'><strong>erm-</strong></span> 
     </span>
    </p>
   </div>
   <div class='ocr_carea' id='block_1_64' title="bbox 2203 513 3086 584">
    <p class='ocr_par' dir='ltr' id='par_1_64' title="bbox 2203 513 3086 584">
     <span class='ocr_line' id='line_1_64' title="bbox 2203 513 3086 584; baseline 0.014 -18"><span class='ocrx_word' id='word_1_468' title='bbox 2203 513 2278 568; x_wconf 88' lang='lat' dir='ltr'><strong>ris</strong></span> <span class='ocrx_word' id='word_1_469' title='bbox 2305 513 2654 584; x_wconf 82' lang='lat' dir='ltr'><strong>ohtegendam</strong></span> <span class='ocrx_word' id='word_1_470' title='bbox 2685 533 2804 574; x_wconf 86' lang='lat' dir='ltr'><strong>esse</strong></span> <span class='ocrx_word' id='word_1_471' title='bbox 2831 520 3086 578; x_wconf 84' lang='lat' dir='ltr'><strong>credatis.</strong></span> 
     </span>
    </p>
   </div>
   <div class='ocr_carea' id='block_1_65' title="bbox 2272 605 3769 686">
    <p class='ocr_par' dir='ltr' id='par_1_65' title="bbox 2272 605 3769 686">
     <span class='ocr_line' id='line_1_65' title="bbox 2272 605 3769 686; baseline 0.016 -25"><span class='ocrx_word' id='word_1_472' title='bbox 2272 605 2451 662; x_wconf 81' lang='lat' dir='ltr'><strong>CXIII.</strong></span> <span class='ocrx_word' id='word_1_473' title='bbox 2479 609 2596 664; x_wconf 69' lang='lat' dir='ltr'><strong>Jun.</strong></span> <span class='ocrx_word' id='word_1_474' title='bbox 2625 610 2776 678; x_wconf 83' lang='lat' dir='ltr'><strong>Quod</strong></span> <span class='ocrx_word' id='word_1_475' title='bbox 2810 614 3022 682; x_wconf 88' lang='lat' dir='ltr'><strong>quidem</strong></span> <span class='ocrx_word' id='word_1_476' title='bbox 3065 615 3254 674; x_wconf 87' lang='lat' dir='ltr'><strong>videns</strong></span> <span class='ocrx_word' id='word_1_477' title='bbox 3291 628 3476 676; x_wconf 88' lang='lat' dir='ltr'><strong>contra</strong></span> <span class='ocrx_word' id='word_1_478' title='bbox 3517 633 3570 681; x_wconf 87' lang='lat' dir='ltr'><strong>te</strong></span> <span class='ocrx_word' id='word_1_479' title='bbox 3599 629 3769 686; x_wconf 82' lang='lat' dir='ltr'><strong>valere</strong></span> 
     </span>
    </p>
   </div>
   <div class='ocr_carea' id='block_1_66' title="bbox 2203 697 3769 784">
    <p class='ocr_par' dir='ltr' id='par_1_66' title="bbox 2203 697 3769 784">
     <span class='ocr_line' id='line_1_66' title="bbox 2203 697 3769 784; baseline 0.016 -33"><span class='ocrx_word' id='word_1_480' title='bbox 2203 697 2508 767; x_wconf 85' lang='lat' dir='ltr'><strong>plurimum,</strong></span> <span class='ocrx_word' id='word_1_481' title='bbox 2554 702 2703 769; x_wconf 86' lang='lat' dir='ltr'><strong>quasi</strong></span> <span class='ocrx_word' id='word_1_482' title='bbox 2751 705 2865 772; x_wconf 87' lang='lat' dir='ltr'><strong>ipso</strong></span> <span class='ocrx_word' id='word_1_483' title='bbox 2911 707 3218 763; x_wconf 85' lang='lat' dir='ltr'><strong>testimonio</strong></span> <span class='ocrx_word' id='word_1_484' title='bbox 3261 710 3630 784; x_wconf 79' lang='lat' dir='ltr'><strong>interrogatus,</strong></span> <span class='ocrx_word' id='word_1_485' title='bbox 3673 720 3769 776; x_wconf 84' lang='lat' dir='ltr'><strong>Per</strong></span> 
     </span>
    </p>
   </div>
   <div class='ocr_carea' id='block_1_67' title="bbox 2202 787 3761 875">
    <p class='ocr_par' dir='ltr' id='par_1_67' title="bbox 2202 787 3761 875">
     <span class='ocr_line' id='line_1_67' title="bbox 2202 787 3761 875; baseline 0.015 -32"><span class='ocrx_word' id='word_1_486' title='bbox 2202 787 2326 858; x_wconf 88' lang='lat' dir='ltr'><strong>quid</strong></span> <span class='ocrx_word' id='word_1_487' title='bbox 2343 804 2476 858; x_wconf 79' lang='lat' dir='ltr'><strong>ergo</strong></span> <span class='ocrx_word' id='word_1_488' title='bbox 2501 793 2702 858; x_wconf 80' lang='lat' dir='ltr'><strong>parvuli</strong></span> <span class='ocrx_word' id='word_1_489' title='bbox 2725 794 2776 848; x_wconf 91' lang='lat' dir='ltr'><strong>in</strong></span> <span class='ocrx_word' id='word_1_490' title='bbox 2803 809 2972 865; x_wconf 80' lang='lat' dir='ltr'><strong>regno</strong></span> <span class='ocrx_word' id='word_1_491' title='bbox 2995 807 3122 854; x_wconf 85' lang='lat' dir='ltr'><strong>sunt</strong></span> <span class='ocrx_word' id='word_1_492' title='bbox 3139 799 3456 858; x_wconf 68' lang='lat' dir='ltr'><strong>adversariae</strong></span> <span class='ocrx_word' id='word_1_493' title='bbox 3475 812 3761 875; x_wconf 86' lang='lat' dir='ltr'><strong>potesttis.</strong></span> 
     </span>
    </p>
   </div>
   <div class='ocr_carea' id='block_1_68' title="bbox 2201 878 3762 966">
    <p class='ocr_par' dir='ltr' id='par_1_68' title="bbox 2201 878 3762 966">
     <span class='ocr_line' id='line_1_68' title="bbox 2201 878 3762 966; baseline 0.013 -32"><span class='ocrx_word' id='word_1_494' title='bbox 2201 878 2248 934; x_wconf 90' lang='lat' dir='ltr'><strong>si</strong></span> <span class='ocrx_word' id='word_1_495' title='bbox 2277 880 2564 950; x_wconf 69' lang='lat' dir='ltr'><strong>Scriptura:</strong></span> <span class='ocrx_word' id='word_1_496' title='bbox 2601 884 2836 940; x_wconf 80' lang='lat' dir='ltr'><strong>creditur</strong></span> <span class='ocrx_word' id='word_1_497' title='bbox 2855 927 2872 948; x_wconf 90' lang='lat'><strong>,</strong></span> <span class='ocrx_word' id='word_1_498' title='bbox 2904 903 3352 962; x_wconf 86' lang='lat' dir='ltr'><strong>unumquemque,</strong></span> <span class='ocrx_word' id='word_1_499' title='bbox 3379 909 3500 950; x_wconf 90' lang='lat' dir='ltr'><strong>cum</strong></span> <span class='ocrx_word' id='word_1_500' title='bbox 3525 898 3762 966; x_wconf 78' lang='lat' dir='ltr'><strong>vincitur,</strong></span> 
     </span>
    </p>
   </div>
   <div class='ocr_carea' id='block_1_69' title="bbox 2203 977 3767 1046">
    <p class='ocr_par' dir='ltr' id='par_1_69' title="bbox 2203 977 3767 1046">
     <span class='ocr_line' id='line_1_69' title="bbox 2203 977 3767 1046; baseline 0.013 -21"><span class='ocrx_word' id='word_1_501' title='bbox 2203 978 2328 1026; x_wconf 89' lang='lat' dir='ltr'><strong>tunc</strong></span> <span class='ocrx_word' id='word_1_502' title='bbox 2355 985 2568 1030; x_wconf 86' lang='lat' dir='ltr'><strong>servum</strong></span> <span class='ocrx_word' id='word_1_503' title='bbox 2595 988 2720 1030; x_wconf 86' lang='lat' dir='ltr'><strong>esse</strong></span> <span class='ocrx_word' id='word_1_504' title='bbox 2758 977 2976 1032; x_wconf 87' lang='lat' dir='ltr'><strong>victoris</strong></span> <span class='ocrx_word' id='word_1_505' title='bbox 2995 1019 3008 1041; x_wconf 92' lang='lat'><strong>,</strong></span> <span class='ocrx_word' id='word_1_506' title='bbox 3037 989 3094 1034; x_wconf 88' lang='lat' dir='ltr'><strong>et</strong></span> <span class='ocrx_word' id='word_1_507' title='bbox 3115 993 3324 1038; x_wconf 78' lang='lat' dir='ltr'><strong>cotistat</strong></span> <span class='ocrx_word' id='word_1_508' title='bbox 3351 984 3622 1043; x_wconf 85' lang='lat' dir='ltr'><strong>infantiam</strong></span> <span class='ocrx_word' id='word_1_509' title='bbox 3657 991 3767 1046; x_wconf 87' lang='lat' dir='ltr'><strong>sine</strong></span> 
     </span>
    </p>
   </div>
   <div class='ocr_carea' id='block_1_70' title="bbox 2201 1064 3768 1146">
    <p class='ocr_par' dir='ltr' id='par_1_70' title="bbox 2201 1064 3768 1146">
     <span class='ocr_line' id='line_1_70' title="bbox 2201 1064 3768 1146; baseline 0.013 -30"><span class='ocrx_word' id='word_1_510' title='bbox 2201 1077 2298 1118; x_wconf 91' lang='lat' dir='ltr'><strong>usu</strong></span> <span class='ocrx_word' id='word_1_511' title='bbox 2323 1064 2542 1118; x_wconf 88' lang='lat' dir='ltr'><strong>rationis</strong></span> <span class='ocrx_word' id='word_1_512' title='bbox 2567 1073 2624 1120; x_wconf 90' lang='lat' dir='ltr'><strong>et</strong></span> <span class='ocrx_word' id='word_1_513' title='bbox 2647 1067 2930 1122; x_wconf 86' lang='lat' dir='ltr'><strong>voluntatis</strong></span> <span class='ocrx_word' id='word_1_514' title='bbox 2959 1085 3060 1126; x_wconf 86' lang='lat' dir='ltr'><strong>nec</strong></span> <span class='ocrx_word' id='word_1_515' title='bbox 3085 1073 3374 1144; x_wconf 75' lang='lat' dir='ltr'><strong>conﬂigere</strong></span> <span class='ocrx_word' id='word_1_516' title='bbox 3399 1079 3650 1146; x_wconf 85' lang='lat' dir='ltr'><strong>potuisse,</strong></span> <span class='ocrx_word' id='word_1_517' title='bbox 3673 1097 3768 1136; x_wconf 88' lang='lat' dir='ltr'><strong>nec</strong></span> 
     </span>
    </p>
   </div>
   <div class='ocr_carea' id='block_1_71' title="bbox 2203 1153 3764 1236">
    <p class='ocr_par' dir='ltr' id='par_1_71' title="bbox 2203 1153 3764 1236">
     <span class='ocr_line' id='line_1_71' title="bbox 2203 1153 3764 1236; baseline 0.014 -32"><span class='ocrx_word' id='word_1_518' title='bbox 2203 1153 2436 1210; x_wconf 80' lang='lat' dir='ltr'><strong>cedere?</strong></span> <span class='ocrx_word' id='word_1_519' title='bbox 2461 1155 2612 1210; x_wconf 86' lang='lat' dir='ltr'><strong>addis</strong></span> <span class='ocrx_word' id='word_1_520' title='bbox 2645 1156 2746 1227; x_wconf 85' lang='lat' dir='ltr'><strong>(De</strong></span> <span class='ocrx_word' id='word_1_521' title='bbox 2773 1157 2982 1228; x_wconf 76' lang='lat' dir='ltr'><strong>Nuptiis</strong></span> <span class='ocrx_word' id='word_1_522' title='bbox 3019 1173 3068 1218; x_wconf 84' lang='lat' dir='ltr'><strong>et</strong></span> <span class='ocrx_word' id='word_1_523' title='bbox 3103 1163 3514 1236; x_wconf 75' lang='lat' dir='ltr'><strong>Concupisceatia</strong></span> <span class='ocrx_word' id='word_1_524' title='bbox 3535 1211 3550 1232; x_wconf 95' lang='lat'><strong>,</strong></span> <span class='ocrx_word' id='word_1_525' title='bbox 3597 1172 3683 1224; x_wconf 82' lang='lat' dir='ltr'><strong>lib.</strong></span> <span class='ocrx_word' id='word_1_526' title='bbox 3709 1173 3764 1233; x_wconf 65' lang='grc' dir='ltr'><strong>ἓ,</strong></span> 
     </span>
    </p>
   </div>
   <div class='ocr_carea' id='block_1_72' title="bbox 2201 1245 3768 1324">
    <p class='ocr_par' dir='ltr' id='par_1_72' title="bbox 2201 1245 3768 1324">
     <span class='ocr_line' id='line_1_72' title="bbox 2201 1245 3768 1324; baseline 0.012 -27"><span class='ocrx_word' id='word_1_527' title='bbox 2201 1261 2254 1298; x_wconf 77' lang='lat' dir='ltr'><strong>rt.</strong></span> <span class='ocrx_word' id='word_1_528' title='bbox 2285 1245 2340 1314; x_wconf 90' lang='lat'><strong>8)</strong></span> <span class='ocrx_word' id='word_1_529' title='bbox 2371 1263 2386 1300; x_wconf 92' lang='lat'><strong>:</strong></span> <span class='ocrx_word' id='word_1_530' title='bbox 2421 1265 2441 1300; x_wconf 70' lang='grc' dir='ltr'>ι</span> <span class='ocrx_word' id='word_1_531' title='bbox 2473 1245 2574 1302; x_wconf 80' lang='lat' dir='ltr'><strong>Per</strong></span> <span class='ocrx_word' id='word_1_532' title='bbox 2611 1265 2765 1302; x_wconf 77' lang='lat' dir='ltr'><strong>unum</strong></span> <span class='ocrx_word' id='word_1_533' title='bbox 2785 1251 2978 1320; x_wconf 88' lang='lat' dir='ltr'><strong>quippe</strong></span> <span class='ocrx_word' id='word_1_534' title='bbox 3003 1253 3256 1308; x_wconf 77' lang='lat' dir='ltr'><strong>hominem</strong></span> <span class='ocrx_word' id='word_1_535' title='bbox 3281 1269 3536 1324; x_wconf 80' lang='lat' dir='ltr'><strong>peccatum</strong></span> <span class='ocrx_word' id='word_1_536' title='bbox 3573 1262 3768 1316; x_wconf 76' lang='lat' dir='ltr'><strong>intravit</strong></span> 
     </span>
    </p>
   </div>
   <div class='ocr_carea' id='block_1_73' title="bbox 2203 1337 3768 1410">
    <p class='ocr_par' dir='ltr' id='par_1_73' title="bbox 2203 1337 3768 1410">
     <span class='ocr_line' id='line_1_73' title="bbox 2203 1337 3768 1410; baseline 0.009 -18"><span class='ocrx_word' id='word_1_537' title='bbox 2203 1337 2256 1392; x_wconf 77' lang='lat' dir='ltr'><strong>in</strong></span> <span class='ocrx_word' id='word_1_538' title='bbox 2281 1337 2544 1402; x_wconf 82' lang='lat' dir='ltr'><strong>mundum,</strong></span> <span class='ocrx_word' id='word_1_539' title='bbox 2565 1349 2612 1392; x_wconf 81' lang='lat' dir='ltr'><strong>et</strong></span> <span class='ocrx_word' id='word_1_540' title='bbox 2641 1355 2725 1410; x_wconf 84' lang='lat' dir='ltr'><strong>per</strong></span> <span class='ocrx_word' id='word_1_541' title='bbox 2757 1352 3014 1410; x_wconf 80' lang='lat' dir='ltr'><strong>peccatum</strong></span> <span class='ocrx_word' id='word_1_542' title='bbox 3037 1361 3212 1410; x_wconf 81' lang='lat' dir='ltr'><strong>mors;</strong></span> <span class='ocrx_word' id='word_1_543' title='bbox 3237 1357 3284 1400; x_wconf 87' lang='lat' dir='ltr'><strong>et</strong></span> <span class='ocrx_word' id='word_1_544' title='bbox 3309 1349 3378 1402; x_wconf 86' lang='lat' dir='ltr'><strong>ita</strong></span> <span class='ocrx_word' id='word_1_545' title='bbox 3408 1350 3460 1402; x_wconf 80' lang='lat' dir='ltr'><strong>iu</strong></span> <span class='ocrx_word' id='word_1_546' title='bbox 3495 1367 3662 1408; x_wconf 78' lang='lat' dir='ltr'><strong>omnes</strong></span> <span class='ocrx_word' id='word_1_547' title='bbox 3681 1355 3768 1406; x_wconf 80' lang='lat' dir='ltr'><strong>Ito-</strong></span> 
     </span>
    </p>
   </div>
   <div class='ocr_carea' id='block_1_74' title="bbox 2211 1428 3764 1510">
    <p class='ocr_par' dir='ltr' id='par_1_74' title="bbox 2211 1428 3764 1510">
     <span class='ocr_line' id='line_1_74' title="bbox 2211 1428 3764 1510; baseline 0.012 -31"><span class='ocrx_word' id='word_1_548' title='bbox 2211 1428 2368 1482; x_wconf 84' lang='lat' dir='ltr'><strong>mines</strong></span> <span class='ocrx_word' id='word_1_549' title='bbox 2393 1431 2699 1497; x_wconf 78' lang='lat' dir='ltr'><strong>pertransiit,</strong></span> <span class='ocrx_word' id='word_1_550' title='bbox 2723 1437 2776 1484; x_wconf 81' lang='lat' dir='ltr'><strong>iu</strong></span> <span class='ocrx_word' id='word_1_551' title='bbox 2795 1449 2895 1499; x_wconf 78' lang='lat' dir='ltr'><strong>quo</strong></span> <span class='ocrx_word' id='word_1_552' title='bbox 2921 1449 3092 1488; x_wconf 68' lang='lat' dir='ltr'><strong>antur:</strong></span> <span class='ocrx_word' id='word_1_553' title='bbox 3115 1451 3440 1505; x_wconf 75' lang='lat' dir='ltr'><strong>peccauerunt</strong></span> <span class='ocrx_word' id='word_1_554' title='bbox 3473 1460 3494 1493; x_wconf 71' lang='grc' dir='ltr'><strong>ι</strong></span> <span class='ocrx_word' id='word_1_555' title='bbox 3519 1441 3691 1510; x_wconf 80' lang='lat' dir='ltr'><strong>(Iiom.</strong></span> <span class='ocrx_word' id='word_1_556' title='bbox 3713 1460 3764 1502; x_wconf 89' lang='lat' dir='ltr'><strong>v.</strong></span> 
     </span>
    </p>
   </div>
   <div class='ocr_carea' id='block_1_75' title="bbox 2202 1519 3768 1598">
    <p class='ocr_par' dir='ltr' id='par_1_75' title="bbox 2202 1519 3768 1598">
     <span class='ocr_line' id='line_1_75' title="bbox 2202 1519 3768 1598; baseline 0.01 -24"><span class='ocrx_word' id='word_1_557' title='bbox 2202 1519 2316 1589; x_wconf 73' lang='grc'><strong>12).</strong></span> <span class='ocrx_word' id='word_1_558' title='bbox 2351 1537 2370 1570; x_wconf 77' lang='grc' dir='ltr'>ι</span> <span class='ocrx_word' id='word_1_559' title='bbox 2405 1521 2494 1574; x_wconf 84' lang='lat' dir='ltr'><strong>Sic</strong></span> <span class='ocrx_word' id='word_1_560' title='bbox 2528 1533 2612 1576; x_wconf 91' lang='lat' dir='ltr'><strong>est</strong></span> <span class='ocrx_word' id='word_1_561' title='bbox 2655 1532 2831 1576; x_wconf 88' lang='lat' dir='ltr'><strong>autem</strong></span> <span class='ocrx_word' id='word_1_562' title='bbox 2881 1524 3021 1580; x_wconf 89' lang='lat' dir='ltr'><strong>Deus</strong></span> <span class='ocrx_word' id='word_1_563' title='bbox 3065 1531 3392 1584; x_wconf 87' lang='lat' dir='ltr'><strong>nascentium</strong></span> <span class='ocrx_word' id='word_1_564' title='bbox 3413 1534 3684 1598; x_wconf 88' lang='lat' dir='ltr'><strong>conditor,</strong></span> <span class='ocrx_word' id='word_1_565' title='bbox 3715 1546 3768 1590; x_wconf 87' lang='lat' dir='ltr'><strong>ut</strong></span> 
     </span>
    </p>
   </div>
   <div class='ocr_carea' id='block_1_76' title="bbox 2202 1615 3766 1692">
    <p class='ocr_par' dir='ltr' id='par_1_76' title="bbox 2202 1615 3766 1692">
     <span class='ocr_line' id='line_1_76' title="bbox 2202 1615 3766 1692; baseline 0.013 -31"><span class='ocrx_word' id='word_1_566' title='bbox 2202 1625 2392 1666; x_wconf 87' lang='lat' dir='ltr'><strong>omnes</strong></span> <span class='ocrx_word' id='word_1_567' title='bbox 2413 1626 2476 1668; x_wconf 80' lang='lat' dir='ltr'><strong>ex</strong></span> <span class='ocrx_word' id='word_1_568' title='bbox 2505 1627 2612 1667; x_wconf 90' lang='lat' dir='ltr'><strong>uno</strong></span> <span class='ocrx_word' id='word_1_569' title='bbox 2631 1621 2758 1668; x_wconf 90' lang='lat' dir='ltr'><strong>eant</strong></span> <span class='ocrx_word' id='word_1_570' title='bbox 2791 1615 2842 1668; x_wconf 91' lang='lat' dir='ltr'><strong>in</strong></span> <span class='ocrx_word' id='word_1_571' title='bbox 2865 1617 3388 1688; x_wconf 86' lang='lat' dir='ltr'><strong>condemnationem,</strong></span> <span class='ocrx_word' id='word_1_572' title='bbox 3419 1639 3638 1692; x_wconf 83' lang='lat' dir='ltr'><strong>quorum</strong></span> <span class='ocrx_word' id='word_1_573' title='bbox 3667 1643 3766 1682; x_wconf 85' lang='lat' dir='ltr'><strong>non</strong></span> 
     </span>
    </p>
   </div>
   <div class='ocr_carea' id='block_1_77' title="bbox 2201 1701 3766 1782">
    <p class='ocr_par' dir='ltr' id='par_1_77' title="bbox 2201 1701 3766 1782">
     <span class='ocr_line' id='line_1_77' title="bbox 2201 1701 3766 1782; baseline 0.01 -27"><span class='ocrx_word' id='word_1_574' title='bbox 2201 1701 2358 1756; x_wconf 86' lang='lat' dir='ltr'><strong>fuerit</strong></span> <span class='ocrx_word' id='word_1_575' title='bbox 2381 1705 2770 1760; x_wconf 81' lang='lat' dir='ltr'><strong>renascentium</strong></span> <span class='ocrx_word' id='word_1_576' title='bbox 2803 1705 3082 1764; x_wconf 88' lang='lat' dir='ltr'><strong>liberator.</strong></span> <span class='ocrx_word' id='word_1_577' title='bbox 3111 1708 3229 1779; x_wconf 87' lang='lat' dir='ltr'><strong>Ipse</strong></span> <span class='ocrx_word' id='word_1_578' title='bbox 3267 1713 3460 1782; x_wconf 85' lang='lat' dir='ltr'><strong>quippe</strong></span> <span class='ocrx_word' id='word_1_579' title='bbox 3487 1715 3658 1770; x_wconf 87' lang='lat' dir='ltr'><strong>dictus</strong></span> <span class='ocrx_word' id='word_1_580' title='bbox 3690 1728 3766 1772; x_wconf 91' lang='lat' dir='ltr'><strong>est</strong></span> 
     </span>
    </p>
   </div>
   <div class='ocr_carea' id='block_1_78' title="bbox 2203 1792 3764 1864">
    <p class='ocr_par' dir='ltr' id='par_1_78' title="bbox 2203 1792 3764 1864">
     <span class='ocr_line' id='line_1_78' title="bbox 2203 1792 3764 1864; baseline 0.011 -18"><span class='ocrx_word' id='word_1_581' title='bbox 2203 1792 2392 1861; x_wconf 79' lang='lat' dir='ltr'><strong>ligulas</strong></span> <span class='ocrx_word' id='word_1_582' title='bbox 2409 1809 2476 1848; x_wconf 76' lang='lat' dir='ltr'><strong>ex</strong></span> <span class='ocrx_word' id='word_1_583' title='bbox 2503 1795 2694 1852; x_wconf 85' lang='lat' dir='ltr'><strong>eadem</strong></span> <span class='ocrx_word' id='word_1_584' title='bbox 2723 1811 2895 1852; x_wconf 85' lang='lat' dir='ltr'><strong>massa</strong></span> <span class='ocrx_word' id='word_1_585' title='bbox 2916 1797 3116 1856; x_wconf 79' lang='lat' dir='ltr'><strong>faciens</strong></span> <span class='ocrx_word' id='word_1_586' title='bbox 3136 1816 3250 1864; x_wconf 87' lang='lat' dir='ltr'><strong>vas,</strong></span> <span class='ocrx_word' id='word_1_587' title='bbox 3275 1803 3420 1860; x_wconf 88' lang='lat' dir='ltr'><strong>aliud</strong></span> <span class='ocrx_word' id='word_1_588' title='bbox 3439 1804 3492 1859; x_wconf 91' lang='lat' dir='ltr'><strong>in</strong></span> <span class='ocrx_word' id='word_1_589' title='bbox 3519 1806 3764 1863; x_wconf 89' lang='lat' dir='ltr'><strong>honorem</strong></span> 
     </span>
    </p>
   </div>
   <div class='ocr_carea' id='block_1_79' title="bbox 2201 1884 3768 1956">
    <p class='ocr_par' dir='ltr' id='par_1_79' title="bbox 2201 1884 3768 1956">
     <span class='ocr_line' id='line_1_79' title="bbox 2201 1884 3768 1956; baseline 0.011 -18"><span class='ocrx_word' id='word_1_590' title='bbox 2201 1884 2492 1938; x_wconf 83' lang='lat' dir='ltr'><strong>secundum</strong></span> <span class='ocrx_word' id='word_1_591' title='bbox 2521 1887 2939 1944; x_wconf 86' lang='lat' dir='ltr'><strong>miscricordiam</strong></span> <span class='ocrx_word' id='word_1_592' title='bbox 2959 1929 2976 1956; x_wconf 97' lang='lat'><strong>,</strong></span> <span class='ocrx_word' id='word_1_593' title='bbox 3005 1892 3150 1948; x_wconf 87' lang='lat' dir='ltr'><strong>aliud</strong></span> <span class='ocrx_word' id='word_1_594' title='bbox 3177 1894 3236 1947; x_wconf 89' lang='lat' dir='ltr'><strong>in.</strong></span> <span class='ocrx_word' id='word_1_595' title='bbox 3273 1899 3643 1956; x_wconf 88' lang='lat' dir='ltr'><strong>contumeliam</strong></span> <span class='ocrx_word' id='word_1_596' title='bbox 3685 1915 3768 1955; x_wconf 86' lang='lat' dir='ltr'><strong>se-</strong></span> 
     </span>
    </p>
   </div>
   <div class='ocr_carea' id='block_1_80' title="bbox 2199 1976 3764 2060">
    <p class='ocr_par' dir='ltr' id='par_1_80' title="bbox 2199 1976 3764 2060">
     <span class='ocr_line' id='line_1_80' title="bbox 2199 1976 3764 2060; baseline 0.012 -30"><span class='ocrx_word' id='word_1_597' title='bbox 2199 1976 2430 2032; x_wconf 86' lang='lat' dir='ltr'><strong>cundum</strong></span> <span class='ocrx_word' id='word_1_598' title='bbox 2445 1977 2706 2047; x_wconf 80' lang='lat' dir='ltr'><strong>judicium</strong></span> <span class='ocrx_word' id='word_1_599' title='bbox 2734 1997 2753 2034; x_wconf 74' lang='grc' dir='ltr'><strong>ι</strong></span> <span class='ocrx_word' id='word_1_600' title='bbox 2778 1979 2888 2052; x_wconf 91' lang='lat' dir='ltr'><strong>(Id.</strong></span> <span class='ocrx_word' id='word_1_601' title='bbox 2913 1998 2986 2049; x_wconf 82' lang='lat' dir='ltr'><strong>Ix,</strong></span> <span class='ocrx_word' id='word_1_602' title='bbox 3007 1983 3100 2055; x_wconf 74' lang='lat'><strong>2|)</strong></span> <span class='ocrx_word' id='word_1_603' title='bbox 3122 2004 3136 2040; x_wconf 88' lang='lat'><strong>:</strong></span> <span class='ocrx_word' id='word_1_604' title='bbox 3161 2005 3182 2038; x_wconf 79' lang='lat' dir='ltr'><strong>r</strong></span> <span class='ocrx_word' id='word_1_605' title='bbox 3203 1988 3288 2042; x_wconf 88' lang='lat' dir='ltr'><strong>cui</strong></span> <span class='ocrx_word' id='word_1_606' title='bbox 3312 2000 3490 2044; x_wconf 84' lang='lat' dir='ltr'><strong>cantat</strong></span> <span class='ocrx_word' id='word_1_607' title='bbox 3515 1992 3764 2060; x_wconf 84' lang='lat' dir='ltr'><strong>Ecclesia,</strong></span> 
     </span>
    </p>
   </div>
   <div class='ocr_carea' id='block_1_81' title="bbox 2211 2069 3768 2154">
    <p class='ocr_par' dir='ltr' id='par_1_81' title="bbox 2211 2069 3768 2154">
     <span class='ocr_line' id='line_1_81' title="bbox 2211 2069 3768 2154; baseline 0.013 -32"><span class='ocrx_word' id='word_1_608' title='bbox 2211 2069 2612 2126; x_wconf 82' lang='lat' dir='ltr'><strong>Misericordiaut</strong></span> <span class='ocrx_word' id='word_1_609' title='bbox 2633 2083 2678 2128; x_wconf 85' lang='lat' dir='ltr'><strong>et</strong></span> <span class='ocrx_word' id='word_1_610' title='bbox 2687 2077 2942 2146; x_wconf 80' lang='lat' dir='ltr'><strong>judicium</strong></span> <span class='ocrx_word' id='word_1_611' title='bbox 2965 2097 2984 2130; x_wconf 69' lang='grc' dir='ltr'><strong>ι</strong></span> <span class='ocrx_word' id='word_1_612' title='bbox 3011 2077 3181 2148; x_wconf 82' lang='lat' dir='ltr'><strong>(PsaI.</strong></span> <span class='ocrx_word' id='word_1_613' title='bbox 3205 2097 3256 2144; x_wconf 91' lang='lat' dir='ltr'><strong>c,</strong></span> <span class='ocrx_word' id='word_1_614' title='bbox 3281 2081 3360 2152; x_wconf 78' lang='grc'><strong>1).</strong></span> <span class='ocrx_word' id='word_1_615' title='bbox 3391 2083 3502 2138; x_wconf 83' lang='lat' dir='ltr'><strong>Hoc</strong></span> <span class='ocrx_word' id='word_1_616' title='bbox 3523 2086 3662 2154; x_wconf 87' lang='lat' dir='ltr'><strong>quod</strong></span> <span class='ocrx_word' id='word_1_617' title='bbox 3689 2087 3768 2142; x_wconf 72' lang='lat' dir='ltr'><strong>(Ii-</strong></span> 
     </span>
    </p>
   </div>
   <div class='ocr_carea' id='block_1_82' title="bbox 2199 2161 3768 2245">
    <p class='ocr_par' dir='ltr' id='par_1_82' title="bbox 2199 2161 3768 2245">
     <span class='ocr_line' id='line_1_82' title="bbox 2199 2161 3768 2245; baseline 0.012 -31"><span class='ocrx_word' id='word_1_618' title='bbox 2199 2161 2294 2224; x_wconf 88' lang='lat' dir='ltr'><strong>cis,</strong></span> <span class='ocrx_word' id='word_1_619' title='bbox 2325 2175 2420 2229; x_wconf 89' lang='lat' dir='ltr'><strong>per</strong></span> <span class='ocrx_word' id='word_1_620' title='bbox 2445 2179 2606 2218; x_wconf 89' lang='lat' dir='ltr'><strong>unum</strong></span> <span class='ocrx_word' id='word_1_621' title='bbox 2633 2164 2900 2222; x_wconf 86' lang='lat' dir='ltr'><strong>hominem</strong></span> <span class='ocrx_word' id='word_1_622' title='bbox 2932 2169 3158 2224; x_wconf 84' lang='lat' dir='ltr'><strong>intrasse</strong></span> <span class='ocrx_word' id='word_1_623' title='bbox 3185 2183 3475 2240; x_wconf 83' lang='lat' dir='ltr'><strong>peccatum,</strong></span> <span class='ocrx_word' id='word_1_624' title='bbox 3497 2191 3602 2245; x_wconf 89' lang='lat' dir='ltr'><strong>quo</strong></span> <span class='ocrx_word' id='word_1_625' title='bbox 3623 2179 3768 2232; x_wconf 87' lang='lat' dir='ltr'><strong>testi-</strong></span> 
     </span>
    </p>
   </div>
   <div class='ocr_carea' id='block_1_83' title="bbox 2201 2253 3766 2326">
    <p class='ocr_par' dir='ltr' id='par_1_83' title="bbox 2201 2253 3766 2326">
     <span class='ocr_line' id='line_1_83' title="bbox 2201 2253 3766 2326; baseline 0.01 -18"><span class='ocrx_word' id='word_1_626' title='bbox 2201 2253 2382 2308; x_wconf 88' lang='lat' dir='ltr'><strong>mouio</strong></span> <span class='ocrx_word' id='word_1_627' title='bbox 2443 2256 2685 2324; x_wconf 86' lang='lat' dir='ltr'><strong>Apostoli</strong></span> <span class='ocrx_word' id='word_1_628' title='bbox 2739 2258 3090 2326; x_wconf 88' lang='lat' dir='ltr'><strong>plurimorum</strong></span> <span class='ocrx_word' id='word_1_629' title='bbox 3153 2263 3534 2320; x_wconf 86' lang='lat' dir='ltr'><strong>ineruditorum</strong></span> <span class='ocrx_word' id='word_1_630' title='bbox 3595 2276 3766 2323; x_wconf 82' lang='lat' dir='ltr'><strong>tamen</strong></span> 
     </span>
    </p>
   </div>
   <div class='ocr_carea' id='block_1_84' title="bbox 2203 2347 3770 2424">
    <p class='ocr_par' dir='ltr' id='par_1_84' title="bbox 2203 2347 3770 2424">
     <span class='ocr_line' id='line_1_84' title="bbox 2203 2347 3770 2424; baseline 0.011 -25"><span class='ocrx_word' id='word_1_631' title='bbox 2203 2355 2418 2412; x_wconf 86' lang='lat' dir='ltr'><strong>pectora</strong></span> <span class='ocrx_word' id='word_1_632' title='bbox 2441 2347 2824 2412; x_wconf 87' lang='lat' dir='ltr'><strong>commovistis,</strong></span> <span class='ocrx_word' id='word_1_633' title='bbox 2875 2351 3000 2406; x_wconf 86' lang='lat' dir='ltr'><strong>licet</strong></span> <span class='ocrx_word' id='word_1_634' title='bbox 3023 2353 3092 2406; x_wconf 75' lang='lat' dir='ltr'><strong>~iu</strong></span> <span class='ocrx_word' id='word_1_635' title='bbox 3133 2365 3324 2424; x_wconf 89' lang='lat' dir='ltr'><strong>quarto</strong></span> <span class='ocrx_word' id='word_1_636' title='bbox 3365 2357 3502 2412; x_wconf 89' lang='lat' dir='ltr'><strong>libro</strong></span> <span class='ocrx_word' id='word_1_637' title='bbox 3541 2359 3770 2416; x_wconf 86' lang='lat' dir='ltr'><strong>breviter</strong></span> 
     </span>
    </p>
   </div>
   <div class='ocr_carea' id='block_1_85' title="bbox 2200 2437 3766 2520">
    <p class='ocr_par' dir='ltr' id='par_1_85' title="bbox 2200 2437 3766 2520">
     <span class='ocr_line' id='line_1_85' title="bbox 2200 2437 3766 2520; baseline 0.012 -33"><span class='ocrx_word' id='word_1_638' title='bbox 2200 2437 2468 2505; x_wconf 88' lang='lat' dir='ltr'><strong>quomodo</strong></span> <span class='ocrx_word' id='word_1_639' title='bbox 2497 2439 2894 2507; x_wconf 78' lang='lat' dir='ltr'><strong>intelligendum</strong></span> <span class='ocrx_word' id='word_1_640' title='bbox 2917 2456 3062 2498; x_wconf 87' lang='lat' dir='ltr'><strong>esset</strong></span> <span class='ocrx_word' id='word_1_641' title='bbox 3075 2447 3396 2501; x_wconf 80' lang='lat' dir='ltr'><strong>ostenderim</strong></span> <span class='ocrx_word' id='word_1_642' title='bbox 3419 2449 3518 2520; x_wconf 83' lang='lat' dir='ltr'><strong>(Ad</strong></span> <span class='ocrx_word' id='word_1_643' title='bbox 3536 2449 3766 2506; x_wconf 67' lang='lat' dir='ltr'><strong>Turbam-</strong></span> 
     </span>
    </p>
   </div>
   <div class='ocr_carea' id='block_1_86' title="bbox 2201 2525 3770 2609">
    <p class='ocr_par' dir='ltr' id='par_1_86' title="bbox 2201 2525 3770 2609">
     <span class='ocr_line' id='line_1_86' title="bbox 2201 2525 3770 2609; baseline 0.011 -30"><span class='ocrx_word' id='word_1_644' title='bbox 2201 2525 2368 2599; x_wconf 82' lang='lat' dir='ltr'><strong>tium),</strong></span> <span class='ocrx_word' id='word_1_645' title='bbox 2397 2535 2573 2584; x_wconf 86' lang='lat' dir='ltr'><strong>tamen</strong></span> <span class='ocrx_word' id='word_1_646' title='bbox 2593 2528 2874 2599; x_wconf 84' lang='lat' dir='ltr'><strong>adjuvante</strong></span> <span class='ocrx_word' id='word_1_647' title='bbox 2891 2531 3126 2599; x_wconf 86' lang='lat' dir='ltr'><strong>Christo,</strong></span> <span class='ocrx_word' id='word_1_648' title='bbox 3151 2535 3202 2590; x_wconf 90' lang='lat' dir='ltr'><strong>in</strong></span> <span class='ocrx_word' id='word_1_649' title='bbox 3225 2535 3325 2592; x_wconf 83' lang='lat' dir='ltr'><strong>hoc</strong></span> <span class='ocrx_word' id='word_1_650' title='bbox 3359 2552 3522 2606; x_wconf 90' lang='lat' dir='ltr'><strong>opere</strong></span> <span class='ocrx_word' id='word_1_651' title='bbox 3559 2542 3770 2609; x_wconf 82' lang='lat' dir='ltr'><strong>plenius</strong></span> 
     </span>
    </p>
   </div>
   <div class='ocr_carea' id='block_1_87' title="bbox 2199 2621 3764 2697">
    <p class='ocr_par' dir='ltr' id='par_1_87' title="bbox 2199 2621 3764 2697">
     <span class='ocr_line' id='line_1_87' title="bbox 2199 2621 3764 2697; baseline 0.01 -25"><span class='ocrx_word' id='word_1_652' title='bbox 2199 2633 2544 2688; x_wconf 75' lang='lat' dir='ltr'><strong>exponemus,</strong></span> <span class='ocrx_word' id='word_1_653' title='bbox 2563 2621 2638 2676; x_wconf 88' lang='lat' dir='ltr'><strong>ita</strong></span> <span class='ocrx_word' id='word_1_654' title='bbox 2655 2623 2786 2678; x_wconf 88' lang='lat' dir='ltr'><strong>utin</strong></span> <span class='ocrx_word' id='word_1_655' title='bbox 2813 2624 3048 2682; x_wconf 87' lang='lat' dir='ltr'><strong>secundo</strong></span> <span class='ocrx_word' id='word_1_656' title='bbox 3069 2625 3224 2693; x_wconf 91' lang='lat' dir='ltr'><strong>libro,</strong></span> <span class='ocrx_word' id='word_1_657' title='bbox 3247 2632 3614 2696; x_wconf 73' lang='lat' dir='ltr'><strong>pmtermissis</strong></span> <span class='ocrx_word' id='word_1_658' title='bbox 3627 2635 3764 2697; x_wconf 84' lang='lat' dir='ltr'><strong>aliis,</strong></span> 
     </span>
    </p>
   </div>
   <div class='ocr_carea' id='block_1_88' title="bbox 2207 2708 3770 2789">
    <p class='ocr_par' dir='ltr' id='par_1_88' title="bbox 2207 2708 3770 2789">
     <span class='ocr_line' id='line_1_88' title="bbox 2207 2708 3770 2789; baseline 0.013 -29"><span class='ocrx_word' id='word_1_659' title='bbox 2207 2708 2354 2763; x_wconf 85' lang='lat' dir='ltr'><strong>locus</strong></span> <span class='ocrx_word' id='word_1_660' title='bbox 2385 2710 2498 2779; x_wconf 88' lang='lat' dir='ltr'><strong>ipse</strong></span> <span class='ocrx_word' id='word_1_661' title='bbox 2517 2711 2842 2781; x_wconf 81' lang='lat' dir='ltr'><strong>apostolicus</strong></span> <span class='ocrx_word' id='word_1_662' title='bbox 2859 2725 3112 2772; x_wconf 82' lang='lat' dir='ltr'><strong>contextu</strong></span> <span class='ocrx_word' id='word_1_663' title='bbox 3137 2732 3240 2773; x_wconf 88' lang='lat' dir='ltr'><strong>suo</strong></span> <span class='ocrx_word' id='word_1_664' title='bbox 3273 2720 3576 2789; x_wconf 77' lang='lat' dir='ltr'><strong>plenissime</strong></span> <span class='ocrx_word' id='word_1_665' title='bbox 3599 2723 3770 2781; x_wconf 73' lang='lat' dir='ltr'><strong>disse-</strong></span> 
     </span>
    </p>
   </div>
   <div class='ocr_carea' id='block_1_89' title="bbox 2201 2810 2364 2858">
    <p class='ocr_par' dir='ltr' id='par_1_89' title="bbox 2201 2810 2364 2858">
     <span class='ocr_line' id='line_1_89' title="bbox 2201 2810 2364 2858; baseline 0.025 -4"><span class='ocrx_word' id='word_1_666' title='bbox 2201 2810 2364 2858; x_wconf 89' lang='lat' dir='ltr'><strong>ratur.</strong></span> 
     </span>
    </p>
   </div>
   <div class='ocr_carea' id='block_1_90' title="bbox 2267 2893 3767 2967">
    <p class='ocr_par' dir='ltr' id='par_1_90' title="bbox 2267 2893 3767 2967">
     <span class='ocr_line' id='line_1_90' title="bbox 2267 2893 3767 2967; baseline 0.011 -21"><span class='ocrx_word' id='word_1_667' title='bbox 2267 2893 2403 2948; x_wconf 78' lang='lat' dir='ltr'><strong>Anc.</strong></span> <span class='ocrx_word' id='word_1_668' title='bbox 2443 2893 2524 2950; x_wconf 81' lang='lat' dir='ltr'><strong>Ad</strong></span> <span class='ocrx_word' id='word_1_669' title='bbox 2545 2893 2597 2949; x_wconf 88' lang='lat' dir='ltr'><strong>id</strong></span> <span class='ocrx_word' id='word_1_670' title='bbox 2617 2895 2760 2965; x_wconf 89' lang='lat' dir='ltr'><strong>quod</strong></span> <span class='ocrx_word' id='word_1_671' title='bbox 2779 2897 2832 2952; x_wconf 89' lang='lat' dir='ltr'><strong>in</strong></span> <span class='ocrx_word' id='word_1_672' title='bbox 2853 2906 3046 2967; x_wconf 84' lang='lat' dir='ltr'><strong>quarto</strong></span> <span class='ocrx_word' id='word_1_673' title='bbox 3069 2899 3205 2955; x_wconf 87' lang='lat' dir='ltr'><strong>libro</strong></span> <span class='ocrx_word' id='word_1_674' title='bbox 3227 2909 3318 2956; x_wconf 89' lang='lat' dir='ltr'><strong>tuo</strong></span> <span class='ocrx_word' id='word_1_675' title='bbox 3341 2903 3570 2960; x_wconf 87' lang='lat' dir='ltr'><strong>breviter</strong></span> <span class='ocrx_word' id='word_1_676' title='bbox 3585 2915 3767 2962; x_wconf 83' lang='lat' dir='ltr'><strong>osten-</strong></span> 
     </span>
    </p>
   </div>
   <div class='ocr_carea' id='block_1_91' title="bbox 2199 2984 3770 3065">
    <p class='ocr_par' dir='ltr' id='par_1_91' title="bbox 2199 2984 3770 3065">
     <span class='ocr_line' id='line_1_91' title="bbox 2199 2984 3770 3065; baseline 0.01 -26"><span class='ocrx_word' id='word_1_677' title='bbox 2199 2984 2343 3040; x_wconf 87' lang='lat' dir='ltr'><strong>disse</strong></span> <span class='ocrx_word' id='word_1_678' title='bbox 2385 2995 2438 3041; x_wconf 92' lang='lat' dir='ltr'><strong>te</strong></span> <span class='ocrx_word' id='word_1_679' title='bbox 2483 2987 2635 3054; x_wconf 87' lang='lat' dir='ltr'><strong>dicis,</strong></span> <span class='ocrx_word' id='word_1_680' title='bbox 2688 2989 2752 3042; x_wconf 18' lang='lat' dir='ltr'><strong>in.</strong></span> <span class='ocrx_word' id='word_1_681' title='bbox 2785 3000 2946 3045; x_wconf 83' lang='lat' dir='ltr'><strong>sexto</strong></span> <span class='ocrx_word' id='word_1_682' title='bbox 2977 3004 3164 3048; x_wconf 85' lang='lat' dir='ltr'><strong>nostro</strong></span> <span class='ocrx_word' id='word_1_683' title='bbox 3203 2995 3298 3050; x_wconf 87' lang='lat' dir='ltr'><strong>tibi</strong></span> <span class='ocrx_word' id='word_1_684' title='bbox 3337 3011 3646 3065; x_wconf 86' lang='lat' dir='ltr'><strong>responsum</strong></span> <span class='ocrx_word' id='word_1_685' title='bbox 3683 3013 3770 3054; x_wconf 85' lang='lat' dir='ltr'><strong>est</strong></span> 
     </span>
    </p>
   </div>
   <div class='ocr_carea' id='block_1_92' title="bbox 2201 3076 3770 3159">
    <p class='ocr_par' dir='ltr' id='par_1_92' title="bbox 2201 3076 3770 3159">
     <span class='ocr_line' id='line_1_92' title="bbox 2201 3076 3770 3159; baseline 0.008 -26"><span class='ocrx_word' id='word_1_686' title='bbox 2201 3077 2220 3146; x_wconf 94' lang='lat'><strong>(</strong></span> <span class='ocrx_word' id='word_1_687' title='bbox 2235 3076 2424 3133; x_wconf 81' lang='lat' dir='ltr'><strong>Contra</strong></span> <span class='ocrx_word' id='word_1_688' title='bbox 2469 3077 2755 3146; x_wconf 79' lang='lat' dir='ltr'><strong>lulianum,</strong></span> <span class='ocrx_word' id='word_1_689' title='bbox 2805 3083 2891 3136; x_wconf 88' lang='lat' dir='ltr'><strong>lib.</strong></span> <span class='ocrx_word' id='word_1_690' title='bbox 2941 3084 2993 3146; x_wconf 88' lang='grc'>6,</span> <span class='ocrx_word' id='word_1_691' title='bbox 3040 3101 3092 3138; x_wconf 85' lang='lat' dir='ltr'><strong>n.</strong></span> <span class='ocrx_word' id='word_1_692' title='bbox 3135 3085 3222 3150; x_wconf 78' lang='lat'><strong>75,</strong></span> <span class='ocrx_word' id='word_1_693' title='bbox 3270 3087 3414 3157; x_wconf 83' lang='lat' dir='ltr'><strong>sqq.)</strong></span> <span class='ocrx_word' id='word_1_694' title='bbox 3445 3105 3458 3142; x_wconf 91' lang='lat'><strong>:</strong></span> <span class='ocrx_word' id='word_1_695' title='bbox 3488 3089 3622 3159; x_wconf 84' lang='lat' dir='ltr'><strong>quod</strong></span> <span class='ocrx_word' id='word_1_696' title='bbox 3673 3105 3770 3145; x_wconf 81' lang='lat' dir='ltr'><strong>au-</strong></span> 
     </span>
    </p>
   </div>
   <div class='ocr_carea' id='block_1_93' title="bbox 2201 3170 3764 3250">
    <p class='ocr_par' dir='ltr' id='par_1_93' title="bbox 2201 3170 3764 3250">
     <span class='ocr_line' id='line_1_93' title="bbox 2201 3170 3764 3250; baseline 0.007 -26"><span class='ocrx_word' id='word_1_697' title='bbox 2201 3178 2308 3226; x_wconf 88' lang='lat' dir='ltr'><strong>tem</strong></span> <span class='ocrx_word' id='word_1_698' title='bbox 2349 3170 2403 3226; x_wconf 87' lang='lat' dir='ltr'><strong>in</strong></span> <span class='ocrx_word' id='word_1_699' title='bbox 2445 3170 2546 3226; x_wconf 91' lang='lat' dir='ltr'><strong>hoc</strong></span> <span class='ocrx_word' id='word_1_700' title='bbox 2583 3186 2747 3241; x_wconf 80' lang='lat' dir='ltr'><strong>Opere</strong></span> <span class='ocrx_word' id='word_1_701' title='bbox 2785 3173 3070 3242; x_wconf 89' lang='lat' dir='ltr'><strong>polliceris,</strong></span> <span class='ocrx_word' id='word_1_702' title='bbox 3103 3191 3224 3232; x_wconf 89' lang='lat' dir='ltr'><strong>cum</strong></span> <span class='ocrx_word' id='word_1_703' title='bbox 3265 3177 3488 3234; x_wconf 86' lang='lat' dir='ltr'><strong>reddere</strong></span> <span class='ocrx_word' id='word_1_704' title='bbox 3521 3181 3764 3250; x_wconf 66' lang='lat' dir='ltr'><strong>cmperis,</strong></span> 
     </span>
    </p>
   </div>
   <div class='ocr_carea' id='block_1_94' title="bbox 2201 3261 3204 3342">
    <p class='ocr_par' dir='ltr' id='par_1_94' title="bbox 2201 3261 3204 3342">
     <span class='ocr_line' id='line_1_94' title="bbox 2201 3261 3204 3342; baseline 0.007 -27"><span class='ocrx_word' id='word_1_705' title='bbox 2201 3261 2272 3318; x_wconf 83' lang='lat' dir='ltr'><strong>ibi</strong></span> <span class='ocrx_word' id='word_1_706' title='bbox 2293 3277 2452 3332; x_wconf 87' lang='lat' dir='ltr'><strong>quam</strong></span> <span class='ocrx_word' id='word_1_707' title='bbox 2471 3264 2546 3318; x_wconf 89' lang='lat' dir='ltr'><strong>sis</strong></span> <span class='ocrx_word' id='word_1_708' title='bbox 2571 3265 2883 3342; x_wconf 83' lang='lat' dir='ltr'><strong>vaniloquus</strong></span> <span class='ocrx_word' id='word_1_709' title='bbox 2912 3268 3204 3336; x_wconf 86' lang='lat' dir='ltr'><strong>apparebit.</strong></span> 
     </span>
    </p>
   </div>
   <div class='ocr_carea' id='block_1_95' title="bbox 2269 3352 3770 3434">
    <p class='ocr_par' dir='ltr' id='par_1_95' title="bbox 2269 3352 3770 3434">
     <span class='ocr_line' id='line_1_95' title="bbox 2269 3352 3770 3434; baseline 0.006 -26"><span class='ocrx_word' id='word_1_710' title='bbox 2269 3352 2450 3408; x_wconf 72' lang='lat' dir='ltr'><strong>CXIV.</strong></span> <span class='ocrx_word' id='word_1_711' title='bbox 2491 3353 2607 3409; x_wconf 68' lang='lat' dir='ltr'><strong>Jun.</strong></span> <span class='ocrx_word' id='word_1_712' title='bbox 2649 3355 2746 3410; x_wconf 83' lang='lat' dir='ltr'><strong>Hic</strong></span> <span class='ocrx_word' id='word_1_713' title='bbox 2769 3367 2945 3412; x_wconf 86' lang='lat' dir='ltr'><strong>autem</strong></span> <span class='ocrx_word' id='word_1_714' title='bbox 2971 3359 3200 3414; x_wconf 84' lang='lat' dir='ltr'><strong>breviter</strong></span> <span class='ocrx_word' id='word_1_715' title='bbox 3227 3361 3608 3428; x_wconf 86' lang='lat' dir='ltr'><strong>admouuerim,</strong></span> <span class='ocrx_word' id='word_1_716' title='bbox 3635 3381 3770 3434; x_wconf 85' lang='lat' dir='ltr'><strong>quo-</strong></span> 
     </span>
    </p>
   </div>
   <div class='ocr_carea' id='block_1_96' title="bbox 2201 3445 3770 3520">
    <p class='ocr_par' dir='ltr' id='par_1_96' title="bbox 2201 3445 3770 3520">
     <span class='ocr_line' id='line_1_96' title="bbox 2201 3445 3770 3520; baseline 0.007 -20"><span class='ocrx_word' id='word_1_717' title='bbox 2201 3445 2342 3500; x_wconf 84' lang='lat' dir='ltr'><strong>niam</strong></span> <span class='ocrx_word' id='word_1_718' title='bbox 2367 3445 2648 3516; x_wconf 81' lang='lat' dir='ltr'><strong>suﬂ&#39;ragari</strong></span> <span class='ocrx_word' id='word_1_719' title='bbox 2681 3448 2772 3502; x_wconf 89' lang='lat' dir='ltr'><strong>tibi</strong></span> <span class='ocrx_word' id='word_1_720' title='bbox 2803 3465 2906 3502; x_wconf 87' lang='lat' dir='ltr'><strong>non</strong></span> <span class='ocrx_word' id='word_1_721' title='bbox 2936 3453 3191 3519; x_wconf 86' lang='lat' dir='ltr'><strong>potestad</strong></span> <span class='ocrx_word' id='word_1_722' title='bbox 3213 3453 3330 3520; x_wconf 87' lang='lat' dir='ltr'><strong>ejus</strong></span> <span class='ocrx_word' id='word_1_723' title='bbox 3343 3457 3616 3509; x_wconf 70' lang='lat' dir='ltr'><strong>sententia:</strong></span> <span class='ocrx_word' id='word_1_724' title='bbox 3639 3471 3770 3510; x_wconf 85' lang='lat' dir='ltr'><strong>con-</strong></span> 
     </span>
    </p>
   </div>
   <div class='ocr_carea' id='block_1_97' title="bbox 2202 3537 3773 3610">
    <p class='ocr_par' dir='ltr' id='par_1_97' title="bbox 2202 3537 3773 3610">
     <span class='ocr_line' id='line_1_97' title="bbox 2202 3537 3773 3610; baseline 0.008 -21"><span class='ocrx_word' id='word_1_725' title='bbox 2202 3537 2574 3602; x_wconf 83' lang='lat' dir='ltr'><strong>firmationem,</strong></span> <span class='ocrx_word' id='word_1_726' title='bbox 2617 3555 2776 3610; x_wconf 92' lang='lat' dir='ltr'><strong>quam</strong></span> <span class='ocrx_word' id='word_1_727' title='bbox 2819 3543 2995 3596; x_wconf 85' lang='lat' dir='ltr'><strong>cumis</strong></span> <span class='ocrx_word' id='word_1_728' title='bbox 3027 3544 3278 3610; x_wconf 87' lang='lat' dir='ltr'><strong>eruditio,</strong></span> <span class='ocrx_word' id='word_1_729' title='bbox 3320 3546 3494 3600; x_wconf 71' lang='lat' dir='ltr'><strong>ominis</strong></span> <span class='ocrx_word' id='word_1_730' title='bbox 3527 3548 3674 3610; x_wconf 82' lang='lat' dir='ltr'><strong>ratio,</strong></span> <span class='ocrx_word' id='word_1_731' title='bbox 3715 3557 3773 3602; x_wconf 85' lang='lat' dir='ltr'><strong>ct</strong></span> 
     </span>
    </p>
   </div>
   <div class='ocr_carea' id='block_1_98' title="bbox 2199 3627 3774 3707">
    <p class='ocr_par' dir='ltr' id='par_1_98' title="bbox 2199 3627 3774 3707">
     <span class='ocr_line' id='line_1_98' title="bbox 2199 3627 3774 3707; baseline 0.005 -23"><span class='ocrx_word' id='word_1_732' title='bbox 2199 3627 2284 3684; x_wconf 73' lang='lat' dir='ltr'><strong>lc:</strong></span> <span class='ocrx_word' id='word_1_733' title='bbox 2313 3629 2406 3684; x_wconf 86' lang='lat' dir='ltr'><strong>Dei</strong></span> <span class='ocrx_word' id='word_1_734' title='bbox 2441 3631 2707 3685; x_wconf 78' lang='lat' dir='ltr'><strong>convincit</strong></span> <span class='ocrx_word' id='word_1_735' title='bbox 2737 3631 3148 3702; x_wconf 82' lang='lat' dir='ltr'><strong>iniquissimam.</strong></span> <span class='ocrx_word' id='word_1_736' title='bbox 3187 3636 3422 3707; x_wconf 79' lang='lat' dir='ltr'><strong>Diligens</strong></span> <span class='ocrx_word' id='word_1_737' title='bbox 3457 3653 3582 3707; x_wconf 80' lang='lat' dir='ltr'><strong>ergo</strong></span> <span class='ocrx_word' id='word_1_738' title='bbox 3609 3639 3774 3692; x_wconf 87' lang='lat' dir='ltr'><strong>lector</strong></span> 
     </span>
    </p>
   </div>
   <div class='ocr_carea' id='block_1_99' title="bbox 2201 3717 3772 3789">
    <p class='ocr_par' dir='ltr' id='par_1_99' title="bbox 2201 3717 3772 3789">
     <span class='ocr_line' id='line_1_99' title="bbox 2201 3717 3772 3789; baseline 0.008 -18"><span class='ocrx_word' id='word_1_739' title='bbox 2201 3717 2438 3774; x_wconf 89' lang='lat' dir='ltr'><strong>intendat</strong></span> <span class='ocrx_word' id='word_1_740' title='bbox 2466 3720 2608 3788; x_wconf 84' lang='lat' dir='ltr'><strong>quod</strong></span> <span class='ocrx_word' id='word_1_741' title='bbox 2633 3723 3006 3789; x_wconf 86' lang='lat' dir='ltr'><strong>pronuntiasti,</strong></span> <span class='ocrx_word' id='word_1_742' title='bbox 3039 3724 3202 3780; x_wconf 90' lang='lat' dir='ltr'><strong>Deum</strong></span> <span class='ocrx_word' id='word_1_743' title='bbox 3229 3741 3350 3782; x_wconf 81' lang='lat' dir='ltr'><strong>esse</strong></span> <span class='ocrx_word' id='word_1_744' title='bbox 3375 3725 3628 3784; x_wconf 84' lang='lat' dir='ltr'><strong>faetorem</strong></span> <span class='ocrx_word' id='word_1_745' title='bbox 3655 3745 3772 3783; x_wconf 87' lang='lat' dir='ltr'><strong>ma-</strong></span> 
     </span>
    </p>
   </div>
   <div class='ocr_carea' id='block_1_100' title="bbox 2202 3810 3776 3890">
    <p class='ocr_par' dir='ltr' id='par_1_100' title="bbox 2202 3810 3776 3890">
     <span class='ocr_line' id='line_1_100' title="bbox 2202 3810 3776 3890; baseline 0.008 -26"><span class='ocrx_word' id='word_1_746' title='bbox 2202 3810 2408 3876; x_wconf 86' lang='lat' dir='ltr'><strong>lorum;</strong></span> <span class='ocrx_word' id='word_1_747' title='bbox 2437 3823 2492 3866; x_wconf 90' lang='lat' dir='ltr'><strong>et</strong></span> <span class='ocrx_word' id='word_1_748' title='bbox 2519 3813 2652 3867; x_wconf 83' lang='lat' dir='ltr'><strong>tales</strong></span> <span class='ocrx_word' id='word_1_749' title='bbox 2669 3828 2790 3868; x_wconf 89' lang='lat' dir='ltr'><strong>eum</strong></span> <span class='ocrx_word' id='word_1_750' title='bbox 2811 3814 3064 3880; x_wconf 88' lang='lat' dir='ltr'><strong>condere,</strong></span> <span class='ocrx_word' id='word_1_751' title='bbox 3093 3819 3184 3887; x_wconf 90' lang='lat' dir='ltr'><strong>qui</strong></span> <span class='ocrx_word' id='word_1_752' title='bbox 3209 3819 3326 3874; x_wconf 83' lang='lat' dir='ltr'><strong>sine</strong></span> <span class='ocrx_word' id='word_1_753' title='bbox 3345 3819 3522 3888; x_wconf 87' lang='lat' dir='ltr'><strong>aliquo</strong></span> <span class='ocrx_word' id='word_1_754' title='bbox 3547 3824 3776 3890; x_wconf 77' lang='lat' dir='ltr'><strong>propria:</strong></span> 
     </span>
    </p>
   </div>
   <div class='ocr_carea' id='block_1_101' title="bbox 2201 3903 3775 3980">
    <p class='ocr_par' dir='ltr' id='par_1_101' title="bbox 2201 3903 3775 3980">
     <span class='ocr_line' id='line_1_101' title="bbox 2201 3903 3775 3980; baseline 0.006 -24"><span class='ocrx_word' id='word_1_755' title='bbox 2201 3903 2394 3958; x_wconf 87' lang='lat' dir='ltr'><strong>merito</strong></span> <span class='ocrx_word' id='word_1_756' title='bbox 2429 3904 2718 3962; x_wconf 78' lang='lat' dir='ltr'><strong>voluntatis</strong></span> <span class='ocrx_word' id='word_1_757' title='bbox 2751 3916 2876 3960; x_wconf 88' lang='lat' dir='ltr'><strong>eaut</strong></span> <span class='ocrx_word' id='word_1_758' title='bbox 2923 3907 2976 3962; x_wconf 86' lang='lat' dir='ltr'><strong>in</strong></span> <span class='ocrx_word' id='word_1_759' title='bbox 3017 3909 3511 3966; x_wconf 88' lang='lat' dir='ltr'><strong>condemnationem</strong></span> <span class='ocrx_word' id='word_1_760' title='bbox 3557 3925 3775 3980; x_wconf 72' lang='lat' dir='ltr'><strong>promis</strong></span> 
     </span>
    </p>
   </div>
   <div class='ocr_carea' id='block_1_102' title="bbox 2200 4001 2405 4049">
    <p class='ocr_par' dir='ltr' id='par_1_102' title="bbox 2200 4001 2405 4049">
     <span class='ocr_line' id='line_1_102' title="bbox 2200 4001 2405 4049; baseline -0.005 0"><span class='ocrx_word' id='word_1_761' title='bbox 2200 4001 2405 4049; x_wconf 80' lang='lat' dir='ltr'><strong>omnes.</strong></span> 
     </span>
    </p>
   </div>
   <div class='ocr_carea' id='block_1_103' title="bbox 2271 4088 3774 4164">
    <p class='ocr_par' dir='ltr' id='par_1_103' title="bbox 2271 4088 3774 4164">
     <span class='ocr_line' id='line_1_103' title="bbox 2271 4088 3774 4164; baseline 0.006 -23"><span class='ocrx_word' id='word_1_762' title='bbox 2271 4088 2403 4144; x_wconf 79' lang='lat' dir='ltr'><strong>Auc.</strong></span> <span class='ocrx_word' id='word_1_763' title='bbox 2439 4089 2549 4144; x_wconf 82' lang='lat' dir='ltr'><strong>Hoc</strong></span> <span class='ocrx_word' id='word_1_764' title='bbox 2581 4089 2688 4143; x_wconf 82' lang='lat' dir='ltr'><strong>dixi</strong></span> <span class='ocrx_word' id='word_1_765' title='bbox 2723 4107 2735 4142; x_wconf 92' lang='lat'>:</span> <span class='ocrx_word' id='word_1_766' title='bbox 2763 4091 2892 4159; x_wconf 81' lang='lat' dir='ltr'><strong>quia</strong></span> <span class='ocrx_word' id='word_1_767' title='bbox 2915 4093 3042 4147; x_wconf 77' lang='lat' dir='ltr'><strong>facit</strong></span> <span class='ocrx_word' id='word_1_768' title='bbox 3075 4092 3346 4148; x_wconf 84' lang='lat' dir='ltr'><strong>hominum</strong></span> <span class='ocrx_word' id='word_1_769' title='bbox 3381 4104 3650 4159; x_wconf 86' lang='lat' dir='ltr'><strong>naturam,</strong></span> <span class='ocrx_word' id='word_1_770' title='bbox 3675 4097 3774 4164; x_wconf 84' lang='lat' dir='ltr'><strong>qui</strong></span> 
     </span>
    </p>
   </div>
   <div class='ocr_carea' id='block_1_104' title="bbox 2199 4179 3776 4257">
    <p class='ocr_par' dir='ltr' id='par_1_104' title="bbox 2199 4179 3776 4257">
     <span class='ocr_line' id='line_1_104' title="bbox 2199 4179 3776 4257; baseline 0.008 -26"><span class='ocrx_word' id='word_1_771' title='bbox 2199 4179 2328 4232; x_wconf 88' lang='lat' dir='ltr'><strong>vitio</strong></span> <span class='ocrx_word' id='word_1_772' title='bbox 2353 4179 2482 4234; x_wconf 87' lang='lat' dir='ltr'><strong>mali</strong></span> <span class='ocrx_word' id='word_1_773' title='bbox 2517 4191 2669 4244; x_wconf 80' lang='lat' dir='ltr'><strong>sum,</strong></span> <span class='ocrx_word' id='word_1_774' title='bbox 2699 4182 2838 4250; x_wconf 90' lang='lat' dir='ltr'><strong>quod</strong></span> <span class='ocrx_word' id='word_1_775' title='bbox 2877 4184 2994 4251; x_wconf 88' lang='lat' dir='ltr'><strong>ipse</strong></span> <span class='ocrx_word' id='word_1_776' title='bbox 3031 4199 3134 4238; x_wconf 86' lang='lat' dir='ltr'><strong>non</strong></span> <span class='ocrx_word' id='word_1_777' title='bbox 3164 4187 3316 4248; x_wconf 88' lang='lat' dir='ltr'><strong>fecit;</strong></span> <span class='ocrx_word' id='word_1_778' title='bbox 3347 4197 3402 4241; x_wconf 91' lang='lat' dir='ltr'><strong>et</strong></span> <span class='ocrx_word' id='word_1_779' title='bbox 3425 4187 3494 4242; x_wconf 89' lang='lat' dir='ltr'><strong>de</strong></span> <span class='ocrx_word' id='word_1_780' title='bbox 3526 4203 3628 4257; x_wconf 90' lang='lat' dir='ltr'><strong>quo</strong></span> <span class='ocrx_word' id='word_1_781' title='bbox 3655 4187 3776 4257; x_wconf 87' lang='lat' dir='ltr'><strong>ipse</strong></span> 
     </span>
    </p>
   </div>
   <div class='ocr_carea' id='block_1_105' title="bbox 2201 4267 3772 4346">
    <p class='ocr_par' dir='ltr' id='par_1_105' title="bbox 2201 4267 3772 4346">
     <span class='ocr_line' id='line_1_105' title="bbox 2201 4267 3772 4346; baseline 0.006 -25"><span class='ocrx_word' id='word_1_782' title='bbox 2201 4267 2336 4322; x_wconf 85' lang='lat' dir='ltr'><strong>bene</strong></span> <span class='ocrx_word' id='word_1_783' title='bbox 2365 4267 2510 4332; x_wconf 82' lang='lat' dir='ltr'><strong>facit,</strong></span> <span class='ocrx_word' id='word_1_784' title='bbox 2541 4270 2700 4324; x_wconf 88' lang='lat' dir='ltr'><strong>etiam</strong></span> <span class='ocrx_word' id='word_1_785' title='bbox 2729 4285 2847 4325; x_wconf 89' lang='lat' dir='ltr'><strong>cum</strong></span> <span class='ocrx_word' id='word_1_786' title='bbox 2881 4273 3002 4327; x_wconf 89' lang='lat' dir='ltr'><strong>mali</strong></span> <span class='ocrx_word' id='word_1_787' title='bbox 3019 4285 3142 4328; x_wconf 88' lang='lat' dir='ltr'><strong>sunt</strong></span> <span class='ocrx_word' id='word_1_788' title='bbox 3175 4275 3416 4330; x_wconf 86' lang='lat' dir='ltr'><strong>homines</strong></span> <span class='ocrx_word' id='word_1_789' title='bbox 3448 4291 3580 4346; x_wconf 86' lang='lat' dir='ltr'><strong>quos</strong></span> <span class='ocrx_word' id='word_1_790' title='bbox 3603 4276 3724 4331; x_wconf 84' lang='lat' dir='ltr'><strong>facit</strong></span> <span class='ocrx_word' id='word_1_791' title='bbox 3755 4293 3772 4330; x_wconf 88' lang='lat'><strong>:</strong></span> 
     </span>
    </p>
   </div>
   <div class='ocr_carea' id='block_1_106' title="bbox 2201 4361 3775 4438">
    <p class='ocr_par' dir='ltr' id='par_1_106' title="bbox 2201 4361 3775 4438">
     <span class='ocr_line' id='line_1_106' title="bbox 2201 4361 3775 4438; baseline 0.007 -24"><span class='ocrx_word' id='word_1_792' title='bbox 2201 4361 2322 4430; x_wconf 83' lang='lat' dir='ltr'><strong>quia</strong></span> <span class='ocrx_word' id='word_1_793' title='bbox 2350 4361 2402 4414; x_wconf 91' lang='lat' dir='ltr'><strong>in</strong></span> <span class='ocrx_word' id='word_1_794' title='bbox 2433 4371 2684 4431; x_wconf 86' lang='lat' dir='ltr'><strong>quantum</strong></span> <span class='ocrx_word' id='word_1_795' title='bbox 2713 4363 2954 4419; x_wconf 86' lang='lat' dir='ltr'><strong>homines</strong></span> <span class='ocrx_word' id='word_1_796' title='bbox 2977 4377 3121 4430; x_wconf 87' lang='lat' dir='ltr'><strong>sunt,</strong></span> <span class='ocrx_word' id='word_1_797' title='bbox 3153 4382 3256 4420; x_wconf 87' lang='lat' dir='ltr'><strong>non</strong></span> <span class='ocrx_word' id='word_1_798' title='bbox 3285 4367 3616 4438; x_wconf 82' lang='lat' dir='ltr'><strong>inquautum</strong></span> <span class='ocrx_word' id='word_1_799' title='bbox 3647 4370 3775 4426; x_wconf 84' lang='lat' dir='ltr'><strong>mali</strong></span> 
     </span>
    </p>
   </div>
   <div class='ocr_carea' id='block_1_107' title="bbox 2199 4453 3778 4524">
    <p class='ocr_par' dir='ltr' id='par_1_107' title="bbox 2199 4453 3778 4524">
     <span class='ocr_line' id='line_1_107' title="bbox 2199 4453 3778 4524; baseline 0.005 -18"><span class='ocrx_word' id='word_1_800' title='bbox 2199 4461 2342 4516; x_wconf 87' lang='lat' dir='ltr'><strong>sunt,</strong></span> <span class='ocrx_word' id='word_1_801' title='bbox 2371 4469 2466 4508; x_wconf 80' lang='lat' dir='ltr'><strong>eos</strong></span> <span class='ocrx_word' id='word_1_802' title='bbox 2493 4453 2636 4508; x_wconf 86' lang='lat' dir='ltr'><strong>facit.</strong></span> <span class='ocrx_word' id='word_1_803' title='bbox 2667 4453 2850 4524; x_wconf 87' lang='lat' dir='ltr'><strong>Neque</strong></span> <span class='ocrx_word' id='word_1_804' title='bbox 2875 4456 3020 4510; x_wconf 85' lang='lat' dir='ltr'><strong>enim</strong></span> <span class='ocrx_word' id='word_1_805' title='bbox 3049 4473 3170 4511; x_wconf 83' lang='lat' dir='ltr'><strong>vasa</strong></span> <span class='ocrx_word' id='word_1_806' title='bbox 3201 4457 3254 4516; x_wconf 86' lang='lat' dir='ltr'><strong>in</strong></span> <span class='ocrx_word' id='word_1_807' title='bbox 3279 4461 3652 4515; x_wconf 87' lang='lat' dir='ltr'><strong>contumeliam</strong></span> <span class='ocrx_word' id='word_1_808' title='bbox 3679 4459 3778 4514; x_wconf 82' lang='lat' dir='ltr'><strong>fie-</strong></span> 
     </span>
    </p>
   </div>
   <div class='ocr_carea' id='block_1_108' title="bbox 2201 4545 3774 4618">
    <p class='ocr_par' dir='ltr' id='par_1_108' title="bbox 2201 4545 3774 4618">
     <span class='ocr_line' id='line_1_108' title="bbox 2201 4545 3774 4618; baseline 0.005 -22"><span class='ocrx_word' id='word_1_809' title='bbox 2201 4554 2340 4607; x_wconf 90' lang='lat' dir='ltr'><strong>rent,</strong></span> <span class='ocrx_word' id='word_1_810' title='bbox 2371 4545 2471 4598; x_wconf 87' lang='lat' dir='ltr'><strong>nisi</strong></span> <span class='ocrx_word' id='word_1_811' title='bbox 2501 4545 2623 4600; x_wconf 89' lang='lat' dir='ltr'><strong>mali</strong></span> <span class='ocrx_word' id='word_1_812' title='bbox 2651 4555 2832 4600; x_wconf 88' lang='lat' dir='ltr'><strong>essent</strong></span> <span class='ocrx_word' id='word_1_813' title='bbox 2857 4563 2872 4599; x_wconf 85' lang='lat'><strong>:</strong></span> <span class='ocrx_word' id='word_1_814' title='bbox 2903 4548 2993 4616; x_wconf 89' lang='lat' dir='ltr'><strong>qui</strong></span> <span class='ocrx_word' id='word_1_815' title='bbox 3025 4559 3199 4603; x_wconf 88' lang='lat' dir='ltr'><strong>tamen</strong></span> <span class='ocrx_word' id='word_1_816' title='bbox 3229 4565 3324 4617; x_wconf 88' lang='lat' dir='ltr'><strong>per</strong></span> <span class='ocrx_word' id='word_1_817' title='bbox 3351 4558 3584 4604; x_wconf 87' lang='lat' dir='ltr'><strong>naturam</strong></span> <span class='ocrx_word' id='word_1_818' title='bbox 3613 4565 3774 4618; x_wconf 81' lang='lat' dir='ltr'><strong>quam</strong></span> 
     </span>
    </p>
   </div>
   <div class='ocr_carea' id='block_1_109' title="bbox 2201 4638 3774 4708">
    <p class='ocr_par' dir='ltr' id='par_1_109' title="bbox 2201 4638 3774 4708">
     <span class='ocr_line' id='line_1_109' title="bbox 2201 4638 3774 4708; baseline 0.003 -18"><span class='ocrx_word' id='word_1_819' title='bbox 2201 4638 2360 4692; x_wconf 74' lang='lat' dir='ltr'><strong>facit‘</strong></span> <span class='ocrx_word' id='word_1_820' title='bbox 2391 4639 2553 4702; x_wconf 88' lang='lat' dir='ltr'><strong>Deus,</strong></span> <span class='ocrx_word' id='word_1_821' title='bbox 2583 4639 2766 4708; x_wconf 86' lang='lat' dir='ltr'><strong>utique</strong></span> <span class='ocrx_word' id='word_1_822' title='bbox 2795 4639 2918 4692; x_wconf 89' lang='lat' dir='ltr'><strong>boni</strong></span> <span class='ocrx_word' id='word_1_823' title='bbox 2946 4649 3104 4705; x_wconf 87' lang='lat' dir='ltr'><strong>sunt;</strong></span> <span class='ocrx_word' id='word_1_824' title='bbox 3133 4641 3258 4694; x_wconf 89' lang='lat' dir='ltr'><strong>mali</strong></span> <span class='ocrx_word' id='word_1_825' title='bbox 3283 4650 3459 4696; x_wconf 86' lang='lat' dir='ltr'><strong>autem</strong></span> <span class='ocrx_word' id='word_1_826' title='bbox 3484 4640 3774 4696; x_wconf 85' lang='lat' dir='ltr'><strong>secundum</strong></span> 
     </span>
    </p>
   </div>
   <div class='ocr_carea' id='block_1_110' title="bbox 2201 4727 3776 4799">
    <p class='ocr_par' dir='ltr' id='par_1_110' title="bbox 2201 4727 3776 4799">
     <span class='ocr_line' id='line_1_110' title="bbox 2201 4727 3776 4799; baseline 0.001 -18"><span class='ocrx_word' id='word_1_827' title='bbox 2201 4728 2404 4790; x_wconf 85' lang='lat' dir='ltr'><strong>vitium,</strong></span> <span class='ocrx_word' id='word_1_828' title='bbox 2437 4727 2577 4796; x_wconf 89' lang='lat' dir='ltr'><strong>quod</strong></span> <span class='ocrx_word' id='word_1_829' title='bbox 2606 4735 2790 4782; x_wconf 86' lang='lat' dir='ltr'><strong>contra</strong></span> <span class='ocrx_word' id='word_1_830' title='bbox 2819 4737 3058 4782; x_wconf 89' lang='lat' dir='ltr'><strong>naturam</strong></span> <span class='ocrx_word' id='word_1_831' title='bbox 3087 4729 3320 4799; x_wconf 86' lang='lat' dir='ltr'><strong>quidem,</strong></span> <span class='ocrx_word' id='word_1_832' title='bbox 3353 4730 3446 4786; x_wconf 88' lang='lat' dir='ltr'><strong>sed</strong></span> <span class='ocrx_word' id='word_1_833' title='bbox 3475 4739 3644 4784; x_wconf 81' lang='lat' dir='ltr'><strong>tamen</strong></span> <span class='ocrx_word' id='word_1_834' title='bbox 3673 4745 3776 4783; x_wconf 77' lang='lat' dir='ltr'><strong>na-</strong></span> 
     </span>
    </p>
   </div>
   <div class='ocr_carea' id='block_1_111' title="bbox 2203 4817 3773 4884">
    <p class='ocr_par' dir='ltr' id='par_1_111' title="bbox 2203 4817 3773 4884">
     <span class='ocr_line' id='line_1_111' title="bbox 2203 4817 3773 4884; baseline 0 -13"><span class='ocrx_word' id='word_1_835' title='bbox 2203 4830 2333 4872; x_wconf 72' lang='lat' dir='ltr'><strong>turae</strong></span> <span class='ocrx_word' id='word_1_836' title='bbox 2375 4817 2567 4872; x_wconf 86' lang='lat' dir='ltr'><strong>insevit</strong></span> <span class='ocrx_word' id='word_1_837' title='bbox 2603 4819 2880 4884; x_wconf 87' lang='lat' dir='ltr'><strong>inimicus;</strong></span> <span class='ocrx_word' id='word_1_838' title='bbox 2911 4827 2967 4873; x_wconf 82' lang='lat' dir='ltr'><strong>ut</strong></span> <span class='ocrx_word' id='word_1_839' title='bbox 2991 4835 3054 4874; x_wconf 80' lang='lat' dir='ltr'><strong>ex</strong></span> <span class='ocrx_word' id='word_1_840' title='bbox 3094 4819 3195 4874; x_wconf 90' lang='lat' dir='ltr'><strong>hoc</strong></span> <span class='ocrx_word' id='word_1_841' title='bbox 3221 4831 3364 4874; x_wconf 87' lang='lat' dir='ltr'><strong>esset</strong></span> <span class='ocrx_word' id='word_1_842' title='bbox 3393 4829 3575 4874; x_wconf 85' lang='lat' dir='ltr'><strong>natura</strong></span> <span class='ocrx_word' id='word_1_843' title='bbox 3603 4821 3773 4883; x_wconf 82' lang='lat' dir='ltr'><strong>mala,</strong></span> 
     </span>
    </p>
   </div>
   <div class='ocr_carea' id='block_1_112' title="bbox 2201 4909 3774 4979">
    <p class='ocr_par' dir='ltr' id='par_1_112' title="bbox 2201 4909 3774 4979">
     <span class='ocr_line' id='line_1_112' title="bbox 2201 4909 3774 4979; baseline 0.001 -17"><span class='ocrx_word' id='word_1_844' title='bbox 2201 4910 2303 4965; x_wconf 91' lang='lat' dir='ltr'><strong>hoc</strong></span> <span class='ocrx_word' id='word_1_845' title='bbox 2330 4918 2444 4973; x_wconf 87' lang='lat' dir='ltr'><strong>est,</strong></span> <span class='ocrx_word' id='word_1_846' title='bbox 2481 4909 2651 4963; x_wconf 89' lang='lat' dir='ltr'><strong>malus</strong></span> <span class='ocrx_word' id='word_1_847' title='bbox 2691 4909 2869 4964; x_wconf 88' lang='lat' dir='ltr'><strong>homo.</strong></span> <span class='ocrx_word' id='word_1_848' title='bbox 2905 4909 3020 4964; x_wconf 82' lang='lat' dir='ltr'><strong>Non</strong></span> <span class='ocrx_word' id='word_1_849' title='bbox 3059 4911 3200 4965; x_wconf 88' lang='lat' dir='ltr'><strong>enim</strong></span> <span class='ocrx_word' id='word_1_850' title='bbox 3241 4920 3414 4979; x_wconf 87' lang='lat' dir='ltr'><strong>potest</strong></span> <span class='ocrx_word' id='word_1_851' title='bbox 3452 4925 3570 4968; x_wconf 85' lang='lat' dir='ltr'><strong>esse</strong></span> <span class='ocrx_word' id='word_1_852' title='bbox 3605 4911 3774 4964; x_wconf 86' lang='lat' dir='ltr'><strong>ullum</strong></span> 
     </span>
    </p>
   </div>
   <div class='ocr_carea' id='block_1_113' title="bbox 2199 5001 3775 5072">
    <p class='ocr_par' dir='ltr' id='par_1_113' title="bbox 2199 5001 3775 5072">
     <span class='ocr_line' id='line_1_113' title="bbox 2199 5001 3775 5072; baseline 0.001 -16"><span class='ocrx_word' id='word_1_853' title='bbox 2199 5002 2396 5056; x_wconf 87' lang='lat' dir='ltr'><strong>malum</strong></span> <span class='ocrx_word' id='word_1_854' title='bbox 2427 5001 2528 5056; x_wconf 88' lang='lat' dir='ltr'><strong>nisi</strong></span> <span class='ocrx_word' id='word_1_855' title='bbox 2559 5002 2610 5055; x_wconf 89' lang='lat' dir='ltr'><strong>in</strong></span> <span class='ocrx_word' id='word_1_856' title='bbox 2641 5001 2820 5071; x_wconf 89' lang='lat' dir='ltr'><strong>aliquo</strong></span> <span class='ocrx_word' id='word_1_857' title='bbox 2849 5001 3024 5066; x_wconf 90' lang='lat' dir='ltr'><strong>bono;</strong></span> <span class='ocrx_word' id='word_1_858' title='bbox 3051 5003 3174 5072; x_wconf 90' lang='lat' dir='ltr'><strong>quia</strong></span> <span class='ocrx_word' id='word_1_859' title='bbox 3203 5015 3308 5056; x_wconf 89' lang='lat' dir='ltr'><strong>non</strong></span> <span class='ocrx_word' id='word_1_860' title='bbox 3339 5011 3509 5071; x_wconf 86' lang='lat' dir='ltr'><strong>potest</strong></span> <span class='ocrx_word' id='word_1_861' title='bbox 3527 5017 3646 5057; x_wconf 84' lang='lat' dir='ltr'><strong>esse</strong></span> <span class='ocrx_word' id='word_1_862' title='bbox 3669 5003 3775 5057; x_wconf 88' lang='lat' dir='ltr'><strong>nisi</strong></span> 
     </span>
    </p>
   </div>
   <div class='ocr_carea' id='block_1_114' title="bbox 2201 5095 3776 5165">
    <p class='ocr_par' dir='ltr' id='par_1_114' title="bbox 2201 5095 3776 5165">
     <span class='ocr_line' id='line_1_114' title="bbox 2201 5095 3776 5165; baseline 0 -17"><span class='ocrx_word' id='word_1_863' title='bbox 2201 5097 2251 5149; x_wconf 91' lang='lat' dir='ltr'><strong>in</strong></span> <span class='ocrx_word' id='word_1_864' title='bbox 2289 5095 2464 5165; x_wconf 77' lang='lat' dir='ltr'><strong>aliqua</strong></span> <span class='ocrx_word' id='word_1_865' title='bbox 2509 5101 2695 5150; x_wconf 87' lang='lat' dir='ltr'><strong>natura</strong></span> <span class='ocrx_word' id='word_1_866' title='bbox 2727 5113 2740 5149; x_wconf 91' lang='lat'><strong>:</strong></span> <span class='ocrx_word' id='word_1_867' title='bbox 2767 5095 2943 5148; x_wconf 88' lang='lat' dir='ltr'><strong>omnis</strong></span> <span class='ocrx_word' id='word_1_868' title='bbox 2980 5103 3154 5149; x_wconf 89' lang='lat' dir='ltr'><strong>autem</strong></span> <span class='ocrx_word' id='word_1_869' title='bbox 3192 5101 3407 5160; x_wconf 86' lang='lat' dir='ltr'><strong>natura,</strong></span> <span class='ocrx_word' id='word_1_870' title='bbox 3439 5095 3490 5148; x_wconf 87' lang='lat' dir='ltr'><strong>iu</strong></span> <span class='ocrx_word' id='word_1_871' title='bbox 3521 5103 3776 5164; x_wconf 84' lang='lat' dir='ltr'><strong>quantum</strong></span> 
     </span>
    </p>
   </div>
   <div class='ocr_carea' id='block_1_115' title="bbox 2199 5185 3780 5256">
    <p class='ocr_par' dir='ltr' id='par_1_115' title="bbox 2199 5185 3780 5256">
     <span class='ocr_line' id='line_1_115' title="bbox 2199 5185 3780 5256; baseline -0.001 -17"><span class='ocrx_word' id='word_1_872' title='bbox 2199 5197 2385 5240; x_wconf 75' lang='lat' dir='ltr'><strong>neutra</strong></span> <span class='ocrx_word' id='word_1_873' title='bbox 2411 5195 2512 5250; x_wconf 90' lang='lat' dir='ltr'><strong>est,</strong></span> <span class='ocrx_word' id='word_1_874' title='bbox 2540 5186 2738 5244; x_wconf 84' lang='lat' dir='ltr'><strong>bonum</strong></span> <span class='ocrx_word' id='word_1_875' title='bbox 2759 5193 2867 5240; x_wconf 87' lang='lat' dir='ltr'><strong>est.</strong></span> <span class='ocrx_word' id='word_1_876' title='bbox 2897 5185 3188 5256; x_wconf 79' lang='lat' dir='ltr'><strong>Diligenter</strong></span> <span class='ocrx_word' id='word_1_877' title='bbox 3209 5185 3482 5250; x_wconf 84' lang='lat' dir='ltr'><strong>attendite,</strong></span> <span class='ocrx_word' id='word_1_878' title='bbox 3507 5185 3780 5255; x_wconf 73' lang='lat' dir='ltr'><strong>quoinodo</strong></span> 
     </span>
    </p>
   </div>
   <div class='ocr_carea' id='block_1_116' title="bbox 2197 5277 3768 5349">
    <p class='ocr_par' dir='ltr' id='par_1_116' title="bbox 2197 5277 3768 5349">
     <span class='ocr_line' id='line_1_116' title="bbox 2197 5277 3768 5349; baseline -0.003 -16"><span class='ocrx_word' id='word_1_879' title='bbox 2197 5279 2461 5340; x_wconf 83' lang='lat' dir='ltr'><strong>dicantur.</strong></span> <span class='ocrx_word' id='word_1_880' title='bbox 2487 5295 2607 5349; x_wconf 71' lang='lat' dir='ltr'><strong>quae</strong></span> <span class='ocrx_word' id='word_1_881' title='bbox 2637 5279 2780 5334; x_wconf 86' lang='lat' dir='ltr'><strong>velut</strong></span> <span class='ocrx_word' id='word_1_882' title='bbox 2817 5279 3080 5334; x_wconf 85' lang='lat' dir='ltr'><strong>contraria</strong></span> <span class='ocrx_word' id='word_1_883' title='bbox 3121 5279 3260 5333; x_wconf 88' lang='lat' dir='ltr'><strong>inter</strong></span> <span class='ocrx_word' id='word_1_884' title='bbox 3293 5293 3352 5333; x_wconf 85' lang='lat' dir='ltr'><strong>se</strong></span> <span class='ocrx_word' id='word_1_885' title='bbox 3381 5277 3480 5333; x_wconf 88' lang='lat' dir='ltr'><strong>diei</strong></span> <span class='ocrx_word' id='word_1_886' title='bbox 3508 5278 3768 5339; x_wconf 84' lang='lat' dir='ltr'><strong>videntur,</strong></span> 
     </span>
    </p>
   </div>
   <div class='ocr_carea' id='block_1_117' title="bbox 2195 5367 3772 5438">
    <p class='ocr_par' dir='ltr' id='par_1_117' title="bbox 2195 5367 3772 5438">
     <span class='ocr_line' id='line_1_117' title="bbox 2195 5367 3772 5438; baseline -0.001 -14"><span class='ocrx_word' id='word_1_887' title='bbox 2195 5379 2249 5424; x_wconf 82' lang='lat' dir='ltr'><strong>et</strong></span> <span class='ocrx_word' id='word_1_888' title='bbox 2273 5385 2380 5425; x_wconf 87' lang='lat' dir='ltr'><strong>non</strong></span> <span class='ocrx_word' id='word_1_889' title='bbox 2407 5380 2532 5425; x_wconf 90' lang='lat' dir='ltr'><strong>sunt</strong></span> <span class='ocrx_word' id='word_1_890' title='bbox 2555 5389 2566 5423; x_wconf 92' lang='lat'><strong>:</strong></span> <span class='ocrx_word' id='word_1_891' title='bbox 2592 5371 2634 5423; x_wconf 86' lang='lat' dir='ltr'><strong>si</strong></span> <span class='ocrx_word' id='word_1_892' title='bbox 2657 5377 2836 5424; x_wconf 83' lang='lat' dir='ltr'><strong>tanton</strong></span> <span class='ocrx_word' id='word_1_893' title='bbox 2857 5385 2964 5423; x_wconf 86' lang='lat' dir='ltr'><strong>non</strong></span> <span class='ocrx_word' id='word_1_894' title='bbox 2993 5369 3201 5437; x_wconf 83' lang='lat' dir='ltr'><strong>penitus</strong></span> <span class='ocrx_word' id='word_1_895' title='bbox 3223 5370 3364 5422; x_wconf 83' lang='lat' dir='ltr'><strong>fumo</strong></span> <span class='ocrx_word' id='word_1_896' title='bbox 3387 5367 3624 5438; x_wconf 73' lang='lat' dir='ltr'><strong>superbae</strong></span> <span class='ocrx_word' id='word_1_897' title='bbox 3643 5381 3772 5422; x_wconf 66' lang='lat' dir='ltr'><strong>eum</strong></span> 
     </span>
    </p>
   </div>
   <div class='ocr_carea' id='block_1_118' title="bbox 2199 5461 3008 5530">
    <p class='ocr_par' dir='ltr' id='par_1_118' title="bbox 2199 5461 3008 5530">
     <span class='ocr_line' id='line_1_118' title="bbox 2199 5461 3008 5530; baseline -0.005 -13"><span class='ocrx_word' id='word_1_898' title='bbox 2199 5462 2447 5517; x_wconf 87' lang='lat' dir='ltr'><strong>tentionis</strong></span> <span class='ocrx_word' id='word_1_899' title='bbox 2469 5463 2656 5516; x_wconf 88' lang='lat' dir='ltr'><strong>oculos</strong></span> <span class='ocrx_word' id='word_1_900' title='bbox 2687 5461 3008 5530; x_wconf 85' lang='lat' dir='ltr'><strong>perdidistis.</strong></span> 
     </span>
    </p>
   </div>
   <div class='ocr_carea' id='block_1_119' title="bbox 2265 5549 3780 5620">
    <p class='ocr_par' dir='ltr' id='par_1_119' title="bbox 2265 5549 3780 5620">
     <span class='ocr_line' id='line_1_119' title="bbox 2265 5549 3780 5620; baseline -0.006 -12"><span class='ocrx_word' id='word_1_901' title='bbox 2265 5553 2422 5608; x_wconf 77' lang='lat' dir='ltr'><strong>CXV.</strong></span> <span class='ocrx_word' id='word_1_902' title='bbox 2455 5553 2572 5608; x_wconf 77' lang='lat' dir='ltr'><strong>IUL.</strong></span> <span class='ocrx_word' id='word_1_903' title='bbox 2601 5556 2677 5608; x_wconf 80' lang='lat' dir='ltr'><strong>Ac</strong></span> <span class='ocrx_word' id='word_1_904' title='bbox 2707 5569 2772 5607; x_wconf 92' lang='lat' dir='ltr'><strong>ne</strong></span> <span class='ocrx_word' id='word_1_905' title='bbox 2807 5553 3134 5607; x_wconf 78' lang='lat' dir='ltr'><strong>nesciremus</strong></span> <span class='ocrx_word' id='word_1_906' title='bbox 3155 5553 3174 5583; x_wconf 78' lang='grc'>⁸</span> <span class='ocrx_word' id='word_1_907' title='bbox 3201 5550 3267 5604; x_wconf 91' lang='lat' dir='ltr'><strong>de</strong></span> <span class='ocrx_word' id='word_1_908' title='bbox 3295 5566 3398 5620; x_wconf 88' lang='lat' dir='ltr'><strong>quo</strong></span> <span class='ocrx_word' id='word_1_909' title='bbox 3425 5560 3660 5616; x_wconf 80' lang='lat' dir='ltr'><strong>tempore</strong></span> <span class='ocrx_word' id='word_1_910' title='bbox 3691 5549 3780 5600; x_wconf 72' lang='lat' dir='ltr'><strong>lo-</strong></span> 
     </span>
    </p>
   </div>
   <div class='ocr_carea' id='block_1_120' title="bbox 2262 5685 3634 5750">
    <p class='ocr_par' dir='ltr' id='par_1_120' title="bbox 2262 5685 3634 5750">
     <span class='ocr_line' id='line_1_120' title="bbox 2262 5685 3634 5750; baseline 0.011 -15"><span class='ocrx_word' id='word_1_911' title='bbox 2262 5692 2276 5722; x_wconf 86' lang='grc'>¹</span> <span class='ocrx_word' id='word_1_912' title='bbox 2299 5689 2434 5746; x_wconf 75' lang='lat' dir='ltr'><strong>Editi,</strong></span> <span class='ocrx_word' id='word_1_913' title='bbox 2460 5686 2590 5750; x_wconf 77' lang='lat' dir='ltr'><strong>fecit.</strong></span> <span class='ocrx_word' id='word_1_914' title='bbox 2619 5693 2747 5738; x_wconf 75' lang='lat' dir='ltr'><strong>Mss..</strong></span> <span class='ocrx_word' id='word_1_915' title='bbox 2771 5685 2905 5746; x_wconf 65' lang='grc' dir='ltr'><strong>[σεα-</strong></span> <span class='ocrx_word' id='word_1_916' title='bbox 3064 5743 3076 5750; x_wconf 90' lang='lat'><em>_</em></span> <span class='ocrx_word' id='word_1_917' title='bbox 3553 5741 3563 5749; x_wconf 91' lang='lat'><strong>.</strong></span> <span class='ocrx_word' id='word_1_918' title='bbox 3604 5743 3634 5750; x_wconf 85' lang='lat'><strong>..</strong></span> 
     </span>
    </p>
   </div>
   <div class='ocr_carea' id='block_1_121' title="bbox 2261 5743 3683 5810">
    <p class='ocr_par' dir='ltr' id='par_1_121' title="bbox 2261 5743 3683 5810">
     <span class='ocr_line' id='line_1_121' title="bbox 2261 5743 3683 5810; baseline -0.005 -12"><span class='ocrx_word' id='word_1_919' title='bbox 2261 5755 2279 5783; x_wconf 71' lang='lat'>&#39;</span> <span class='ocrx_word' id='word_1_920' title='bbox 2305 5743 2436 5810; x_wconf 58' lang='grc' dir='ltr'><strong>κακῇ</strong></span> <span class='ocrx_word' id='word_1_921' title='bbox 2460 5743 2521 5799; x_wconf 71' lang='lat' dir='ltr'><strong>&#39;ac</strong></span> <span class='ocrx_word' id='word_1_922' title='bbox 2546 5763 2602 5798; x_wconf 86' lang='lat' dir='ltr'><strong>ne</strong></span> <span class='ocrx_word' id='word_1_923' title='bbox 2626 5743 2870 5798; x_wconf 69' lang='lat' dir='ltr'><strong>sciremus.</strong></span> <span class='ocrx_word' id='word_1_924' title='bbox 2899 5743 3218 5795; x_wconf 77' lang='lat' dir='ltr'><strong>Emendantur</strong></span> <span class='ocrx_word' id='word_1_925' title='bbox 3243 5754 3304 5792; x_wconf 77' lang='lat' dir='ltr'><strong>ex</strong></span> <span class='ocrx_word' id='word_1_926' title='bbox 3331 5743 3683 5806; x_wconf 79' lang='lat' dir='ltr'><strong>tuanuscriptis.</strong></span> 
     </span>
    </p>
   </div>
  </div>
