2059 3200
8 2059 14 2077 ι

7 2107 14 2127 t

7 2154 14 2171 Ι

7 2198 16 2219 Ι

9 2239 15 2263 t

7 2291 15 2312 Ι

7 2336 15 2358 ι

9 2383 16 2400 ι

7 2429 16 2450 Ι

7 2470 17 2496 ι

7 2522 15 2540 ι

7 2567 16 2591 μ

7 2613 16 2636 Ι

7 2662 16 2683 1

7 2706 16 2728 1

190 150 256 177 ΗΞὸ
869 145 970 172 LIBER
990 144 1124 172 I‘IiiMUS.
1747 150 1817 180 ".26

185 206 321 240 quereris;
341 205 375 231 ab
392 204 490 236 Adam,
507 210 584 237 quem
602 202 640 228 ais
660 208 740 228 unum
762 207 855 227 omnes
875 199 972 233 fuisse,

185 259 266 285 usque
280 251 311 277 ad
327 250 416 283 ﬁnem,
430 249 474 284 qui
487 247 610 283 baptizati
625 254 678 274 non
690 251 762 278 sunt,
773 245 934 272 damnationi
948 250 975 273 et

185 297 290 324 diabolo
304 297 433 324 obnoxios
454 294 607 330 pronuntias
621 293 744 320 inveniri.
760 292 788 319 In
800 300 851 327 qua
865 296 972 319 sentcn-

184 345 219 372 Iia
233 345 316 372 multo
331 348 357 372 te
375 342 550 379 perniciosius
563 349 657 369 curare
676 340 783 373 niteris,
799 347 877 374 quam
896 344 973 366 antea

184 390 339 417 vulnerasti.
360 389 426 416 Nam
449 393 478 416 ut
498 394 652 415 removeres
674 386 798 414 invidiam
818 393 878 419 qua:
899 385 926 412 in
948 389 973 411 te

183 437 286 468 ruebat,
298 435 369 471 quod
381 435 483 462 diceres
495 434 628 461 diabolum
641 433 806 460 conditorem
820 431 971 462 hominum;

183 485 319 509 correctus
340 479 476 508 conﬁteris
498 479 581 506 Deum
604 478 788 510 conditorem,
811 476 858 502 sed
883 476 971 502 taliunt

185 526 275 561 quales
288 526 416 554 adscribit
428 525 588 552 Manichatus
608 524 718 559 principi
736 522 904 551 tenebrarum
916 522 936 548 ¹.

218 573 284 601 Auc.
301 581 311 598 ι
327 572 426 600 Omnes
438 571 559 599 homines
569 571 619 597 sub
633 574 739 604 peccato
749 568 892 600 nascimur,
904 574 972 602 quo-

183 625 240 645 rum
254 618 310 652 ipse
323 622 396 645 ortus
411 617 438 644 in
452 617 516 643 vitio
528 621 578 644 est.
595 625 603 642 ι
618 616 672 642 lloc
686 622 740 642 non
752 614 818 641 dixit
832 613 972 641 haereticus

183 662 333 689 immundus
343 662 513 692 Manichacus.
525 661 571 689 sed
582 661 728 688 catholicus
741 664 848 687 sanctus
860 658 973 686 Ambro-

181 708 237 734 sius
251 706 302 742 (De
315 706 476 738 Paenitentia,
489 706 571 738 libri,
586 715 643 741 mp.
655 706 673 732 ‘2
685 705 724 732 vel
736 705 773 739 5).
788 705 870 732 Porro
883 708 971 731 autem

181 752 343 780 Manichatus
357 759 406 780 nec
420 760 526 779 omnem
542 756 681 784 naturam,
695 751 722 777 in
734 754 862 785 quantum
879 754 971 777 natura

181 805 238 832 est,
253 798 319 826 dicit
336 799 450 831 bonam;
464 806 513 826 nec
531 806 589 825 eam
607 805 687 832 quam
702 797 766 824 dicit
778 801 900 824 naturam
914 803 971 822 ma-

182 844 244 877 Iam,
255 844 309 870 ullo
320 844 398 871 modo
409 844 473 870 dicit
483 844 570 871 sanari
583 850 660 877 posse
670 850 701 869 ac
711 842 767 870 ﬁeri
777 842 872 869 bonam
884 850 890 868 :
901 841 971 876 quod

180 890 308 917 catholica
324 890 391 917 ﬁdes
403 890 467 917 dicit
480 890 514 917 de
526 894 619 916 natura
633 889 749 915 humana
762 888 916 922 pusillorum
930 891 970 914 ιιι-

179 943 231 970 que
245 943 412 971 magnorum,
428 939 455 963 et
469 939 559 962 contra
574 934 732 961 Manieha‘os
746 938 773 960 et
787 937 878 960 contra
894 933 970 959 Pela-

179 981 282 1016 gianos,
295 986 423 1016 utrosque
434 980 548 1008 diversis
561 980 671 1012 morbis,
684 979 729 1006 sed
744 979 841 1012 pariter
851 979 969 1006 insanos.

214 1026 306 1054 CXVI.
320 1026 380 1054 ιυι..
394 1027 537 1054 Enimvero
548 1026 661 1053 credens
676 1025 760 1052 malos
773 1032 834 1052 esse
849 1024 971 1052 homines

178 1071 331 1099 conditione
352 1064 494 1104 nascendi,
511 1072 584 1098 illum
603 1071 642 1099 eis
662 1071 799 1106 deputavit
817 1075 968 1102 auctorem,

178 1124 224 1150 per
234 1123 312 1151 quem
326 1117 387 1144 mali
398 1117 486 1151 operis
496 1117 597 1144 crimen
607 1123 622 1142 a
633 1116 689 1144 Deo
699 1116 770 1143 bono
781 1119 968 1150 separaretur:

177 1166 204 1188 et
213 1162 337 1196 quoniam
348 1167 483 1189 erraverat
499 1162 524 1188 in
536 1161 691 1189 deﬁnitione
702 1161 814 1196 peccati,
826 1165 853 1187 ut
867 1164 970 1194 putaret

177 1207 298 1234 naturale
309 1215 380 1238 esse.
391 1207 462 1241 quod
476 1208 525 1234 nisi
539 1207 716 1234 voluntarium
726 1213 786 1234 esse
797 1213 850 1232 non
864 1210 967 1240 potest;

175 1257 370 1288 consequenter
381 1253 506 1287 deinceps
521 1252 596 1279 mala:
607 1252 717 1286 originis
731 1252 828 1278 malum
840 1256 881 1278 cst
892 1258 968 1278 com-

176 1302 280 1324 mentus
295 1297 442 1329 artiﬁcem;
459 1297 502 1324 hic
516 1297 665 1332 religiosior
678 1297 705 1323 in
720 1296 814 1327 Deum,
828 1300 967 1323 contuma-

175 1343 231 1370 cior
246 1343 273 1370 in
286 1348 418 1370 naturam.
433 1343 472 1370 Tu
485 1350 549 1370 vero
561 1343 627 1370 dicis
637 1362 645 1375 ,
660 1342 745 1369 malos
757 1342 864 1377 quidem
878 1341 965 1374 nasci,

175 1387 223 1416 sed
242 1388 325 1415 Deum
345 1396 405 1415 esse
424 1393 559 1416 auctorem
576 1388 706 1415 malorum
720 1395 727 1414 :
743 1387 925 1414 contumacior
939 1391 966 1413 tu

176 1433 202 1459 in
222 1433 322 1466 Deum,
343 1432 562 1460 honoriﬁcentior
583 1433 609 1460 in
632 1437 754 1459 naturam
770 1440 778 1459 :
794 1431 851 1459 haec
869 1431 967 1466 quippe

175 1477 291 1505 auctoris
307 1478 445 1512 maiestate
459 1477 618 1510 defenditur,
633 1483 727 1505 auctor
742 1481 830 1505 autem
849 1477 966 1504 iteditata

175 1522 264 1557 operis
275 1527 423 1549 accusatur.

209 1567 275 1595 Anc.
291 1567 393 1594 Accusa
404 1575 468 1603 ergo
479 1563 572 1600 Deum,
584 1567 605 1594 si
620 1568 716 1602 placet.
728 1568 816 1602 operis
826 1567 944 1595 fmditate
957 1577 963 1595 :

174 1610 387 1647 quandoquidem
400 1613 487 1647 aliqua
498 1621 610 1648 corpora
623 1618 674 1640 tam
688 1613 757 1641 {teda
770 1618 921 1645 nascuntur,
937 1617 965 1640 ut

173 1658 298 1685 nonnulla
314 1658 340 1685 iu
357 1658 396 1686 eis
412 1659 492 1686 nimia
505 1659 674 1687 deformitate
693 1659 772 1686 etiam
793 1664 910 1686 monstra
925 1659 965 1686 di-

173 1707 278 1730 cantur.
293 1703 350 1730 Non
364 1704 434 1731 enim
450 1704 517 1731 alius
529 1704 606 1735 deus.
622 1704 690 1732 sicut
704 1704 865 1732 Manichmus
880 1704 963 1738 ﬁngit,

174 1752 218 1774 aut
228 1746 264 1774 dii
276 1748 404 1782 minores,
416 1749 485 1776 sicut
497 1749 572 1776 Plato
582 1754 664 1781 errat,
675 1755 737 1777 sunt
747 1758 889 1784 corporum
901 1758 965 1777 cou-

174 1793 274 1820 ditores
290 1802 297 1820 :
315 1793 361 1820 sed
382 1794 473 1828 utique
493 1794 564 1822 Deus
585 1795 670 1822 bonus
691 1799 718 1822 et
734 1795 821 1830 justus
840 1801 964 1830 operatur

173 1838 254 1865 etiam
267 1846 379 1873 corpora
395 1839 455 1866 talia
465 1840 490 1871 ';
506 1847 566 1875 qua:
578 1840 600 1866 si
615 1840 715 1868 referas
727 1841 759 1867 ad
774 1848 855 1876 grave
871 1841 963 1876 jugum

173 1890 255 1919 super
274 1885 341 1912 li‘lios
357 1884 442 1912 Adam
457 1884 556 1920 (Eccli.
573 1893 623 1918 ιι..
640 1887 653 1913 ι
663 1886 672 1921 )
682 1906 689 1918 ,
704 1886 824 1914 invenies
839 1894 900 1914 eum
915 1894 965 1915 nec

174 1930 283 1964 malum,
295 1931 400 1966 qualem
412 1931 572 1959 Manichmus
583 1930 743 1959 fabricandis
753 1933 907 1968 corporibus
917 1933 965 1961 ad-

174 1975 262 2008 hibet;
284 1983 332 2003 nec
352 1977 449 2004 victum
468 1977 596 2012 malisque
617 1977 778 2012 implicatutn
793 1982 872 2013 atque
888 1986 963 2006 00m-

173 2021 284 2049 mixtum
295 2042 303 2055 ,
319 2021 389 2057 quod
404 2022 563 2050 Manicbmus
576 2023 609 2050 de
626 2023 680 2050 Deo
699 2023 770 2051 bono
786 2023 896 2051 credere
910 2032 963 2052 non

174 2067 264 2099 timet;
279 2067 325 2094 sed
340 2067 418 2102 plane
429 2067 528 2103 justum
545 2073 654 2103 propter
670 2068 796 2103 originale
811 2074 962 2103 peccatum,

171 2113 276 2147 qualem
290 2112 357 2141 ﬁdes
369 2113 497 2141 catholica
511 2115 593 2148 novit,
606 2122 620 2141 a
632 2122 683 2150 qua
698 2119 785 2142 vester
796 2122 872 2142 error
885 2122 963 2142 exor-

172 2159 274 2186 bitavit.
288 2159 380 2195 Neque
392 2160 462 2187 enim
473 2181 480 2192 ,
494 2160 517 2187 si
533 2168 611 2187 nemo
630 2165 782 2195 peccasset,
800 2160 868 2188 foeda
883 2165 962 2196 atque

174 2209 321 2231 monstrosa
336 2205 414 2232 etiam
429 2205 456 2232 in
471 2205 593 2240 paradiso
607 2213 718 2241 corpora
734 2210 915 2233 nascerentur.

207 2246 309 2276 CXVII.
323 2249 383 2277 εἰει.
397 2248 454 2277 Non
470 2249 590 2284 timuisti,
606 2251 804 2282 scelestissime,
819 2250 870 2278 hoc
883 2251 962 2286 appli-

172 2302 233 2321 care
246 2293 309 2325 Dco,
320 2294 390 2329 quod
403 2303 435 2321 ne
445 2295 469 2321 ei
482 2295 636 2322 admoveret
648 2294 819 2328 Manichtcus,
829 2303 962 2323 commcn-

172 2343 214 2365 tus
225 2343 265 2365 est
275 2338 356 2366 alium
366 2338 531 2367 conditorem
544 2348 550 2365 :
562 2339 640 2367 ambo
650 2339 756 2374 quidem
766 2340 831 2368 estis
843 2341 961 2368 veritatis

172 2385 282 2418 inimici,
294 2384 341 2413 sed
355 2385 496 2420 putabatur
510 2389 571 2412 ante
583 2390 607 2413 te
618 2394 669 2414 non
684 2393 762 2421 posse
772 2386 816 2414 ille
826 2386 961 2422 impietate

170 2430 299 2465 superari.

205 2478 274 2505 Auc.
288 2478 357 2505 Ante
371 2485 413 2504 me
425 2482 483 2504 erat
495 2477 663 2510 Ambrosius,
677 2477 721 2511 qui
741 2485 792 2504 non
806 2482 863 2505 erat
875 2478 959 2505 Mani-

171 2519 278 2554 chacus;
292 2527 353 2549 antc
366 2522 450 2556 ipsum
465 2520 589 2554 Hilarius,
602 2517 762 2557 Gregorius;
777 2527 838 2550 ante
852 2523 901 2550 hos
912 2523 961 2559 Cy-

173 2566 296 2599 prianus,
312 2571 339 2594 et
351 2567 457 2600 emteri,
473 2575 541 2603 quos
556 2575 767 2595 commemorare
781 2568 888 2603 longum
901 2573 958 2601 est,

171 2610 217 2644 qui
232 2618 284 2637 non
299 2616 374 2638 erant
387 2610 534 2639 Manichati.
550 2613 584 2640 Iit
598 2616 685 2640 tamen
699 2613 846 2640 Ecclesiam
859 2613 959 2640 docue-

172 2660 248 2687 runt,
265 2656 335 2690 quod
355 2655 380 2684 in
400 2655 520 2685 Ecclesia
533 2657 698 2691 didicerunt,
717 2659 822 2686 trahere
836 2659 966 2693 parvulos

171 2702 299 2736 originale
318 2707 465 2736 peccatum,
479 2709 505 2731 et
517 2704 698 2732 exsulilandos
710 2705 737 2733 in
751 2706 915 2737 exorcismis,
931 2711 959 2732 ιιι

203 2790 208 2805 ¹
224 2790 258 2825 sic
277 2795 365 2825 ornnes
377 2792 429 2825 Mss.
440 2787 501 2825 Editi
521 2793 616 2825 autem.
629 2791 672 2818 sed
683 2793 759 2818 alium
770 2793 863 2825 qualem
875 2792 958 2818 scribit

172 2820 314 2845 tinnirth
326 2819 458 2852 principem
475 2820 634 2845 tenebrarum.
667 2846 669 2849 ,

202 2852 211 2866 ³
223 2854 276 2875 Mss.
289 2855 342 2875 star.
358 2854 382 2876 et
400 2855 472 2880 νυνι..
484 2851 626 2880 corporalia.

1028 205 1154 226 eruantur
1169 200 1203 227 de
1222 206 1351 235 potesmte
1370 203 1554 237 tenebrarum,
1570 206 1637 232 etin
1652 212 1763 240 regnum
1776 209 1820 236 sui

1026 245 1170 273 Salvatoris
1179 250 1206 273 et
1217 246 1322 275 Domini
1333 247 1526 277 transferantur
1535 249 1645 283 (Colon.
1656 258 1676 283 ι.
1689 252 1742 287 15).
1750 252 1819 287 Quo-

1027 291 1098 317 niam
1108 290 1230 318 Christus
1241 292 1263 319 si
1276 292 1357 323 etiam
1372 301 1420 328 pro
1432 294 1496 329 ipsis
1508 300 1630 324 mortuus
1643 302 1694 331 est,
1708 298 1778 333 quod
1790 305 1819 328 et

1027 340 1055 364 ιιι
1065 341 1175 364 coactus
1186 345 1216 365 es
1227 338 1359 372 conﬁteri,
1373 347 1434 375 ergo
1446 349 1531 368 omnes
1543 342 1634 369 mortui
1645 348 1704 370 sunt
1716 348 1758 371 :u
1770 353 1818 380 pro

1026 379 1140 406 omnibus
1150 384 1262 408 mortuus
1271 386 1323 414 est;
1341 383 1410 417 quod
1425 384 1462 410 ait
1474 384 1617 419 Apostolus
1627 386 1661 421 (Il
1672 386 1731 414 Cor.
1741 379 1774 420 v,
1784 389 1818 416 ιι

1026 430 1048 451 ct
1060 425 1107 458 15)
1123 434 1130 452 :
1144 426 1188 460 qui
1200 426 1320 460 profecto
1334 428 1356 455 si
1368 429 1513 457 secundum
1525 430 1606 458 verba
1616 434 1660 459 tua
1670 432 1750 461 etiam
1760 433 1816 469 ipse

1025 471 1184 499 Maniehzeus
1197 473 1257 506 erit,
1268 473 1324 508 jam
1339 478 1367 501 tu
1383 475 1446 510 quid
1460 475 1533 504 eris!

1061 517 1174 545 CXVIII.
1188 518 1247 548 Jun.
1261 519 1305 547 Tu.
1316 528 1380 548 vero
1395 521 1563 556 justiticasti,
1579 527 1608 551 ut
1621 523 1748 559 propheta
1763 526 1816 557 ait,

1025 570 1144 591 sororem
1163 568 1234 591 tuam
1254 565 1398 593 Sodomam
1416 566 1529 601 (Euclt.
1549 576 1611 602 xvr,
1629 569 1675 605 5i)
1690 578 1698 597 :
1713 570 1816 598 absolvi

1024 609 1158 644 putabitur
1168 609 1339 644 Manichaius,
1351 611 1372 639 si
1386 613 1440 640 tuis
1449 613 1622 648 blasphemiis
1635 621 1816 651 comparetur.

1024 654 1158 683 Gloriatus
1171 656 1196 683 iu
1212 657 1297 691 primo
1312 658 1400 692 operis
1415 659 1467 686 mei
1485 659 1552 687 libro
1565 659 1668 688 fueram
1678 681 1685 693 ,
1699 661 1769 696 quod
1782 669 1816 689 co

1024 707 1070 728 ore
1084 700 1225 735 lucerarer,
1239 710 1292 737 quo
1307 708 1333 730 et
1347 704 1467 737 Apostoli
1482 704 1604 740 injurtam
1621 706 1792 741 pertulissent
1806 716 1813 733 :

1025 754 1095 773 nunc
1109 754 1171 773 vero
1190 754 1339 782 expavesco
1355 749 1564 783 magnitudinem
1578 751 1714 780 felicitatis
1727 759 1815 786 meat;

1024 791 1057 819 ab
1071 799 1103 819 eo
1117 792 1260 827 vituperor,
1276 793 1321 828 qui
1335 794 1492 822 criminatur
1505 795 1601 823 Deum.

1059 839 1128 866 Aue.
1143 839 1185 865 Ab
1197 846 1230 866 eo
1242 840 1400 874 vimper-aris
1410 862 1417 874 ,
1432 842 1476 876 qui
1491 849 1552 870 cum
1568 843 1708 872 Ambrosio
1720 849 1746 872 et
1759 852 1815 872 em-

1025 883 1089 910 teris
1101 884 1180 911 sociis
1194 884 1266 919 ejus,
1280 886 1361 913 etiam
1375 887 1544 921 parvulorum
1558 888 1727 917 liberatorem
1745 898 1815 925 pra:-

1023 927 1094 956 dicat
1105 929 1239 958 Christum
1256 939 1354 966 :quem
1370 937 1397 959 tu
1416 941 1468 960 non
1488 934 1574 961 solum
1589 935 1741 963 criminaris
1752 941 1815 964 tan-

1023 982 1101 1008 quam
1126 976 1316 1010 mentientem,
1339 978 1381 1005 ubi
1401 978 1465 1006 dicit
1486 987 1515 1007 se
1539 981 1643 1009 venisse
1664 982 1766 1009 salvare
1786 987 1815 1009 et

1023 1027 1142 1054 quaerere
1156 1023 1226 1056 quod
1244 1023 1359 1057 perierat
1374 1024 1453 1059 (Luc.
1469 1034 1525 1058 xix,
1542 1026 1590 1061 10)
1604 1035 1611 1058 ;
1627 1035 1718 1055 verum
1732 1028 1814 1056 etiam

1023 1067 1182 1094 contradicis
1193 1069 1228 1100 ei,
1245 1076 1278 1096 ne
1292 1070 1432 1097 salvandos
1447 1072 1570 1105 parvulos
1584 1078 1693 1107 qumt’at.

1057 1111 1149 1141 CXIX.
1161 1112 1221 1140 λιιι..
1235 1113 1308 1141 Unde
1321 1115 1384 1142 mihi
1396 1116 1492 1143 accidit
1506 1121 1584 1144 tanta:
1594 1119 1762 1146 contumelia:
1773 1119 1814 1146 di-

1022 1156 1125 1188 gnitas?
1138 1157 1209 1185 Nihil
1224 1159 1249 1184 in
1265 1167 1307 1186 me
1322 1160 1374 1187 tale
1388 1160 1510 1188 conferre
1525 1162 1657 1189 laudando
1670 1164 1811 1198 potuisses.

1021 1200 1104 1228 Seusa
1116 1210 1181 1234 ,mea
1197 1202 1263 1230 dicis
1277 1211 1336 1231 esse
1352 1205 1535 1239 reprobauda;
1549 1207 1595 1234 sed
1610 1207 1656 1234 DI'I
1670 1216 1750 1243 opera
1762 1209 1811 1235 da-

1021 1247 1135 1274 mnanda
1155 1257 1162 1274 :
1183 1256 1226 1276 me
1248 1250 1318 1277 male
1338 1250 1492 1285 disputare;
1515 1252 1562 1280 sed
1585 1253 1667 1280 Deum
1691 1257 1813 1290 nequiter

1020 1300 1112 1320 creare
1126 1295 1280 1328 pronuntias
1295 1304 1301 1322 :
1316 1304 1357 1322 me
1371 1304 1461 1324 errare
1474 1298 1589 1331 clamas;
1605 1299 1678 1326 illum
1693 1301 1789 1329 s'evire
1803 1310 1810 1328 :

1020 1346 1063 1366 me
1075 1340 1174 1367 asseris
1187 1341 1292 1368 nescire
1310 1341 1412 1376 legem;
1434 1343 1514 1370 Deum
1533 1352 1596 1371 vero
1614 1346 1717 1373 nescire
1730 1346 1812 1380 justi-

1020 1384 1082 1411 tiam
1099 1392 1106 1412 :
1121 1393 1165 1412 me
1177 1385 1329 1414 vociferaris
1344 1388 1503 1416 catholicum
1520 1397 1572 1416 non
1592 1398 1670 1422 esse,
1684 1391 1753 1426 quod
1768 1392 1811 1419 di-

1017 1436 1076 1456 cam
1087 1430 1220 1458 Christum
1231 1439 1375 1466 provocare
1384 1441 1451 1468 quos
1460 1434 1558 1467 salvet;
1571 1435 1653 1464 Deum
1665 1444 1728 1469 vero
1735 1437 1811 1472 juras

1018 1483 1110 1503 creare
1124 1484 1192 1511 quos
1208 1477 1331 1510 damnet,
1351 1487 1400 1506 nec
1419 1480 1454 1507 ob
1473 1480 1544 1508 aliud
1564 1482 1697 1515 condere,
1713 1484 1763 1511 nisi
1782 1489 1812 1511 ut

1019 1526 1081 1548 eant
1094 1529 1187 1549 omnes
1201 1523 1228 1550 in
1241 1524 1501 1553 condemnationem.

1054 1568 1121 1596 Anc.
1134 1568 1189 1596 Hoc
1201 1574 1228 1596 et
1241 1569 1273 1596 de
1286 1570 1450 1604 praescientia
1464 1572 1509 1599 Dei
1520 1572 1572 1599 dici
1587 1578 1683 1607 potest,
1694 1582 1753 1609 qua:
1767 1579 1809 1601 ta-

1018 1620 1078 1640 men
1091 1621 1106 1640 a
1123 1613 1244 1642 ﬁdelibus
1263 1616 1350 1649 negari
1367 1623 1419 1643 non
1438 1621 1543 1652 potest,
1557 1623 1582 1645 et
1599 1624 1662 1652 puto
1674 1619 1744 1654 qttod
1760 1627 1810 1648 nec

1017 1665 1030 1683 a
1046 1659 1129 1685 vobis.
1145 1660 1198 1686 Aut
1218 1665 1312 1695 negate
1331 1661 1415 1688 Deum
1437 1663 1575 1697 prmscium
1597 1665 1694 1692 multos
1712 1672 1742 1692 se
1758 1666 1807 1692 da-

1018 1710 1167 1732 mnaturmn
1182 1713 1242 1733 esse
1254 1714 1319 1741 quos
1333 1712 1424 1739 Creat,
1441 1716 1474 1736 ne
1492 1709 1614 1737 videatur
1631 1718 1724 1738 creare
1741 1718 1809 1746 quos

1017 1751 1141 1784 damnet;
1154 1753 1259 1787 etquod
1271 1758 1311 1780 cst
1323 1754 1469 1782 mirabilius
1481 1760 1508 1782 et
1519 1756 1727 1790 inscrutabilius,
1739 1758 1809 1785 utul-

1019 1802 1069 1831 tos,
1085 1805 1119 1825 ne
1132 1798 1230 1825 malitia
1245 1803 1326 1826 mutet
1342 1806 1434 1826 eorum
1453 1800 1627 1833 intellectum,
1642 1801 1676 1829 de
1691 1802 1740 1829 hac
1754 1803 1806 1829 vita

1018 1851 1070 1870 non
1083 1844 1090 1858 ¹
1104 1851 1197 1877 rapere
1213 1842 1295 1879 (Sap.
1314 1852 1352 1877 tv,
1369 1845 1398 1872 li
1410 1844 1430 1881 ),
1445 1853 1510 1880 quos
1528 1847 1614 1873 malos
1633 1846 1735 1874 futuros
1751 1855 1807 1875 non

1017 1894 1105 1925 potest
1123 1889 1257 1924 ignorare.
1275 1890 1340 1918 Date
1354 1890 1481 1918 honorem
1498 1891 1552 1919 Deo
1567 1901 1573 1919 :
1587 1892 1719 1920 altitudini
1733 1893 1806 1927 judi-

1017 1935 1116 1962 ciorum
1130 1934 1189 1970 ejus
1200 1935 1276 1963 cedat
1288 1942 1435 1963 vestrorum
1446 1937 1554 1971 crepula
1566 1940 1641 1965 ruiua
1653 1940 1805 1972 verborum,

1016 1981 1091 2016 quasi
1107 1980 1189 2008 nitida
1203 1985 1230 2008 et
1243 1986 1318 2009 acuta
1330 1983 1351 2015 ',
1366 1983 1412 2009 sed
1428 1983 1520 2010 vitrea.

1051 2026 1132 2054 CXX.
1143 2026 1202 2055 ιω..
1218 2027 1287 2054 Inter
1297 2032 1322 2055 te
1333 2028 1412 2063 igitur
1419 2032 1447 2055 et
1457 2028 1629 2057 Manicltmum
1641 2036 1806 2065 prosatorem

1017 2080 1142 2100 sensuum
1156 2077 1272 2105 tuorum,
1284 2073 1361 2101 video
1371 2081 1418 2108 per
1431 2074 1576 2107 proiectum
1588 2076 1743 2103 eruditionis
1754 2081 1807 2104 tua:

1017 2126 1137 2153 magnam
1153 2119 1247 2146 factam
1262 2126 1322 2146 esse
1334 2119 1497 2147 distantiam.
1517 2120 1563 2148 Ille
1577 2121 1647 2148 enim
1666 2122 1727 2149 licet
1739 2122 1807 2150 duos

1017 2163 1161 2191 induxisset
1175 2168 1307 2197 auctores,
1322 2169 1409 2192 tamen
1423 2173 1496 2199 spem
1510 2166 1602 2193 salutis
1612 2174 1645 2194 ex
1656 2175 1686 2194 ea
1699 2168 1806 2203 reliquit

1016 2214 1106 2245 parte,
1122 2218 1172 2245 qua
1190 2210 1257 2238 dixit
1272 2211 1371 2238 bonum
1390 2211 1474 2239 Deutn
1489 2219 1548 2240 esse
1564 2212 1755 2240 alienissitnum
1770 2214 1806 2241 ab

1015 2256 1168 2292 iniquitate,
1185 2262 1211 2285 et
1226 2265 1241 2285 a
1258 2257 1415 2285 crudelitate
1430 2266 1438 2285 :
1453 2261 1481 2285 tu
1499 2266 1562 2286 vero
1582 2267 1662 2286 unum
1683 2260 1782 2287 bonum
1795 2260 1805 2275 '

1014 2302 1119 2338 quidem
1135 2302 1227 2335 Deum,
1243 2303 1290 2330 sed
1304 2303 1425 2330 eumdem
1442 2304 1571 2331 malorum
1586 2305 1749 2333 conditorem
1765 2306 1806 2333 lo-

1014 2355 1114 2382 quens,
1134 2351 1162 2375 ut
1184 2350 1360 2376 reverentiam
1382 2349 1544 2384 divinitatis,
1564 2350 1599 2377 ita
1619 2358 1693 2385 spem
1710 2351 1806 2379 salutis

1014 2393 1130 2420 funditus
1143 2393 1281 2420 sustulisti.

1049 2438 1114 2465 Anc.
1130 2437 1265 2465 Manicltzei
1282 2440 1382 2474 tingunt
1401 2439 1483 2467 Deum
1498 2440 1640 2468 crudeliter
1653 2441 1804 2474 inﬁrmutn,

1013 2482 1056 2517 qui
1071 2486 1171 2517 partem
1186 2491 1271 2515 suam,
1285 2484 1457 2512 substantiam
1469 2493 1555 2517 suam,
1569 2486 1690 2514 membra
1703 2492 1805 2515 natura:

1013 2535 1067 2555 suze
1081 2527 1232 2556 dilanianda
1246 2532 1275 2557 et
1289 2529 1493 2558 oontaminanda
1511 2531 1631 2560 hostibus
1649 2534 1772 2567 tradidit,
1788 2543 1804 2562 a

1012 2573 1107 2608 quibus
1119 2574 1268 2601 vastitatem
1283 2574 1331 2602 sibi
1345 2575 1484 2603 imminere
1497 2577 1640 2606 cernebat:
1656 2587 1702 2606 vos
1715 2585 1804 2608 autem

1012 2619 1056 2654 qui
1076 2619 1157 2646 Deum
1177 2619 1465 2654 omnipotentissimnm
1482 2629 1535 2650 non
1552 2624 1673 2659 negatis,
1689 2624 1714 2652 iu
1730 2626 1804 2659 gravi

1009 2664 1072 2700 jugo
1093 2665 1259 2699 parvulorum
1273 2666 1345 2693 credi
1359 2666 1438 2693 vultis
1453 2667 1578 2702 iniustum
1588 2689 1597 2702 ,
1612 2671 1732 2705 negando
1744 2672 1803 2697 ori-

1042 2733 1051 2747 ι
1070 2732 1208 2756 ιιρειιωίιιιι·
1223 2731 1262 2756 hic
1280 2731 1395 2763 particula
1416 2738 1510 2765 negans
1517 2735 1658 2761 auctoritate
1675 2738 1728 2760 lss.
1741 2738 1800 2762 nar.

1027 2761 1070 2786 lar.
1080 2766 1142 2786 Port.
1155 2767 1180 2786 et
1191 2762 1256 2786 coll).

1010 2766 1070 2786 Clar.
1080 2766 1142 2787 Pot‘t.
1155 2767 1180 2787 et
1191 2766 1256 2786 eoin.

1042 2794 1052 2808 ¹
1064 2793 1101 2827 sic
1109 2793 1176 2824 vign.
1191 2796 1216 2818 et
1234 2792 1337 2818 Henard.
1358 2796 1383 2818 tn
1395 2797 1428 2826 ιι,
1441 2795 1510 2827 φιαεί
1523 2795 1599 2822 nitida
1609 2799 1695 2827 acula;
1711 2799 1802 2824 omisso

1010 2827 1053 2870 ﬂ"
1066 2826 1113 2878 tite
1125 2854 1176 2879 loco
1186 2861 1217 2879 ex
1226 2856 1392 2887 manuscriptis
1401 2856 1516 2888 addimus,
1530 2858 1622 2882 bonum.
