4118 6554
560 413 696 472 1127

559 523 736 596 ginale
761 524 1061 591 peceatum.

631 587 820 670 CXXI.
841 609 959 666 Jun.
982 605 1097 662 Non
1118 611 1202 660 est
1217 600 1362 657 enim
1382 597 1474 669 qui
1492 594 1770 651 subveniat
1788 591 1918 656 reis,
1939 587 2153 660 quando

563 707 680 776 ipse
703 704 791 774 qui
821 711 904 756 est
933 711 1100 760 unus,
1134 691 1400 748 desiderio
1431 684 1782 743 creandarum
1820 679 2156 776 miseriarum

565 765 740 852 etiam.
755 807 848 846 eos
879 789 1049 861 punit,
1077 787 1131 841 in
1153 783 1349 854 quibus
1377 779 1508 834 nihil
1535 773 1676 830 aliud
1705 786 1864 843 quam
1893 770 1994 824 hoc
2017 765 2160 838 quod

567 891 684 960 ipse
713 886 839 942 fecit
867 881 1130 953 agnoscit.

643 983 776 1034 Anc.
809 952 1062 1046 Agnoscit
1097 969 1167 1026 ibi
1203 967 1363 1022 etiam
1393 959 1533 1032 quod
1560 959 1675 1028 ipse
1705 971 1810 1010 non
1837 952 2006 1046 fecit“:
2035 963 2162 1020 pec-

571 1083 748 1129 eatum
775 1044 969 1140 quippe
997 1066 1110 1136 ipse
1140 1077 1244 1117 non
1275 1057 1420 1114 fecit.
1455 1053 1603 1107 Alius
1629 1059 1807 1104 autem
1839 1044 2082 1101 similiter
2105 1048 2165 1095 ut

573 1179 669 1218 vos
691 1135 856 1216 vanus
871 1135 1057 1229 posset
1075 1155 1252 1208 dicere
1275 1151 1311 1215 ⁸,
1339 1149 1506 1202 Deum
1527 1140 1794 1199 desiderio
1813 1135 2162 1192 creandarum

576 1255 908 1311 miseriarum
947 1248 1107 1304 etiam
1145 1257 1239 1299 eos
1275 1253 1492 1304 creare,
1531 1249 1665 1306 quos
1699 1232 2074 1286 damnaturum
2105 1239 2164 1280 se

575 1363 696 1404 esse
740 1347 985 1416 ignorare
1023 1355 1128 1395 non
1177 1335 1380 1406 potuit,
1423 1325 1910 1397 incomparabiliter
1947 1321 2162 1390 plures,

577 1455 736 1510 quam
763 1414 858 1492 eos
885 1449 1021 1502 quos
1049 1430 1394 1485 liberaturum
1424 1437 1483 1476 se
1511 1433 1631 1474 esse
1660 1414 1952 1487 praescirit.

649 1527 856 1583 CXXII.
886 1525 1001 1579 ius.
1026 1523 1309 1587 Perspecto
1333 1515 1492 1585 igitur
1511 1513 1704 1581 abysso
1731 1504 2015 1576 impietatis
2039 1511 2164 1568 tum,

578 1623 706 1677 licet
745 1631 1012 1688 nunquam
1051 1613 1338 1684 quidquam
1385 1605 1552 1676 possit
1593 1600 1864 1672 profanius
1903 1593 2166 1688 inveniri;

579 1723 760 1767 tamen
788 1683 946 1780 quam
974 1683 1082 1760 hoc,
1103 1701 1234 1757 nihil
1270 1699 1464 1753 habeat
1492 1693 1706 1756 virium,
1737 1699 1792 1744 et
1820 1686 1944 1759 quid
1973 1686 2040 1740 de
2066 1683 2171 1738 illis

578 1819 698 1875 qua:
731 1811 1069 1856 annexueras
1103 1793 1404 1862 colligatur,
1441 1786 1587 1842 brevi
1629 1780 1984 1852 disputatione
2013 1791 2169 1830 mon-

539 1899 552 1906 '
578 1869 853 1951 strabitur.
885 1891 1027 1946 Deus
1063 1886 1151 1957 qui
1192 1884 1294 1938 hoc
1327 1878 1588 1952 appellari
1630 1875 1847 1930 nomine
1889 1869 2082 1934 voluit,
2116 1875 2174 1922 ut

579 1981 1158 2054 omnipotentissimus,
1209 1977 1280 2030 ita
1329 1973 1490 2028 etiam
1537 1967 1861 2040 iustissimus
1901 1961 2168 2025 creditur;

581 2051 804 2147 quorum
827 2075 872 2128 si
899 2087 1060 2127 unum
1081 2067 1328 2134 defuerit,
1354 2073 1600 2119 neutrum
1625 2058 1831 2120 aderit;
1855 2063 1913 2109 ut
1931 2051 2175 2107 conditor

581 2143 994 2239 benignissimus
1037 2161 1310 2217 hominum
1333 2200 1347 2222 ,
1381 2157 1450 2210 ita
1485 2153 1800 2209 meritorum
1837 2143 2174 2215 expunctor'

580 2233 954 2329 arquissimus;
987 2262 1146 2308 omne
1179 2249 1320 2320 quod
1355 2247 1510 2307 facit,
1543 2244 1741 2298 bonum
1777 2239 1930 2292 valde
1965 2243 2066 2289 est.
2099 2233 2176 2287 Ac

583 2328 680 2422 per
708 2351 828 2414 hoc,
861 2361 1020 2400 nemo
1045 2341 1355 2398 naturaliter
1386 2336 1557 2390 malus
1579 2341 1664 2388 est
1693 2349 1705 2384 :
1735 2329 1829 2386 sed
1855 2328 2177 2398 quicumque

587 2461 710 2501 reus
733 2450 836 2506 est,
868 2439 1126 2500 moribus,
1159 2449 1262 2486 non
1289 2428 1519 2485 exordiis
1549 2431 1850 2478 accusatur.

662 2535 792 2588 Auc.
825 2530 933 2584 Cur
961 2539 1088 2596 ergo
1120 2537 1279 2592 grave
1313 2521 1495 2588 jugum
1533 2527 1692 2583 super
1727 2508 1946 2566 exordia
1979 2521 2178 2578 parvu-

587 2628 760 2682 lorum
787 2621 887 2675 sub
911 2619 1023 2674 Deo
1051 2611 1418 2685 potentissimo
1447 2614 1606 2676 atque
1631 2599 1966 2673 justissimo?

660 2713 893 2772 CXXIII.
923 2711 1043 2766 Jur.
1083 2708 1192 2762 Nec
1224 2705 1420 2760 malum
1462 2702 1638 2769 itaque
1672 2695 1914 2751 naturale
1938 2701 2053 2756 est,
2081 2706 2182 2748 nec

593 2810 736 2864 Deus
763 2795 948 2860 creare
975 2816 1096 2854 reos
1127 2805 1336 2868 potest.
1371 2809 1469 2848 nec
1504 2791 1556 2845 in
1597 2803 1760 2858 regno
1787 2784 1986 2841 diaboli
2012 2783 2182 2837 collo-

589 2916 735 2955 care.
758 2897 962 2964 Quibus
983 2891 1222 2947 collectis
1241 2897 1288 2942 et
1317 2897 1370 2940 tu
1398 2881 1737 2945 Manichmus,
1762 2880 1869 2933 imo
1891 2875 2184 2932 Manichzco

594 2991 746 3062 pejor
765 2984 1063 3043 ostenderis
1089 3001 1101 3035 :
1125 2990 1177 3034 et
1197 2981 1312 3033 sine
1337 2985 1552 3046 peccato
1573 2973 1624 3026 in
1646 2971 1789 3026 hunc
1807 2969 2062 3024 mundum
2086 2967 2185 3020 hu-

595 3057 866 3137 manitatis
889 3078 1180 3146 ingressus,
1211 3080 1262 3124 et
1285 3068 1385 3124 sub
1409 3066 1530 3136 jure
1557 3063 1667 3128 Dei,
1700 3079 1804 3117 non
1829 3059 2045 3121 diaboli,
2076 3057 2183 3112 fru-

593 3184 714 3229 ctus
741 3167 1096 3230 fecunditatis,
1125 3171 1179 3218 et
1205 3159 1458 3214 naturalis
1490 3154 1787 3209 innocentia
1819 3153 2154 3206 claruerunt.

671 3267 802 3318 Aea.
829 3261 968 3329 Ergo
987 3267 1038 3312 et
1064 3253 1396 3314 Ambrosius,
1425 3249 1514 3317 qui
1539 3247 1692 3309 dixit,
1723 3264 1742 3296 ε
1775 3242 1830 3298 In
1860 3239 2186 3312 primordia'

597 3365 801 3411 natura:
841 3365 980 3411 sum,
1010 3347 1098 3413 qni
1141 3340 1387 3412 bapti-Lati
1429 3339 1624 3393 fuerint
1665 3335 1901 3405 parvuli,
1929 3349 1958 3386 a
1990 3332 2186 3386 malitia

598 3449 958 3504 reformantur
985 3459 1002 3492 ι
1031 3439 1166 3511 (Lib.
1187 3438 1210 3492 1
1235 3438 1284 3489 in
1310 3433 1432 3487 an.
1457 3448 1494 3496 I,
1521 3431 1609 3494 17,
1633 3447 1688 3484 u.
1711 3426 1822 3499 57),
1845 3425 2184 3488 Maniclncus,

597 3551 693 3596 ant
721 3537 1010 3592 Manichaee
1039 3532 1187 3602 pejor
1214 3525 1536 3586 ostenditur,
1567 3521 1705 3577 sicut
1731 3519 2067 3583 conviciaris,
2099 3525 2190 3571 aut

601 3633 756 3689 furis.

673 3718 907 3779 CXXIV.
929 3718 1048 3774 Jun.
1073 3713 1185 3770 Hoc
1205 3711 1363 3782 igitur
1384 3708 1714 3774 consignato,
1737 3702 1860 3774 quid
1885 3715 2190 3771 processum

603 3825 756 3872 tuum
781 3817 1134 3880 consequatur
1157 3801 1390 3859 attende.
1414 3797 1731 3867 Prophetas,
1754 3805 1809 3850 et
1835 3793 2190 3856 Patriarchas,

604 3919 900 3975 omnesque
936 3909 1150 3956 sanctos
1171 3894 1380 3950 Veteris
1408 3887 1733 3944 Testamenti
1771 3893 1980 3940 constat
2013 3883 2222 3953 Bapti-.

607 3997 796 4054 smatis
833 3999 1079 4062 expertes
1109 3987 1300 4046 fuisse,
1334 3982 1428 4036 sed
1468 3997 1496 4034 a
1539 3981 1647 4033 Deo
1685 3977 1927 4033 conditos
1967 3975 2196 4048 prepriis

609 4091 863 4155 deinceps
892 4083 1101 4138 fulsisse
1127 4075 1410 4132 virtutibus
1443 4091 1455 4126 :
1487 4073 1587 4126 sub
1615 4069 1810 4124 diaboli
1841 4083 1968 4138 ergo
2003 4084 2192 4139 regno,

611 4187 800 4234 contra
825 4171 1184 4231 testimonium
1212 4166 1363 4237 legis,
1385 4177 1503 4218 esse
1527 4161 1812 4218 credentur
1839 4159 2053 4214 :eternis
2075 4175 2200 4230 sup-

617 4269 789 4342 pliciis
814 4260 1184 4334 mancipandi;
1210 4258 1332 4328 quia
1355 4270 1420 4310 ex
1449 4254 1616 4310 Adam
1641 4266 1830 4307 omnes
1857 4253 2202 4322 pronuntian-

619 4376 704 4420 tur
731 4377 761 4416 a
788 4369 842 4416 te
873 4360 926 4414 in
953 4351 1448 4411 condemnationem
1469 4345 1492 4378 ⁸
1517 4345 1702 4402 creati.

690 4455 824 4508 Auc.
866 4449 930 4504 Et
971 4448 1118 4517 ipsos
1147 4442 1393 4511 antiquos
1429 4439 1603 4508 iustos
1639 4434 1828 4491 eadem
1857 4435 2022 4507 gratia
2067 4435 2204 4490 libe-

621 4544 798 4608 ravit,
845 4539 932 4595 cui
960 4553 1056 4592 vos
1102 4534 1298 4589 bellum
1348 4528 1658 4585 indixistis:
1691 4526 1932 4597 quamvis
1979 4525 2204 4581 diversis

623 4641 704 4698 usi
738 4639 935 4695 fuerint
965 4650 1064 4706 pro
1095 4644 1334 4702 tempore
1370 4625 1741 4684 sacramentis.
1771 4623 2032 4692 Quoniam
2062 4619 2204 4690 quod

621 4736 690 4788 de
731 4731 943 4788 Christo
989 4725 1288 4786 credimus,
1341 4721 1444 4776 hoc
1495 4717 1803 4774 credebant.
1861 4713 2012 4771 Unus
2060 4712 2205 4766 enim

625 4827 782 4890 Deus,
814 4837 950 4878 unus
977 4831 1028 4876 et
1061 4817 1316 4873 Mediator
1347 4815 1438 4870 Dei
1468 4821 1523 4868 et
1561 4812 1835 4866 hominum
1867 4809 2028 4862 homo
2055 4805 2210 4861 Chri-

689 4939 706 4971 ι
733 4936 1037 5000 vignierius:
1067 4928 1197 4981 alius
1218 4936 1409 4984 autem,
1444 4922 1664 4976 similiter
1687 4928 1738 4973 ut
1762 4934 1841 4972 nos
1873 4933 2020 4972 uanus
2039 4954 2054 4978 ,
2085 4918 2211 4970 alius

629 4997 998 5063 Ροεδείβξίεῖθο-
1031 5057 1042 5063 -
1057 5001 1120 5063 Ξῖ

691 5043 1002 5108 ἱᾘιῇίδξιὶίιί
1029 5053 1161 5113 1655,
1181 5050 1458 5102 meritorum
1480 5047 1774 5113 explorator.
1794 5045 1965 5094 verius
1981 5043 2210 5113 vignierii

629 5105 870 5172 edithinet
896 5105 1015 5166 Cales.
1055 5105 1168 5164 Μετ’.
1192 5113 1314 5161 Clar.
1363 5119 1508 5169 μοι-1.,
1535 5105 1816 5172 meritorum
1836 5105 2120 5172 expunctor.
2141 5105 2213 5172 sic

630 5164 774 5245 Ξειῑίῐιίεῐ
791 5215 806 5239 ς
959 5164 1066 5245 37..-
1093 5173 1385 5245 επριιηειιῆφ
1409 5164 1792 5245 ,ειηίυξςυίιιεςιιε
1813 5164 2213 5245 renarras?!

746 5228 934 5292 meritis
954 5228 1120 5290 debita
1139 5228 1203 5288 ex
1228 5239 1469 5302 aequitatis
1493 5228 1684 5302 ratione
1705 5228 1936 5302 reddens:
1961 5234 2074 5302 again
2096 5228 2214 5302 quia

651 5285 944 5354 iéFsSiiSi-‘d'di
959 5285 1163 5351 inaniis
1175 5285 1270 5348 seu
1291 5285 1458 5346 ilenita
1495 5291 1761 5355 perscripta
1797 5290 1858 5355 i_n_
1870 5287 2062 5355 tabulis,
2087 5285 2216 5336 sole-

651 5319 944 5354 iersonarum
966 5319 1156 5351 nomina
1179 5319 1270 5348 seu
1291 5319 1458 5346 uentu
1497 5319 1761 5355 PCIWIP.¢
1799 5319 1846 5338 ιιι
1873 5319 2062 5346 suun-no,
2087 5319 2213 5336 συιν-

633 5319 749 5416 inut
770 5373 946 5428 puncto
967 5365 1144 5426 quibus
1163 5357 1455 5428 satisfactum
1478 5361 1584 5428 erat
1606 5352 1790 5428 notari,
1811 5349 2052 5428 Itine‘data

635 5410 1108 5486 ﬁfu'ﬁﬁé'ritai‘uis
1127 5410 1454 5486 Vespunctorh,
1467 5417 1552 5486 qui
1585 5416 1717 5486 paria
1754 5413 1948 5486 meritis.
1967 5410 2212 5486 rependit,

637 5471 1349 5538 voéaFeI-uﬁ-Sic—'fertulliauus
1368 5513 1381 5534 ,
1407 5471 1502 5526 Iib.’
1515 5471 1782 5526 de'corona
1813 5473 1995 5538 militis,
2009 5471 2126 5538 φρ·
2141 5471 2174 5538 ,ί
2199 5484 2212 5519 ⁵

645 5534 1106 5612 {indignantur
1131 5541 1368 5612 incastris
1389 5538 1567 5612 milites
1589 5538 1795 5588 laureati
1813 5570 1828 5596 ,
1852 5551 1875 5580 ι
1904 5535 1968 5584 de
1989 5534 2218 5584 donativo

639 5601 1137 5672 militi'busvpersoluto
1158 5603 1325 5672 dicere
1349 5601 1652 5672 intelligitur.

703 5655 907 5730 ἶᾘιῖᾗξ
932 5655 1000 5718 ‘a.’
1013 5655 1340 5732 rprinwrdio.
1383 5670 1462 5711 ns.
1508 5655 1652 5732 ἶφι-ι..
1701 5659 1752 5732 in
1791 5655 2222 5732 primordii-1:133

640 5717 769 5797 apud
777 5717 1094 5790 viiiibroﬁuai,
1128 5737 1321 5775 necnon
1351 5734 1514 5784 supra,
1539 5723 1587 5770 in
1601 5717 1688 5771 lib.
1717 5723 1737 5770 l
1779 5717 1943 5772 contra
1962 5717 2220 5780 Julianum,

705 5841 820 5904 (sic
841 5861 945 5904 Mss.
967 5855 1022 5899 At
1045 5845 1181 5909 editi,
1203 5843 1254 5896 in
1271 5841 1677 5914 condanmatione.

1262 393 1506 454 OPERIS
1545 385 1953 448 iuraitrucrt
2003 383 2276 442 caurus
2313 379 2673 444 JUl.l.\NUM,
2713 379 2769 434 s.
2811 377 3177 435 AUGUSTI-Nl
3247 411 3250 414 .

71 0 2672 99 Ν

3685 385 3824 440 H53

2265 506 2378 549 stus
2401 495 2555 549 Jesns
2583 511 2598 548 ε
2623 493 2772 562 cujus
2801 493 2906 548 illis
2931 493 3314 563 praenuntiatus
3343 505 3441 560 est,
3477 496 3628 553 nobis
3655 509 3836 554 autem

2263 587 2606 644 annnntiatus
2631 595 2714 639 est
2750 585 3060 640 humilitatis
3089 585 3346 642 adventus
3373 604 3388 652 ;
3431 587 3685 644 claritatis
3709 605 3838 646 vero

2263 679 2352 748 qui
2383 679 2435 731 in
2467 677 2571 731 line
2613 677 2821 730 futurus
2859 685 2978 742 est,
3009 685 3063 730 et
3105 676 3211 732 illis
3248 687 3330 732 est
3373 681 3756 748 prmnuntiatus
3783 691 3835 736 et

2264 771 2438 826 nobis.
2472 769 2538 824 Et
2567 769 2781 824 illorum
2807 783 2937 838 ergo
2978 776 3030 823 et
3075 777 3258 830 nostra
3290 771 3340 823 in
3371 771 3472 824 isto
3509 785 3613 826 uno
3643 772 3837 827 Media-

2265 871 2382 916 tore
2405 875 2510 914 una
2537 859 2668 914 lides
2691 869 2802 926 est,
2841 869 2896 914 et
2923 860 3062 914 idem
3091 861 3307 929 spiritus
3339 860 3458 915 fidei
3488 870 3541 916 et
3570 863 3620 915 in
3655 864 3758 916 illis
3785 875 3840 917 cl.

2267 955 2321 1010 in
2350 955 2501 1010 nobis
2531 971 2545 1008 :
2577 954 2716 1008 unde
2741 953 2869 1007 dicit
2897 953 3200 1022 Apostolus,
3233 952 3484 1006 Habentes
3512 964 3675 1007 autem
3701 972 3840 1008 eum-

2267 1047 2380 1100 dem
2409 1045 2642 1116 spiritum
2668 1044 2788 1114 ﬁdei
2806 1086 2820 1108 ,
2851 1043 3124 1098 secundum
3153 1045 3288 1114 quod
3315 1044 3558 1113 scriptum
3585 1054 3686 1111 est,
3717 1045 3840 1099 Cre-

2267 1139 2396 1204 didi,
2431 1147 2634 1208 prapter
2658 1137 2793 1207 quod
2819 1136 3016 1190 locutus
3039 1153 3189 1199 sum;
3227 1145 3274 1190 et
3305 1153 3394 1189 nos
3423 1137 3688 1200 credimus,
3719 1155 3840 1206 pro-

2269 1239 2380 1300 pter
2403 1227 2538 1301 quod
2583 1237 2630 1282 et
2675 1227 2927 1297 loquimur
2954 1225 3029 1295 (ll
3055 1225 3171 1280 Cor.
3199 1242 3277 1290 iv,
3312 1227 3434 1298 15).
3483 1225 3630 1282 Unde
3666 1237 3838 1281 autem

2268 1320 2340 1375 sit
2363 1320 2479 1374 hac
2509 1319 2660 1384 fides,
2695 1333 2762 1373 ne
2787 1320 2857 1372 ita
2889 1318 3178 1388 gloriemur
3207 1327 3452 1388 tanquam
3484 1335 3548 1372 ex
3577 1320 3722 1374 nobis
3751 1320 3837 1385 sit,

2269 1412 2516 1467 eumdem
2547 1410 2824 1464 audiamus
2867 1410 3164 1478 apostolum
3199 1428 3212 1463 ε
3247 1408 3425 1462 Gratia
3449 1452 3462 1474 ,
3495 1410 3692 1480 inquit,
3721 1413 3844 1463 salvi

2273 1502 2396 1574 facti
2441 1501 2558 1556 estis
2601 1517 2692 1570 per
2735 1500 2910 1570 ﬁdem,
2957 1509 3004 1554 et
3049 1500 3142 1553 hoc
3185 1517 3287 1554 non
3329 1515 3392 1554 ea:
3433 1501 3591 1563 vobis,
3632 1501 3718 1554 sed
3752 1500 3844 1554 Dia

2272 1595 2459 1659 donum
2487 1603 2558 1647 est
2589 1591 2801 1664 (Ephes.
2829 1607 2900 1659 ιι,
2927 1591 3016 1665 8).
3052 1593 3117 1647 Et
3145 1592 3250 1646 alio
3281 1592 3400 1647 loco
3433 1611 3446 1643 :
3483 1591 3628 1654 Pax,
3659 1591 3840 1662 inquit,

2275 1687 2516 1757 fratribus
2551 1696 2596 1740 et
2633 1686 2854 1739 charitas
2890 1701 3007 1738 cum
3045 1686 3146 1755 ﬁde
3171 1703 3203 1738 a
3230 1683 3335 1739 Deo
3367 1683 3522 1739 Patre
3561 1696 3608 1739 et
3633 1685 3843 1738 Domino

2272 1775 2400 1831 Iesu
2428 1776 2626 1830 Christo
2657 1774 2770 1846 (Id.
2799 1791 2872 1834 vi.
2897 1775 3009 1846 25).

2345 1867 2557 1922 CXXV.
2610 1867 2727 1922 ius.
2781 1866 2932 1934 Quod
2981 1869 3026 1920 si
3077 1867 3294 1930 dixeris,
3343 1882 3501 1937 quant
3549 1865 3623 1920 sis
3667 1877 3846 1934 aperte

2277 1957 2631 2023 Mauichaeus,
2664 1957 2823 2012 etiam
2863 1956 3071 2027 patroni
3117 1957 3189 2009 tui
3221 1965 3467 2026 poterunt
3495 1956 3750 2011 confiteri.
3791 1956 3848 2011 Si

2277 2064 2406 2102 vero
2434 2048 2762 2102 intellexeris
2789 2057 2991 2101 tantum
3023 2047 3137 2101 veri
3171 2047 3328 2116 Regis
3357 2048 3643 2102 exercitum
3669 2059 3848 2102 contra

2281 2148 2421 2192 tuam
2449 2138 2706 2192 dimicare
2731 2139 3072 2201 sententiam,
3113 2153 3213 2192 nec
3251 2137 3352 2190 illis
3389 2145 3439 2191 te
3473 2137 3660 2192 afferre
3701 2153 3850 2206 posse

2281 2227 2646 2298 prazjndicium
2681 2244 2695 2282 :
2725 2228 3006 2296 acquiesce
3050 2227 3380 2281 destructum
3423 2242 3542 2281 esse
3580 2227 3717 2296 quod
3755 2241 3852 2280 ex-

2280 2331 2552 2376 struxeras
2572 2361 2586 2386 ,
2615 2329 2671 2376 et
2701 2335 2794 2390 per
2823 2319 2924 2375 hoc
2949 2337 3055 2374 non
3095 2321 3172 2375 ire
3206 2335 3394 2374 omnes
3418 2335 3481 2374 ex
3513 2335 3616 2374 uno
3643 2320 3696 2373 in
3727 2335 3854 2373 con-

2279 2413 2676 2468 demnationem
2703 2427 2719 2478 ;
2759 2412 2853 2467 sed
2879 2427 2973 2467 eos
3001 2421 3201 2466 tantum
3231 2411 3320 2482 qui
3351 2411 3578 2466 rebelles
3601 2411 3848 2465 voluntati

2283 2507 2397 2572 Dei,
2419 2505 2536 2560 sine
2561 2504 2896 2576 paenitentia,
2927 2506 3043 2560 sine
3070 2505 3425 2573 correctione,
3449 2505 3635 2559 ultimo
3660 2503 3846 2559 fuerint

2283 2599 2388 2652 line
2415 2595 2756 2668 deprehensi.

2357 2691 2491 2744 Aea.
2533 2687 2686 2743 Adde
2721 2695 2776 2743 et
2811 2695 3130 2758 generatos,
3170 2687 3216 2742 si
3257 2703 3358 2742 non
3401 2685 3593 2742 fuerint
3631 2701 3850 2756 regene-

2284 2783 2380 2836 rati
2415 2782 2583 2850 :-qnia
2614 2781 2666 2834 in
2697 2795 2804 2835 uno
2841 2795 3028 2836 omnes
3069 2789 3424 2848 peccaverunt
3461 2779 3636 2850 (Rom.
3663 2796 3713 2844 v,
3747 2779 3850 2848 12).

2355 2871 2587 2928 CXXVI.
2619 2872 2739 2926 Jun.
2767 2871 2919 2939 Quod
2951 2880 3125 2925 autem
3159 2872 3299 2926 Deus
3327 2871 3496 2926 dictus
3520 2881 3619 2935 est,
3653 2869 3856 2940 Figuhts

2286 2983 2348 3021 ea:
2377 2965 2552 3019 eadem
2581 2979 2750 3018 massa
2777 2965 2968 3034 faciens
2995 2963 3138 3016 aliud
3162 2979 3248 3016 vas
3277 2963 3327 3016 in
3359 2963 3614 3025 honorem,
3644 2965 3780 3016 aliud
3803 2963 3856 3016 in

2286 3056 2644 3111 contumeliam
2671 3053 2782 3126 (Id.
2811 3071 2882 3118 Ix,
2911 3053 3007 3123 21)
3033 3071 3047 3120 ;
3076 3071 3102 3108 a
3138 3063 3188 3108 te
3216 3055 3618 3109 commemorari
3649 3055 3857 3108 omnino

2289 3167 2392 3204 non
2420 3148 2602 3203 debuit
2628 3165 2642 3201 :
2676 3148 2802 3218 quia
2831 3156 2888 3202 ut
2918 3163 2945 3199 a
2978 3147 3130 3200 nobis
3155 3157 3538 3216 consequenter
3565 3149 3854 3216 esponitur,

2290 3242 2360 3295 ita
2391 3241 2484 3295 tibi
2517 3250 2686 3294 totum
2725 3247 2987 3309 repugnat
3019 3256 3031 3292 :
3067 3255 3187 3310 nam
3219 3255 3338 3293 cum
3370 3240 3456 3293 alii
3499 3241 3548 3294 in
3589 3239 3854 3304 honorem,

2289 3333 2376 3387 alii
2423 3333 2473 3386 in
2521 3331 2898 3386 contumeliam
2941 3321 3377 3396 ﬁeri-dicuntur,
3423 3331 3634 3400 juvatur
3675 3347 3860 3384 sensus

2291 3425 2708 3490 Catholicorum,
2735 3441 2842 3493 quo
2871 3421 3162 3478 secundum
3192 3421 3555 3477 diversitatem
3581 3421 3860 3476 voluntatis

2255 3594 2266 3603 .
2295 3518 2560 3581 humanm,
2593 3517 2836 3571 diversus
2871 3517 3030 3570 etiam
3057 3529 3303 3570 vasorum
3332 3517 3502 3570 exitus
3537 3515 3860 3585 praedicatur.

2365 3612 2501 3665 Aue.
2543 3607 2883 3663 Ambrosium
2931 3609 3051 3662 audi
3073 3649 3088 3673 ,
3119 3609 3206 3678 qui
3235 3609 3390 3673 dicit,
3426 3627 3444 3661 ι
3475 3609 3668 3664 Omnes
3696 3609 3862 3662 homi-

2297 3717 2392 3758 nes
2417 3701 2517 3756 sub
2547 3709 2765 3771 peccato
2789 3701 3078 3766 nascimur,
3101 3715 3324 3770 quorum
3353 3701 3463 3769 ipse
3491 3709 3638 3754 ortus
3663 3700 3712 3754 in
3739 3701 3861 3754 vitio

2297 3802 2380 3848 est
2415 3811 2434 3845 ι
2467 3792 2570 3865 (De
2599 3792 2902 3846 Paenitenlia
2922 3835 2936 3856 ,
2970 3792 3056 3846 lib.
3085 3793 3136 3858 1,
3161 3809 3276 3864 cap.
3302 3791 3338 3845 2
3363 3790 3438 3844 uel
3463 3791 3540 3862 5).
3567 3790 3653 3848 Sic
3677 3791 3866 3861 quippe

2299 3883 2564 3938 intellexit
2591 3897 2711 3937 cum
2741 3881 2950 3937 caeteris
2980 3881 3360 3951 condiscipulis
3387 3891 3439 3938 et
3468 3881 3868 3937 conductoribus

2299 3976 2409 4029 suis
2427 4016 2442 4041 ,
2469 3976 2586 4028 sine
2611 3973 2718 4028 ulla
2747 3972 3078 4029 dubitatione
3106 3974 3381 4028 catholicis
3400 4015 3414 4038 ,
3444 3973 3582 4044 quod
3621 3975 3866 4043 scriptum

2299 4077 2382 4120 est
2407 4065 2476 4120 dc
2503 4074 2723 4135 peccato
2749 4071 2807 4119 et
2848 4073 3051 4128 morte,
3083 4065 3223 4134 quod
3265 4079 3360 4134 per
3389 4081 3546 4118 unntn
3583 4064 3868 4130 iutmverit,

2303 4167 2354 4212 et
2383 4159 2435 4211 in
2466 4171 2653 4212 omnes
2690 4155 2934 4212 homines
2963 4157 3330 4226 pertransierit
3359 4155 3536 4224 (Rom.
3564 4172 3625 4222 v,
3657 4155 3776 4226 12).
3809 4156 3874 4210 Et

2303 4247 2540 4317 intelligo
2569 4247 2706 4303 hanc
2745 4261 2864 4301 esse
2909 4261 3139 4300 massam
3171 4245 3237 4300 de
3274 4261 3376 4315 qua
3425 4245 3554 4299 fiunt
3579 4259 3729 4310 vasa,
3763 4245 3876 4298 sive

2307 4340 2414 4404 illa,
2450 4340 2564 4394 sive
2592 4339 2716 4392 ista.
2755 4336 2887 4391 Nam
2918 4337 2963 4390 si
2993 4335 3352 4391 inscrutabilis
3381 4335 3685 4406 quaestionis
3723 4335 3876 4403 hujus

2307 4437 2404 4491 ista
2433 4442 2579 4489 esset
2621 4433 2815 4488 solutio
2838 4473 2852 4496 ,
2885 4446 3042 4500 quam
3075 4441 3128 4485 tu
3159 4431 3302 4500 sapis
3321 4473 3336 4497 ,
3378 4430 3664 4485 secundum
3694 4430 3879 4482 merita

2307 4527 2642 4581 voluntatum
2667 4541 2681 4588 ;
2715 4533 2820 4577 tam
2852 4523 3128 4577 manifesta
3156 4531 3319 4586 esset,
3352 4531 3409 4576 ut
3434 4521 3573 4576 nulla
3602 4521 3715 4589 ejus
3737 4519 3878 4574 dil'li-

2309 4616 2503 4672 cultate
2545 4614 2954 4684 compelleretur
2986 4613 3274 4682 Apostolus
3313 4607 3516 4674 dicere,
3549 4609 3592 4664 ο
3617 4611 3792 4674 homo,
3831 4619 3882 4662 tu

2309 4709 2420 4778 quis
2449 4724 2500 4760 es
2536 4707 2622 4776 qui
2661 4704 2966 4776 respondeas
2995 4703 3100 4757 Deo
3133 4701 3245 4774 (Id.
3275 4720 3347 4767 Ix,
3375 4701 3509 4771 20)?
3551 4703 3624 4756 De
3649 4699 3881 4755 nonduin

2313 4800 2451 4854 natis
2477 4800 2620 4854 enim
2660 4797 2917 4867 agebatur
2938 4837 2952 4858 ,
2982 4811 3206 4866 quorum
3240 4811 3342 4848 non
3371 4810 3435 4849 ex
3473 4793 3746 4863 operibus,
3789 4793 3884 4846 sed

2313 4892 2602 4949 secundmn
2633 4891 2960 4961 propositum
2992 4903 3145 4942 suum
3173 4889 3310 4940 Deus
3338 4903 3498 4942 unum
3525 4885 3726 4946 dilexit,
3753 4883 3886 4937 alte!

2313 4999 2432 5039 rum
2460 4983 2582 5036 odio
2611 4980 2794 5034 habuit
2823 4997 2835 5032 :
2869 4979 3008 5032 unde
3035 4977 3099 5032 ad
3129 4977 3242 5031 haec
3265 4977 3422 5032 verba
3455 4987 3756 5046 perventum
3780 4983 3887 5038 est,

2317 5085 2375 5128 ut
2397 5073 2465 5128 de
2502 5071 2688 5128 eadem
2720 5086 2894 5126 massa
2921 5079 2976 5124 et
3009 5070 3233 5125 diversis
3257 5071 3417 5133 vasis,
3449 5077 3502 5124 ct
3531 5067 3596 5122 de
3633 5077 3891 5138 potestate

2320 5165 2461 5236 ﬁguli
2490 5164 2778 5219 diceretur.
3245 5167 3248 5172 '

2387 5253 2645 5308 CXXVII.
2673 5253 2792 5308 JUL.
2834 5251 2912 5306 Tu
2938 5261 3114 5306 autem
3145 5249 3234 5320 qui
3261 5264 3418 5320 supra
3446 5249 3672 5312 dixeras,
3707 5261 3896 5302 omnes

2321 5347 2399 5401 ire
2435 5345 2485 5398 in
2519 5343 3043 5408 condemnationem,
3079 5355 3180 5411 qua
3214 5340 3569 5394 testimonium
3601 5337 3773 5392 fronte
3799 5353 3898 5406 po-

2321 5438 2474 5494 suisti
2495 5479 2510 5502 ,
2536 5453 2640 5507 quo
2667 5436 3042 5505 pronuntiatur
3067 5433 3146 5488 ire
3171 5433 3305 5487 alius
3331 5433 3384 5486 in
3410 5431 3684 5495 honorem,
3715 5431 3851 5486 alius
3875 5431 3892 5459 ¹

2324 5530 2376 5584 in
2415 5526 2791 5582 contumeliam
2814 5525 2838 5578 ?

2396 5621 2529 5674 Avo.
2558 5617 2662 5673 Sed
2689 5617 2858 5689 gratia
2884 5616 3075 5671 liberat
3101 5630 3130 5668 a
3159 5615 3321 5669 totius
3347 5627 3534 5668 massa:
3560 5611 3904 5666 damnatione

2393 5776 2409 5807 ι
2435 5773 2554 5823 aditi
2573 5807 2588 5832 ,
2630 5771 2714 5836 ire
2746 5771 2865 5823 alios
2893 5771 2957 5836 in
2997 5769 3257 5836 limem,
3301 5769 3437 5824 alios.
3486 5775 3542 5818 Αι
3583 5763 3908 5830 Μαδικῆμί

2327 5844 2606 5887 constanter
2629 5835 2831 5896 habent,
2853 5833 2998 5887 alius.
3242 5833 3249 5836 ⁷
3825 5845 3840 5856 ·
