2059 3274
175 209 241 236 "‘39
861 200 963 229 LIBER

1021 200 1117 228 llMIIS.
1739 203 1807 230 1130

169 273 238 301 quos
261 264 375 294 liberat;
403 269 482 297 quam
504 268 552 288 vos
578 258 720 294 negando,
745 257 811 285 estis
834 257 964 284 limretici.

171 315 305 345 Quantum
318 310 389 337 enim
407 308 521 343 pertinet
533 306 566 334 ad
582 305 692 341 originis
706 305 830 332 tneritum
840 325 848 338 ,
864 311 896 331 ex
912 311 966 331 uno

171 364 266 384 omnes
276 353 655 388 ilicondemnationem(Rom.
670 360 696 384 v,
711 352 756 387 l6)
767 355 906 386 :qnantum
919 358 967 378 au-

173 410 227 432 tem
249 404 282 431 ad
303 403 427 439 gratiam,
441 410 500 437 qua:
521 409 573 428 non
597 399 745 428 secundum
766 398 860 426 merita
877 398 965 431 datur,

173 451 334 485 quicumque
348 449 383 476 ab
397 448 446 475 ista
460 446 682 475 condemnatione
695 446 856 476 liberantur,
870 444 966 471 dicun-

174 502 218 522 tur
237 502 298 521 vasa
315 492 504 521 misericordiae
519 501 526 519 :
540 492 584 526 qui
598 499 661 518 vero
682 498 734 518 non
753 490 914 522 liberantur,
928 489 967 516 ira

176 541 220 568 Dei
237 545 326 567 manet
338 547 419 574 super
433 546 480 566 eos
495 537 584 574 (Joan.
599 545 638 570 ut,
652 536 708 573 56),
726 536 837 564 veniens
849 536 882 563 de
895 536 967 570 justo

172 586 273 622 judicio
287 586 333 613 Dei
346 594 353 619 ;
369 585 440 621 quod
455 593 507 612 non
521 584 581 612 ideo
593 583 777 619 vituperabile,
790 583 851 618 quia
865 583 968 609 inseru-

175 632 255 660 tabile
271 636 312 659 est
326 639 334 658 :
350 636 376 658 et
395 634 537 666 propterea
549 637 611 657 vasa
632 629 679 657 ira:
693 632 893 663 nuncupantur,
907 627 967 662 quia

174 684 201 706 et
212 678 254 705 his
266 678 335 705 bene
350 678 433 705 utitur
445 677 525 708 Deus,
538 681 567 703 ιιι
579 680 656 703 notas
669 675 747 703 faciat
759 675 865 702 divitias
877 674 968 709 glori;e

173 731 240 752 eum.
254 723 280 750 iu
293 730 354 750 vasa
371 722 562 750 misericordia:
577 721 665 758 (Rom.
679 728 719 754 Ix,
731 720 790 755 25).
806 719 883 753 Quod
896 719 967 746 cnim

178 770 233 796 Deo
246 769 382 804 judicanle
396 777 410 795 a
426 767 531 796 ca2teris
545 768 673 804 exigitur,
690 767 741 794 hoc
761 767 819 794 istis
835 773 868 794 eo
887 766 968 793 mise-

176 819 252 842 rante
266 815 272 830 ¹
295 815 410 842 donatttr
424 824 431 841 :
446 822 514 849 quas
536 813 734 848 inrestigabiles
750 813 807 839 vias
826 811 930 839 Domini
946 811 969 838 si

174 860 291 886 mstimas
304 859 507 895 improbandas,
521 858 597 891 audi,
615 857 637 885 0
653 858 744 891 homo,
760 861 786 883 tu
806 856 862 892 quis
882 864 907 883 es
927 855 969 891 qui

175 904 330 939 respondeas
344 904 397 931 Deo
410 904 419 919 '
430 904 442 930 ?

211 948 352 976 CXXVIII.
366 949 426 976 ιω..
441 948 509 975 Nihil
523 948 594 976 enim
608 948 644 975 ita
660 951 768 983 pugnat,
778 955 858 980 quam
869 945 968 978 dicere,

175 1003 282 1028 attines,
299 999 326 1021 et
340 1002 393 1022 non
408 1001 513 1022 omnes.
530 994 571 1021 Tu
586 993 667 1026 dicis,
683 1001 698 1021 a
714 993 795 1028 figqu
808 993 863 1020 Deo
877 999 971 1020 omnes

178 1040 236 1068 ﬁeri
250 1041 275 1067 in
289 1040 541 1068 condemnationem
554 1049 561 1067 :
574 1039 716 1074 Apostolus
727 1039 800 1072 dicit,
813 1046 866 1066 non
876 1045 970 1066 oumes

177 1087 204 1113 in
218 1086 486 1118 condemnationem,
500 1093 551 1114 nec
569 1093 664 1113 omnes
683 1085 709 1112 in
729 1084 877 1117 honorem;
899 1083 970 1119 quod

179 1131 205 1158 in
222 1131 281 1158 loco
294 1139 361 1163 suo,
376 1130 440 1166 quid
455 1130 551 1158 habeat
563 1130 700 1165 dignitatis
712 1129 858 1157 absolvam.
873 1129 901 1157 In
914 1128 970 1164 ipsa

177 1182 268 1204 tamen
293 1176 508 1211 pronuntiatione
530 1175 684 1209 sementim,
708 1179 814 1203 constat
835 1174 903 1202 inter
923 1181 971 1202 vos

179 1230 300 1258 magnam
320 1230 381 1250 esse
401 1221 573 1254 discordiam,
589 1230 639 1250 nec
652 1221 775 1249 eumdem
788 1229 848 1250 esse
862 1221 970 1258 figulum

178 1268 205 1295 in
223 1267 473 1296 cdndemuationem
487 1272 582 1295 cuncta
601 1267 744 1303 ﬁngentem
755 1288 764 1301 ,
779 1275 857 1303 quem
873 1268 971 1295 Paulus

177 1314 249 1342 dicat
262 1314 288 1341 in
302 1314 430 1341 honorem
446 1314 513 1341 alios
537 1313 711 1341 fabricantem
727 1323 735 1340 :
755 1321 803 1341 nec
817 1317 843 1340 te
856 1313 894 1340 illi
909 1320 970 1340 cre-

180 1360 255 1393 dere,
265 1360 310 1395 qui
323 1367 338 1387 a
353 1360 480 1395 magistro
492 1359 640 1387 admirabili
656 1358 831 1394 przedicatur;
843 1359 970 1394 quoniam

180 1411 243 1434 tuus
258 1406 352 1441 figulus
370 1414 464 1434 omnes
480 1406 506 1433 in
526 1405 777 1433 condemnationem
791 1404 865 1440 fingit
875 1425 883 1436 ,
901 1403 973 1440 Apo-

180 1452 242 1480 stoli
259 1452 354 1487 figulus
368 1451 497 1486 plurimos
510 1451 584 1486 fingit
598 1451 626 1477 in
637 1450 760 1485 gloriam.

217 1497 285 1525 Auc.
304 1496 371 1524 Cum
389 1496 513 1524 dicuntur
525 1503 618 1524 omnes
633 1504 666 1523 ex
685 1503 740 1523 uno
760 1495 787 1523 in
809 1494 971 1523 coridemna-

182 1543 292 1575 tionem,
307 1542 363 1578 ipsa
379 1550 466 1569 massa
480 1541 656 1578 significatur,
672 1550 706 1570 cx
718 1548 769 1577 qua
784 1540 850 1568 fiunt
862 1548 879 1569 a
894 1540 973 1576 ﬁgulo

179 1588 230 1615 alia
246 1596 308 1615 vasa
330 1588 355 1615 in
380 1588 520 1621 honorem,
544 1588 570 1615 id
594 1592 655 1620 est.
675 1595 734 1623 quae
753 1590 926 1615 assumuntur
945 1586 971 1615 In

178 1632 308 1668 gratiam,
323 1632 375 1660 alia
390 1633 416 1660 in
429 1632 634 1665 contumeliam,
655 1631 680 1659 id
694 1636 751 1664 est,
768 1640 827 1667 qua:
841 1631 874 1659 ad
896 1631 972 1660 luen-

177 1678 240 1706 dum
262 1679 380 1707 debitum
403 1679 608 1713 relinquuntur;
636 1683 662 1705 ut
686 1678 733 1705 filii
755 1677 849 1713 grati:e
871 1676 897 1705 id
920 1677 972 1705 sibi

178 1725 274 1752 donari
297 1725 391 1757 sciant,
415 1724 485 1760 quod
508 1724 529 1751 si
551 1724 712 1759 exigeretur,
738 1730 790 1750 non
810 1726 883 1750 esset
904 1721 973 1757 inju-

178 1776 249 1799 stum
263 1779 269 1803 ;
291 1778 323 1798 ac
337 1770 376 1797 sic
390 1777 441 1797 non
457 1769 482 1797 iu
495 1777 524 1797 se
539 1769 614 1805 ipsis,
628 1768 676 1796 sed
692 1768 718 1796 in
734 1768 846 1796 Domino
858 1767 973 1804 glorien-

178 1821 222 1843 tur
236 1816 265 1850 (I
282 1815 340 1843 Cor.
356 1824 373 1845 ι.
389 1816 446 1851 5|).

213 1862 333 1890 CXXIX.
354 1863 415 1890 JUL.
436 1862 470 1889 Et
489 1861 547 1889 luce
566 1862 673 1897 quidem
693 1862 816 1894 dixerim,
834 1866 865 1890 ut
883 1862 972 1889 statim

179 1914 337 1944 appareret,
362 1912 388 1935 te
412 1915 472 1935 esse
497 1912 544 1935 aut
568 1908 706 1943 imperitia:
729 1912 776 1935 aut
801 1907 972 1943 impudentia:

179 1955 332 1989 singularis,
347 1955 391 1989 qui
408 1959 512 1981 tuorum
526 1955 601 1986 vice.
617 1954 759 1982 contrariis
772 1955 885 1982 utereris
900 1963 907 1981 :
921 1962 973 1982 ca:-

179 2004 264 2026 terum
281 2000 364 2034 pietas
377 1999 529 2034 explanabit
542 2004 568 2027 et
583 1999 661 2033 ratio,
677 1999 759 2028 Deum
775 2007 863 2027 meum
887 2000 972 2028 nemi-

179 2052 240 2072 nem
256 2045 282 2071 in
296 2053 316 2071 cu
329 2045 483 2072 ntumeliam
500 2044 625 2072 formare.

214 2091 280 2118 Auc.
301 2090 329 2118 Si
346 2091 416 2118 Deus
436 2095 496 2117 tuus
516 2090 542 2117 in
563 2089 753 2117 contumeliam
767 2089 901 2118 neminem
916 2089 971 2117 for-

178 2140 251 2167 mat,
269 2144 321 2163 non
343 2140 384 2162 est
402 2135 458 2170 ipse
478 2135 551 2162 Pauli
576 2135 689 2170 apostoli
707 2135 776 2162 Deus
790 2143 797 2162 :
813 2135 857 2163 ille
871 2135 970 2170 quippe

178 2181 211 2208 de
225 2181 281 2209 Deo
297 2189 360 2209 vero
374 2181 487 2213 dicebat,
505 2180 527 2208 ο
545 2181 630 2214 homo,
645 2186 672 2207 tu
690 2182 746 2217 quis
762 2189 788 2208 es
806 2181 849 2217 qui
867 2190 971 2216 respon-

177 2226 238 2253 deas
258 2225 311 2253 Deo
322 2227 335 2253 7
357 2225 490 2261 Numquid
505 2226 566 2253 dicit
579 2226 727 2261 ﬁgmentum
747 2226 770 2253 εἰ
787 2226 832 2261 qui
847 2234 875 2253 re
885 2227 969 2260 ﬁnxit,

180 2272 248 2306 Quid
266 2280 306 2298 me
325 2272 406 2308 fecisti
427 2272 485 2299 sic?
505 2272 595 2299 Annon
616 2272 689 2299 habet
711 2276 857 2308 potestatem
877 2273 970 2308 ﬁgulus

178 2317 243 2348 (uti.
262 2325 294 2344 ex
311 2316 399 2343 eadem
426 2324 510 2344 atauo
535 2318 617 2352 facere
637 2315 709 2343 aliud
730 2323 773 2344 tias
791 2317 817 2343 in
838 2316 968 2349 honorem,

178 2364 248 2391 aliud
271 2364 297 2390 in
323 2363 500 2390 coruumeliam
523 2362 620 2399 (Itoni.
635 2370 659 2389 Ix
671 2382 678 2394 ,
695 2362 747 2394 20,
760 2362 791 2390 2|
807 2361 838 2396 )?
862 2361 915 2390 Sed
942 2367 968 2390 tu

178 2409 302 2437 videlicet
323 2408 418 2436 artifex
444 2415 555 2443 magnus
579 2407 682 2443 profers
706 2414 739 2434 ex
763 2407 866 2434 officina
892 2407 968 2434 Pela-

177 2457 254 2492 giana
267 2456 404 2483 meliorem
420 2455 498 2482 deum
509 2474 516 2487 ,
533 2454 577 2489 qui
597 2453 698 2481 nullum
711 2460 757 2480 vas
776 2453 839 2480 facit
857 2453 883 2480 in
901 2460 967 2480 con-

177 2502 323 2530 tumeliam.

212 2546 319 2578 CXXX.
339 2546 400 2575 Jun.
420 2546 472 2574 Sed
492 2545 634 2580 imaginem
653 2551 739 2576 suam,
756 2543 782 2570 id
803 2547 854 2576 est,
875 2550 967 2573 omnes

180 2592 301 2621 homines
315 2592 400 2619 lmnos
413 2591 545 2623 condere,
564 2590 609 2625 qui
629 2589 708 2616 etiam
724 2588 735 2604 ³
749 2588 890 2616 demolitos
909 2592 966 2616 stu-

176 2636 281 2672 diorum
303 2638 450 2673 pravitate,
467 2636 613 2664 reformare
635 2634 812 2662 remediorum
835 2634 968 2662 desiderat

178 2683 309 2718 largitate.
325 2682 377 2717 Ipsi
398 2682 504 2717 quidem
519 2686 608 2709 minuit
624 2681 741 2708 Ecclesia
757 2681 965 2709 misericordiam

177 2733 201 2755 et
215 2727 343 2762 judicinrn
359 2726 444 2760 (Paul.
458 2735 485 2760 c,
503 2727 549 2762 l):
573 2726 635 2761 quia
656 2730 684 2754 ct
705 2726 759 2753 illis
779 2731 820 2753 est
839 2726 967 2761 benignus

176 2774 221 2808 qui
237 2773 302 2800 nihil
314 2772 499 2807 deliquerunt,
513 2777 540 2800 et
556 2772 629 2807 justo
644 2771 718 2807 punit
736 2771 837 2806 judicio
855 2779 902 2799 eos
922 2773 964 2806 qui

214 2849 222 2865 ¹
236 2849 273 2873 sic
288 2853 389 2872 mauuse
400 2846 451 2877 irti.
462 2846 521 2872 aliti
529 2864 537 2877 .
547 2846 592 2872 hoc
602 2846 653 2872 istis
665 2847 853 2873 εοηιιιιὶςεναηιε.

208 2880 218 2895 ⁸
231 2883 255 2903 ιιι
266 2879 405 2910 Marianeust
416 2878 500 2910 codice
511 2877 644 2910 reperitur,
656 2882 675 2902 ο
686 2877 755 2903 Itonia
768 2894 776 2908 .
788 2882 813 2903 tu
824 2877 877 2910 quis
887 2885 910 2904 es
921 2878 932 2903 ἵ)
942 2881 968 2904 lu

177 2910 229 2943 quis
247 2917 274 2943 es
282 2908 323 2941 qui
338 2908 482 2943 respondeas
496 2907 563 2933 Deo?

209 2941 219 2956 ⁸
229 2941 307 2966 Codex
321 2944 378 2964 alar.
396 2942 419 2964 et
425 2941 484 2966 iam.

261 2990 394 3016 l’A'rnoL
415 2990 505 3027 XL",

1018 256 1080 284 boni
1095 264 1108 283 a
1133 256 1187 283 Deo
1200 256 1298 284 conditi
1318 262 1411 292 suapte
1427 257 1560 284 voluntate
1584 259 1590 273 ¹
1607 264 1760 293 peeearuut,
1777 268 1807 286 ae

1018 303 1206 331 misericordia:
1220 303 1336 330 subsidia
1355 308 1524 338 respuerant.
1541 304 1617 334 llanc
1634 305 1714 340 igitur
1728 306 1807 333 misc-

1018 349 1169 381 ricordiam,
1184 354 1211 377 et
1225 349 1275 376 hoc
1286 349 1414 384 judicium
1428 354 1517 377 cantat
1531 350 1647 377 Ecclesia
1657 350 1693 378 Ca
1707 350 1807 379 holieo-

1019 402 1077 422 rum
1093 403 1099 421 :
1113 398 1238 422 caaterum
1259 395 1286 422 in
1301 399 1388 422 vestra
1405 395 1470 422 nihil
1495 400 1580 430 potest
1600 396 1652 423 tale
1670 403 1806 429 resonare,

1017 450 1078 477 qua:
1090 442 1153 469 dicit
1167 442 1224 470 sine
1237 442 1336 477 juslitia
1347 463 1354 475 ,
1373 442 1431 470 sine
1443 442 1543 477 judicio
1553 464 1560 476 ,
1575 443 1633 469 sine
1653 443 1806 470 misericor-

1018 487 1059 515 dia
1070 508 1077 520 ,
1095 488 1176 515 Deum
1191 488 1356 516 conditorem
1375 488 1505 516 malorum
1515 508 1523 521 ,
1539 488 1655 516 formare
1675 495 1742 523 quos
1756 495 1804 524 pu-

1019 533 1092 566 niat;
1114 536 1193 568 atque
1212 533 1247 561 ob
1262 532 1312 560 hoc
1329 533 1425 569 punire
1435 553 1443 567 ,
1459 533 1529 569 quod
1544 540 1592 561 eos
1606 541 1639 561 ex
1654 533 1737 560 Adam
1753 534 1810 568 ipse

1019 578 1182 606 formaverit.

1055 626 1122 653 Aue.
1144 625 1201 653 Jam
1216 625 1324 660 quidem
1340 625 1386 653 tibi
1405 625 1529 661 superius
1547 625 1580 653 ad
1599 626 1687 653 omnia
1702 626 1751 654 ista
1766 634 1811 653 re-

1019 678 1146 705 sponsum
1158 675 1200 699 est
1212 680 1219 698 :
1231 675 1320 699 tamen
1330 676 1357 699 et
1367 671 1410 699 hic
1419 672 1535 700 breviter
1544 671 1616 699 audi.
1628 671 1685 699 Non
1695 672 1811 699 abstinet

1021 716 1090 743 Deus
1104 716 1201 743 bonum
1218 716 1382 745 formationis
1396 725 1451 745 sua:
1465 717 1545 745 etiam
1558 717 1593 745 ab
1604 718 1687 753 stirpe
1700 717 1812 745 danina-

1020 768 1045 790 ta
1064 772 1071 790 :
1091 762 1137 791 sed
1148 763 1169 790 si
1184 763 1229 790 tibi
1243 763 1382 798 displicet,
1396 764 1478 791 Deum
1489 771 1582 792 creare
1599 771 1667 800 quos
1685 763 1809 794 damnet:

1019 809 1157 836 contradic
1170 809 1205 841 ei,
1220 809 1242 836 si
1257 813 1341 844 potes,
1357 817 1390 837 ne
1403 814 1477 837 creet
1489 817 1546 842 eos,
1561 817 1629 845 quos
1644 810 1729 837 malos
1741 810 1812 837 futu-

1019 862 1074 886 ros.
1091 859 1118 882 et
1132 854 1158 882 in
1172 853 1336 889 malignitate
1351 862 1435 890 usque
1447 855 1474 882 in
1490 854 1570 882 finem
1584 860 1810 890 perseveratur-os,

1020 904 1047 927 et
1059 900 1093 927 ob
1104 901 1154 927 hoc
1167 901 1225 927 sine
1237 900 1402 928 dubitatione
1411 900 1577 928 damnandos
1587 907 1647 928 esse
1660 901 1791 936 pnescivit
1804 910 1810 927 :

1020 950 1066 973 aut
1080 947 1104 973 ei
1119 953 1231 982 suggere
1241 967 1248 980 ,
1262 947 1284 973 si
1298 946 1418 979 videtur,
1433 950 1462 974 ut
1481 950 1521 974 tot
1538 946 1620 974 millia
1643 946 1811 982 parvulorum

1021 999 1073 1020 non
1089 992 1282 1028 baptizatoth
1292 1012 1300 1026 ,
1316 999 1383 1028 quos
1397 993 1470 1020 novit
1491 992 1593 1028 perdite
1610 999 1670 1020 esse
1684 993 1811 1024 victuros,

1020 1039 1085 1066 etin
1101 1045 1229 1066 atternum
1250 1039 1336 1074 ignem
1347 1060 1354 1071 ,
1375 1038 1519 1066 damnante
1540 1040 1615 1074 ipso,
1630 1046 1691 1066 eum
1706 1039 1813 1066 diabolo

1021 1084 1122 1117 ituros,
1138 1085 1223 1120 rapiat
1244 1092 1276 1112 ex
1296 1084 1346 1112 hac
1360 1085 1430 1117 vita,
1449 1084 1512 1112 dum
1533 1088 1596 1112 sunt
1617 1084 1772 1112 innocentes
1787 1090 1814 1112 et

1021 1130 1102 1163 boni;
1127 1135 1156 1158 ut
1169 1131 1191 1158 si
1207 1139 1259 1158 non
1274 1131 1299 1159 in
1319 1138 1402 1167 regno
1421 1131 1494 1166 ejus,
1509 1135 1582 1159 certe
1603 1131 1631 1159 in
1651 1131 1710 1159 loco
1723 1132 1814 1166 aliquo

1021 1177 1146 1205 secunda:
1167 1177 1317 1211 felicitatis,
1331 1185 1410 1213 quem
1430 1177 1525 1205 talibus
1545 1177 1686 1205 aedificavit
1703 1177 1814 1205 lia-rosis

1024 1227 1130 1256 vestra,
1155 1225 1234 1251 vitam
1259 1228 1368 1251 teneant
1391 1225 1590 1259 sempiternam.
1617 1223 1704 1250 Habes
1726 1222 1815 1250 adhuc

1021 1271 1091 1306 quod
1113 1279 1239 1307 suggeras
1253 1271 1422 1299 consiliarius
1437 1270 1499 1304 Dei,
1521 1278 1570 1305 pro
1585 1270 1648 1298 filiis
1669 1270 1727 1305 ejus
1745 1277 1814 1305 quos

1022 1317 1205 1352 regeneravit,
1226 1324 1294 1353 quos
1315 1316 1467 1351 adoptat-it,
1487 1321 1515 1344 et
1530 1320 1618 1344 tamen
1634 1316 1717 1343 malos
1734 1320 1815 1350 atque

1022 1362 1188 1390 damnandos
1208 1363 1310 1390 futuros
1328 1370 1388 1390 esse
1402 1362 1523 1397 praevidit
1538 1370 1544 1388 :
1560 1366 1589 1389 ut
1608 1366 1751 1396 antequam
1767 1369 1814 1389 ve-

1022 1408 1097 1436 niant
1109 1408 1136 1435 iu
1151 1415 1224 1436 ream
1237 1408 1329 1442 vitam,
1344 1407 1404 1435 vita:
1419 1407 1502 1443 ipsius
1518 1407 1694 1442 productione
1707 1406 1815 1442 priven-

1023 1458 1086 1487 tur,
1101 1458 1130 1482 et
1149 1453 1183 1482 ad
1204 1461 1315 1489 regnum
1330 1453 1396 1489 .ejus
1408 1474 1417 1488 ,
1433 1461 1485 1481 non
1508 1453 1541 1480 ad
1563 1453 1692 1489 supplicia
1715 1457 1814 1480 aeterna

1024 1499 1182 1535 pertineant.
1198 1498 1263 1526 Cum
1285 1499 1356 1527 enim
1372 1503 1399 1527 te
1419 1498 1549 1527 invidiose
1562 1498 1651 1528 dicere
1670 1499 1813 1535 putaveris.

1024 1545 1108 1574 Deum
1123 1553 1215 1573 creare
1234 1541 1302 1581 quos
1325 1545 1454 1578 damnet;
1476 1545 1562 1580 cogita
1576 1551 1677 1581 quanto
1699 1545 1815 1573 invidio-

1022 1591 1078 1620 sius
1093 1591 1177 1626 possit
1186 1590 1277 1618 dicere
1289 1590 1358 1618 alius
1371 1590 1493 1619 similiter
1503 1597 1598 1622 vanus,
1609 1590 1692 1618 Deum
1705 1597 1817 1626 regene-

1023 1643 1083 1664 rare
1109 1643 1176 1672 quos
1194 1635 1302 1664 damnet
1321 1644 1328 1662 :
1349 1643 1409 1663 eum
1429 1635 1464 1663 sit
1485 1635 1511 1663 in
1533 1635 1592 1670 eius
1614 1636 1815 1670 omnipotentiae

1023 1682 1182 1718 potestatc',
1195 1686 1337 1717 antequam
1357 1680 1522 1716 damnabiles
1536 1681 1608 1713 fiant.
1621 1689 1670 1709 eos
1681 1681 1716 1710 de
1729 1685 1814 1709 tenta-

1024 1726 1140 1755 tionibus
1153 1726 1273 1754 mortalis
1284 1726 1345 1753 vita:
1365 1725 1445 1760 hujus
1463 1725 1580 1753 auferre.
1601 1725 1630 1753 Si
1651 1730 1741 1754 autent
1761 1734 1813 1754 non

1024 1776 1098 1807 potes
1118 1771 1169 1799 ista
1190 1771 1289 1803 dicere,
1313 1778 1363 1798 nec
1383 1771 1437 1798 Deo
1457 1771 1649 1803 contradicere,
1673 1779 1723 1799 nee
1744 1772 1814 1799 illius

1023 1816 1160 1852 sapientia:
1174 1821 1246 1843 tuum
1261 1816 1379 1851 pnebere
1391 1816 1548 1848 consilium;
1561 1816 1620 1851 quis
1633 1816 1704 1844 enim
1716 1823 1814 1852 cogam

1024 1862 1061 1889 vit
1079 1869 1188 1890 sensum
1209 1861 1331 1893 Domini,
1347 1865 1393 1888 aut
1415 1861 1474 1896 quis
1495 1861 1663 1888 consiliarius
1684 1863 1742 1896 eius
1766 1862 1814 1890 fuit

1024 1906 1111 1944 (Rom.
1132 1915 1175 1939 ιι,
1195 1905 1273 1943 δι)ι
1293 1906 1385 1934 desine
1408 1906 1485 1934 nobis
1510 1906 1679 1935 introducere
1701 1908 1813 1936 alterum

1024 1953 1147 1988 figulum,
1162 1953 1206 1987 qui
1228 1960 1282 1980 non
1305 1952 1368 1979 facit
1381 1959 1444 1980 vasa
1464 1953 1490 1980 in
1505 1954 1714 1987 contumeliam;
1735 1960 1761 1982 et
1781 1956 1815 1982 ab

1021 2000 1074 2028 isto
1086 1998 1130 2034 qui
1144 2006 1174 2026 ea
1189 1997 1251 2025 facit
1264 1997 1485 2033 reprehendendo
1497 1998 1594 2026 cohibe
1606 2002 1632 2026 te
1644 2007 1650 2025 :
1662 2003 1689 2026 ct
1699 2007 1814 2034 agnosce

1023 2049 1048 2072 te
1061 2044 1089 2077 ';
1105 2043 1165 2079 quia
1181 2047 1209 2070 ut
1223 2051 1275 2070 non
1292 2048 1318 2070 te
1334 2043 1454 2078 implices
1466 2043 1518 2077 hoc
1530 2043 1678 2079 sacrilegio,
1693 2044 1754 2072 ideo
1768 2045 1814 2072 tibi

1022 2089 1086 2117 dicit
1098 2089 1241 2124 Apostolus
1253 2109 1261 2122 ,
1277 2088 1300 2115 0
1318 2088 1411 2122 hamo,
1429 2093 1456 2116 tu
1475 2089 1531 2123 quis
1553 2097 1580 2116 es
1598 2090 1642 2125 qui
1662 2091 1813 2126 respondeat

1022 2134 1076 2162 Deo
1086 2136 1099 2163 .’

1056 2179 1176 2208 CXXXI.
1196 2180 1256 2208 10L.
1276 2179 1329 2208 Sed
1340 2180 1395 2216 jam
1408 2181 1561 2215 apostolica:
1573 2181 1713 2209 sententia:
1725 2181 1813 2218 digni-

1022 2230 1063 2254 tas
1077 2230 1212 2254 asseratur
1223 2247 1230 2260 ,
1248 2234 1281 2254 ne
1296 2230 1403 2262 putetur
1417 2225 1459 2254 vel
1480 2227 1514 2254 de
1535 2227 1668 2262 aliquibus
1681 2227 1731 2255 hoc
1749 2235 1814 2255 scn-

1021 2271 1184 2307 sisse,quod
1201 2276 1230 2299 tu
1248 2271 1282 2299 de
1299 2271 1423 2300 omnibus
1439 2272 1587 2300 aestimasti.
1598 2273 1742 2308 Apostolus
1762 2274 1812 2301 ita-

1020 2325 1072 2352 que
1084 2317 1181 2344 Paulus
1194 2317 1334 2352 disputans
1345 2324 1406 2344 cum
1417 2318 1609 2352 qutestionibus
1622 2317 1633 2334 ⁸
1645 2318 1809 2351 Judatorum.

1019 2363 1065 2398 qui
1088 2363 1195 2398 generis
1216 2363 1257 2390 sui
1279 2363 1408 2398 dignitate
1433 2368 1579 2398 turgentes,
1601 2363 1812 2398 dedignabantur

1020 2408 1152 2442 corequari
1173 2407 1223 2434 sibi
1245 2415 1277 2434 ex
1298 2407 1429 2435 Gentibus
1443 2407 1552 2439 fideles.
1566 2411 1594 2435 et
1613 2407 1743 2442 justitiam
1764 2409 1812 2441 Dei

1020 2453 1189 2481 commendat
1203 2457 1230 2481 et
1250 2454 1376 2488 gratiam,
1390 2453 1530 2489 disputans
1546 2453 1579 2481 ad
1594 2461 1685 2482 earum
1698 2454 1710 2471 '
1723 2456 1812 2482 muni-

1021 2500 1152 2528 ficentiam
1167 2500 1300 2535 pertinere
1310 2520 1318 2531 ,
1332 2499 1402 2535 quod
1421 2503 1448 2527 et
1468 2500 1554 2535 primo
1564 2500 1672 2527 Judteos
1689 2502 1813 2529 nobilita-

1020 2550 1093 2573 verat
1106 2545 1171 2581 legis
1193 2545 1303 2580 agnitio,
1326 2549 1353 2572 et
1373 2544 1445 2580 quod
1467 2545 1594 2581 deinceps
1612 2546 1692 2573 etiam
1712 2546 1812 2575 Gentes

1019 2591 1169 2619 adsciverat
1189 2591 1286 2618 Christi
1310 2590 1472 2626 praedicatio.
1487 2591 1561 2619 Unus
1580 2591 1650 2620 enim
1670 2593 1810 2629 utriusque

1020 2637 1110 2674 populi
1134 2637 1256 2665 conditor
1274 2637 1441 2672 judicaturus
1463 2643 1490 2665 et
1516 2638 1574 2666 illos
1598 2647 1645 2674 per
1666 2639 1762 2676 legem,
1782 2646 1811 2669 et

1051 2725 1060 2759 ξ
1072 2727 1195 2759 mittar.
1213 2728 1275 2759 P011:
1295 2728 1322 2749 et
1332 2723 1391 2759 Clar.
1400 2742 1408 2751 .
1418 2725 1534 2751 mordente
1546 2725 1672 2753 voluntate.

1051 2756 1061 2771 ν
1073 2759 1113 2780 Its.
1126 2758 1198 2786 t‘ort.,
1209 2755 1361 2786 munipotemi
1371 2758 1491 2786 jwteatutc.

1051 2786 1061 2802 ³
1073 2788 1097 2810 ιιι
1108 2785 1179 2810 editis
1188 2786 1226 2810 hic
1240 2786 1354 2810 omissum
1363 2785 1375 2814 ,⁷
1382 2789 1413 2811 te.
1433 2787 1574 2812 nestituitur
1583 2794 1614 2812 et
1633 2792 1686 2813 uss.

1051 2817 1062 2832 δ
1073 2817 1209 2848 \‘ignierius
1228 2823 1286 2847 pro,
1307 2823 1362 2841 cum
1378 2817 1563 2847 questionibus;
1577 2818 1666 2843 i‘msua
1683 2820 1788 2843 corruit
1799 2835 1807 2845 .

1020 2854 1074 2880 cum
1083 2847 1232 2880 quibusdtmt.
1245 2851 1301 2872 Nam
1312 2848 1412 2880 respicit
1428 2847 1536 2880 ἶιιιιιτιιιιις
1546 2849 1724 2880 inquzestioues
1733 2866 1739 2877 ,
1752 2856 1807 2879 qth

1018 2879 1051 2903 ab
1063 2876 1174 2910 apostolo
1181 2877 1304 2903 diluuntur
1314 2879 1338 2902 in
1350 2876 1451 2910 Epistula
1459 2879 1489 2903 ad
1502 2876 1623 2910 Romanos.

1049 2909 1060 2925 ⁸
1070 2909 1135 2937 aliti,
1147 2915 1238 2934 eorrm.
1249 2912 1275 2934 At
1288 2912 1341 2933 ihs.
1349 2927 1356 2939 ,
1364 2909 1447 2934 eurum
1456 2918 1464 2939 ;
1472 2910 1572 2941 justitite
1583 2909 1705 2934 sciliceth
1722 2914 1805 2939 gratim

1021 2943 1073 2964 υει.

1445 2981 1666 3020 {Tl'enle-sir.)
