4118 6454
594 289 721 342 HM

587 401 723 456 istos
750 400 806 458 in
830 398 976 473 legc‘
1004 400 1183 472 (Rom.
1206 400 1425 472 Ht,29);
1458 401 1580 473 quia
1609 418 1714 457 non
1736 414 1845 457 erat
1870 402 2177 459 intimorum

593 494 736 550 Deus
766 504 994 562 tantum,
1024 495 1117 550 sui
1144 496 1305 550 etiam
1328 495 1600 561 Gentium,
1628 496 1858 552 reddens
1881 513 2039 553 suum
2065 498 2184 553 uni-

587 586 780 657 cuique
804 586 924 643 sine
948 586 1155 653 fraude,
1183 603 1299 643 sme
1322 597 1515 658 gratia,
1545 588 1599 643 id
1624 598 1707 643 est
1730 589 1848 644 sine
1867 589 2185 660 cujusquam

583 678 898 750 acceptione
942 693 1186 749 personae
1214 680 1383 750 (quod
1408 678 1664 749 exprimit
1692 694 1884 733 nomen
1913 679 2098 749 gratiae
2126 678 2181 735 in

583 771 900 827 definitione
939 770 1221 843 iustitia),
1252 774 1321 825 ita
1367 770 1435 826 de
1470 770 1675 826 semine
1710 770 1988 825 venientes
2015 770 2183 824 Abra-

586 863 731 931 ham,
754 877 883 917 cum.
902 863 1147 931 nequiter
1171 863 1375 928 vivunt,
1395 861 1518 933 jure
1541 861 1883 929 condemnat,
1909 877 1974 918 ac
1995 861 2063 918 de
2082 877 2181 917 sua

584 954 900 1011 hereditate
944 955 1257 1025 proturbat,
1283 955 1421 1011 sicut
1460 953 1620 1010 etiam
1648 952 1885 1010 Gentiles
1920 954 1974 1008 in
2013 953 2197 1008 simili

582 1049 898 1123 operatione
953 1048 1364 1117 deprehensos;
1424 1056 1479 1102 et
1522 1062 1554 1103 e
1602 1046 1851 1117 regione,
1902 1046 2181 1115 utriusque

584 1144 766 1214 populi
806 1143 978 1198 bonas
1004 1141 1303 1196 voluntates
1326 1150 1381 1195 et
1404 1155 1589 1195 veram
1627 1139 1786 1194 [idem
1828 1139 2177 1211 probitatem-

582 1252 688 1308 que
716 1237 984 1293 actionum
1015 1235 1182 1291 donat
1221 1233 1426 1305 gaudiis
1467 1232 1833 1305 sempiternis.
1861 1230 2178 1303 Cnmprimit

584 1330 746 1397 igitur
803 1327 1057 1385 Gentium
1117 1326 1366 1397 Magister
1408 1325 1714 1381 inda-orum
1779 1333 2042 1379 tumorem
2068 1363 2083 1388 ,
2124 1331 2179 1377 et

584 1421 822 1477 ostendit
860 1436 971 1476 non
1012 1421 1063 1475 in
1108 1417 1406 1475 seminibus
1440 1417 1658 1472 lunuani
1699 1417 1914 1487 generis
1937 1457 1953 1483 ,
1982 1415 2079 1472 sed
2122 1415 2175 1470 in

587 1513 827 1567 moribus
852 1525 975 1567 esse
999 1508 1345 1573 distantiam;
1387 1517 1439 1569 ut
1476 1523 1535 1563 se
1576 1508 1652 1562 illi
1678 1512 2049 1577 agnoscerent,
2074 1503 2175 1559 nisi

537 1602 548 1671 ’θ
584 1602 772 1658 lidcles
793 1616 915 1658 esse
955 1609 1270 1666 curassent,
1310 1599 1453 1654 nulla
1491 1597 1846 1669 pra'rngativa
1874 1596 2183 1651 circumcisi

581 1693 800 1764 generis
828 1691 1178 1747 vindicandos
1215 1706 1231 1745 :
1273 1688 1540 1760 siquidem
1580 1687 1747 1743 Jacoh
1791 1696 1845 1742 et
1887 1687 2028 1743 Esau
2070 1702 2179 1742 una

583 1783 808 1841 seminis
854 1781 1170 1855 exceptione
1230 1779 1518 1851 concepti,
1567 1788 1626 1835 et
1672 1794 1776 1833 una
1822 1778 1875 1833 vi
1925 1777 2177 1847 parientis

584 1875 762 1940 cll'usi,
788 1875 1034 1931 diversos
1063 1873 1285 1929 nimium
1311 1872 1487 1928 exitus
1514 1885 1611 1941 pro
1642 1871 1956 1924 meritorum
1998 1868 2175 1923 diver-

582 1966 743 2022 sitatc
772 1964 1112 2037 pertulerint.

654 2060 792 2116 Atio.
821 2058 881 2115 Si
902 2057 1198 2114 secundum
1224 2055 1541 2127 Apostolum
1582 2069 1830 2125 superes.
1879 2069 1985 2109 non
2027 2069 2180 2109 com-

586 2164 919 2206 memorares
944 2149 1046 2204 hoc
1074 2149 1195 2204 loco
1223 2148 1416 2204 merita
1439 2145 1626 2211 Jacob,
1662 2146 1749 2202 ubi
1779 2161 1901 2200 cum
1930 2145 2060 2200 dicit
2090 2145 2179 2201 ille

587 2261 694 2301 non
740 2259 808 2301 ex
846 2244 1099 2314 operibus
1143 2240 1308 2297 fuisse
1335 2239 1623 2304 dilectum;
1672 2249 1731 2293 ιιι
1771 2238 1997 2309 gratiam
2025 2253 2177 2293 com-

589 2336 828 2398 mendet,
872 2349 994 2405 quae
1043 2346 1155 2387 non
1199 2329 1493 2386 secundum
1531 2330 1723 2383 merita
1766 2336 1942 2385 nostra
1983 2329 2176 2382 datur:

588 2427 822 2497 alioquin
851 2440 1041 2479 merces
1068 2439 1172 2478 non
1198 2423 1501 2491 imputatur,
1526 2420 1665 2474 sicut
1687 2420 1800 2489 ipse
1826 2420 1975 2487 dicit,
2002 2435 2180 2473 secun-

587 2520 710 2573 dum
765 2517 1011 2590 gratiam,
1068 2515 1158 2570 sed
1192 2513 1466 2568 secundum
1493 2510 1716 2565 debitum
1751 2512 1929 2578 (Rom.
1972 2526 2055 2575 tv,
2100 2509 2179 2581 4).

592 2608 797 2678 Quibus
825 2607 1001 2679 verbis
1043 2604 1169 2677 quid
1210 2603 1479 2667 ostendit,
1520 2601 1623 2656 nisi
1655 2606 1879 2673 gratiam
1926 2616 2031 2655 non
2062 2614 2182 2655 esse

589 2700 847 2767 debitam,
877 2698 973 2755 sed
1001 2694 1326 2768 gratuitam?
1350 2694 1501 2751 lianc
1529 2694 1709 2765 itaque
1735 2693 2178 2761 Commendabat,

589 2791 679 2847 ubi
722 2790 931 2847 dicebat
962 2807 977 2842 :
1006 2786 1135 2845 Cum
1180 2786 1315 2842 enim
1358 2786 1584 2853 nondum
1629 2786 1737 2840 nati
1786 2795 1979 2852 essent,
2027 2802 2185 2856 neque

586 2881 803 2953 egissent
828 2878 1024 2950 aliquid
1046 2877 1164 2932 boni
1187 2886 1278 2931 aut
1304 2861 1429 2931 mali
1449 2917 1464 2942 ,
1497 2885 1552 2930 ut
1591 2876 1867 2931 secundum
1893 2877 2182 2931 electionem

587 2972 909 3042 propositum
929 2969 1025 3024 Dei
1042 2977 1286 3036 maneret,
1305 2985 1406 3023 non
1427 2983 1491 3022 ea:
1507 2968 1762 3037 operibus,
1782 2967 1873 3025 sed
1890 2984 1955 3023 ea:
1978 2975 2185 3023 vocante

587 3068 781 3122 dictum
821 3073 918 3131 est,
954 3063 1089 3132 Quia
1113 3062 1281 3133 major
1303 3061 1481 3116 serviet
1507 3061 1691 3115 minori
1719 3059 1832 3132 (Id.
1866 3077 1943 3127 ις,
1973 3058 2180 3132 11-15).

585 3157 740 3213 Clara
768 3163 893 3225 sunt
912 3169 1033 3226 quae
1054 3152 1353 3210 obscurare
1378 3151 1813 3209 conaris:fumos
1840 3153 2016 3218 tolle',
2035 3154 2183 3206 Scri-

591 3258 867 3321 pturarnm
914 3249 1094 3304 lumen
1147 3246 1387 3303 attende.
1435 3246 1616 3303 Gratia
1667 3247 1869 3318 quippe
1911 3245 2184 3300 hominem

589 3342 879 3416 praevenit,
924 3347 984 3395 ut
1025 3338 1431 3410 diligatDeum,
1462 3353 1566 3408 qua
1610 3338 1895 3393 dilectione
1934 3345 2187 3407 operetur

588 3435 751 3491 bona.
784 3431 939 3501 Quod
970 3440 1026 3487 et
1054 3430 1290 3487 Joannes
1318 3431 1592 3501 apostolus
1633 3429 1973 3500 apertissime
2002 3436 2186 3482 osten-

586 3527 689 3592 dit,
721 3525 811 3581 tthi
839 3526 951 3579 ait:
981 3521 1093 3578 Nos
1118 3523 1423 3595 diligamur,
1449 3523 1689 3594 quoniam
1728 3523 1868 3592 prior
1892 3520 2070 3576 dilexit
2094 3535 2185 3574 nos

526 3602 537 3631 ”
595 3617 641 3686 (1
665 3615 822 3669 Jonu.
858 3631 928 3680 tv,
961 3614 1072 3684 19).
1093 3612 1210 3669 Non
1240 3629 1369 3684 ergo
1393 3613 1685 3683 diligimur,
1716 3613 1838 3683 quia
1868 3611 2183 3677 dileximus;

587 3709 683 3764 sed
712 3708 832 3777 quia
860 3705 1043 3761 dilecti
1069 3719 1275 3772 sumus,
1304 3703 1647 3774 diligamus'.

664 3795 926 3852 CXXXII.
963 3795 1080 3850 ιω..
1120 3794 1261 3849 Esau
1300 3794 1444 3851 enim
1472 3794 1725 3864 profanus
1767 3802 1824 3849 et
1867 3793 2185 3860 fornicator,

596 3900 818 3962 propter
843 3902 1003 3943 unam
1040 3901 1220 3942 escam
1264 3884 1505 3941 vendens
1550 3884 1820 3955 primitiva
1862 3899 1958 3939 sua
1989 3882 2184 3955 (Hebr.

600 3998 699 4045 xu,
731 3976 856 4050 16),
904 3977 1144 4047 qumsivit
1196 3974 1621 4031 benedictionem
1650 3990 1810 4043 quam
1854 3969 2184 4045 Sprevcrat‘,

599 4086 704 4127 nec
735 4069 957 4138 adeptus
978 4078 1080 4133 est,
1109 4080 1415 4137 quanquam
1439 4079 1559 4121 eam
1589 4080 1711 4122 cum
1744 4065 1994 4137 iacrymis
2019 4080 2189 4137 popo-

601 4162 791 4216 scisset
826 4197 840 4214 .
870 4156 1036 4216 Jacob
1061 4166 1240 4212 autem
1269 4155 1485 4228 quietus
1509 4165 1564 4212 et
1589 4156 1732 4212 mitis
1751 4195 1767 4223 ,
1803 4156 2063 4213 obcdiens
2087 4170 2182 4227 pa-

606 4262 830 4309 rentum
864 4250 1181 4324 praceptis,
1209 4260 1266 4308 et
1302 4248 1786 4306 sanctiﬁcationum
1813 4250 2189 4321 appetentissi-

607 4360 749 4410 mus,
782 4342 850 4398 ad
897 4342 1004 4400 hoc
1042 4356 1212 4414 usque
1234 4349 1523 4413 provectus
1544 4342 1688 4410 est',
1715 4351 1775 4397 ut
1801 4343 1940 4397 sicut
1958 4340 2190 4397 Abrahm

608 4448 664 4490 et
706 4433 884 4495 Isaac.
921 4434 990 4489 ita
1027 4434 1189 4490 etiam
1213 4441 1273 4491 et
1289 4431 1459 4490 Jacob
1498 4433 1641 4491 Deus
1681 4435 1735 4489 in
1758 4430 1964 4490 sancto
1992 4432 2190 4507 populo

608 4526 895 4583 diceretur.
930 4522 1066 4580 Cum
1088 4525 1251 4597 igitur
1289 4523 1540 4582 omnibus
1579 4533 1854 4582 constaret
1894 4525 2188 4597 exemplis,

604 4620 779 4676 Deum
810 4626 960 4691 iusto
1000 4617 1207 4691 judicio
1253 4617 1409 4674 bonis
1448 4617 1715 4674 mentibus
1764 4617 1819 4673 in
1856 4633 2191 4690 quacumque

607 4720 768 4781 gente
806 4726 961 4769 suam
985 4711 1410 4773 misericordiam
1439 4726 1551 4767 non
1578 4726 1810 4782 negare,
1854 4713 2021 4767 malas
2061 4727 2191 4767 vero

603 4813 810 4859 mentes
829 4802 972 4859 nulla
997 4801 1178 4859 sinere
1197 4802 1382 4874 stirpis
1402 4801 1682 4857 nobilitate
1705 4799 1953 4863 defendi;
1987 4802 2188 4858 intellio

598 4903 784 4964 gemat
801 4891 1260 4958 Judaei,Gentium
1283 4892 1443 4948 iidem
1470 4908 1499 4945 a
1523 4907 1582 4947 se
1601 4892 1804 4960 deSpici
1829 4907 1935 4947 non
1957 4892 2189 4948 debere:

598 4984 720 5052 quia
768 4983 908 5038 sicut
946 4997 1065 5041 non
1112 4985 1478 5053 patrocinatur
1522 4980 1879 5036 lsraelitarum
1925 4989 2194 5039 stenuna‘

597 5074 935 5140 criminibus,
961 5073 1030 5129 ita
1049 5076 1205 5130 etiam
1231 5075 1378 5129 nullo
1400 5072 1782 5144 impedimento
1805 5074 1920 5130 est'
1937 5074 2192 5132 Gentium

664 5300 681 5331 ί
708 5299 791 5348 tne
814 5301 1009 5358 ex_ttss.
1032 5293 1298 5358 adjicimus,
1323 5300 1367 5345 et
1389 5292 1504 5344 istos
1525 5291 1575 5358 in
1589 5291 1708 5358 lege.

661 5361 681 5426 ξ
705 5360 841 5426 mliti,
1037 5354 1142 5426 tuba
1160 5354 1288 5426 tolle.
1312 5357 1608 5426 ﬂammanti
1625 5354 1940 5426 interemit,
1956 5360 2077 5407 tuos.

665 5422 684 5481 ξ
708 5421 782 5481 sic
812 5414 917 5468 ass.
941 5416 1065 5481 clar.
1085 5425 1139 5481 et
1160 5424 1269 5481 nar.
1294 5425 1352 5481 at
1386 5420 1529 5474 editi,
1544 5414 1650 5481 non
1661 5429 1780 5481 ergo
1799 5414 2066 5480 diligimus,
2090 5415 2206 5481 quia

605 5480 898 5540 (ﬁliaiam;
916 5478 1003 5530 sed
1024 5476 1137 5541 Quia
1157 5475 1324 5541 dilecti
1361 5491 1556 5538 simius,
1581 5475 1846 5541 diligﬂntus.
1889 5475 1912 5480 ⁷
2051 5475 2057 5478 ⁷
2102 5475 2114 5481 ’
2174 5513 2179 5518 -

663 5546 684 5575 ⁸
705 5543 843 5606 t-Jditi,
861 5540 1155 5606 speraverat.
1173 5540 1468 5606 castigantur
1492 5551 1555 5589 ex
1577 5549 1681 5591 Mss.

664 5606 685 5637 ⁸
706 5611 773 5655 tta
797 5599 845 5654 in
866 5599 972 5653 sise.
992 5609 1046 5652 At
1069 5602 1119 5650 in
1143 5599 1563 5661 editis,’profectus
1583 5608 1670 5651 at.
1764 5654 1767 5657 _

665 5669 684 5696 ⁶
706 5665 866 5725 Codex
893 5670 1025 5722 Itan,
1049 5669 1248 5725 stegma.
1272 5661 1345 5710 sic
1370 5674 1516 5722 supra
1531 5694 1548 5719 ,
1571 5674 1676 5724 cap.
1712 5663 1761 5720 5,
1787 5676 1872 5724 iro
1887 5700 1901 5723 ,
1940 5669 2203 5721 stenuuarr,

605 5724 911 5794 P'B‘lﬁ‘t’m
935 5724 1190 5794 "MM";
1362 5780 1393 5794 ..
1502 5781 1513 5792 .
1643 5783 1675 5794 ..

666 5789 687 5821 ’
710 5788 869 5840 (iudex
887 5780 1028 5847 alar;
1043 5784 1111 5839 itu
1125 5782 1267 5835 etiam
1290 5780 1473 5833 nullum
1494 5781 1882 5842 impellimﬁutum
1913 5792 1999 5835 est.

1272 285 1520 344 OPEliIS
1559 265 2280 347 lMPEllFECTlCONTRA
2320 286 2684 350 JUUANUN.
2721 287 2781 346 8ο
2830 291 3195 355 AUGllSTlNl

3694 316 3802 373 HS!

2289 407 2442 479 origo
2470 409 2767 466 Virtutibus
2804 409 2916 469 lloc
2942 428 3071 484 ergo
3114 424 3279 470 totum
3319 431 3473 485 agens
3497 420 3711 478 conﬂictu
3733 427 3802 480 illo

2289 496 2609 566 Apostolus;
2655 504 2709 555 itt
2751 502 3068 571 quibusdam
3098 513 3275 560 tamen
3307 506 3453 575 locis,
3478 509 3538 565 ad
3566 513 3799 570 incurtan-

2285 585 2406 641 dam
2432 588 2871 646 circumcisnrum
2897 593 3252 663 arrogantiam
3270 637 3286 663 ,
3316 597 3414 652 sub
3441 600 3636 658 nomine
3656 609 3804 674 gratia:

2283 679 2352 736 de
2375 683 2487 736 sola
2519 683 2613 738 Dei
2643 686 2955 757 prmjudicat
2985 698 3267 758 potestate.

2354 773 2490 830 Acs.
2534 774 2673 846 Ergo
2705 776 2774 831 ad
2816 780 3195 835 incurvandam
3241 782 3651 842 circumcisorum
3686 804 3786 847 arro

2281 866 2557 935 gantiam,
2603 868 2707 925 sub
2749 871 2964 927 nomine
3003 874 3189 943 gratize
3233 876 3479 929 mentitur
3525 878 3800 948 Apostolus;

2283 971 2405 1011 nam
2437 958 2577 1013 Dens
2600 974 2665 1014 ex
2693 961 2947 1031 operibus
2973 963 3166 1033 eligit',
3198 979 3303 1019 non
3331 980 3395 1020 cx
3419 967 3594 1038 gratia.
3620 969 3730 1035 Quis
3752 973 3806 1027 ita

2282 1050 2472 1120 sapiat,
2504 1051 2603 1106 nisi
2636 1052 2921 1109 barreticus
2947 1054 3198 1112 inimicus
3221 1058 3421 1128 gratim,
3448 1061 3634 1116 amicus
3655 1078 3809 1135 super-

2282 1142 2419 1198 biai?
2443 1143 2650 1200 Clamat
2674 1161 2767 1201 vas
2795 1147 3097 1212 electionis,
3120 1160 3174 1203 et
3196 1150 3401 1221 gratiae,
3426 1167 3522 1221 qtta
3543 1154 3653 1208 talis
3674 1154 3809 1212 factus

2281 1244 2387 1300 est,
2408 1235 2747 1305 praedicator,
2770 1253 2874 1293 non
2896 1254 2960 1294 ex
2984 1240 3238 1309 Operibus
3260 1240 3506 1295 dilectum
3521 1256 3630 1298 esse
3645 1242 3806 1301 iaculi:

2281 1335 2337 1380 et
2365 1336 2419 1381 tu
2451 1343 2845 1410 commemoras
2873 1346 3039 1401 opera
3068 1330 3265 1398 Jacob,
3307 1347 3371 1386 ex
3416 1334 3597 1405 quibus
3621 1351 3724 1390 eum
3744 1336 3810 1392 di-

2282 1417 2477 1474 lectum
2500 1433 2620 1476 esse
2642 1421 2955 1487 contendis;
2983 1431 3035 1479 et
3067 1421 3169 1477 hoc
3196 1422 3417 1487 faciens,
3447 1424 3568 1479 mihi
3595 1437 3642 1481 te
3661 1427 3811 1482 existi-

2283 1525 2397 1565 mas
2416 1509 2810 1579 contradicere,
2854 1529 2978 1568 enm
3017 1513 3093 1568 sis
3119 1527 3289 1568 novus
3314 1512 3673 1579 Antichristus,
3693 1515 3813 1586 eique

2280 1603 2616 1671 apertissime
2641 1603 2981 1660 contradicas
3026 1604 3078 1659 in
3118 1619 3226 1677 quo
3268 1604 3478 1660 locutus
3513 1615 3589 1660 est
3615 1602 3814 1661 Christus

2282 1692 2347 1762 (ll
2375 1692 2493 1745 Cor.
2525 1707 2642 1759 χιιι,
2677 1692 2760 1763 5).

2351 1782 2636 1839 CXXXI”.
2664 1783 2783 1841 Jun.
2821 1783 2892 1843 Ut
2932 1785 3036 1841 illis
3074 1786 3126 1840 in
3157 1786 3565 1842 cerimoniarum
3587 1787 3816 1861 ethostia-

2282 1890 2402 1929 rum
2427 1874 2804 1931 observatione
2828 1877 3207 1948 gloriantibus,
3240 1893 3441 1949 perque
3471 1877 3567 1933 hoc
3589 1879 3815 1934 aestiman-

2285 1966 2426 2022 tibus
2444 1967 2579 2023 alias
2604 1969 2850 2024 nationes
2877 1970 3039 2025 nullis
3067 1970 3200 2040 legis
3227 1970 3418 2025 ritibus
3441 1979 3752 2026 consecratas
3766 1969 3816 2024 ad

2282 2057 2613 2113 consortium
2641 2057 2725 2113 sui
2756 2072 2857 2114 nec
2881 2073 3038 2129 posse
3066 2058 3273 2114 admitti
3300 2059 3496 2121 subito,
3526 2075 3618 2115 nec
3641 2059 3818 2121 debere,

2284 2148 2525 2215 diceret,
2576 2150 2697 2221 quia
2750 2151 2851 2206 etsi
2909 2151 2963 2206 in
3010 2151 3116 2206 illis
3177 2150 3631 2208 observationibus
3675 2150 3822 2205 fuisset

2284 2256 2492 2297 summa
2515 2241 2757 2313 justitim,
2783 2242 3006 2300 haberet
3033 2252 3205 2299 tamen
3231 2243 3282 2298 in
3308 2253 3569 2314 potestate
3589 2259 3675 2298 sua
3694 2243 3820 2303 Deus.

2284 2337 2568 2403 quamdam
2599 2332 2777 2391 facere
2806 2335 3126 2405 pupulnrum
3153 2335 3654 2402 commutationem,
3684 2343 3735 2388 ut
3756 2348 3822 2387 re-

2281 2422 2474 2492 jiccrct
2516 2440 2651 2495 quos
2696 2424 2877 2491 vellet,
2926 2433 2981 2481 et
3027 2439 3163 2497 quos
3210 2423 3374 2480 vellet
3414 2435 3710 2480 assumeret.
3749 2422 3823 2478 Cui

2287 2517 2466 2572 sensui
2510 2518 2799 2587 respondet
2864 2518 3006 2573 sub'
3060 2533 3290 2589 persona
3339 2518 3638 2574 Judaeorutn
3665 2558 3679 2583 ,
3726 2514 3826 2570 nihil

2254 2608 2486 2665 .dcbere
2521 2608 2632 2681 jam
2659 2611 2799 2682 exigi
2829 2610 2897 2667 ab
2924 2611 3155 2667 hominis
3184 2613 3496 2678 voluntate;
3541 2607 3826 2682 quandoqui-

2287 2703 2406 2757 dem
2437 2703 2597 2765 Dens,
2628 2705 2776 2774 cujus
2804 2704 2909 2759 vult
2938 2711 3230 2773 miseretur,
3263 2715 3311 2759 et
3339 2722 3489 2778 quem
3515 2705 3613 2758 vult
3637 2702 3827 2756 obdurat.

2287 2797 2367 2852 Ad
2397 2796 2538 2867 quod
2569 2797 2730 2851 refert
2757 2797 3080 2867 Apostolus,
3115 2796 3161 2853 0
3182 2799 3356 2863 homo,
3390 2808 3445 2851 tu
3467 2796 3576 2866 quis
3604 2811 3652 2848 es
3684 2793 3757 2861 qui
3772 2806 3830 2843 re-

2283 2886 2538 2957 spondeas
2567 2886 2713 2942 Deo?
2734 2888 2802 2943 Et
2826 2886 2983 2943 infert
3011 2888 3375 2945 testimonium
3404 2885 3670 2958 prophctze
3698 2880 3829 2940 lsaim,

2290 2976 2556 3044 Numquid
2575 2978 2715 3043 dicit,
2736 2977 2927 3050 inquit,
2950 2978 3243 3050 ﬁgmentum
3267 2978 3315 3034 ei
3329 2978 3419 3049 qui
3438 2994 3492 3032 se
3506 2975 3666 3045 ﬁnxit:
3685 2969 3834 3042 thttt'd

2287 3084 2369 3123 me
2412 3068 2574 3131 feciin
2618 3069 2731 3127 sic?
2774 3068 3041 3139 Additque
3076 3068 3150 3124 de.
3173 3083 3311 3124 suo:
3343 3069 3446 3122 Aut
3473 3065 3596 3121 nou’
3617 3062 3745 3118 habet
3765 3076 3835 3131 po-

2289 3168 2517 3215 tntatcm
2557 3159 2747 3233 ﬁgulus
2778 3160 2872 3215 luti
2888 3159 2911 3192 ⁸
2950 3175 3015 3216 ea:
3040 3160 3212 3215 eadem
3237 3143 3422 3214 (atauo
3449 3161 3610 3230 facere
3631 3153 3754 3208 aliud
3772 3165 3837 3204 aut

2287 3249 2343 3304 in
2366 3251 2604 3305 honorem
2623 3294 2642 3316 ,
2678 3250 2823 3305 aliud
2860 3250 2915 3305 in
2936 3250 3292 3304 contumeliam
3318 3247 3503 3323 (Rom.
3540 3263 3620 3313 Ix,
3651 3243 3728 3309 l8,
3757 3240 3837 3304 ‘20.

2287 3338 2424 3411 ειη
2469 3339 2541 3396 Et
2566 3350 2650 3398 est
2677 3352 2869 3396 sensus
2897 3340 3159 3412 ejusmodi
3183 3356 3199 3394 :
3223 3340 3361 3408 Quia
3390 3356 3493 3412 ego
3520 3330 3838 3417 commendavi

2287 3432 2619 3488 voluntatem
2649 3432 2764 3498 Dei,
2782 3433 3263 3502 auctoritatemque
3290 3432 3480 3503 gratiae
3502 3430 3618 3501 ejus
3642 3421 3841 3496 exposui.

2288 3524 2474 3581 dicens
2513 3524 2658 3595 quod
2702 3524 3123 3580 misericordiam
3150 3530 3469 3593 praestaret,
3510 3520 3843 3591 cujuscumque

2290 3617 2541 3672 misertus
2570 3615 2785 3684 fuisset;
2813 3626 2867 3670 tu
2897 3615 3029 3671 mihi
3051 3658 3068 3683 ,
3093 3631 3127 3671 ο
3149 3615 3332 3672 iudice
3355 3657 3374 3684 ,
3399 3613 3711 3671 calumniam
3743 3621 3845 3662 con-

2289 3708 2501 3776 citasti,
2551 3708 2702 3780 quasi
2732 3708 3125 3764 couuncndatio
3167 3707 3376 3780 prolata
3419 3723 3451 3763 a
3488 3723 3577 3763 me
3607 3698 3846 3760 voluntatis

2291 3810 2347 3857 ct
2371 3801 2648 3872 potestatis
2671 3800 2868 3857 divina:
2906 3800 2971 3855 ad
2998 3801 3264 3857 excidium
3306 3799 3540 3871 iustitia:
3585 3796 3717 3853 illius
3755 3805 3849 3861 pct-

2292 3892 2487 3948 tineret
2507 3909 2521 3946 :
2544 3900 2600 3947 ct
2627 3892 2751 3962 quia
2780 3890 2889 3947 dixi
2916 3933 2930 3957 ,
2962 3890 3110 3946 Facit
3134 3890 3275 3962 quod
3301 3891 3449 3957 vult;
3494 3892 3848 3961 argumentatus

2292 3998 2354 4040 es
2382 3982 2511 4038 nihil
2537 3981 2650 4053 jam
2680 3983 2888 4052 reposci
2914 3981 2984 4036 ab
3009 3982 3242 4038 hominis
3269 3982 3546 4038 voluntate
3584 3979 3790 4041 debere,
3814 3969 3848 4025 si

2295 4076 2441 4132 Deus
2467 4084 2637 4150 totum
2661 4090 2761 4145 pro
2779 4089 2875 4131 sua
2905 4073 3104 4130 faceret
3125 4075 3437 4139 voluntate;
3482 4089 3603 4130 cum
3648 4077 3850 4141 personal

2292 4167 2526 4239 dignitas
2569 4169 2745 4222 locum
2794 4168 3081 4223 excluserit
3107 4167 3445 4237 quaestionis.
3478 4165 3610 4221 Nam
3642 4161 3684 4218 si
3721 4156 3852 4215 dixis-

2293 4275 2442 4327 sem,
2487 4258 2637 4316 Facit
2668 4259 2807 4316 Deus
2832 4259 2974 4330 quod
3003 4260 3162 4316 debet
3201 4260 3505 4316 secundum
3541 4255 3746 4330 justitize
3768 4264 3852 4307 sua

2295 4351 2460 4422 leges,
2482 4349 2638 4421 qum'
2662 4349 2732 4406 de
2752 4351 2956 4407 meritis
2973 4349 3176 4421 judicat
3192 4350 3562 4422 singulorum;
3586 4346 3707 4403 nihil
3728 4339 3854 4415 Quale

2296 4454 2443 4497 nunc
2463 4439 2680 4510 obiicis,
2711 4441 2898 4511 utique
2926 4439 3203 4495 retulisses
3227 4457 3241 4496 :
3267 4455 3414 4496 nunc
3441 4454 3574 4494 vero
3601 4437 3717 4508 quia
3742 4429 3852 4487 dixi.

2297 4531 2448 4588 Facit
2490 4530 2631 4587 Deus
2671 4530 2815 4602 quod
2853 4531 2994 4598 vult;
3040 4531 3239 4603 putasti
3286 4546 3374 4587 me
3418 4527 3623 4602 aliquid
3663 4527 3856 4582 furatum

2298 4637 2419 4678 esse
2447 4621 2519 4677 de
2538 4621 2761 4692 iustitia:
2785 4621 3060 4693 dignitate.
3084 4619 3387 4692 Utrumque
3426 4621 3593 4691 igitur
3629 4617 3755 4673 idem
3777 4621 3856 4668 εει.

2297 4714 2430 4770 Nam
2456 4728 2579 4769 cum
2605 4712 2674 4771 de
2699 4713 2813 4771 Deo
2840 4713 2961 4783 dico
2980 4754 2996 4779 ,
3037 4712 3186 4768 Facit
3224 4712 3366 4784 quod
3414 4713 3569 4777 vult;
3599 4708 3722 4767 nihil
3745 4699 3859 4760 aliud

2299 4805 2444 4867 dico,
2471 4819 2664 4872 quam,
2693 4802 2843 4860 Facit
2883 4802 3025 4871 quod
3065 4803 3265 4859 debet:
3291 4804 3418 4875 quia
3455 4802 3581 4873 scio
3608 4816 3724 4857 eum
3759 4791 3860 4850 nihil

2303 4894 2615 4968 aliud‘velle
2649 4910 2810 4966 quam
2838 4893 3022 4951 debet.
3054 4894 3155 4951 Ubi
3185 4910 3314 4965 ergo
3342 4886 3766 4965 inseparabiliter
3788 4897 3863 4938 vo-

2304 4986 2482 5045 luntas
2502 4989 2740 5051 cohaeret
2783 4984 3020 5055 aequitati
3062 4973 3462 5060 quamcumque
3490 4987 3563 5044 de
3598 4985 3701 5042 illis
3721 4978 3865 5067 nomi-

2309 5094 2528 5146 navero,
2557 5090 2841 5150 utramque
2867 5080 3090 5150 signari.
3308 5074 3315 5081 ’
3582 5084 3587 5087 ⁷

2376 5174 2512 5228 Avo.
2534 5170 2947 5238 Quomodolibet
2973 5170 3124 5227 dicas
3152 5171 3316 5227 Deum
3339 5170 3526 5229 facere
3546 5168 3687 5243 quod
3708 5166 3869 5224 debet;

2304 5264 2526 5337 gratiam
2555 5264 2755 5318 nemini
2796 5263 2977 5332 debet,
3018 5264 3307 5335 multisque
3337 5254 3459 5320 non
3489 5263 3668 5321 reddit
3702 5253 3869 5331 suppli-

2372 5420 2388 5484 ξ
2413 5417 2506 5468 sic.
2659 5423 2771 5484 lar,
2790 5415 3124 5484 etgclarcliditi
3143 5431 3281 5480 vero,
3300 5415 3468 5484 elegit.

2373 5482 2393 5512 ⁸
2418 5478 2668 5539 Particulo,
2692 5479 2798 5539 sub,
2821 5480 2965 5532 abest
2983 5494 3011 5529 a
3033 5487 3115 5530 Its.
3374 5478 3398 5484 ⁷
3844 5531 3853 5539 .

2369 5538 2800 5612 factmrduslegit
2817 5542 2985 5612 etiam,
3026 5547 3110 5593 aut
3138 5555 3251 5593 non.
3284 5541 3587 5605 \‘ignierius,
3614 5549 3790 5596 artum;
3819 5538 3879 5583 9‘

2338 5609 2460 5651 itiam
2485 5609 2507 5644 Χ
2519 5609 2701 5651 uiuam.
2790 5611 2844 5651 Μ.
3742 5642 3748 5648 .

2314 5603 2460 5652 etiam
2485 5599 2701 5665 \ulgata.
2727 5599 2753 5604 ⁷
2790 5611 2844 5651 Μ.
2971 5599 2980 5603 ⁷
3334 5599 3363 5605 ⁷
3574 5599 3583 5603 ⁷
3742 5642 3748 5648 .

2373 5662 2562 5727 ιγνιίἱιί,
2603 5660 2780 5727 figulus
2817 5676 2882 5714 ea:
2923 5664 3091 5715 eadem
3132 5676 3307 5725 massa,
3359 5664 3585 5725 omisso,
3631 5658 3742 5721 luti.
3773 5647 3879 5723 quod

2311 5726 2512 5795 verbum
2538 5726 2611 5774 ex
2627 5734 2727 5773 MSS.
2744 5726 3034 5795 .mljeeimus.

2375 5787 2394 5817 ⁸
2414 5792 2493 5835 Ms.
2524 5795 2647 5843 nam,
2672 5787 2769 5847 qui.
