  <div class='ocr_page' id='page_1' title='image "/cluster/home/n/w/nwhite01/storage/ocr_20150623/44-45/uc1.31175026792435/577.png"; bbox 0 0 4118 6502; ppageno 0'>
   <div class='ocr_carea' id='block_1_1' title="bbox 649 312 779 365">
    <p class='ocr_par' dir='ltr' id='par_1_1' title="bbox 649 312 779 365">
     <span class='ocr_line' id='line_1_1' title="bbox 649 312 779 365; baseline -0.023 0"><span class='ocrx_word' id='word_1_1' title='bbox 649 312 779 365; x_wconf 67' lang='lat'><strong>“35</strong></span> 
     </span>
    </p>
   </div>
   <div class='ocr_carea' id='block_1_2' title="bbox 639 425 2217 508">
    <p class='ocr_par' dir='ltr' id='par_1_2' title="bbox 639 425 2217 508">
     <span class='ocr_line' id='line_1_2' title="bbox 639 425 2217 508; baseline 0.011 -33"><span class='ocrx_word' id='word_1_2' title='bbox 639 429 747 490; x_wconf 79' lang='lat' dir='ltr'><strong>quis</strong></span> <span class='ocrx_word' id='word_1_3' title='bbox 773 425 1083 496; x_wconf 79' lang='lat' dir='ltr'><strong>mandaverit</strong></span> <span class='ocrx_word' id='word_1_4' title='bbox 1128 429 1466 500; x_wconf 79' lang='lat' dir='ltr'><strong>scnwtipsum,</strong></span> <span class='ocrx_word' id='word_1_5' title='bbox 1496 440 1555 486; x_wconf 89' lang='lat' dir='ltr'><strong>ut</strong></span> <span class='ocrx_word' id='word_1_6' title='bbox 1590 433 1964 490; x_wconf 88' lang='lat' dir='ltr'><strong>ostenderetur</strong></span> <span class='ocrx_word' id='word_1_7' title='bbox 1990 445 2042 491; x_wconf 89' lang='lat' dir='ltr'><strong>ct</strong></span> <span class='ocrx_word' id='word_1_8' title='bbox 2085 453 2217 508; x_wconf 89' lang='lat' dir='ltr'><strong>opus</strong></span> 
     </span>
    </p>
   </div>
   <div class='ocr_carea' id='block_1_3' title="bbox 625 515 2219 600">
    <p class='ocr_par' dir='ltr' id='par_1_3' title="bbox 625 515 2219 600">
     <span class='ocr_line' id='line_1_3' title="bbox 625 515 2219 600; baseline 0.009 -30"><span class='ocrx_word' id='word_1_9' title='bbox 625 515 870 572; x_wconf 79' lang='lat' dir='ltr'><strong>‘hominis</strong></span> <span class='ocrx_word' id='word_1_10' title='bbox 913 533 1006 588; x_wconf 84' lang='lat' dir='ltr'><strong>per</strong></span> <span class='ocrx_word' id='word_1_11' title='bbox 1027 519 1349 576; x_wconf 86' lang='lat' dir='ltr'><strong>voluntatem</strong></span> <span class='ocrx_word' id='word_1_12' title='bbox 1382 539 1396 578; x_wconf 91' lang='lat'><strong>:</strong></span> <span class='ocrx_word' id='word_1_13' title='bbox 1426 523 1542 591; x_wconf 91' lang='lat' dir='ltr'><strong>sed,</strong></span> <span class='ocrx_word' id='word_1_14' title='bbox 1576 525 1778 595; x_wconf 88' lang='lat' dir='ltr'><strong>ingrate</strong></span> <span class='ocrx_word' id='word_1_15' title='bbox 1807 526 1986 589; x_wconf 78' lang='lat' dir='ltr'><strong>homo,</strong></span> <span class='ocrx_word' id='word_1_16' title='bbox 2015 547 2219 600; x_wconf 76' lang='lat' dir='ltr'><strong>prwpa-</strong></span> 
     </span>
    </p>
   </div>
   <div class='ocr_carea' id='block_1_4' title="bbox 633 608 2218 686">
    <p class='ocr_par' dir='ltr' id='par_1_4' title="bbox 633 608 2218 686">
     <span class='ocr_line' id='line_1_4' title="bbox 633 608 2218 686; baseline 0.009 -26"><span class='ocrx_word' id='word_1_17' title='bbox 633 617 780 661; x_wconf 89' lang='lat' dir='ltr'><strong>ratur</strong></span> <span class='ocrx_word' id='word_1_18' title='bbox 818 609 1052 664; x_wconf 81' lang='lat' dir='ltr'><strong>voluntas</strong></span> <span class='ocrx_word' id='word_1_19' title='bbox 1073 627 1103 662; x_wconf 89' lang='lat' dir='ltr'><strong>a</strong></span> <span class='ocrx_word' id='word_1_20' title='bbox 1135 608 1353 667; x_wconf 86' lang='lat' dir='ltr'><strong>Domino</strong></span> <span class='ocrx_word' id='word_1_21' title='bbox 1381 610 1559 683; x_wconf 84' lang='lat' dir='ltr'><strong>(Prov.</strong></span> <span class='ocrx_word' id='word_1_22' title='bbox 1591 631 1704 680; x_wconf 90' lang='lat' dir='ltr'><strong>vtn,</strong></span> <span class='ocrx_word' id='word_1_23' title='bbox 1738 633 1836 669; x_wconf 79' lang='lat' dir='ltr'><strong>sec.</strong></span> <span class='ocrx_word' id='word_1_24' title='bbox 1861 617 2059 686; x_wconf 84' lang='lat' dir='ltr'><strong>LXX);</strong></span> <span class='ocrx_word' id='word_1_25' title='bbox 2099 620 2218 676; x_wconf 90' lang='lat' dir='ltr'><strong>idco</strong></span> 
     </span>
    </p>
   </div>
   <div class='ocr_carea' id='block_1_5' title="bbox 633 703 2216 776">
    <p class='ocr_par' dir='ltr' id='par_1_5' title="bbox 633 703 2216 776">
     <span class='ocr_line' id='line_1_5' title="bbox 633 703 2216 776; baseline 0.009 -24"><span class='ocrx_word' id='word_1_26' title='bbox 633 708 920 770; x_wconf 90' lang='lat' dir='ltr'><strong>utrumque</strong></span> <span class='ocrx_word' id='word_1_27' title='bbox 949 715 1136 756; x_wconf 90' lang='lat' dir='ltr'><strong>verum</strong></span> <span class='ocrx_word' id='word_1_28' title='bbox 1157 709 1262 767; x_wconf 90' lang='lat' dir='ltr'><strong>est,</strong></span> <span class='ocrx_word' id='word_1_29' title='bbox 1289 711 1345 757; x_wconf 91' lang='lat' dir='ltr'><strong>et</strong></span> <span class='ocrx_word' id='word_1_30' title='bbox 1384 703 1505 774; x_wconf 84' lang='lat' dir='ltr'><strong>quia</strong></span> <span class='ocrx_word' id='word_1_31' title='bbox 1536 705 1674 760; x_wconf 86' lang='lat' dir='ltr'><strong>Deus</strong></span> <span class='ocrx_word' id='word_1_32' title='bbox 1701 719 1963 776; x_wconf 65' lang='lat' dir='ltr'><strong>praeparat</strong></span> <span class='ocrx_word' id='word_1_33' title='bbox 1999 725 2121 764; x_wconf 88' lang='lat' dir='ltr'><strong>vasa</strong></span> <span class='ocrx_word' id='word_1_34' title='bbox 2164 711 2216 766; x_wconf 94' lang='lat' dir='ltr'><strong>in</strong></span> 
     </span>
    </p>
   </div>
   <div class='ocr_carea' id='block_1_6' title="bbox 631 787 2216 866">
    <p class='ocr_par' dir='ltr' id='par_1_6' title="bbox 631 787 2216 866">
     <span class='ocr_line' id='line_1_6' title="bbox 631 787 2216 866; baseline 0.009 -23"><span class='ocrx_word' id='word_1_35' title='bbox 631 787 880 861; x_wconf 69' lang='lat' dir='ltr'><strong>gloriam,</strong></span> <span class='ocrx_word' id='word_1_36' title='bbox 899 799 953 847; x_wconf 91' lang='lat' dir='ltr'><strong>et</strong></span> <span class='ocrx_word' id='word_1_37' title='bbox 973 793 1094 863; x_wconf 91' lang='lat' dir='ltr'><strong>quia</strong></span> <span class='ocrx_word' id='word_1_38' title='bbox 1123 793 1232 864; x_wconf 90' lang='lat' dir='ltr'><strong>ipsa</strong></span> <span class='ocrx_word' id='word_1_39' title='bbox 1256 810 1314 850; x_wconf 92' lang='lat' dir='ltr'><strong>se</strong></span> <span class='ocrx_word' id='word_1_40' title='bbox 1341 806 1658 866; x_wconf 69' lang='lat' dir='ltr'><strong>praeparant.</strong></span> <span class='ocrx_word' id='word_1_41' title='bbox 1687 798 1753 853; x_wconf 89' lang='lat' dir='ltr'><strong>Ut</strong></span> <span class='ocrx_word' id='word_1_42' title='bbox 1772 800 1914 855; x_wconf 90' lang='lat' dir='ltr'><strong>enim</strong></span> <span class='ocrx_word' id='word_1_43' title='bbox 1939 800 2090 857; x_wconf 86' lang='lat' dir='ltr'><strong>faciat</strong></span> <span class='ocrx_word' id='word_1_44' title='bbox 2117 802 2216 857; x_wconf 85' lang='lat' dir='ltr'><strong>ho-</strong></span> 
     </span>
    </p>
   </div>
   <div class='ocr_carea' id='block_1_7' title="bbox 631 882 2219 961">
    <p class='ocr_par' dir='ltr' id='par_1_7' title="bbox 631 882 2219 961">
     <span class='ocr_line' id='line_1_7' title="bbox 631 882 2219 961; baseline 0.009 -27"><span class='ocrx_word' id='word_1_45' title='bbox 631 897 741 945; x_wconf 90' lang='lat' dir='ltr'><strong>mo,</strong></span> <span class='ocrx_word' id='word_1_46' title='bbox 778 883 916 937; x_wconf 89' lang='lat' dir='ltr'><strong>Deus</strong></span> <span class='ocrx_word' id='word_1_47' title='bbox 945 882 1069 937; x_wconf 89' lang='lat' dir='ltr'><strong>facit</strong></span> <span class='ocrx_word' id='word_1_48' title='bbox 1092 901 1106 944; x_wconf 86' lang='lat'><strong>;</strong></span> <span class='ocrx_word' id='word_1_49' title='bbox 1131 883 1253 954; x_wconf 83' lang='lat' dir='ltr'><strong>quia</strong></span> <span class='ocrx_word' id='word_1_50' title='bbox 1277 894 1333 939; x_wconf 91' lang='lat' dir='ltr'><strong>ut</strong></span> <span class='ocrx_word' id='word_1_51' title='bbox 1355 885 1538 957; x_wconf 77' lang='lat' dir='ltr'><strong>diligat</strong></span> <span class='ocrx_word' id='word_1_52' title='bbox 1578 886 1760 954; x_wconf 90' lang='lat' dir='ltr'><strong>homo,</strong></span> <span class='ocrx_word' id='word_1_53' title='bbox 1801 890 1939 945; x_wconf 87' lang='lat' dir='ltr'><strong>Deus</strong></span> <span class='ocrx_word' id='word_1_54' title='bbox 1969 893 2111 961; x_wconf 90' lang='lat' dir='ltr'><strong>prior</strong></span> <span class='ocrx_word' id='word_1_55' title='bbox 2135 893 2219 948; x_wconf 89' lang='lat' dir='ltr'><strong>di-</strong></span> 
     </span>
    </p>
   </div>
   <div class='ocr_carea' id='block_1_8' title="bbox 631 976 2216 1054">
    <p class='ocr_par' dir='ltr' id='par_1_8' title="bbox 631 976 2216 1054">
     <span class='ocr_line' id='line_1_8' title="bbox 631 976 2216 1054; baseline 0.006 -24"><span class='ocrx_word' id='word_1_56' title='bbox 631 977 764 1046; x_wconf 91' lang='lat' dir='ltr'><strong>ligit.</strong></span> <span class='ocrx_word' id='word_1_57' title='bbox 797 976 936 1046; x_wconf 86' lang='lat' dir='ltr'><strong>Lege</strong></span> <span class='ocrx_word' id='word_1_58' title='bbox 968 976 1302 1033; x_wconf 84' lang='lat' dir='ltr'><strong>Ezechielem</strong></span> <span class='ocrx_word' id='word_1_59' title='bbox 1325 979 1340 1010; x_wconf 86' lang='grc'>¹</span> <span class='ocrx_word' id='word_1_60' title='bbox 1375 980 1708 1050; x_wconf 74' lang='lat' dir='ltr'><strong>prophetam,</strong></span> <span class='ocrx_word' id='word_1_61' title='bbox 1756 982 1894 1037; x_wconf 90' lang='lat' dir='ltr'><strong>unde</strong></span> <span class='ocrx_word' id='word_1_62' title='bbox 1920 984 2060 1054; x_wconf 89' lang='lat' dir='ltr'><strong>quod</strong></span> <span class='ocrx_word' id='word_1_63' title='bbox 2087 987 2216 1041; x_wconf 90' lang='lat' dir='ltr'><strong>satis</strong></span> 
     </span>
    </p>
   </div>
   <div class='ocr_carea' id='block_1_9' title="bbox 629 1067 2210 1148">
    <p class='ocr_par' dir='ltr' id='par_1_9' title="bbox 629 1067 2210 1148">
     <span class='ocr_line' id='line_1_9' title="bbox 629 1067 2210 1148; baseline 0.008 -28"><span class='ocrx_word' id='word_1_64' title='bbox 629 1067 801 1122; x_wconf 77' lang='lat' dir='ltr'><strong>visunt</strong></span> <span class='ocrx_word' id='word_1_65' title='bbox 834 1077 915 1122; x_wconf 91' lang='lat' dir='ltr'><strong>est</strong></span> <span class='ocrx_word' id='word_1_66' title='bbox 955 1082 1113 1138; x_wconf 87' lang='lat' dir='ltr'><strong>supra</strong></span> <span class='ocrx_word' id='word_1_67' title='bbox 1161 1072 1573 1127; x_wconf 89' lang='lat' dir='ltr'><strong>commemoravi</strong></span> <span class='ocrx_word' id='word_1_68' title='bbox 1613 1073 1830 1144; x_wconf 83' lang='lat' dir='ltr'><strong>(Supra,</strong></span> <span class='ocrx_word' id='word_1_69' title='bbox 1878 1093 1994 1146; x_wconf 87' lang='lat' dir='ltr'><strong>cap.</strong></span> <span class='ocrx_word' id='word_1_70' title='bbox 2044 1078 2165 1148; x_wconf 76' lang='grc'><strong>155)</strong></span> <span class='ocrx_word' id='word_1_71' title='bbox 2197 1096 2210 1132; x_wconf 91' lang='lat'><strong>:</strong></span> 
     </span>
    </p>
   </div>
   <div class='ocr_carea' id='block_1_10' title="bbox 627 1160 2214 1233">
    <p class='ocr_par' dir='ltr' id='par_1_10' title="bbox 627 1160 2214 1233">
     <span class='ocr_line' id='line_1_10' title="bbox 627 1160 2214 1233; baseline 0.007 -18"><span class='ocrx_word' id='word_1_72' title='bbox 627 1160 726 1215; x_wconf 86' lang='lat' dir='ltr'><strong>ista</strong></span> <span class='ocrx_word' id='word_1_73' title='bbox 754 1160 912 1216; x_wconf 74' lang='lat' dir='ltr'><strong>etiam</strong></span> <span class='ocrx_word' id='word_1_74' title='bbox 951 1161 1110 1216; x_wconf 71' lang='lat' dir='ltr'><strong>verba</strong></span> <span class='ocrx_word' id='word_1_75' title='bbox 1133 1163 1154 1194; x_wconf 81' lang='grc'>⁸</span> <span class='ocrx_word' id='word_1_76' title='bbox 1178 1163 1448 1232; x_wconf 83' lang='lat' dir='ltr'><strong>reperies,</strong></span> <span class='ocrx_word' id='word_1_77' title='bbox 1498 1164 1552 1219; x_wconf 92' lang='lat' dir='ltr'><strong>id</strong></span> <span class='ocrx_word' id='word_1_78' title='bbox 1589 1176 1692 1233; x_wconf 88' lang='lat' dir='ltr'><strong>est,</strong></span> <span class='ocrx_word' id='word_1_79' title='bbox 1733 1167 1896 1222; x_wconf 87' lang='lat' dir='ltr'><strong>Deum</strong></span> <span class='ocrx_word' id='word_1_80' title='bbox 1943 1171 2115 1226; x_wconf 90' lang='lat' dir='ltr'><strong>facere</strong></span> <span class='ocrx_word' id='word_1_81' title='bbox 2156 1180 2214 1226; x_wconf 88' lang='lat' dir='ltr'><strong>ut</strong></span> 
     </span>
    </p>
   </div>
   <div class='ocr_carea' id='block_1_11' title="bbox 627 1253 2208 1330">
    <p class='ocr_par' dir='ltr' id='par_1_11' title="bbox 627 1253 2208 1330">
     <span class='ocr_line' id='line_1_11' title="bbox 627 1253 2208 1330; baseline 0.007 -24"><span class='ocrx_word' id='word_1_82' title='bbox 627 1262 888 1322; x_wconf 76' lang='lat' dir='ltr'><strong>prmcepta</strong></span> <span class='ocrx_word' id='word_1_83' title='bbox 932 1267 1048 1322; x_wconf 82' lang='lat' dir='ltr'><strong>ejus</strong></span> <span class='ocrx_word' id='word_1_84' title='bbox 1092 1253 1336 1310; x_wconf 86' lang='lat' dir='ltr'><strong>homines</strong></span> <span class='ocrx_word' id='word_1_85' title='bbox 1370 1255 1590 1321; x_wconf 80' lang='lat' dir='ltr'><strong>faciant,</strong></span> <span class='ocrx_word' id='word_1_86' title='bbox 1641 1274 1864 1328; x_wconf 86' lang='lat' dir='ltr'><strong>quorum</strong></span> <span class='ocrx_word' id='word_1_87' title='bbox 1906 1262 2208 1330; x_wconf 80' lang='lat' dir='ltr'><strong>miSeretur,</strong></span> 
     </span>
    </p>
   </div>
   <div class='ocr_carea' id='block_1_12' title="bbox 626 1344 2211 1417">
    <p class='ocr_par' dir='ltr' id='par_1_12' title="bbox 626 1344 2211 1417">
     <span class='ocr_line' id='line_1_12' title="bbox 626 1344 2211 1417; baseline 0.007 -19"><span class='ocrx_word' id='word_1_88' title='bbox 626 1359 733 1398; x_wconf 89' lang='lat' dir='ltr'><strong>non</strong></span> <span class='ocrx_word' id='word_1_89' title='bbox 767 1353 983 1415; x_wconf 82' lang='lat' dir='ltr'><strong>propter</strong></span> <span class='ocrx_word' id='word_1_90' title='bbox 1004 1344 1192 1400; x_wconf 84' lang='lat' dir='ltr'><strong>merita</strong></span> <span class='ocrx_word' id='word_1_91' title='bbox 1232 1360 1439 1415; x_wconf 92' lang='lat' dir='ltr'><strong>eorum,</strong></span> <span class='ocrx_word' id='word_1_92' title='bbox 1468 1364 1586 1417; x_wconf 75' lang='lat' dir='ltr'><strong>qua:</strong></span> <span class='ocrx_word' id='word_1_93' title='bbox 1615 1350 1750 1403; x_wconf 90' lang='lat' dir='ltr'><strong>mala</strong></span> <span class='ocrx_word' id='word_1_94' title='bbox 1783 1351 1850 1404; x_wconf 87' lang='lat' dir='ltr'><strong>ibi</strong></span> <span class='ocrx_word' id='word_1_95' title='bbox 1895 1367 2013 1406; x_wconf 89' lang='lat' dir='ltr'><strong>esse</strong></span> <span class='ocrx_word' id='word_1_96' title='bbox 2058 1368 2211 1409; x_wconf 90' lang='lat' dir='ltr'><strong>com-</strong></span> 
     </span>
    </p>
   </div>
   <div class='ocr_carea' id='block_1_13' title="bbox 625 1436 2211 1508">
    <p class='ocr_par' dir='ltr' id='par_1_13' title="bbox 625 1436 2211 1508">
     <span class='ocr_line' id='line_1_13' title="bbox 625 1436 2211 1508; baseline 0.006 -16"><span class='ocrx_word' id='word_1_97' title='bbox 625 1444 907 1501; x_wconf 85' lang='lat' dir='ltr'><strong>memorat,</strong></span> <span class='ocrx_word' id='word_1_98' title='bbox 936 1436 1029 1493; x_wconf 90' lang='lat' dir='ltr'><strong>sed</strong></span> <span class='ocrx_word' id='word_1_99' title='bbox 1056 1445 1274 1508; x_wconf 88' lang='lat' dir='ltr'><strong>propter</strong></span> <span class='ocrx_word' id='word_1_100' title='bbox 1297 1454 1489 1494; x_wconf 85' lang='lat' dir='ltr'><strong>nomen</strong></span> <span class='ocrx_word' id='word_1_101' title='bbox 1521 1455 1709 1506; x_wconf 87' lang='lat' dir='ltr'><strong>suum;</strong></span> <span class='ocrx_word' id='word_1_102' title='bbox 1740 1451 1796 1496; x_wconf 90' lang='lat' dir='ltr'><strong>ut</strong></span> <span class='ocrx_word' id='word_1_103' title='bbox 1823 1445 1929 1496; x_wconf 87' lang='lat' dir='ltr'><strong>Deo</strong></span> <span class='ocrx_word' id='word_1_104' title='bbox 1954 1444 2070 1500; x_wconf 91' lang='lat' dir='ltr'><strong>sine</strong></span> <span class='ocrx_word' id='word_1_105' title='bbox 2100 1462 2211 1502; x_wconf 89' lang='lat' dir='ltr'><strong>me-</strong></span> 
     </span>
    </p>
   </div>
   <div class='ocr_carea' id='block_1_14' title="bbox 623 1527 2209 1603">
    <p class='ocr_par' dir='ltr' id='par_1_14' title="bbox 623 1527 2209 1603">
     <span class='ocr_line' id='line_1_14' title="bbox 623 1527 2209 1603; baseline 0.006 -21"><span class='ocrx_word' id='word_1_106' title='bbox 623 1528 743 1582; x_wconf 82' lang='lat' dir='ltr'><strong>ritis</strong></span> <span class='ocrx_word' id='word_1_107' title='bbox 790 1543 973 1583; x_wconf 90' lang='lat' dir='ltr'><strong>corum</strong></span> <span class='ocrx_word' id='word_1_108' title='bbox 1026 1527 1252 1584; x_wconf 91' lang='lat' dir='ltr'><strong>faciente</strong></span> <span class='ocrx_word' id='word_1_109' title='bbox 1300 1537 1358 1584; x_wconf 90' lang='lat' dir='ltr'><strong>ut</strong></span> <span class='ocrx_word' id='word_1_110' title='bbox 1402 1528 1597 1586; x_wconf 79' lang='lat' dir='ltr'><strong>faciant</strong></span> <span class='ocrx_word' id='word_1_111' title='bbox 1644 1542 1906 1602; x_wconf 55' lang='lat' dir='ltr'><strong>praecepta</strong></span> <span class='ocrx_word' id='word_1_112' title='bbox 1946 1535 2082 1603; x_wconf 86' lang='lat' dir='ltr'><strong>ejus,</strong></span> <span class='ocrx_word' id='word_1_113' title='bbox 2131 1537 2209 1592; x_wconf 80' lang='lat' dir='ltr'><strong>in-</strong></span> 
     </span>
    </p>
   </div>
   <div class='ocr_carea' id='block_1_15' title="bbox 578 1617 2207 1703">
    <p class='ocr_par' dir='ltr' id='par_1_15' title="bbox 578 1617 2207 1703">
     <span class='ocr_line' id='line_1_15' title="bbox 578 1617 2207 1703; baseline 0.006 -31"><span class='ocrx_word' id='word_1_114' title='bbox 622 1619 820 1688; x_wconf 91' lang='lat' dir='ltr'><strong>cipiaut</strong></span> <span class='ocrx_word' id='word_1_115' title='bbox 833 1618 1016 1672; x_wconf 91' lang='lat' dir='ltr'><strong>merita</strong></span> <span class='ocrx_word' id='word_1_116' title='bbox 1030 1617 1288 1673; x_wconf 88' lang='lat' dir='ltr'><strong>bonorum</strong></span> <span class='ocrx_word' id='word_1_117' title='bbox 1311 1618 1505 1674; x_wconf 88' lang='lat' dir='ltr'><strong>habere</strong></span> <span class='ocrx_word' id='word_1_118' title='bbox 1518 1620 1795 1676; x_wconf 87' lang='lat' dir='ltr'><strong>factorum.</strong></span> <span class='ocrx_word' id='word_1_119' title='bbox 1814 1623 1938 1678; x_wconf 73' lang='lat' dir='ltr'><strong>Hzce</strong></span> <span class='ocrx_word' id='word_1_120' title='bbox 1949 1635 2026 1678; x_wconf 90' lang='lat' dir='ltr'><strong>est</strong></span> <span class='ocrx_word' id='word_1_121' title='bbox 2043 1627 2207 1696; x_wconf 79' lang='lat' dir='ltr'><strong>gratia</strong></span> 
     </span>
    </p>
   </div>
   <div class='ocr_carea' id='block_1_16' title="bbox 621 1712 2203 1783">
    <p class='ocr_par' dir='ltr' id='par_1_16' title="bbox 621 1712 2203 1783">
     <span class='ocr_line' id='line_1_16' title="bbox 621 1712 2203 1783; baseline 0.006 -19"><span class='ocrx_word' id='word_1_122' title='bbox 621 1727 780 1783; x_wconf 87' lang='lat' dir='ltr'><strong>quam</strong></span> <span class='ocrx_word' id='word_1_123' title='bbox 812 1712 1034 1781; x_wconf 82' lang='lat' dir='ltr'><strong>negatis,</strong></span> <span class='ocrx_word' id='word_1_124' title='bbox 1055 1727 1158 1766; x_wconf 93' lang='lat' dir='ltr'><strong>non</strong></span> <span class='ocrx_word' id='word_1_125' title='bbox 1187 1728 1252 1766; x_wconf 80' lang='lat' dir='ltr'><strong>ex</strong></span> <span class='ocrx_word' id='word_1_126' title='bbox 1277 1713 1524 1782; x_wconf 83' lang='lat' dir='ltr'><strong>operibus</strong></span> <span class='ocrx_word' id='word_1_127' title='bbox 1549 1729 1666 1783; x_wconf 74' lang='lat' dir='ltr'><strong>qurc</strong></span> <span class='ocrx_word' id='word_1_128' title='bbox 1692 1714 1940 1775; x_wconf 85' lang='lat' dir='ltr'><strong>flunt,sed</strong></span> <span class='ocrx_word' id='word_1_129' title='bbox 1973 1726 2029 1771; x_wconf 92' lang='lat' dir='ltr'><strong>ut</strong></span> <span class='ocrx_word' id='word_1_130' title='bbox 2060 1719 2203 1774; x_wconf 86' lang='lat' dir='ltr'><strong>fiant.</strong></span> 
     </span>
    </p>
   </div>
   <div class='ocr_carea' id='block_1_17' title="bbox 691 1801 2203 1878">
    <p class='ocr_par' dir='ltr' id='par_1_17' title="bbox 691 1801 2203 1878">
     <span class='ocr_line' id='line_1_17' title="bbox 691 1801 2203 1878; baseline 0.005 -22"><span class='ocrx_word' id='word_1_131' title='bbox 691 1801 956 1857; x_wconf 90' lang='lat' dir='ltr'><strong>CXXXV.</strong></span> <span class='ocrx_word' id='word_1_132' title='bbox 1000 1801 1119 1857; x_wconf 78' lang='lat' dir='ltr'><strong>JUL.</strong></span> <span class='ocrx_word' id='word_1_133' title='bbox 1149 1803 1286 1858; x_wconf 78' lang='lat' dir='ltr'><strong>Ecce</strong></span> <span class='ocrx_word' id='word_1_134' title='bbox 1308 1803 1541 1858; x_wconf 89' lang='lat' dir='ltr'><strong>ofticium</strong></span> <span class='ocrx_word' id='word_1_135' title='bbox 1565 1804 1748 1860; x_wconf 69' lang='lat' dir='ltr'><strong>liberte</strong></span> <span class='ocrx_word' id='word_1_136' title='bbox 1773 1807 2090 1862; x_wconf 76' lang='lat' dir='ltr'><strong>voluntatis:</strong></span> <span class='ocrx_word' id='word_1_137' title='bbox 2122 1809 2203 1878; x_wconf 90' lang='lat' dir='ltr'><strong>Si,</strong></span> 
     </span>
    </p>
   </div>
   <div class='ocr_carea' id='block_1_18' title="bbox 622 1893 2205 1965">
    <p class='ocr_par' dir='ltr' id='par_1_18' title="bbox 622 1893 2205 1965">
     <span class='ocr_line' id='line_1_18' title="bbox 622 1893 2205 1965; baseline 0.004 -17"><span class='ocrx_word' id='word_1_138' title='bbox 622 1893 810 1965; x_wconf 89' lang='lat' dir='ltr'><strong>inquit,</strong></span> <span class='ocrx_word' id='word_1_139' title='bbox 847 1893 1164 1947; x_wconf 82' lang='lat' dir='ltr'><strong>mandaverit</strong></span> <span class='ocrx_word' id='word_1_140' title='bbox 1212 1895 1323 1964; x_wconf 90' lang='lat' dir='ltr'><strong>quis</strong></span> <span class='ocrx_word' id='word_1_141' title='bbox 1360 1894 1682 1964; x_wconf 72' lang='lat' dir='ltr'><strong>semetipsum</strong></span> <span class='ocrx_word' id='word_1_142' title='bbox 1710 1911 1738 1949; x_wconf 88' lang='lat' dir='ltr'><strong>a</strong></span> <span class='ocrx_word' id='word_1_143' title='bbox 1768 1897 2023 1953; x_wconf 85' lang='lat' dir='ltr'><strong>societate</strong></span> <span class='ocrx_word' id='word_1_144' title='bbox 2047 1915 2205 1954; x_wconf 86' lang='lat' dir='ltr'><strong>vaso-</strong></span> 
     </span>
    </p>
   </div>
   <div class='ocr_carea' id='block_1_19' title="bbox 620 1987 2204 2060">
    <p class='ocr_par' dir='ltr' id='par_1_19' title="bbox 620 1987 2204 2060">
     <span class='ocr_line' id='line_1_19' title="bbox 620 1987 2204 2060; baseline 0.002 -18"><span class='ocrx_word' id='word_1_145' title='bbox 620 2003 736 2042; x_wconf 88' lang='lat' dir='ltr'><strong>rum</strong></span> <span class='ocrx_word' id='word_1_146' title='bbox 762 1987 946 2042; x_wconf 82' lang='lat' dir='ltr'><strong>vilium</strong></span> <span class='ocrx_word' id='word_1_147' title='bbox 975 1989 1106 2058; x_wconf 90' lang='lat' dir='ltr'><strong>(quo</strong></span> <span class='ocrx_word' id='word_1_148' title='bbox 1128 1987 1346 2042; x_wconf 91' lang='lat' dir='ltr'><strong>nomine</strong></span> <span class='ocrx_word' id='word_1_149' title='bbox 1375 1987 1496 2040; x_wconf 90' lang='lat' dir='ltr'><strong>vitia</strong></span> <span class='ocrx_word' id='word_1_150' title='bbox 1525 1987 1892 2060; x_wconf 80' lang='lat' dir='ltr'><strong>denotamur),</strong></span> <span class='ocrx_word' id='word_1_151' title='bbox 1923 1991 2018 2043; x_wconf 84' lang='lat' dir='ltr'><strong>erit</strong></span> <span class='ocrx_word' id='word_1_152' title='bbox 2043 2007 2128 2045; x_wconf 79' lang='lat' dir='ltr'><strong>vos</strong></span> <span class='ocrx_word' id='word_1_153' title='bbox 2153 1992 2204 2046; x_wconf 88' lang='lat' dir='ltr'><strong>in</strong></span> 
     </span>
    </p>
   </div>
   <div class='ocr_carea' id='block_1_20' title="bbox 620 2077 2204 2150">
    <p class='ocr_par' dir='ltr' id='par_1_20' title="bbox 620 2077 2204 2150">
     <span class='ocr_line' id='line_1_20' title="bbox 620 2077 2204 2150; baseline 0.003 -19"><span class='ocrx_word' id='word_1_154' title='bbox 620 2080 861 2132; x_wconf 80' lang='lat' dir='ltr'><strong>honorem</strong></span> <span class='ocrx_word' id='word_1_155' title='bbox 908 2078 1301 2147; x_wconf 81' lang='lat' dir='ltr'><strong>sanctiﬁcatum,</strong></span> <span class='ocrx_word' id='word_1_156' title='bbox 1353 2078 1475 2131; x_wconf 88' lang='lat' dir='ltr'><strong>utile</strong></span> <span class='ocrx_word' id='word_1_157' title='bbox 1516 2077 1756 2142; x_wconf 87' lang='lat' dir='ltr'><strong>Domino,</strong></span> <span class='ocrx_word' id='word_1_158' title='bbox 1801 2078 1870 2133; x_wconf 88' lang='lat' dir='ltr'><strong>ad</strong></span> <span class='ocrx_word' id='word_1_159' title='bbox 1907 2097 2052 2134; x_wconf 85' lang='lat' dir='ltr'><strong>autne</strong></span> <span class='ocrx_word' id='word_1_160' title='bbox 2077 2098 2204 2150; x_wconf 89' lang='lat' dir='ltr'><strong>opus</strong></span> 
     </span>
    </p>
   </div>
   <div class='ocr_carea' id='block_1_21' title="bbox 619 2169 2202 2245">
    <p class='ocr_par' dir='ltr' id='par_1_21' title="bbox 619 2169 2202 2245">
     <span class='ocr_line' id='line_1_21' title="bbox 619 2169 2202 2245; baseline 0.003 -22"><span class='ocrx_word' id='word_1_161' title='bbox 619 2171 803 2223; x_wconf 81' lang='lat' dir='ltr'><strong>bonum</strong></span> <span class='ocrx_word' id='word_1_162' title='bbox 833 2180 1084 2240; x_wconf 83' lang='lat' dir='ltr'><strong>paratum.</strong></span> <span class='ocrx_word' id='word_1_163' title='bbox 1108 2169 1230 2224; x_wconf 68' lang='grc' dir='ltr'><strong>ΙΙωο</strong></span> <span class='ocrx_word' id='word_1_164' title='bbox 1257 2170 1416 2239; x_wconf 81' lang='lat' dir='ltr'><strong>igitur</strong></span> <span class='ocrx_word' id='word_1_165' title='bbox 1444 2184 1586 2232; x_wconf 84' lang='lat' dir='ltr'><strong>vasa,</strong></span> <span class='ocrx_word' id='word_1_166' title='bbox 1611 2171 1802 2227; x_wconf 89' lang='lat' dir='ltr'><strong>studiis</strong></span> <span class='ocrx_word' id='word_1_167' title='bbox 1830 2173 2081 2245; x_wconf 87' lang='lat' dir='ltr'><strong>propriis,</strong></span> <span class='ocrx_word' id='word_1_168' title='bbox 2111 2183 2202 2228; x_wconf 88' lang='lat' dir='ltr'><strong>aut</strong></span> 
     </span>
    </p>
   </div>
   <div class='ocr_carea' id='block_1_22' title="bbox 618 2259 2200 2330">
    <p class='ocr_par' dir='ltr' id='par_1_22' title="bbox 618 2259 2200 2330">
     <span class='ocr_line' id='line_1_22' title="bbox 618 2259 2200 2330; baseline 0.003 -16"><span class='ocrx_word' id='word_1_169' title='bbox 618 2260 685 2316; x_wconf 90' lang='lat' dir='ltr'><strong>ad</strong></span> <span class='ocrx_word' id='word_1_170' title='bbox 718 2260 870 2324; x_wconf 85' lang='lat' dir='ltr'><strong>iram,</strong></span> <span class='ocrx_word' id='word_1_171' title='bbox 900 2268 991 2314; x_wconf 84' lang='lat' dir='ltr'><strong>aut</strong></span> <span class='ocrx_word' id='word_1_172' title='bbox 1033 2259 1100 2314; x_wconf 83' lang='lat' dir='ltr'><strong>ad</strong></span> <span class='ocrx_word' id='word_1_173' title='bbox 1129 2259 1354 2328; x_wconf 77' lang='lat' dir='ltr'><strong>gloriam</strong></span> <span class='ocrx_word' id='word_1_174' title='bbox 1399 2270 1766 2330; x_wconf 70' lang='lat' dir='ltr'><strong>praeparantur</strong></span> <span class='ocrx_word' id='word_1_175' title='bbox 1797 2279 1812 2316; x_wconf 91' lang='lat'><strong>:</strong></span> <span class='ocrx_word' id='word_1_176' title='bbox 1839 2262 1983 2317; x_wconf 90' lang='lat' dir='ltr'><strong>Deus</strong></span> <span class='ocrx_word' id='word_1_177' title='bbox 2022 2273 2200 2318; x_wconf 86' lang='lat' dir='ltr'><strong>autem</strong></span> 
     </span>
    </p>
   </div>
   <div class='ocr_carea' id='block_1_23' title="bbox 617 2348 2204 2421">
    <p class='ocr_par' dir='ltr' id='par_1_23' title="bbox 617 2348 2204 2421">
     <span class='ocr_line' id='line_1_23' title="bbox 617 2348 2204 2421; baseline 0.001 -16"><span class='ocrx_word' id='word_1_178' title='bbox 617 2360 801 2405; x_wconf 89' lang='lat' dir='ltr'><strong>notam</strong></span> <span class='ocrx_word' id='word_1_179' title='bbox 827 2348 951 2404; x_wconf 82' lang='lat' dir='ltr'><strong>facit</strong></span> <span class='ocrx_word' id='word_1_180' title='bbox 977 2350 1266 2419; x_wconf 89' lang='lat' dir='ltr'><strong>potentiam</strong></span> <span class='ocrx_word' id='word_1_181' title='bbox 1293 2364 1444 2404; x_wconf 88' lang='lat' dir='ltr'><strong>suam</strong></span> <span class='ocrx_word' id='word_1_182' title='bbox 1474 2350 1527 2404; x_wconf 90' lang='lat' dir='ltr'><strong>in</strong></span> <span class='ocrx_word' id='word_1_183' title='bbox 1553 2359 1802 2421; x_wconf 90' lang='lat' dir='ltr'><strong>utroque,</strong></span> <span class='ocrx_word' id='word_1_184' title='bbox 1831 2352 1914 2406; x_wconf 91' lang='lat' dir='ltr'><strong>vel</strong></span> <span class='ocrx_word' id='word_1_185' title='bbox 1942 2355 2204 2407; x_wconf 88' lang='lat' dir='ltr'><strong>severita-</strong></span> 
     </span>
    </p>
   </div>
   <div class='ocr_carea' id='block_1_24' title="bbox 618 2440 2204 2512">
    <p class='ocr_par' dir='ltr' id='par_1_24' title="bbox 618 2440 2204 2512">
     <span class='ocr_line' id='line_1_24' title="bbox 618 2440 2204 2512; baseline 0.003 -16"><span class='ocrx_word' id='word_1_186' title='bbox 618 2453 726 2496; x_wconf 89' lang='lat' dir='ltr'><strong>tem</strong></span> <span class='ocrx_word' id='word_1_187' title='bbox 753 2441 805 2496; x_wconf 92' lang='lat' dir='ltr'><strong>in</strong></span> <span class='ocrx_word' id='word_1_188' title='bbox 833 2440 1026 2512; x_wconf 88' lang='lat' dir='ltr'><strong>impios</strong></span> <span class='ocrx_word' id='word_1_189' title='bbox 1051 2441 1072 2472; x_wconf 88' lang='grc'><em>³</em></span> <span class='ocrx_word' id='word_1_190' title='bbox 1100 2441 1420 2508; x_wconf 76' lang='lat' dir='ltr'><strong>exserendo,</strong></span> <span class='ocrx_word' id='word_1_191' title='bbox 1451 2441 1535 2496; x_wconf 88' lang='lat' dir='ltr'><strong>vel</strong></span> <span class='ocrx_word' id='word_1_192' title='bbox 1576 2442 2000 2498; x_wconf 89' lang='lat' dir='ltr'><strong>benedictionem</strong></span> <span class='ocrx_word' id='word_1_193' title='bbox 2034 2445 2204 2500; x_wconf 83' lang='lat' dir='ltr'><strong>ﬁdeli-</strong></span> 
     </span>
    </p>
   </div>
   <div class='ocr_carea' id='block_1_25' title="bbox 616 2533 2202 2606">
    <p class='ocr_par' dir='ltr' id='par_1_25' title="bbox 616 2533 2202 2606">
     <span class='ocr_line' id='line_1_25' title="bbox 616 2533 2202 2606; baseline 0.003 -16"><span class='ocrx_word' id='word_1_194' title='bbox 616 2535 718 2590; x_wconf 90' lang='lat' dir='ltr'><strong>bus</strong></span> <span class='ocrx_word' id='word_1_195' title='bbox 774 2533 1068 2604; x_wconf 84' lang='lat' dir='ltr'><strong>largiendo.</strong></span> <span class='ocrx_word' id='word_1_196' title='bbox 1137 2534 1398 2606; x_wconf 80' lang='lat' dir='ltr'><strong>Apparuit</strong></span> <span class='ocrx_word' id='word_1_197' title='bbox 1450 2535 1626 2606; x_wconf 90' lang='lat' dir='ltr'><strong>itaque</strong></span> <span class='ocrx_word' id='word_1_198' title='bbox 1691 2535 1826 2592; x_wconf 93' lang='lat' dir='ltr'><strong>hanc</strong></span> <span class='ocrx_word' id='word_1_199' title='bbox 1883 2539 2202 2594; x_wconf 88' lang='lat' dir='ltr'><strong>sententiam</strong></span> 
     </span>
    </p>
   </div>
   <div class='ocr_carea' id='block_1_26' title="bbox 615 2624 2199 2699">
    <p class='ocr_par' dir='ltr' id='par_1_26' title="bbox 615 2624 2199 2699">
     <span class='ocr_line' id='line_1_26' title="bbox 615 2624 2199 2699; baseline 0.003 -18"><span class='ocrx_word' id='word_1_200' title='bbox 615 2624 812 2697; x_wconf 79' lang='lat' dir='ltr'><strong>egregii</strong></span> <span class='ocrx_word' id='word_1_201' title='bbox 844 2626 1209 2696; x_wconf 74' lang='lat' dir='ltr'><strong>przeceptoris,</strong></span> <span class='ocrx_word' id='word_1_202' title='bbox 1235 2641 1332 2680; x_wconf 89' lang='lat' dir='ltr'><strong>nec</strong></span> <span class='ocrx_word' id='word_1_203' title='bbox 1352 2626 1654 2681; x_wconf 71' lang='lat' dir='ltr'><strong>lllanichzcis</strong></span> <span class='ocrx_word' id='word_1_204' title='bbox 1677 2642 1832 2699; x_wconf 88' lang='lat' dir='ltr'><strong>opem</strong></span> <span class='ocrx_word' id='word_1_205' title='bbox 1854 2630 2097 2685; x_wconf 87' lang='lat' dir='ltr'><strong>sensibus</strong></span> <span class='ocrx_word' id='word_1_206' title='bbox 2116 2640 2199 2686; x_wconf 86' lang='lat' dir='ltr'><strong>at-</strong></span> 
     </span>
    </p>
   </div>
   <div class='ocr_carea' id='block_1_27' title="bbox 616 2715 2012 2788">
    <p class='ocr_par' dir='ltr' id='par_1_27' title="bbox 616 2715 2012 2788">
     <span class='ocr_line' id='line_1_27' title="bbox 616 2715 2012 2788; baseline 0.004 -17"><span class='ocrx_word' id='word_1_207' title='bbox 616 2715 822 2782; x_wconf 88' lang='lat' dir='ltr'><strong>tulisse,</strong></span> <span class='ocrx_word' id='word_1_208' title='bbox 852 2725 906 2770; x_wconf 92' lang='lat' dir='ltr'><strong>ct</strong></span> <span class='ocrx_word' id='word_1_209' title='bbox 931 2732 962 2771; x_wconf 92' lang='lat' dir='ltr'><strong>e</strong></span> <span class='ocrx_word' id='word_1_210' title='bbox 981 2715 1194 2772; x_wconf 81' lang='lat' dir='ltr'><strong>diverso</strong></span> <span class='ocrx_word' id='word_1_211' title='bbox 1222 2731 1321 2771; x_wconf 91' lang='lat' dir='ltr'><strong>nos</strong></span> <span class='ocrx_word' id='word_1_212' title='bbox 1348 2726 1736 2788; x_wconf 89' lang='lat' dir='ltr'><strong>consequenter</strong></span> <span class='ocrx_word' id='word_1_213' title='bbox 1754 2732 2012 2776; x_wconf 87' lang='lat' dir='ltr'><strong>armasse.</strong></span> 
     </span>
    </p>
   </div>
   <div class='ocr_carea' id='block_1_28' title="bbox 681 2806 2200 2880">
    <p class='ocr_par' dir='ltr' id='par_1_28' title="bbox 681 2806 2200 2880">
     <span class='ocr_line' id='line_1_28' title="bbox 681 2806 2200 2880; baseline 0.005 -18"><span class='ocrx_word' id='word_1_214' title='bbox 681 2807 820 2864; x_wconf 73' lang='lat' dir='ltr'><strong>Auc.</strong></span> <span class='ocrx_word' id='word_1_215' title='bbox 862 2806 997 2876; x_wconf 85' lang='lat' dir='ltr'><strong>Quid</strong></span> <span class='ocrx_word' id='word_1_216' title='bbox 1017 2807 1376 2876; x_wconf 88' lang='lat' dir='ltr'><strong>calumniaris,</strong></span> <span class='ocrx_word' id='word_1_217' title='bbox 1407 2808 1532 2879; x_wconf 89' lang='lat' dir='ltr'><strong>quid</strong></span> <span class='ocrx_word' id='word_1_218' title='bbox 1562 2808 1693 2865; x_wconf 91' lang='lat' dir='ltr'><strong>falso</strong></span> <span class='ocrx_word' id='word_1_219' title='bbox 1734 2811 2055 2880; x_wconf 88' lang='lat' dir='ltr'><strong>criminaris,</strong></span> <span class='ocrx_word' id='word_1_220' title='bbox 2101 2829 2200 2870; x_wconf 88' lang='lat' dir='ltr'><strong>nec</strong></span> 
     </span>
    </p>
   </div>
   <div class='ocr_carea' id='block_1_29' title="bbox 612 2897 2200 2968">
    <p class='ocr_par' dir='ltr' id='par_1_29' title="bbox 612 2897 2200 2968">
     <span class='ocr_line' id='line_1_29' title="bbox 612 2897 2200 2968; baseline 0.005 -18"><span class='ocrx_word' id='word_1_221' title='bbox 612 2911 749 2967; x_wconf 87' lang='lat' dir='ltr'><strong>quos</strong></span> <span class='ocrx_word' id='word_1_222' title='bbox 776 2905 831 2952; x_wconf 93' lang='lat' dir='ltr'><strong>et</strong></span> <span class='ocrx_word' id='word_1_223' title='bbox 856 2897 1045 2968; x_wconf 87' lang='lat' dir='ltr'><strong>quales</strong></span> <span class='ocrx_word' id='word_1_224' title='bbox 1067 2897 1319 2953; x_wconf 79' lang='lat' dir='ltr'><strong>Ecclesia:</strong></span> <span class='ocrx_word' id='word_1_225' title='bbox 1347 2898 1592 2955; x_wconf 90' lang='lat' dir='ltr'><strong>doctores</strong></span> <span class='ocrx_word' id='word_1_226' title='bbox 1611 2900 1907 2957; x_wconf 90' lang='lat' dir='ltr'><strong>crimineris</strong></span> <span class='ocrx_word' id='word_1_227' title='bbox 1932 2904 2200 2960; x_wconf 78' lang='lat' dir='ltr'><strong>attendis?</strong></span> 
     </span>
    </p>
   </div>
   <div class='ocr_carea' id='block_1_30' title="bbox 612 2986 2198 3057">
    <p class='ocr_par' dir='ltr' id='par_1_30' title="bbox 612 2986 2198 3057">
     <span class='ocr_line' id='line_1_30' title="bbox 612 2986 2198 3057; baseline 0.006 -16"><span class='ocrx_word' id='word_1_228' title='bbox 612 2986 730 3042; x_wconf 83' lang='lat' dir='ltr'><strong>Non</strong></span> <span class='ocrx_word' id='word_1_229' title='bbox 760 2987 1068 3057; x_wconf 86' lang='lat' dir='ltr'><strong>cujusquam</strong></span> <span class='ocrx_word' id='word_1_230' title='bbox 1094 2987 1391 3055; x_wconf 72' lang='lat' dir='ltr'><strong>Manichasi,</strong></span> <span class='ocrx_word' id='word_1_231' title='bbox 1426 2989 1518 3043; x_wconf 91' lang='lat' dir='ltr'><strong>sed</strong></span> <span class='ocrx_word' id='word_1_232' title='bbox 1545 2991 1712 3046; x_wconf 85' lang='lat' dir='ltr'><strong>sancti</strong></span> <span class='ocrx_word' id='word_1_233' title='bbox 1737 2991 2002 3047; x_wconf 82' lang='lat' dir='ltr'><strong>Ambrosii</strong></span> <span class='ocrx_word' id='word_1_234' title='bbox 2021 2995 2198 3051; x_wconf 88' lang='lat' dir='ltr'><strong>verbis</strong></span> 
     </span>
    </p>
   </div>
   <div class='ocr_carea' id='block_1_31' title="bbox 612 3078 2196 3154">
    <p class='ocr_par' dir='ltr' id='par_1_31' title="bbox 612 3078 2196 3154">
     <span class='ocr_line' id='line_1_31' title="bbox 612 3078 2196 3154; baseline 0.004 -22"><span class='ocrx_word' id='word_1_235' title='bbox 612 3078 706 3133; x_wconf 86' lang='lat' dir='ltr'><strong>tibi</strong></span> <span class='ocrx_word' id='word_1_236' title='bbox 734 3078 1032 3148; x_wconf 66' lang='lat' dir='ltr'><strong>resltondco</strong></span> <span class='ocrx_word' id='word_1_237' title='bbox 1059 3094 1074 3132; x_wconf 91' lang='lat'><strong>:</strong></span> <span class='ocrx_word' id='word_1_238' title='bbox 1108 3097 1127 3130; x_wconf 72' lang='grc' dir='ltr'><strong><em>ι</em></strong></span> <span class='ocrx_word' id='word_1_239' title='bbox 1162 3079 1303 3134; x_wconf 89' lang='lat' dir='ltr'><strong>Dens</strong></span> <span class='ocrx_word' id='word_1_240' title='bbox 1326 3094 1460 3150; x_wconf 88' lang='lat' dir='ltr'><strong>quos</strong></span> <span class='ocrx_word' id='word_1_241' title='bbox 1487 3079 1733 3150; x_wconf 81' lang='lat' dir='ltr'><strong>dignatur</strong></span> <span class='ocrx_word' id='word_1_242' title='bbox 1752 3091 1925 3147; x_wconf 90' lang='lat' dir='ltr'><strong>vocat,</strong></span> <span class='ocrx_word' id='word_1_243' title='bbox 1957 3093 2010 3138; x_wconf 89' lang='lat' dir='ltr'><strong>et</strong></span> <span class='ocrx_word' id='word_1_244' title='bbox 2037 3100 2196 3154; x_wconf 89' lang='lat' dir='ltr'><strong>quem</strong></span> 
     </span>
    </p>
   </div>
   <div class='ocr_carea' id='block_1_32' title="bbox 609 3169 2194 3247">
    <p class='ocr_par' dir='ltr' id='par_1_32' title="bbox 609 3169 2194 3247">
     <span class='ocr_line' id='line_1_32' title="bbox 609 3169 2194 3247; baseline 0.004 -21"><span class='ocrx_word' id='word_1_245' title='bbox 609 3171 724 3226; x_wconf 82' lang='lat' dir='ltr'><strong>vult</strong></span> <span class='ocrx_word' id='word_1_246' title='bbox 745 3171 1045 3242; x_wconf 82' lang='lat' dir='ltr'><strong>religiosum</strong></span> <span class='ocrx_word' id='word_1_247' title='bbox 1072 3169 1196 3226; x_wconf 85' lang='lat' dir='ltr'><strong>facit</strong></span> <span class='ocrx_word' id='word_1_248' title='bbox 1225 3190 1243 3224; x_wconf 75' lang='grc' dir='ltr'><em>ι</em></span> <span class='ocrx_word' id='word_1_249' title='bbox 1281 3169 1416 3240; x_wconf 85' lang='lat' dir='ltr'><strong>(Lib.</strong></span> <span class='ocrx_word' id='word_1_250' title='bbox 1448 3173 1502 3239; x_wconf 88' lang='grc'><strong>7,</strong></span> <span class='ocrx_word' id='word_1_251' title='bbox 1530 3173 1582 3226; x_wconf 87' lang='lat' dir='ltr'><strong>in</strong></span> <span class='ocrx_word' id='word_1_252' title='bbox 1611 3172 1736 3227; x_wconf 86' lang='lat' dir='ltr'><strong>Luc.</strong></span> <span class='ocrx_word' id='word_1_253' title='bbox 1768 3190 1843 3240; x_wconf 73' lang='grc' dir='ltr'><strong>ιι,</strong></span> <span class='ocrx_word' id='word_1_254' title='bbox 1869 3173 1980 3247; x_wconf 67' lang='lat'><strong>68).</strong></span> <span class='ocrx_word' id='word_1_255' title='bbox 2013 3177 2122 3231; x_wconf 89' lang='lat' dir='ltr'><strong>lloc</strong></span> <span class='ocrx_word' id='word_1_256' title='bbox 2143 3178 2194 3232; x_wconf 92' lang='lat' dir='ltr'><strong>in</strong></span> 
     </span>
    </p>
   </div>
   <div class='ocr_carea' id='block_1_33' title="bbox 610 3261 2194 3335">
    <p class='ocr_par' dir='ltr' id='par_1_33' title="bbox 610 3261 2194 3335">
     <span class='ocr_line' id='line_1_33' title="bbox 610 3261 2194 3335; baseline 0.005 -19"><span class='ocrx_word' id='word_1_257' title='bbox 610 3262 834 3317; x_wconf 90' lang='lat' dir='ltr'><strong>veritate</strong></span> <span class='ocrx_word' id='word_1_258' title='bbox 861 3261 1004 3325; x_wconf 79' lang='lat' dir='ltr'><strong>facit,</strong></span> <span class='ocrx_word' id='word_1_259' title='bbox 1037 3261 1140 3318; x_wconf 86' lang='lat' dir='ltr'><strong>hoc</strong></span> <span class='ocrx_word' id='word_1_260' title='bbox 1165 3263 1216 3318; x_wconf 91' lang='lat' dir='ltr'><strong>in</strong></span> <span class='ocrx_word' id='word_1_261' title='bbox 1247 3264 1467 3319; x_wconf 88' lang='lat' dir='ltr'><strong>veritate</strong></span> <span class='ocrx_word' id='word_1_262' title='bbox 1487 3264 1877 3335; x_wconf 85' lang='lat' dir='ltr'><strong>Scripturarum</strong></span> <span class='ocrx_word' id='word_1_263' title='bbox 1897 3267 2194 3324; x_wconf 87' lang='lat' dir='ltr'><strong>divinarum</strong></span> 
     </span>
    </p>
   </div>
   <div class='ocr_carea' id='block_1_34' title="bbox 608 3353 2190 3426">
    <p class='ocr_par' dir='ltr' id='par_1_34' title="bbox 608 3353 2190 3426">
     <span class='ocr_line' id='line_1_34' title="bbox 608 3353 2190 3426; baseline 0.003 -17"><span class='ocrx_word' id='word_1_264' title='bbox 608 3353 871 3409; x_wconf 78' lang='lat' dir='ltr'><strong>intellexit</strong></span> <span class='ocrx_word' id='word_1_265' title='bbox 898 3354 1209 3410; x_wconf 83' lang='lat' dir='ltr'><strong>Ambrosius</strong></span> <span class='ocrx_word' id='word_1_266' title='bbox 1243 3372 1256 3409; x_wconf 93' lang='lat'><strong>:</strong></span> <span class='ocrx_word' id='word_1_267' title='bbox 1286 3355 1381 3409; x_wconf 88' lang='lat' dir='ltr'><strong>sed</strong></span> <span class='ocrx_word' id='word_1_268' title='bbox 1423 3355 1698 3425; x_wconf 85' lang='lat' dir='ltr'><strong>judicium,</strong></span> <span class='ocrx_word' id='word_1_269' title='bbox 1743 3372 1864 3412; x_wconf 90' lang='lat' dir='ltr'><strong>cum</strong></span> <span class='ocrx_word' id='word_1_270' title='bbox 1888 3358 2020 3412; x_wconf 88' lang='lat' dir='ltr'><strong>alios</strong></span> <span class='ocrx_word' id='word_1_271' title='bbox 2049 3359 2190 3426; x_wconf 83' lang='lat' dir='ltr'><strong>facit,</strong></span> 
     </span>
    </p>
   </div>
   <div class='ocr_carea' id='block_1_35' title="bbox 608 3444 2196 3519">
    <p class='ocr_par' dir='ltr' id='par_1_35' title="bbox 608 3444 2196 3519">
     <span class='ocr_line' id='line_1_35' title="bbox 608 3444 2196 3519; baseline 0.005 -21"><span class='ocrx_word' id='word_1_272' title='bbox 608 3454 666 3499; x_wconf 83' lang='lat' dir='ltr'><strong>et</strong></span> <span class='ocrx_word' id='word_1_273' title='bbox 689 3445 820 3499; x_wconf 84' lang='lat' dir='ltr'><strong>alios</strong></span> <span class='ocrx_word' id='word_1_274' title='bbox 846 3459 951 3499; x_wconf 81' lang='lat' dir='ltr'><strong>non</strong></span> <span class='ocrx_word' id='word_1_275' title='bbox 978 3444 1123 3508; x_wconf 88' lang='lat' dir='ltr'><strong>facit,</strong></span> <span class='ocrx_word' id='word_1_276' title='bbox 1158 3445 1424 3501; x_wconf 88' lang='lat' dir='ltr'><strong>occultum</strong></span> <span class='ocrx_word' id='word_1_277' title='bbox 1452 3455 1554 3502; x_wconf 87' lang='lat' dir='ltr'><strong>est.</strong></span> <span class='ocrx_word' id='word_1_278' title='bbox 1586 3447 1810 3519; x_wconf 84' lang='lat' dir='ltr'><strong>Propter</strong></span> <span class='ocrx_word' id='word_1_279' title='bbox 1837 3450 1975 3518; x_wconf 87' lang='lat' dir='ltr'><strong>quod</strong></span> <span class='ocrx_word' id='word_1_280' title='bbox 2004 3451 2196 3506; x_wconf 85' lang='lat' dir='ltr'><strong>dicitur</strong></span> 
     </span>
    </p>
   </div>
   <div class='ocr_carea' id='block_1_36' title="bbox 609 3537 2195 3608">
    <p class='ocr_par' dir='ltr' id='par_1_36' title="bbox 609 3537 2195 3608">
     <span class='ocr_line' id='line_1_36' title="bbox 609 3537 2195 3608; baseline 0.002 -15"><span class='ocrx_word' id='word_1_281' title='bbox 609 3537 812 3593; x_wconf 85' lang='lat' dir='ltr'><strong>nomini</strong></span> <span class='ocrx_word' id='word_1_282' title='bbox 861 3553 958 3608; x_wconf 87' lang='lat' dir='ltr'><strong>per</strong></span> <span class='ocrx_word' id='word_1_283' title='bbox 1003 3537 1292 3603; x_wconf 89' lang='lat' dir='ltr'><strong>hominem,</strong></span> <span class='ocrx_word' id='word_1_284' title='bbox 1336 3539 1430 3594; x_wconf 88' lang='lat' dir='ltr'><strong>sed</strong></span> <span class='ocrx_word' id='word_1_285' title='bbox 1453 3537 1475 3570; x_wconf 69' lang='grc' dir='ltr'>δ</span> <span class='ocrx_word' id='word_1_286' title='bbox 1505 3554 1608 3593; x_wconf 83' lang='grc' dir='ltr'><strong>ηοη</strong></span> <span class='ocrx_word' id='word_1_287' title='bbox 1638 3540 1707 3594; x_wconf 94' lang='lat' dir='ltr'><strong>ab</strong></span> <span class='ocrx_word' id='word_1_288' title='bbox 1738 3541 1950 3596; x_wconf 81' lang='lat' dir='ltr'><strong>homine</strong></span> <span class='ocrx_word' id='word_1_289' title='bbox 1975 3559 1987 3595; x_wconf 94' lang='lat'><strong>:</strong></span> <span class='ocrx_word' id='word_1_290' title='bbox 2025 3543 2069 3596; x_wconf 79' lang='grc' dir='ltr'><strong><em>Ι)</em></strong></span> <span class='ocrx_word' id='word_1_291' title='bbox 2099 3543 2195 3597; x_wconf 83' lang='lat' dir='ltr'><strong>ho-</strong></span> 
     </span>
    </p>
   </div>
   <div class='ocr_carea' id='block_1_37' title="bbox 611 3631 2194 3706">
    <p class='ocr_par' dir='ltr' id='par_1_37' title="bbox 611 3631 2194 3706">
     <span class='ocr_line' id='line_1_37' title="bbox 611 3631 2194 3706; baseline 0.002 -21"><span class='ocrx_word' id='word_1_292' title='bbox 611 3647 714 3696; x_wconf 90' lang='lat' dir='ltr'><strong>mo,</strong></span> <span class='ocrx_word' id='word_1_293' title='bbox 764 3641 816 3685; x_wconf 90' lang='lat' dir='ltr'><strong>tu</strong></span> <span class='ocrx_word' id='word_1_294' title='bbox 853 3631 964 3702; x_wconf 86' lang='lat' dir='ltr'><strong>quis</strong></span> <span class='ocrx_word' id='word_1_295' title='bbox 987 3648 1058 3698; x_wconf 88' lang='lat' dir='ltr'><strong>es,</strong></span> <span class='ocrx_word' id='word_1_296' title='bbox 1099 3631 1184 3702; x_wconf 88' lang='lat' dir='ltr'><strong>qui</strong></span> <span class='ocrx_word' id='word_1_297' title='bbox 1214 3633 1518 3702; x_wconf 83' lang='lat' dir='ltr'><strong>respoadeas</strong></span> <span class='ocrx_word' id='word_1_298' title='bbox 1563 3631 1714 3688; x_wconf 80' lang='lat' dir='ltr'><strong>Deo?</strong></span> <span class='ocrx_word' id='word_1_299' title='bbox 1760 3633 2024 3706; x_wconf 80' lang='lat' dir='ltr'><strong>Numquid</strong></span> <span class='ocrx_word' id='word_1_300' title='bbox 2073 3636 2194 3690; x_wconf 83' lang='lat' dir='ltr'><strong>dicit</strong></span> 
     </span>
    </p>
   </div>
   <div class='ocr_carea' id='block_1_38' title="bbox 609 3723 2192 3794">
    <p class='ocr_par' dir='ltr' id='par_1_38' title="bbox 609 3723 2192 3794">
     <span class='ocr_line' id='line_1_38' title="bbox 609 3723 2192 3794; baseline 0.003 -18"><span class='ocrx_word' id='word_1_301' title='bbox 609 3724 903 3793; x_wconf 82' lang='lat' dir='ltr'><strong>figmentum</strong></span> <span class='ocrx_word' id='word_1_302' title='bbox 937 3723 982 3777; x_wconf 87' lang='lat' dir='ltr'><strong>ei</strong></span> <span class='ocrx_word' id='word_1_303' title='bbox 1009 3724 1096 3794; x_wconf 88' lang='lat' dir='ltr'><strong>qui</strong></span> <span class='ocrx_word' id='word_1_304' title='bbox 1120 3740 1173 3777; x_wconf 89' lang='lat' dir='ltr'><strong>se</strong></span> <span class='ocrx_word' id='word_1_305' title='bbox 1201 3724 1350 3792; x_wconf 75' lang='lat' dir='ltr'><strong>ﬁnxit</strong></span> <span class='ocrx_word' id='word_1_306' title='bbox 1368 3766 1382 3788; x_wconf 98' lang='lat'><strong>,</strong></span> <span class='ocrx_word' id='word_1_307' title='bbox 1416 3724 1552 3789; x_wconf 80' lang='lat' dir='ltr'><strong>Quid</strong></span> <span class='ocrx_word' id='word_1_308' title='bbox 1581 3742 1658 3778; x_wconf 87' lang='lat' dir='ltr'><strong>me</strong></span> <span class='ocrx_word' id='word_1_309' title='bbox 1685 3725 1847 3794; x_wconf 77' lang='lat' dir='ltr'><strong>fecisti</strong></span> <span class='ocrx_word' id='word_1_310' title='bbox 1866 3727 1938 3780; x_wconf 90' lang='lat' dir='ltr'><strong>sic</strong></span> <span class='ocrx_word' id='word_1_311' title='bbox 1958 3727 1984 3780; x_wconf 74' lang='grc' dir='ltr'><strong>Ζ)</strong></span> <span class='ocrx_word' id='word_1_312' title='bbox 2013 3730 2192 3781; x_wconf 77' lang='lat' dir='ltr'><strong>Annon</strong></span> 
     </span>
    </p>
   </div>
   <div class='ocr_carea' id='block_1_39' title="bbox 607 3813 2194 3887">
    <p class='ocr_par' dir='ltr' id='par_1_39' title="bbox 607 3813 2194 3887">
     <span class='ocr_line' id='line_1_39' title="bbox 607 3813 2194 3887; baseline 0.001 -18"><span class='ocrx_word' id='word_1_313' title='bbox 607 3813 754 3869; x_wconf 77' lang='lat' dir='ltr'><strong>habet</strong></span> <span class='ocrx_word' id='word_1_314' title='bbox 773 3823 1064 3887; x_wconf 85' lang='lat' dir='ltr'><strong>potestatem</strong></span> <span class='ocrx_word' id='word_1_315' title='bbox 1085 3815 1273 3885; x_wconf 79' lang='lat' dir='ltr'><strong>ﬁgulus</strong></span> <span class='ocrx_word' id='word_1_316' title='bbox 1288 3815 1402 3880; x_wconf 88' lang='lat' dir='ltr'><strong>luti,</strong></span> <span class='ocrx_word' id='word_1_317' title='bbox 1420 3832 1482 3869; x_wconf 82' lang='lat' dir='ltr'><strong>ea:</strong></span> <span class='ocrx_word' id='word_1_318' title='bbox 1499 3815 1671 3870; x_wconf 79' lang='lat' dir='ltr'><strong>cadent</strong></span> <span class='ocrx_word' id='word_1_319' title='bbox 1689 3833 1853 3870; x_wconf 85' lang='lat' dir='ltr'><strong>massa</strong></span> <span class='ocrx_word' id='word_1_320' title='bbox 1870 3822 2034 3887; x_wconf 77' lang='lat' dir='ltr'><strong>facere</strong></span> <span class='ocrx_word' id='word_1_321' title='bbox 2051 3821 2194 3872; x_wconf 82' lang='lat' dir='ltr'><strong>aliud</strong></span> 
     </span>
    </p>
   </div>
   <div class='ocr_carea' id='block_1_40' title="bbox 609 3905 2195 3981">
    <p class='ocr_par' dir='ltr' id='par_1_40' title="bbox 609 3905 2195 3981">
     <span class='ocr_line' id='line_1_40' title="bbox 609 3905 2195 3981; baseline 0.003 -20"><span class='ocrx_word' id='word_1_322' title='bbox 609 3921 697 3961; x_wconf 72' lang='lat' dir='ltr'><strong>vos</strong></span> <span class='ocrx_word' id='word_1_323' title='bbox 721 3906 773 3959; x_wconf 92' lang='lat' dir='ltr'><strong>in</strong></span> <span class='ocrx_word' id='word_1_324' title='bbox 795 3905 1053 3970; x_wconf 74' lang='lat' dir='ltr'><strong>horrerent,</strong></span> <span class='ocrx_word' id='word_1_325' title='bbox 1077 3905 1220 3958; x_wconf 80' lang='lat' dir='ltr'><strong>aliud</strong></span> <span class='ocrx_word' id='word_1_326' title='bbox 1234 3907 1284 3959; x_wconf 91' lang='lat' dir='ltr'><strong>in</strong></span> <span class='ocrx_word' id='word_1_327' title='bbox 1301 3908 1654 3960; x_wconf 78' lang='lat' dir='ltr'><strong>contumeliam</strong></span> <span class='ocrx_word' id='word_1_328' title='bbox 1673 3909 1848 3974; x_wconf 86' lang='lat' dir='ltr'><strong>(Rom.</strong></span> <span class='ocrx_word' id='word_1_329' title='bbox 1870 3926 1942 3974; x_wconf 78' lang='lat' dir='ltr'><strong>Ix,</strong></span> <span class='ocrx_word' id='word_1_330' title='bbox 1960 3910 2049 3973; x_wconf 74' lang='lat'><strong>9.0,</strong></span> <span class='ocrx_word' id='word_1_331' title='bbox 2071 3910 2131 3964; x_wconf 71' lang='lat' dir='ltr'><strong>2i</strong></span> <span class='ocrx_word' id='word_1_332' title='bbox 2147 3911 2195 3981; x_wconf 67' lang='lat' dir='ltr'><strong>)i</strong></span> 
     </span>
    </p>
   </div>
   <div class='ocr_carea' id='block_1_41' title="bbox 609 3997 2188 4070">
    <p class='ocr_par' dir='ltr' id='par_1_41' title="bbox 609 3997 2188 4070">
     <span class='ocr_line' id='line_1_41' title="bbox 609 3997 2188 4070; baseline 0.001 -15"><span class='ocrx_word' id='word_1_333' title='bbox 609 4000 776 4055; x_wconf 81' lang='lat' dir='ltr'><strong>Aufer</strong></span> <span class='ocrx_word' id='word_1_334' title='bbox 809 4006 926 4052; x_wconf 90' lang='lat' dir='ltr'><strong>tuas</strong></span> <span class='ocrx_word' id='word_1_335' title='bbox 955 3997 1173 4052; x_wconf 89' lang='lat' dir='ltr'><strong>nebulas</strong></span> <span class='ocrx_word' id='word_1_336' title='bbox 1198 3997 1267 4053; x_wconf 88' lang='lat' dir='ltr'><strong>ab</strong></span> <span class='ocrx_word' id='word_1_337' title='bbox 1305 3998 1524 4052; x_wconf 91' lang='lat' dir='ltr'><strong>istorum</strong></span> <span class='ocrx_word' id='word_1_338' title='bbox 1569 4001 1854 4055; x_wconf 86' lang='lat' dir='ltr'><strong>serenitate</strong></span> <span class='ocrx_word' id='word_1_339' title='bbox 1882 4001 2188 4070; x_wconf 89' lang='lat' dir='ltr'><strong>verborum,</strong></span> 
     </span>
    </p>
   </div>
   <div class='ocr_carea' id='block_1_42' title="bbox 607 4088 2187 4164">
    <p class='ocr_par' dir='ltr' id='par_1_42' title="bbox 607 4088 2187 4164">
     <span class='ocr_line' id='line_1_42' title="bbox 607 4088 2187 4164; baseline 0.001 -18"><span class='ocrx_word' id='word_1_340' title='bbox 607 4091 804 4164; x_wconf 89' lang='lat' dir='ltr'><strong>quibus</strong></span> <span class='ocrx_word' id='word_1_341' title='bbox 834 4090 925 4145; x_wconf 87' lang='lat' dir='ltr'><strong>Dei</strong></span> <span class='ocrx_word' id='word_1_342' title='bbox 970 4088 1185 4160; x_wconf 88' lang='lat' dir='ltr'><strong>quidem</strong></span> <span class='ocrx_word' id='word_1_343' title='bbox 1223 4089 1479 4160; x_wconf 88' lang='lat' dir='ltr'><strong>judicium</strong></span> <span class='ocrx_word' id='word_1_344' title='bbox 1524 4091 1848 4160; x_wconf 84' lang='lat' dir='ltr'><strong>significatur</strong></span> <span class='ocrx_word' id='word_1_345' title='bbox 1885 4095 2187 4159; x_wconf 86' lang='lat' dir='ltr'><strong>occultum;</strong></span> 
     </span>
    </p>
   </div>
   <div class='ocr_carea' id='block_1_43' title="bbox 607 4181 2188 4254">
    <p class='ocr_par' dir='ltr' id='par_1_43' title="bbox 607 4181 2188 4254">
     <span class='ocr_line' id='line_1_43' title="bbox 607 4181 2188 4254; baseline 0.001 -16"><span class='ocrx_word' id='word_1_346' title='bbox 607 4181 704 4254; x_wconf 84' lang='lat' dir='ltr'><strong>sed</strong></span> <span class='ocrx_word' id='word_1_347' title='bbox 732 4182 843 4254; x_wconf 92' lang='lat' dir='ltr'><strong>ipsa</strong></span> <span class='ocrx_word' id='word_1_348' title='bbox 875 4188 982 4236; x_wconf 92' lang='lat' dir='ltr'><strong>tam</strong></span> <span class='ocrx_word' id='word_1_349' title='bbox 1005 4181 1146 4236; x_wconf 90' lang='lat' dir='ltr'><strong>clara</strong></span> <span class='ocrx_word' id='word_1_350' title='bbox 1175 4190 1320 4248; x_wconf 90' lang='lat' dir='ltr'><strong>sunt,</strong></span> <span class='ocrx_word' id='word_1_351' title='bbox 1362 4191 1416 4236; x_wconf 89' lang='lat' dir='ltr'><strong>ut</strong></span> <span class='ocrx_word' id='word_1_352' title='bbox 1437 4196 1495 4236; x_wconf 89' lang='lat' dir='ltr'><strong>se</strong></span> <span class='ocrx_word' id='word_1_353' title='bbox 1527 4193 1610 4236; x_wconf 88' lang='lat' dir='ltr'><strong>tua</strong></span> <span class='ocrx_word' id='word_1_354' title='bbox 1641 4181 1864 4253; x_wconf 84' lang='lat' dir='ltr'><strong>caligine</strong></span> <span class='ocrx_word' id='word_1_355' title='bbox 1883 4183 2188 4240; x_wconf 88' lang='lat' dir='ltr'><strong>obumbrari</strong></span> 
     </span>
    </p>
   </div>
   <div class='ocr_carea' id='block_1_44' title="bbox 605 4273 1339 4345">
    <p class='ocr_par' dir='ltr' id='par_1_44' title="bbox 605 4273 1339 4345">
     <span class='ocr_line' id='line_1_44' title="bbox 605 4273 1339 4345; baseline -0.003 -17"><span class='ocrx_word' id='word_1_356' title='bbox 605 4275 987 4345; x_wconf 78' lang='lat' dir='ltr'><strong>obscumriqtte</strong></span> <span class='ocrx_word' id='word_1_357' title='bbox 1012 4288 1118 4328; x_wconf 91' lang='lat' dir='ltr'><strong>non</strong></span> <span class='ocrx_word' id='word_1_358' title='bbox 1142 4273 1339 4329; x_wconf 89' lang='lat' dir='ltr'><strong>sinant.</strong></span> 
     </span>
    </p>
   </div>
   <div class='ocr_carea' id='block_1_45' title="bbox 675 4363 2189 4435">
    <p class='ocr_par' dir='ltr' id='par_1_45' title="bbox 675 4363 2189 4435">
     <span class='ocr_line' id='line_1_45' title="bbox 675 4363 2189 4435; baseline 0.001 -15"><span class='ocrx_word' id='word_1_359' title='bbox 675 4363 962 4423; x_wconf 76' lang='lat' dir='ltr'><strong>CXXXVI.</strong></span> <span class='ocrx_word' id='word_1_360' title='bbox 1000 4364 1116 4420; x_wconf 69' lang='lat' dir='ltr'><strong>Jun.</strong></span> <span class='ocrx_word' id='word_1_361' title='bbox 1163 4366 1240 4420; x_wconf 84' lang='lat' dir='ltr'><strong>Ac</strong></span> <span class='ocrx_word' id='word_1_362' title='bbox 1284 4380 1382 4435; x_wconf 89' lang='lat' dir='ltr'><strong>per</strong></span> <span class='ocrx_word' id='word_1_363' title='bbox 1405 4363 1579 4420; x_wconf 88' lang='lat' dir='ltr'><strong>hocet</strong></span> <span class='ocrx_word' id='word_1_364' title='bbox 1606 4364 1697 4420; x_wconf 91' lang='lat' dir='ltr'><strong>tibi</strong></span> <span class='ocrx_word' id='word_1_365' title='bbox 1726 4365 2067 4422; x_wconf 80' lang='lat' dir='ltr'><strong>vehementer</strong></span> <span class='ocrx_word' id='word_1_366' title='bbox 2090 4367 2189 4421; x_wconf 82' lang='lat' dir='ltr'><strong>ob-</strong></span> 
     </span>
    </p>
   </div>
   <div class='ocr_carea' id='block_1_46' title="bbox 605 4453 2186 4526">
    <p class='ocr_par' dir='ltr' id='par_1_46' title="bbox 605 4453 2186 4526">
     <span class='ocr_line' id='line_1_46' title="bbox 605 4453 2186 4526; baseline 0 -14"><span class='ocrx_word' id='word_1_367' title='bbox 605 4457 732 4514; x_wconf 74' lang='lat' dir='ltr'><strong>nixa</strong></span> <span class='ocrx_word' id='word_1_368' title='bbox 774 4463 876 4520; x_wconf 89' lang='lat' dir='ltr'><strong>est,</strong></span> <span class='ocrx_word' id='word_1_369' title='bbox 920 4453 1126 4521; x_wconf 88' lang='lat' dir='ltr'><strong>dicens,</strong></span> <span class='ocrx_word' id='word_1_370' title='bbox 1167 4470 1273 4509; x_wconf 91' lang='lat' dir='ltr'><strong>non</strong></span> <span class='ocrx_word' id='word_1_371' title='bbox 1316 4469 1503 4510; x_wconf 91' lang='lat' dir='ltr'><strong>omnes</strong></span> <span class='ocrx_word' id='word_1_372' title='bbox 1541 4455 1662 4526; x_wconf 83' lang='lat' dir='ltr'><strong>fingi</strong></span> <span class='ocrx_word' id='word_1_373' title='bbox 1705 4457 1757 4510; x_wconf 92' lang='lat' dir='ltr'><strong>in</strong></span> <span class='ocrx_word' id='word_1_374' title='bbox 1784 4457 2186 4512; x_wconf 88' lang='lat' dir='ltr'><strong>condemnatio-</strong></span> 
     </span>
    </p>
   </div>
   <div class='ocr_carea' id='block_1_47' title="bbox 605 4547 2189 4617">
    <p class='ocr_par' dir='ltr' id='par_1_47' title="bbox 605 4547 2189 4617">
     <span class='ocr_line' id='line_1_47' title="bbox 605 4547 2189 4617; baseline -0.001 -12"><span class='ocrx_word' id='word_1_375' title='bbox 605 4563 750 4612; x_wconf 90' lang='lat' dir='ltr'><strong>nem,</strong></span> <span class='ocrx_word' id='word_1_376' title='bbox 779 4547 832 4602; x_wconf 92' lang='lat' dir='ltr'><strong>in</strong></span> <span class='ocrx_word' id='word_1_377' title='bbox 859 4562 1016 4617; x_wconf 89' lang='lat' dir='ltr'><strong>quam</strong></span> <span class='ocrx_word' id='word_1_378' title='bbox 1040 4555 1095 4601; x_wconf 93' lang='lat' dir='ltr'><strong>tu</strong></span> <span class='ocrx_word' id='word_1_379' title='bbox 1123 4560 1312 4601; x_wconf 88' lang='lat' dir='ltr'><strong>omnes</strong></span> <span class='ocrx_word' id='word_1_380' title='bbox 1332 4547 1409 4601; x_wconf 92' lang='lat' dir='ltr'><strong>ire</strong></span> <span class='ocrx_word' id='word_1_381' title='bbox 1435 4548 1763 4616; x_wconf 90' lang='lat' dir='ltr'><strong>pronuntias.</strong></span> <span class='ocrx_word' id='word_1_382' title='bbox 1797 4548 2189 4604; x_wconf 77' lang='lat' dir='ltr'><strong>Absurdissime</strong></span> 
     </span>
    </p>
   </div>
   <div class='ocr_carea' id='block_1_48' title="bbox 605 4635 2188 4711">
    <p class='ocr_par' dir='ltr' id='par_1_48' title="bbox 605 4635 2188 4711">
     <span class='ocr_line' id='line_1_48' title="bbox 605 4635 2188 4711; baseline -0.001 -15"><span class='ocrx_word' id='word_1_383' title='bbox 605 4649 782 4696; x_wconf 80' lang='lat' dir='ltr'><strong>autem</strong></span> <span class='ocrx_word' id='word_1_384' title='bbox 808 4638 1167 4710; x_wconf 81' lang='lat' dir='ltr'><strong>argumentari</strong></span> <span class='ocrx_word' id='word_1_385' title='bbox 1193 4635 1354 4704; x_wconf 86' lang='lat' dir='ltr'><strong>soles,</strong></span> <span class='ocrx_word' id='word_1_386' title='bbox 1386 4647 1443 4692; x_wconf 92' lang='lat' dir='ltr'><strong>ut</strong></span> <span class='ocrx_word' id='word_1_387' title='bbox 1464 4637 1632 4704; x_wconf 88' lang='lat' dir='ltr'><strong>dicas,</strong></span> <span class='ocrx_word' id='word_1_388' title='bbox 1653 4637 1758 4694; x_wconf 87' lang='lat' dir='ltr'><strong>Sed</strong></span> <span class='ocrx_word' id='word_1_389' title='bbox 1778 4639 1829 4693; x_wconf 93' lang='lat' dir='ltr'><strong>hi</strong></span> <span class='ocrx_word' id='word_1_390' title='bbox 1855 4657 1960 4694; x_wconf 88' lang='lat' dir='ltr'><strong>non</strong></span> <span class='ocrx_word' id='word_1_391' title='bbox 1983 4639 2188 4711; x_wconf 83' lang='lat' dir='ltr'><strong>tingun-</strong></span> 
     </span>
    </p>
   </div>
   <div class='ocr_carea' id='block_1_49' title="bbox 605 4729 2184 4800">
    <p class='ocr_par' dir='ltr' id='par_1_49' title="bbox 605 4729 2184 4800">
     <span class='ocr_line' id='line_1_49' title="bbox 605 4729 2184 4800; baseline -0.002 -11"><span class='ocrx_word' id='word_1_392' title='bbox 605 4743 694 4789; x_wconf 84' lang='lat' dir='ltr'><strong>tur</strong></span> <span class='ocrx_word' id='word_1_393' title='bbox 722 4732 776 4787; x_wconf 91' lang='lat' dir='ltr'><strong>in</strong></span> <span class='ocrx_word' id='word_1_394' title='bbox 803 4729 1325 4797; x_wconf 83' lang='lat' dir='ltr'><strong>condemnationem,</strong></span> <span class='ocrx_word' id='word_1_395' title='bbox 1371 4731 1462 4800; x_wconf 91' lang='lat' dir='ltr'><strong>qui</strong></span> <span class='ocrx_word' id='word_1_396' title='bbox 1494 4739 1673 4800; x_wconf 80' lang='lat' dir='ltr'><strong>postea</strong></span> <span class='ocrx_word' id='word_1_397' title='bbox 1700 4729 1991 4786; x_wconf 85' lang='lat' dir='ltr'><strong>liberantur</strong></span> <span class='ocrx_word' id='word_1_398' title='bbox 2023 4750 2036 4785; x_wconf 91' lang='lat'>:</span> <span class='ocrx_word' id='word_1_399' title='bbox 2063 4748 2184 4786; x_wconf 90' lang='lat' dir='ltr'><strong>cum</strong></span> 
     </span>
    </p>
   </div>
   <div class='ocr_carea' id='block_1_50' title="bbox 604 4819 2188 4893">
    <p class='ocr_par' dir='ltr' id='par_1_50' title="bbox 604 4819 2188 4893">
     <span class='ocr_line' id='line_1_50' title="bbox 604 4819 2188 4893; baseline 0.001 -17"><span class='ocrx_word' id='word_1_400' title='bbox 604 4837 702 4878; x_wconf 73' lang='lat' dir='ltr'><strong>nec</strong></span> <span class='ocrx_word' id='word_1_401' title='bbox 731 4821 809 4877; x_wconf 83' lang='lat' dir='ltr'><strong>sic</strong></span> <span class='ocrx_word' id='word_1_402' title='bbox 832 4822 1002 4893; x_wconf 87' lang='lat' dir='ltr'><strong>possit</strong></span> <span class='ocrx_word' id='word_1_403' title='bbox 1028 4820 1292 4875; x_wconf 85' lang='lat' dir='ltr'><strong>sermonis</strong></span> <span class='ocrx_word' id='word_1_404' title='bbox 1319 4819 1593 4892; x_wconf 87' lang='lat' dir='ltr'><strong>apostolici</strong></span> <span class='ocrx_word' id='word_1_405' title='bbox 1621 4821 1713 4875; x_wconf 92' lang='lat' dir='ltr'><strong>tibi</strong></span> <span class='ocrx_word' id='word_1_406' title='bbox 1755 4823 1853 4877; x_wconf 79' lang='lat' dir='ltr'><strong>vel&#39;</strong></span> <span class='ocrx_word' id='word_1_407' title='bbox 1879 4823 2188 4892; x_wconf 81' lang='lat' dir='ltr'><strong>superficies</strong></span> 
     </span>
    </p>
   </div>
   <div class='ocr_carea' id='block_1_51' title="bbox 599 4913 2187 4980">
    <p class='ocr_par' dir='ltr' id='par_1_51' title="bbox 599 4913 2187 4980">
     <span class='ocr_line' id='line_1_51' title="bbox 599 4913 2187 4980; baseline 0 -10"><span class='ocrx_word' id='word_1_408' title='bbox 599 4917 910 4971; x_wconf 83' lang='lat' dir='ltr'><strong>convenire.</strong></span> <span class='ocrx_word' id='word_1_409' title='bbox 941 4915 1071 4971; x_wconf 74' lang='lat' dir='ltr'><strong>Nam</strong></span> <span class='ocrx_word' id='word_1_410' title='bbox 1097 4930 1219 4970; x_wconf 85' lang='lat' dir='ltr'><strong>cum</strong></span> <span class='ocrx_word' id='word_1_411' title='bbox 1246 4913 1382 4970; x_wconf 89' lang='lat' dir='ltr'><strong>dicis</strong></span> <span class='ocrx_word' id='word_1_412' title='bbox 1429 4923 1507 4980; x_wconf 92' lang='lat' dir='ltr'><strong>tu,</strong></span> <span class='ocrx_word' id='word_1_413' title='bbox 1539 4915 1738 4970; x_wconf 85' lang='lat' dir='ltr'><strong>Omnes</strong></span> <span class='ocrx_word' id='word_1_414' title='bbox 1765 4915 1818 4970; x_wconf 93' lang='lat' dir='ltr'><strong>in</strong></span> <span class='ocrx_word' id='word_1_415' title='bbox 1861 4916 2187 4970; x_wconf 86' lang='lat' dir='ltr'><strong>condemna-</strong></span> 
     </span>
    </p>
   </div>
   <div class='ocr_carea' id='block_1_52' title="bbox 603 5005 2179 5077">
    <p class='ocr_par' dir='ltr' id='par_1_52' title="bbox 603 5005 2179 5077">
     <span class='ocr_line' id='line_1_52' title="bbox 603 5005 2179 5077; baseline -0.002 -14"><span class='ocrx_word' id='word_1_416' title='bbox 603 5009 802 5063; x_wconf 90' lang='lat' dir='ltr'><strong>tionem</strong></span> <span class='ocrx_word' id='word_1_417' title='bbox 833 5015 1083 5061; x_wconf 89' lang='lat' dir='ltr'><strong>creantur</strong></span> <span class='ocrx_word' id='word_1_418' title='bbox 1110 5006 1228 5077; x_wconf 88' lang='lat' dir='ltr'><strong>lege</strong></span> <span class='ocrx_word' id='word_1_419' title='bbox 1251 5005 1526 5072; x_wconf 88' lang='lat' dir='ltr'><strong>nascendi,</strong></span> <span class='ocrx_word' id='word_1_420' title='bbox 1563 5005 1857 5076; x_wconf 56' lang='lat' dir='ltr'><strong>sedoaliqui</strong></span> <span class='ocrx_word' id='word_1_421' title='bbox 1885 5007 2027 5071; x_wconf 90' lang='lat' dir='ltr'><strong>inde,</strong></span> <span class='ocrx_word' id='word_1_422' title='bbox 2057 5005 2179 5060; x_wconf 87' lang='lat' dir='ltr'><strong>licet</strong></span> 
     </span>
    </p>
   </div>
   <div class='ocr_carea' id='block_1_53' title="bbox 601 5095 2177 5169">
    <p class='ocr_par' dir='ltr' id='par_1_53' title="bbox 601 5095 2177 5169">
     <span class='ocr_line' id='line_1_53' title="bbox 601 5095 2177 5169; baseline -0.001 -17"><span class='ocrx_word' id='word_1_423' title='bbox 601 5096 942 5169; x_wconf 78' lang='lat' dir='ltr'><strong>perexigni&#39;,</strong></span> <span class='ocrx_word' id='word_1_424' title='bbox 993 5096 1260 5168; x_wconf 80' lang='lat' dir='ltr'><strong>mysteriis</strong></span> <span class='ocrx_word' id='word_1_425' title='bbox 1305 5096 1632 5162; x_wconf 84' lang='lat' dir='ltr'><strong>liberantur;</strong></span> <span class='ocrx_word' id='word_1_426' title='bbox 1677 5111 1782 5149; x_wconf 90' lang='lat' dir='ltr'><strong>non</strong></span> <span class='ocrx_word' id='word_1_427' title='bbox 1829 5095 1930 5150; x_wconf 89' lang='lat' dir='ltr'><strong>hoc</strong></span> <span class='ocrx_word' id='word_1_428' title='bbox 1979 5097 2177 5151; x_wconf 78' lang='lat' dir='ltr'><strong>aSSCI‘IS</strong></span> 
     </span>
    </p>
   </div>
   <div class='ocr_carea' id='block_1_54' title="bbox 664 5265 2182 5333">
    <p class='ocr_par' dir='ltr' id='par_1_54' title="bbox 664 5265 2182 5333">
     <span class='ocr_line' id='line_1_54' title="bbox 664 5265 2182 5333; baseline 0 -13"><span class='ocrx_word' id='word_1_429' title='bbox 664 5271 685 5303; x_wconf 70' lang='grc' dir='ltr'>ί</span> <span class='ocrx_word' id='word_1_430' title='bbox 711 5268 990 5333; x_wconf 75' lang='lat' dir='ltr'><strong>lenardus,</strong></span> <span class='ocrx_word' id='word_1_431' title='bbox 1033 5265 1137 5333; x_wconf 81' lang='lat' dir='ltr'><strong>lege</strong></span> <span class='ocrx_word' id='word_1_432' title='bbox 1163 5268 1301 5333; x_wconf 69' lang='lat' dir='ltr'><strong>mild</strong></span> <span class='ocrx_word' id='word_1_433' title='bbox 1331 5268 1638 5322; x_wconf 73' lang='lat' dir='ltr'><strong>Ezechielem.</strong></span> <span class='ocrx_word' id='word_1_434' title='bbox 1663 5277 1878 5322; x_wconf 79' lang='lat' dir='ltr'><strong>Erratam</strong></span> <span class='ocrx_word' id='word_1_435' title='bbox 1900 5269 2182 5333; x_wconf 74' lang='lat' dir='ltr'><strong>profectum</strong></span> 
     </span>
    </p>
   </div>
   <div class='ocr_carea' id='block_1_55' title="bbox 600 5330 2181 5395">
    <p class='ocr_par' dir='ltr' id='par_1_55' title="bbox 600 5330 2181 5395">
     <span class='ocr_line' id='line_1_55' title="bbox 600 5330 2181 5395; baseline 0 -13"><span class='ocrx_word' id='word_1_436' title='bbox 600 5345 678 5395; x_wconf 16' lang='lat' dir='ltr'><strong>ex,</strong></span> <span class='ocrx_word' id='word_1_437' title='bbox 701 5345 765 5395; x_wconf 79' lang='lat' dir='ltr'><strong>eo</strong></span> <span class='ocrx_word' id='word_1_438' title='bbox 785 5330 916 5395; x_wconf 80' lang='lat' dir='ltr'><strong>quod</strong></span> <span class='ocrx_word' id='word_1_439' title='bbox 950 5331 998 5380; x_wconf 92' lang='lat' dir='ltr'><strong>in</strong></span> <span class='ocrx_word' id='word_1_440' title='bbox 1019 5330 1434 5395; x_wconf 14' lang='lat' dir='ltr'><strong>veteriiiusrlibris</strong></span> <span class='ocrx_word' id='word_1_441' title='bbox 1468 5334 1711 5395; x_wconf 82' lang='lat' dir='ltr'><strong>scribitur,</strong></span> <span class='ocrx_word' id='word_1_442' title='bbox 1745 5330 2078 5383; x_wconf 72' lang='lat' dir='ltr'><strong>hewchielem.</strong></span> <span class='ocrx_word' id='word_1_443' title='bbox 2106 5335 2181 5382; x_wconf 84' lang='lat' dir='ltr'><strong>\i-</strong></span> 
     </span>
    </p>
   </div>
   <div class='ocr_carea' id='block_1_56' title="bbox 601 5389 1618 5457">
    <p class='ocr_par' dir='ltr' id='par_1_56' title="bbox 601 5389 1618 5457">
     <span class='ocr_line' id='line_1_56' title="bbox 601 5389 1618 5457; baseline 0.001 -16"><span class='ocrx_word' id='word_1_444' title='bbox 601 5389 822 5457; x_wconf 66' lang='lat' dir='ltr'><strong>gnierius&quot;</strong></span> <span class='ocrx_word' id='word_1_445' title='bbox 837 5390 958 5457; x_wconf 84' lang='lat' dir='ltr'><strong>loco,</strong></span> <span class='ocrx_word' id='word_1_446' title='bbox 972 5389 1098 5457; x_wconf 70' lang='lat' dir='ltr'><strong>mihi</strong></span> <span class='ocrx_word' id='word_1_447' title='bbox 1115 5429 1140 5457; x_wconf 87' lang='lat'><strong>._</strong></span> <span class='ocrx_word' id='word_1_448' title='bbox 1152 5392 1618 5457; x_wconf 66' lang='lat' dir='ltr'><strong>tmsuit,_diligenter.</strong></span> 
     </span>
    </p>
   </div>
   <div class='ocr_carea' id='block_1_57' title="bbox 653 5452 1872 5517">
    <p class='ocr_par' dir='ltr' id='par_1_57' title="bbox 653 5452 1872 5517">
     <span class='ocr_line' id='line_1_57' title="bbox 653 5452 1872 5517; baseline 0.002 -15"><span class='ocrx_word' id='word_1_449' title='bbox 653 5457 684 5491; x_wconf 71' lang='grc' dir='ltr'><strong>-ι</strong></span> <span class='ocrx_word' id='word_1_450' title='bbox 697 5455 834 5513; x_wconf 78' lang='lat' dir='ltr'><strong>Editi,</strong></span> <span class='ocrx_word' id='word_1_451' title='bbox 857 5455 936 5504; x_wconf 87' lang='lat' dir='ltr'><strong>uti</strong></span> <span class='ocrx_word' id='word_1_452' title='bbox 965 5452 1056 5517; x_wconf 76' lang='lat' dir='ltr'><strong>ista</strong></span> <span class='ocrx_word' id='word_1_453' title='bbox 1074 5452 1218 5517; x_wconf 69' lang='lat' dir='ltr'><strong>etiam</strong></span> <span class='ocrx_word' id='word_1_454' title='bbox 1242 5455 1400 5517; x_wconf 69' lang='lat' dir='ltr'><strong>verba.</strong></span> <span class='ocrx_word' id='word_1_455' title='bbox 1417 5452 1580 5515; x_wconf 51' lang='lat' dir='ltr'><strong>(best,</strong></span> <span class='ocrx_word' id='word_1_456' title='bbox 1598 5453 1697 5517; x_wconf 81' lang='lat' dir='ltr'><strong>ubi,</strong></span> <span class='ocrx_word' id='word_1_457' title='bbox 1716 5466 1745 5504; x_wconf 83' lang='lat' dir='ltr'><strong>a</strong></span> <span class='ocrx_word' id='word_1_458' title='bbox 1767 5464 1872 5505; x_wconf 68' lang='lat' dir='ltr'><strong>Mss.</strong></span> 
     </span>
    </p>
   </div>
   <div class='ocr_carea' id='block_1_58' title="bbox 663 5513 1336 5577">
    <p class='ocr_par' dir='ltr' id='par_1_58' title="bbox 663 5513 1336 5577">
     <span class='ocr_line' id='line_1_58' title="bbox 663 5513 1336 5577; baseline -0.001 -15"><span class='ocrx_word' id='word_1_459' title='bbox 663 5517 684 5548; x_wconf 74' lang='grc' dir='ltr'><strong><em>ι</em></strong></span> <span class='ocrx_word' id='word_1_460' title='bbox 707 5517 780 5563; x_wconf 67' lang='lat' dir='ltr'><strong>sic</strong></span> <span class='ocrx_word' id='word_1_461' title='bbox 801 5522 904 5562; x_wconf 70' lang='lat' dir='ltr'><strong>Mss.</strong></span> <span class='ocrx_word' id='word_1_462' title='bbox 931 5513 1137 5577; x_wconf 56' lang='lat' dir='ltr'><strong>manu</strong></span> <span class='ocrx_word' id='word_1_463' title='bbox 1160 5513 1336 5577; x_wconf 79' lang='lat' dir='ltr'><strong>impiis.</strong></span> 
     </span>
    </p>
   </div>
   <div class='ocr_carea' id='block_1_59' title="bbox 659 5575 2182 5686">
    <p class='ocr_par' dir='ltr' id='par_1_59' title="bbox 659 5575 2182 5686">
     <span class='ocr_line' id='line_1_59' title="bbox 659 5575 2182 5686; baseline 0.003 -62"><span class='ocrx_word' id='word_1_464' title='bbox 659 5577 681 5608; x_wconf 70' lang='grc' dir='ltr'>δ</span> <span class='ocrx_word' id='word_1_465' title='bbox 705 5579 788 5625; x_wconf 87' lang='lat' dir='ltr'><strong>ttic</strong></span> <span class='ocrx_word' id='word_1_466' title='bbox 811 5583 1032 5686; x_wconf 66' lang='lat' dir='ltr'><strong>\I&#39;eterum</strong></span> <span class='ocrx_word' id='word_1_467' title='bbox 1074 5575 1309 5626; x_wconf 82' lang='lat' dir='ltr'><strong>librorum</strong></span> <span class='ocrx_word' id='word_1_468' title='bbox 1334 5579 1618 5628; x_wconf 86' lang='lat' dir='ltr'><strong>auctoritate</strong></span> <span class='ocrx_word' id='word_1_469' title='bbox 1654 5579 1898 5639; x_wconf 87' lang='lat' dir='ltr'><strong>addimus,</strong></span> <span class='ocrx_word' id='word_1_470' title='bbox 1925 5591 2010 5642; x_wconf 82' lang='lat' dir='ltr'><strong>per</strong></span> <span class='ocrx_word' id='word_1_471' title='bbox 2032 5578 2182 5630; x_wconf 81' lang='lat' dir='ltr'><strong>homi-</strong></span> 
     </span>
     <span class='ocr_line' id='line_1_60' title="bbox 659 5650 850 5686; baseline -0.005 0"><span class='ocrx_word' id='word_1_472' title='bbox 659 5651 724 5686; x_wconf 86' lang='lat' dir='ltr'><strong>m.</strong></span> <span class='ocrx_word' id='word_1_473' title='bbox 748 5650 816 5686; x_wconf 76' lang='lat' dir='ltr'><strong>set</strong></span> <span class='ocrx_word' id='word_1_474' title='bbox 839 5674 850 5685; x_wconf 95' lang='lat'><strong>.</strong></span> 
     </span>
    </p>
   </div>
   <div class='ocr_carea' id='block_1_60' title="bbox 597 5649 850 5688">
    <p class='ocr_par' dir='ltr' id='par_1_60' title="bbox 597 5649 850 5688">
     <span class='ocr_line' id='line_1_61' title="bbox 597 5649 850 5688; baseline -0.012 0"><span class='ocrx_word' id='word_1_475' title='bbox 597 5649 724 5688; x_wconf 82' lang='lat' dir='ltr'><strong>nem.</strong></span> <span class='ocrx_word' id='word_1_476' title='bbox 748 5649 833 5686; x_wconf 82' lang='lat' dir='ltr'><strong>seu</strong></span> <span class='ocrx_word' id='word_1_477' title='bbox 839 5674 850 5685; x_wconf 93' lang='lat'><strong>.</strong></span> 
     </span>
    </p>
   </div>
   <div class='ocr_carea' id='block_1_61' title="bbox 659 5673 2185 5769">
    <p class='ocr_par' dir='ltr' id='par_1_61' title="bbox 659 5673 2185 5769">
     <span class='ocr_line' id='line_1_62' title="bbox 659 5673 2185 5769; baseline 0.004 -23"><span class='ocrx_word' id='word_1_478' title='bbox 659 5673 954 5769; x_wconf 82' lang='lat' dir='ltr'><strong>sed</strong></span> <span class='ocrx_word' id='word_1_479' title='bbox 983 5696 1134 5769; x_wconf 77' lang='lat' dir='ltr'><strong>aliqui</strong></span> <span class='ocrx_word' id='word_1_480' title='bbox 1168 5697 1388 5752; x_wconf 70' lang='lat' dir='ltr'><strong>videlicet</strong></span> <span class='ocrx_word' id='word_1_481' title='bbox 1426 5699 1688 5765; x_wconf 69' lang='lat' dir='ltr'><strong>pereaigui.</strong></span> <span class='ocrx_word' id='word_1_482' title='bbox 1732 5711 1833 5754; x_wconf 72' lang='lat' dir='ltr'><strong>Mss.</strong></span> <span class='ocrx_word' id='word_1_483' title='bbox 1856 5738 1870 5763; x_wconf 91' lang='lat'><strong>,</strong></span> <span class='ocrx_word' id='word_1_484' title='bbox 1910 5702 1997 5754; x_wconf 83' lang='lat' dir='ltr'><strong>sed</strong></span> <span class='ocrx_word' id='word_1_485' title='bbox 2035 5700 2185 5764; x_wconf 82' lang='lat' dir='ltr'><strong>aliqui</strong></span> 
     </span>
    </p>
   </div>
   <div class='ocr_carea' id='block_1_62' title="bbox 594 5759 1146 5824">
    <p class='ocr_par' dir='ltr' id='par_1_62' title="bbox 594 5759 1146 5824">
     <span class='ocr_line' id='line_1_63' title="bbox 594 5759 1146 5824; baseline 0.002 -15"><span class='ocrx_word' id='word_1_486' title='bbox 594 5759 726 5819; x_wconf 84' lang='lat' dir='ltr'><strong>inde,</strong></span> <span class='ocrx_word' id='word_1_487' title='bbox 749 5760 857 5811; x_wconf 80' lang='lat' dir='ltr'><strong>licet</strong></span> <span class='ocrx_word' id='word_1_488' title='bbox 879 5759 1146 5824; x_wconf 72' lang='lat' dir='ltr'><strong>percarigni.</strong></span> 
     </span>
    </p>
   </div>
   <div class='ocr_carea' id='block_1_63' title="bbox 1299 313 3201 399">
    <p class='ocr_par' dir='ltr' id='par_1_63' title="bbox 1299 313 3201 399">
     <span class='ocr_line' id='line_1_64' title="bbox 1299 313 3201 399; baseline 0.016 -34"><span class='ocrx_word' id='word_1_489' title='bbox 1299 313 1544 370; x_wconf 66' lang='lat' dir='ltr'><strong>OPERIS</strong></span> <span class='ocrx_word' id='word_1_490' title='bbox 1582 316 1990 374; x_wconf 75' lang='lat' dir='ltr'><strong>IMPERFECTI</strong></span> <span class='ocrx_word' id='word_1_491' title='bbox 2034 321 2300 378; x_wconf 65' lang='lat' dir='ltr'><strong>CONTRA</strong></span> <span class='ocrx_word' id='word_1_492' title='bbox 2340 325 2700 396; x_wconf 80' lang='lat' dir='ltr'><strong>JUl.l-\NU.\I,</strong></span> <span class='ocrx_word' id='word_1_493' title='bbox 2740 332 2796 390; x_wconf 87' lang='lat' dir='ltr'><strong>S.</strong></span> <span class='ocrx_word' id='word_1_494' title='bbox 2837 336 3201 399; x_wconf 80' lang='lat' dir='ltr'><strong>AUGUSTINI</strong></span> 
     </span>
    </p>
   </div>
   <div class='ocr_carea' id='block_1_64' title="bbox 3723 364 3828 420">
    <p class='ocr_par' dir='ltr' id='par_1_64' title="bbox 3723 364 3828 420">
     <span class='ocr_line' id='line_1_65' title="bbox 3723 364 3828 420; baseline 0.019 -2"><span class='ocrx_word' id='word_1_495' title='bbox 3723 364 3828 420; x_wconf 71' lang='lat'><strong>“7.6</strong></span> 
     </span>
    </p>
   </div>
   <div class='ocr_carea' id='block_1_65' title="bbox 2328 441 3827 532">
    <p class='ocr_par' dir='ltr' id='par_1_65' title="bbox 2328 441 3827 532">
     <span class='ocr_line' id='line_1_66' title="bbox 2328 441 3827 532; baseline 0.026 -39"><span class='ocrx_word' id='word_1_496' title='bbox 2328 441 2468 511; x_wconf 85' lang='lat' dir='ltr'><strong>quod</strong></span> <span class='ocrx_word' id='word_1_497' title='bbox 2501 444 2608 520; x_wconf 86' lang='lat' dir='ltr'><strong>ille,</strong></span> <span class='ocrx_word' id='word_1_498' title='bbox 2661 449 2750 518; x_wconf 89' lang='lat' dir='ltr'><strong>qui</strong></span> <span class='ocrx_word' id='word_1_499' title='bbox 2781 465 2887 506; x_wconf 91' lang='lat' dir='ltr'><strong>non</strong></span> <span class='ocrx_word' id='word_1_500' title='bbox 2925 454 3096 509; x_wconf 90' lang='lat' dir='ltr'><strong>solum</strong></span> <span class='ocrx_word' id='word_1_501' title='bbox 3125 455 3194 512; x_wconf 92' lang='lat' dir='ltr'><strong>de</strong></span> <span class='ocrx_word' id='word_1_502' title='bbox 3233 459 3584 522; x_wconf 73' lang='lat' dir='ltr'><strong>condo-innatis</strong></span> <span class='ocrx_word' id='word_1_503' title='bbox 3624 470 3827 532; x_wconf 80' lang='lat' dir='ltr'><strong>liberari‘</strong></span> 
     </span>
    </p>
   </div>
   <div class='ocr_carea' id='block_1_66' title="bbox 2321 535 3826 640">
    <p class='ocr_par' dir='ltr' id='par_1_66' title="bbox 2321 535 3826 640">
     <span class='ocr_line' id='line_1_67' title="bbox 2321 535 3826 640; baseline 0.024 -52"><span class='ocrx_word' id='word_1_504' title='bbox 2321 535 2596 640; x_wconf 65' lang='lat' dir='ltr'><strong>prsedicat,</strong></span> <span class='ocrx_word' id='word_1_505' title='bbox 2620 556 2802 597; x_wconf 87' lang='lat' dir='ltr'><strong>verum</strong></span> <span class='ocrx_word' id='word_1_506' title='bbox 2823 560 2928 600; x_wconf 92' lang='lat' dir='ltr'><strong>non</strong></span> <span class='ocrx_word' id='word_1_507' title='bbox 2950 561 3134 604; x_wconf 88' lang='lat' dir='ltr'><strong>omnes</strong></span> <span class='ocrx_word' id='word_1_508' title='bbox 3161 549 3212 604; x_wconf 88' lang='lat' dir='ltr'><strong>in</strong></span> <span class='ocrx_word' id='word_1_509' title='bbox 3239 553 3696 620; x_wconf 89' lang='lat' dir='ltr'><strong>condemnationem</strong></span> <span class='ocrx_word' id='word_1_510' title='bbox 3716 571 3826 640; x_wconf 78' lang='lat' dir='ltr'><strong>tingi,</strong></span> 
     </span>
    </p>
   </div>
   <div class='ocr_carea' id='block_1_67' title="bbox 2322 625 3618 706">
    <p class='ocr_par' dir='ltr' id='par_1_67' title="bbox 2322 625 3618 706">
     <span class='ocr_line' id='line_1_68' title="bbox 2322 625 3618 706; baseline 0.019 -27"><span class='ocrx_word' id='word_1_511' title='bbox 2322 625 2417 680; x_wconf 87' lang='lat' dir='ltr'><strong>sed</strong></span> <span class='ocrx_word' id='word_1_512' title='bbox 2445 627 2578 684; x_wconf 89' lang='lat' dir='ltr'><strong>alios</strong></span> <span class='ocrx_word' id='word_1_513' title='bbox 2608 630 2659 686; x_wconf 90' lang='lat' dir='ltr'><strong>in</strong></span> <span class='ocrx_word' id='word_1_514' title='bbox 2687 636 3084 703; x_wconf 89' lang='lat' dir='ltr'><strong>contumeliam,</strong></span> <span class='ocrx_word' id='word_1_515' title='bbox 3115 640 3249 695; x_wconf 91' lang='lat' dir='ltr'><strong>alios</strong></span> <span class='ocrx_word' id='word_1_516' title='bbox 3279 643 3328 697; x_wconf 92' lang='lat' dir='ltr'><strong>in</strong></span> <span class='ocrx_word' id='word_1_517' title='bbox 3357 643 3618 706; x_wconf 75' lang='lat' dir='ltr'><strong>honorem.</strong></span> 
     </span>
    </p>
   </div>
   <div class='ocr_carea' id='block_1_68' title="bbox 2394 719 3828 802">
    <p class='ocr_par' dir='ltr' id='par_1_68' title="bbox 2394 719 3828 802">
     <span class='ocr_line' id='line_1_69' title="bbox 2394 719 3828 802; baseline 0.02 -28"><span class='ocrx_word' id='word_1_518' title='bbox 2394 719 2528 776; x_wconf 75' lang='lat' dir='ltr'><strong>Anc.</strong></span> <span class='ocrx_word' id='word_1_519' title='bbox 2562 721 2660 778; x_wconf 90' lang='lat' dir='ltr'><strong>Ubi</strong></span> <span class='ocrx_word' id='word_1_520' title='bbox 2687 725 2822 781; x_wconf 84' lang='lat' dir='ltr'><strong>dixit</strong></span> <span class='ocrx_word' id='word_1_521' title='bbox 2835 729 3122 798; x_wconf 55' lang='lat' dir='ltr'><strong>Apostolus</strong></span> <span class='ocrx_word' id='word_1_522' title='bbox 3141 772 3156 797; x_wconf 91' lang='lat'><strong>,</strong></span> <span class='ocrx_word' id='word_1_523' title='bbox 3207 731 3290 787; x_wconf 78' lang='lat' dir='ltr'><strong>Ea:</strong></span> <span class='ocrx_word' id='word_1_524' title='bbox 3313 751 3411 790; x_wconf 85' lang='lat' dir='ltr'><strong>uno</strong></span> <span class='ocrx_word' id='word_1_525' title='bbox 3427 754 3586 795; x_wconf 84' lang='lat' dir='ltr'><strong>omnes</strong></span> <span class='ocrx_word' id='word_1_526' title='bbox 3618 744 3663 798; x_wconf 87' lang='lat' dir='ltr'><strong>in</strong></span> <span class='ocrx_word' id='word_1_527' title='bbox 3685 752 3828 802; x_wconf 75' lang='lat' dir='ltr'><strong>conde-</strong></span> 
     </span>
    </p>
   </div>
   <div class='ocr_carea' id='block_1_69' title="bbox 2323 813 3825 907">
    <p class='ocr_par' dir='ltr' id='par_1_69' title="bbox 2323 813 3825 907">
     <span class='ocr_line' id='line_1_70' title="bbox 2323 813 3825 907; baseline 0.023 -45"><span class='ocrx_word' id='word_1_528' title='bbox 2323 826 2373 862; x_wconf 72' lang='lat' dir='ltr'><strong>sn</strong></span> <span class='ocrx_word' id='word_1_529' title='bbox 2383 813 2634 867; x_wconf 84' lang='lat' dir='ltr'><strong>nationem</strong></span> <span class='ocrx_word' id='word_1_530' title='bbox 2649 816 2824 886; x_wconf 84' lang='lat' dir='ltr'><strong>(Rom.</strong></span> <span class='ocrx_word' id='word_1_531' title='bbox 2840 834 2894 886; x_wconf 89' lang='lat' dir='ltr'><strong>v,</strong></span> <span class='ocrx_word' id='word_1_532' title='bbox 2910 819 3000 892; x_wconf 76' lang='grc'><strong>16)</strong></span> <span class='ocrx_word' id='word_1_533' title='bbox 3027 837 3043 887; x_wconf 90' lang='lat'><strong>;</strong></span> <span class='ocrx_word' id='word_1_534' title='bbox 3063 821 3230 892; x_wconf 87' lang='lat' dir='ltr'><strong>ipsam</strong></span> <span class='ocrx_word' id='word_1_535' title='bbox 3246 840 3467 882; x_wconf 88' lang='lat' dir='ltr'><strong>massam</strong></span> <span class='ocrx_word' id='word_1_536' title='bbox 3491 830 3825 907; x_wconf 71' lang='lat' dir='ltr'><strong>demonstravit,</strong></span> 
     </span>
    </p>
   </div>
   <div class='ocr_carea' id='block_1_70' title="bbox 2321 907 3824 992">
    <p class='ocr_par' dir='ltr' id='par_1_70' title="bbox 2321 907 3824 992">
     <span class='ocr_line' id='line_1_71' title="bbox 2321 907 3824 992; baseline 0.022 -38"><span class='ocrx_word' id='word_1_537' title='bbox 2321 917 2440 972; x_wconf 66' lang='lat' dir='ltr'><strong>qua:</strong></span> <span class='ocrx_word' id='word_1_538' title='bbox 2462 913 2567 960; x_wconf 91' lang='lat' dir='ltr'><strong>tota</strong></span> <span class='ocrx_word' id='word_1_539' title='bbox 2588 907 2766 962; x_wconf 86' lang='lat' dir='ltr'><strong>vitiata</strong></span> <span class='ocrx_word' id='word_1_540' title='bbox 2795 926 2859 965; x_wconf 77' lang='lat' dir='ltr'><strong>ex</strong></span> <span class='ocrx_word' id='word_1_541' title='bbox 2893 911 3059 970; x_wconf 85' lang='lat' dir='ltr'><strong>Adam</strong></span> <span class='ocrx_word' id='word_1_542' title='bbox 3090 915 3240 979; x_wconf 76' lang='lat' dir='ltr'><strong>ﬂuxit</strong></span> <span class='ocrx_word' id='word_1_543' title='bbox 3268 934 3282 970; x_wconf 94' lang='lat'><strong>:</strong></span> <span class='ocrx_word' id='word_1_544' title='bbox 3311 919 3395 974; x_wconf 88' lang='lat' dir='ltr'><strong>ubi</strong></span> <span class='ocrx_word' id='word_1_545' title='bbox 3433 933 3600 980; x_wconf 90' lang='lat' dir='ltr'><strong>autem</strong></span> <span class='ocrx_word' id='word_1_546' title='bbox 3622 927 3740 992; x_wconf 87' lang='lat' dir='ltr'><strong>dicit,</strong></span> <span class='ocrx_word' id='word_1_547' title='bbox 3777 950 3824 986; x_wconf 75' lang='lat' dir='ltr'><strong>es</strong></span> 
     </span>
    </p>
   </div>
   <div class='ocr_carea' id='block_1_71' title="bbox 2322 993 3825 1090">
    <p class='ocr_par' dir='ltr' id='par_1_71' title="bbox 2322 993 3825 1090">
     <span class='ocr_line' id='line_1_72' title="bbox 2322 993 3825 1090; baseline 0.02 -44"><span class='ocrx_word' id='word_1_548' title='bbox 2322 993 2406 1090; x_wconf 77' lang='lat' dir='ltr'><strong>illa</strong></span> <span class='ocrx_word' id='word_1_549' title='bbox 2435 994 2548 1050; x_wconf 84' lang='lat' dir='ltr'><strong>fieri</strong></span> <span class='ocrx_word' id='word_1_550' title='bbox 2582 1013 2707 1052; x_wconf 90' lang='lat' dir='ltr'><strong>vasa</strong></span> <span class='ocrx_word' id='word_1_551' title='bbox 2739 1001 2790 1055; x_wconf 92' lang='lat' dir='ltr'><strong>in</strong></span> <span class='ocrx_word' id='word_1_552' title='bbox 2818 1000 3096 1070; x_wconf 88' lang='lat' dir='ltr'><strong>honorem,</strong></span> <span class='ocrx_word' id='word_1_553' title='bbox 3139 1009 3359 1077; x_wconf 80' lang='lat' dir='ltr'><strong>gratiam</strong></span> <span class='ocrx_word' id='word_1_554' title='bbox 3392 1016 3714 1084; x_wconf 86' lang='lat' dir='ltr'><strong>commendat,</strong></span> <span class='ocrx_word' id='word_1_555' title='bbox 3750 1039 3825 1090; x_wconf 83' lang='lat' dir='ltr'><strong>qua</strong></span> 
     </span>
    </p>
   </div>
   <div class='ocr_carea' id='block_1_72' title="bbox 2321 1081 3824 1171">
    <p class='ocr_par' dir='ltr' id='par_1_72' title="bbox 2321 1081 3824 1171">
     <span class='ocr_line' id='line_1_73' title="bbox 2321 1081 3824 1171; baseline 0.019 -35"><span class='ocrx_word' id='word_1_556' title='bbox 2321 1081 2566 1140; x_wconf 90' lang='lat' dir='ltr'><strong>homines</strong></span> <span class='ocrx_word' id='word_1_557' title='bbox 2594 1105 2726 1158; x_wconf 90' lang='lat' dir='ltr'><strong>quos</strong></span> <span class='ocrx_word' id='word_1_558' title='bbox 2748 1101 2917 1156; x_wconf 89' lang='lat' dir='ltr'><strong>creat,</strong></span> <span class='ocrx_word' id='word_1_559' title='bbox 2946 1095 3107 1150; x_wconf 90' lang='lat' dir='ltr'><strong>etiam</strong></span> <span class='ocrx_word' id='word_1_560' title='bbox 3140 1096 3363 1166; x_wconf 86' lang='lat' dir='ltr'><strong>liberat;</strong></span> <span class='ocrx_word' id='word_1_561' title='bbox 3404 1102 3488 1156; x_wconf 89' lang='lat' dir='ltr'><strong>ubi</strong></span> <span class='ocrx_word' id='word_1_562' title='bbox 3516 1119 3647 1171; x_wconf 87' lang='lat' dir='ltr'><strong>vero,</strong></span> <span class='ocrx_word' id='word_1_563' title='bbox 3686 1081 3736 1163; x_wconf 73' lang='lat' dir='ltr'><strong>ex</strong></span> <span class='ocrx_word' id='word_1_564' title='bbox 3761 1081 3824 1165; x_wconf 79' lang='lat' dir='ltr'><strong>illa</strong></span> 
     </span>
    </p>
   </div>
   <div class='ocr_carea' id='block_1_73' title="bbox 2320 1174 3824 1268">
    <p class='ocr_par' dir='ltr' id='par_1_73' title="bbox 2320 1174 3824 1268">
     <span class='ocr_line' id='line_1_74' title="bbox 2320 1174 3824 1268; baseline 0.019 -41"><span class='ocrx_word' id='word_1_565' title='bbox 2320 1174 2434 1230; x_wconf 86' lang='lat' dir='ltr'><strong>fieri</strong></span> <span class='ocrx_word' id='word_1_566' title='bbox 2466 1192 2588 1232; x_wconf 85' lang='lat' dir='ltr'><strong>vasa</strong></span> <span class='ocrx_word' id='word_1_567' title='bbox 2617 1179 2667 1234; x_wconf 95' lang='lat' dir='ltr'><strong>in</strong></span> <span class='ocrx_word' id='word_1_568' title='bbox 2693 1185 3092 1254; x_wconf 88' lang='lat' dir='ltr'><strong>contumeliam,</strong></span> <span class='ocrx_word' id='word_1_569' title='bbox 3115 1187 3369 1257; x_wconf 89' lang='lat' dir='ltr'><strong>judicium</strong></span> <span class='ocrx_word' id='word_1_570' title='bbox 3396 1196 3628 1263; x_wconf 85' lang='lat' dir='ltr'><strong>ostendit,</strong></span> <span class='ocrx_word' id='word_1_571' title='bbox 3648 1215 3734 1268; x_wconf 89' lang='lat' dir='ltr'><strong>quo</strong></span> <span class='ocrx_word' id='word_1_572' title='bbox 3755 1201 3824 1257; x_wconf 77' lang='lat' dir='ltr'><strong>lio-</strong></span> 
     </span>
    </p>
   </div>
   <div class='ocr_carea' id='block_1_74' title="bbox 2317 1269 3822 1356">
    <p class='ocr_par' dir='ltr' id='par_1_74' title="bbox 2317 1269 3822 1356">
     <span class='ocr_line' id='line_1_75' title="bbox 2317 1269 3822 1356; baseline 0.019 -36"><span class='ocrx_word' id='word_1_573' title='bbox 2317 1269 2509 1334; x_wconf 89' lang='lat' dir='ltr'><strong>mines,</strong></span> <span class='ocrx_word' id='word_1_574' title='bbox 2539 1272 2781 1340; x_wconf 84' lang='lat' dir='ltr'><strong>quamvis</strong></span> <span class='ocrx_word' id='word_1_575' title='bbox 2808 1286 2972 1342; x_wconf 87' lang='lat' dir='ltr'><strong>creet,</strong></span> <span class='ocrx_word' id='word_1_576' title='bbox 3007 1294 3112 1333; x_wconf 89' lang='lat' dir='ltr'><strong>non</strong></span> <span class='ocrx_word' id='word_1_577' title='bbox 3131 1288 3306 1337; x_wconf 83' lang='lat' dir='ltr'><strong>tamen</strong></span> <span class='ocrx_word' id='word_1_578' title='bbox 3329 1283 3526 1340; x_wconf 89' lang='lat' dir='ltr'><strong>liberat.</strong></span> <span class='ocrx_word' id='word_1_579' title='bbox 3553 1289 3684 1356; x_wconf 88' lang='lat' dir='ltr'><strong>Quod</strong></span> <span class='ocrx_word' id='word_1_580' title='bbox 3703 1293 3822 1348; x_wconf 87' lang='lat' dir='ltr'><strong>ctiam</strong></span> 
     </span>
    </p>
   </div>
   <div class='ocr_carea' id='block_1_75' title="bbox 2315 1360 3824 1444">
    <p class='ocr_par' dir='ltr' id='par_1_75' title="bbox 2315 1360 3824 1444">
     <span class='ocr_line' id='line_1_76' title="bbox 2315 1360 3824 1444; baseline 0.017 -32"><span class='ocrx_word' id='word_1_581' title='bbox 2315 1373 2412 1414; x_wconf 91' lang='lat' dir='ltr'><strong>vos</strong></span> <span class='ocrx_word' id='word_1_582' title='bbox 2437 1360 2503 1415; x_wconf 92' lang='lat' dir='ltr'><strong>de</strong></span> <span class='ocrx_word' id='word_1_583' title='bbox 2533 1365 2764 1431; x_wconf 82' lang='lat' dir='ltr'><strong>parvulis</strong></span> <span class='ocrx_word' id='word_1_584' title='bbox 2792 1367 3042 1437; x_wconf 80' lang='lat' dir='ltr'><strong>cogimini</strong></span> <span class='ocrx_word' id='word_1_585' title='bbox 3071 1371 3334 1440; x_wconf 87' lang='lat' dir='ltr'><strong>confiteri,</strong></span> <span class='ocrx_word' id='word_1_586' title='bbox 3353 1390 3569 1444; x_wconf 87' lang='lat' dir='ltr'><strong>quorum</strong></span> <span class='ocrx_word' id='word_1_587' title='bbox 3603 1391 3725 1436; x_wconf 90' lang='lat' dir='ltr'><strong>certe</strong></span> <span class='ocrx_word' id='word_1_588' title='bbox 3740 1400 3824 1437; x_wconf 83' lang='lat' dir='ltr'><strong>om-</strong></span> 
     </span>
    </p>
   </div>
   <div class='ocr_carea' id='block_1_76' title="bbox 2315 1448 3821 1538">
    <p class='ocr_par' dir='ltr' id='par_1_76' title="bbox 2315 1448 3821 1538">
     <span class='ocr_line' id='line_1_77' title="bbox 2315 1448 3821 1538; baseline 0.015 -37"><span class='ocrx_word' id='word_1_589' title='bbox 2315 1448 2460 1502; x_wconf 91' lang='lat' dir='ltr'><strong>nium</strong></span> <span class='ocrx_word' id='word_1_590' title='bbox 2487 1465 2644 1506; x_wconf 89' lang='lat' dir='ltr'><strong>unam</strong></span> <span class='ocrx_word' id='word_1_591' title='bbox 2667 1468 2786 1509; x_wconf 88' lang='lat' dir='ltr'><strong>esse</strong></span> <span class='ocrx_word' id='word_1_592' title='bbox 2809 1471 3037 1511; x_wconf 81' lang='lat' dir='ltr'><strong>massam</strong></span> <span class='ocrx_word' id='word_1_593' title='bbox 3059 1475 3162 1514; x_wconf 92' lang='lat' dir='ltr'><strong>non</strong></span> <span class='ocrx_word' id='word_1_594' title='bbox 3185 1464 3404 1530; x_wconf 87' lang='lat' dir='ltr'><strong>potestis</strong></span> <span class='ocrx_word' id='word_1_595' title='bbox 3424 1480 3618 1534; x_wconf 84' lang='lat' dir='ltr'><strong>negare,</strong></span> <span class='ocrx_word' id='word_1_596' title='bbox 3640 1470 3821 1538; x_wconf 61' lang='lat' dir='ltr'><strong>qualem.</strong></span> 
     </span>
    </p>
   </div>
   <div class='ocr_carea' id='block_1_77' title="bbox 2314 1541 3818 1632">
    <p class='ocr_par' dir='ltr' id='par_1_77' title="bbox 2314 1541 3818 1632">
     <span class='ocr_line' id='line_1_78' title="bbox 2314 1541 3818 1632; baseline 0.013 -36"><span class='ocrx_word' id='word_1_597' title='bbox 2314 1541 2441 1599; x_wconf 89' lang='lat' dir='ltr'><strong>libet</strong></span> <span class='ocrx_word' id='word_1_598' title='bbox 2461 1559 2578 1600; x_wconf 89' lang='lat' dir='ltr'><strong>eam</strong></span> <span class='ocrx_word' id='word_1_599' title='bbox 2605 1549 2801 1616; x_wconf 85' lang='lat' dir='ltr'><strong>putetis</strong></span> <span class='ocrx_word' id='word_1_600' title='bbox 2834 1568 2848 1604; x_wconf 91' lang='lat'><strong>:</strong></span> <span class='ocrx_word' id='word_1_601' title='bbox 2878 1566 2945 1606; x_wconf 80' lang='lat' dir='ltr'><strong>ex</strong></span> <span class='ocrx_word' id='word_1_602' title='bbox 2975 1567 3075 1622; x_wconf 91' lang='lat' dir='ltr'><strong>qua</strong></span> <span class='ocrx_word' id='word_1_603' title='bbox 3105 1561 3281 1609; x_wconf 92' lang='lat' dir='ltr'><strong>tamen</strong></span> <span class='ocrx_word' id='word_1_604' title='bbox 3307 1557 3442 1611; x_wconf 78' lang='lat' dir='ltr'><strong>alios</strong></span> <span class='ocrx_word' id='word_1_605' title='bbox 3467 1559 3515 1612; x_wconf 93' lang='lat' dir='ltr'><strong>in</strong></span> <span class='ocrx_word' id='word_1_606' title='bbox 3546 1559 3628 1614; x_wconf 83' lang='lat' dir='ltr'><strong>Dei</strong></span> <span class='ocrx_word' id='word_1_607' title='bbox 3651 1577 3818 1632; x_wconf 81' lang='lat' dir='ltr'><strong>regnum</strong></span> 
     </span>
    </p>
   </div>
   <div class='ocr_carea' id='block_1_78' title="bbox 2311 1633 3818 1712">
    <p class='ocr_par' dir='ltr' id='par_1_78' title="bbox 2311 1633 3818 1712">
     <span class='ocr_line' id='line_1_79' title="bbox 2311 1633 3818 1712; baseline 0.013 -26"><span class='ocrx_word' id='word_1_608' title='bbox 2311 1633 2550 1704; x_wconf 89' lang='lat' dir='ltr'><strong>adoptari</strong></span> <span class='ocrx_word' id='word_1_609' title='bbox 2581 1636 2838 1704; x_wconf 89' lang='lat' dir='ltr'><strong>fatemini,</strong></span> <span class='ocrx_word' id='word_1_610' title='bbox 2865 1656 3000 1710; x_wconf 86' lang='lat' dir='ltr'><strong>quos</strong></span> <span class='ocrx_word' id='word_1_611' title='bbox 3026 1643 3206 1712; x_wconf 92' lang='lat' dir='ltr'><strong>procul</strong></span> <span class='ocrx_word' id='word_1_612' title='bbox 3223 1643 3386 1700; x_wconf 90' lang='lat' dir='ltr'><strong>dubio</strong></span> <span class='ocrx_word' id='word_1_613' title='bbox 3411 1662 3528 1700; x_wconf 90' lang='lat' dir='ltr'><strong>vasa</strong></span> <span class='ocrx_word' id='word_1_614' title='bbox 3551 1649 3597 1702; x_wconf 93' lang='lat' dir='ltr'><strong>in</strong></span> <span class='ocrx_word' id='word_1_615' title='bbox 3620 1648 3818 1706; x_wconf 83' lang='lat' dir='ltr'><strong>honorem</strong></span> 
     </span>
    </p>
   </div>
   <div class='ocr_carea' id='block_1_79' title="bbox 2313 1725 3818 1812">
    <p class='ocr_par' dir='ltr' id='par_1_79' title="bbox 2313 1725 3818 1812">
     <span class='ocr_line' id='line_1_80' title="bbox 2313 1725 3818 1812; baseline 0.013 -34"><span class='ocrx_word' id='word_1_616' title='bbox 2313 1725 2444 1779; x_wconf 89' lang='lat' dir='ltr'><strong>facta</strong></span> <span class='ocrx_word' id='word_1_617' title='bbox 2474 1728 2799 1794; x_wconf 85' lang='lat' dir='ltr'><strong>conceditis;</strong></span> <span class='ocrx_word' id='word_1_618' title='bbox 2831 1732 2969 1787; x_wconf 91' lang='lat' dir='ltr'><strong>alios</strong></span> <span class='ocrx_word' id='word_1_619' title='bbox 2993 1749 3118 1788; x_wconf 89' lang='lat' dir='ltr'><strong>vero</strong></span> <span class='ocrx_word' id='word_1_620' title='bbox 3163 1751 3267 1790; x_wconf 93' lang='lat' dir='ltr'><strong>non</strong></span> <span class='ocrx_word' id='word_1_621' title='bbox 3293 1737 3547 1808; x_wconf 86' lang='lat' dir='ltr'><strong>adoptari,</strong></span> <span class='ocrx_word' id='word_1_622' title='bbox 3589 1759 3702 1812; x_wconf 85' lang='lat' dir='ltr'><strong>quos</strong></span> <span class='ocrx_word' id='word_1_623' title='bbox 3721 1745 3818 1798; x_wconf 82' lang='lat' dir='ltr'><strong>facta</strong></span> 
     </span>
    </p>
   </div>
   <div class='ocr_carea' id='block_1_80' title="bbox 2309 1815 3815 1896">
    <p class='ocr_par' dir='ltr' id='par_1_80' title="bbox 2309 1815 3815 1896">
     <span class='ocr_line' id='line_1_81' title="bbox 2309 1815 3815 1896; baseline 0.013 -30"><span class='ocrx_word' id='word_1_624' title='bbox 2309 1829 2433 1868; x_wconf 91' lang='lat' dir='ltr'><strong>vasa</strong></span> <span class='ocrx_word' id='word_1_625' title='bbox 2465 1815 2516 1869; x_wconf 92' lang='lat' dir='ltr'><strong>in</strong></span> <span class='ocrx_word' id='word_1_626' title='bbox 2561 1819 2956 1888; x_wconf 88' lang='lat' dir='ltr'><strong>contumeliam,</strong></span> <span class='ocrx_word' id='word_1_627' title='bbox 2990 1823 3092 1877; x_wconf 91' lang='lat' dir='ltr'><strong>nisi</strong></span> <span class='ocrx_word' id='word_1_628' title='bbox 3133 1823 3487 1896; x_wconf 81' lang='lat' dir='ltr'><strong>intelligenter</strong></span> <span class='ocrx_word' id='word_1_629' title='bbox 3519 1833 3815 1896; x_wconf 85' lang='lat' dir='ltr'><strong>consentiatis,</strong></span> 
     </span>
    </p>
   </div>
   <div class='ocr_carea' id='block_1_81' title="bbox 2310 1904 3817 1984">
    <p class='ocr_par' dir='ltr' id='par_1_81' title="bbox 2310 1904 3817 1984">
     <span class='ocr_line' id='line_1_82' title="bbox 2310 1904 3817 1984; baseline 0.012 -25"><span class='ocrx_word' id='word_1_630' title='bbox 2310 1904 2647 1976; x_wconf 89' lang='lat' dir='ltr'><strong>impudenter</strong></span> <span class='ocrx_word' id='word_1_631' title='bbox 2690 1911 2912 1980; x_wconf 83' lang='lat' dir='ltr'><strong>negatis.</strong></span> <span class='ocrx_word' id='word_1_632' title='bbox 2963 1912 3147 1984; x_wconf 87' lang='lat' dir='ltr'><strong>Neque</strong></span> <span class='ocrx_word' id='word_1_633' title='bbox 3195 1917 3360 1984; x_wconf 90' lang='lat' dir='ltr'><strong>enim,</strong></span> <span class='ocrx_word' id='word_1_634' title='bbox 3410 1919 3576 1974; x_wconf 91' lang='lat' dir='ltr'><strong>sinon</strong></span> <span class='ocrx_word' id='word_1_635' title='bbox 3615 1931 3686 1976; x_wconf 82' lang='lat' dir='ltr'><strong>est</strong></span> <span class='ocrx_word' id='word_1_636' title='bbox 3719 1923 3817 1976; x_wconf 81' lang='lat' dir='ltr'><strong>ista&#39;</strong></span> 
     </span>
    </p>
   </div>
   <div class='ocr_carea' id='block_1_82' title="bbox 2309 1999 3819 2072">
    <p class='ocr_par' dir='ltr' id='par_1_82' title="bbox 2309 1999 3819 2072">
     <span class='ocr_line' id='line_1_83' title="bbox 2309 1999 3819 2072; baseline 0.009 -20"><span class='ocrx_word' id='word_1_637' title='bbox 2309 2013 2464 2068; x_wconf 76' lang='lat' dir='ltr'><strong>poma</strong></span> <span class='ocrx_word' id='word_1_638' title='bbox 2486 1999 2862 2068; x_wconf 89' lang='lat' dir='ltr'><strong>damnationis,</strong></span> <span class='ocrx_word' id='word_1_639' title='bbox 2904 2005 3042 2060; x_wconf 91' lang='lat' dir='ltr'><strong>sicut</strong></span> <span class='ocrx_word' id='word_1_640' title='bbox 3071 2008 3252 2072; x_wconf 84' lang='lat' dir='ltr'><strong>vultis,</strong></span> <span class='ocrx_word' id='word_1_641' title='bbox 3283 2025 3388 2065; x_wconf 91' lang='lat' dir='ltr'><strong>non</strong></span> <span class='ocrx_word' id='word_1_642' title='bbox 3409 2011 3508 2066; x_wconf 89' lang='lat' dir='ltr'><strong>erit</strong></span> <span class='ocrx_word' id='word_1_643' title='bbox 3539 2012 3702 2067; x_wconf 88' lang='lat' dir='ltr'><strong>saltem</strong></span> <span class='ocrx_word' id='word_1_644' title='bbox 3725 2028 3819 2067; x_wconf 72' lang='grc' dir='ltr'><strong>(ιου-</strong></span> 
     </span>
    </p>
   </div>
   <div class='ocr_carea' id='block_1_83' title="bbox 2309 2091 3817 2170">
    <p class='ocr_par' dir='ltr' id='par_1_83' title="bbox 2309 2091 3817 2170">
     <span class='ocr_line' id='line_1_84' title="bbox 2309 2091 3817 2170; baseline 0.009 -26"><span class='ocrx_word' id='word_1_645' title='bbox 2309 2091 2528 2146; x_wconf 90' lang='lat' dir='ltr'><strong>tumelia</strong></span> <span class='ocrx_word' id='word_1_646' title='bbox 2553 2091 2798 2162; x_wconf 86' lang='lat' dir='ltr'><strong>imaginis</strong></span> <span class='ocrx_word' id='word_1_647' title='bbox 2827 2095 2941 2162; x_wconf 89' lang='lat' dir='ltr'><strong>Dei,</strong></span> <span class='ocrx_word' id='word_1_648' title='bbox 2973 2098 3208 2166; x_wconf 88' lang='lat' dir='ltr'><strong>separari</strong></span> <span class='ocrx_word' id='word_1_649' title='bbox 3248 2113 3278 2152; x_wconf 86' lang='lat' dir='ltr'><strong>a</strong></span> <span class='ocrx_word' id='word_1_650' title='bbox 3308 2115 3472 2170; x_wconf 88' lang='lat' dir='ltr'><strong>regno</strong></span> <span class='ocrx_word' id='word_1_651' title='bbox 3499 2101 3601 2155; x_wconf 87' lang='lat' dir='ltr'><strong>Dei.</strong></span> <span class='ocrx_word' id='word_1_652' title='bbox 3641 2102 3728 2157; x_wconf 87' lang='lat' dir='ltr'><strong>Sed</strong></span> <span class='ocrx_word' id='word_1_653' title='bbox 3749 2119 3817 2158; x_wconf 81' lang='lat' dir='ltr'><strong>vos</strong></span> 
     </span>
    </p>
   </div>
   <div class='ocr_carea' id='block_1_84' title="bbox 2305 2181 3817 2261">
    <p class='ocr_par' dir='ltr' id='par_1_84' title="bbox 2305 2181 3817 2261">
     <span class='ocr_line' id='line_1_85' title="bbox 2305 2181 3817 2261; baseline 0.007 -27"><span class='ocrx_word' id='word_1_654' title='bbox 2305 2181 2349 2234; x_wconf 88' lang='lat' dir='ltr'><strong>si</strong></span> <span class='ocrx_word' id='word_1_655' title='bbox 2375 2181 2516 2235; x_wconf 90' lang='lat' dir='ltr'><strong>illam</strong></span> <span class='ocrx_word' id='word_1_656' title='bbox 2538 2195 2943 2252; x_wconf 88' lang='lat' dir='ltr'><strong>perseveranter</strong></span> <span class='ocrx_word' id='word_1_657' title='bbox 2961 2185 2983 2217; x_wconf 87' lang='grc'><strong><em>³</em></strong></span> <span class='ocrx_word' id='word_1_658' title='bbox 3013 2188 3277 2256; x_wconf 80' lang='lat' dir='ltr'><strong>negabitis</strong></span> <span class='ocrx_word' id='word_1_659' title='bbox 3317 2191 3555 2259; x_wconf 82' lang='lat' dir='ltr'><strong>gratiam,</strong></span> <span class='ocrx_word' id='word_1_660' title='bbox 3580 2191 3638 2246; x_wconf 90' lang='lat' dir='ltr'><strong>ad</strong></span> <span class='ocrx_word' id='word_1_661' title='bbox 3662 2191 3742 2245; x_wconf 87' lang='lat' dir='ltr'><strong>hoc</strong></span> <span class='ocrx_word' id='word_1_662' title='bbox 3760 2193 3817 2261; x_wconf 84' lang='lat' dir='ltr'><strong>ju-</strong></span> 
     </span>
    </p>
   </div>
   <div class='ocr_carea' id='block_1_85' title="bbox 2305 2272 3817 2352">
    <p class='ocr_par' dir='ltr' id='par_1_85' title="bbox 2305 2272 3817 2352">
     <span class='ocr_line' id='line_1_86' title="bbox 2305 2272 3817 2352; baseline 0.005 -26"><span class='ocrx_word' id='word_1_663' title='bbox 2305 2272 2502 2327; x_wconf 90' lang='lat' dir='ltr'><strong>dicium</strong></span> <span class='ocrx_word' id='word_1_664' title='bbox 2533 2289 2630 2328; x_wconf 88' lang='lat' dir='ltr'><strong>vos</strong></span> <span class='ocrx_word' id='word_1_665' title='bbox 2683 2275 2948 2343; x_wconf 83' lang='lat' dir='ltr'><strong>pertinere</strong></span> <span class='ocrx_word' id='word_1_666' title='bbox 2989 2278 3354 2333; x_wconf 90' lang='lat' dir='ltr'><strong>monstrabitis</strong></span> <span class='ocrx_word' id='word_1_667' title='bbox 3384 2297 3397 2333; x_wconf 88' lang='lat'><strong>:</strong></span> <span class='ocrx_word' id='word_1_668' title='bbox 3423 2280 3557 2350; x_wconf 90' lang='lat' dir='ltr'><strong>quod</strong></span> <span class='ocrx_word' id='word_1_669' title='bbox 3599 2282 3747 2352; x_wconf 87' lang='lat' dir='ltr'><strong>utique</strong></span> <span class='ocrx_word' id='word_1_670' title='bbox 3780 2283 3817 2336; x_wconf 83' lang='lat' dir='ltr'><strong>ia</strong></span> 
     </span>
    </p>
   </div>
   <div class='ocr_carea' id='block_1_86' title="bbox 2306 2365 3816 2442">
    <p class='ocr_par' dir='ltr' id='par_1_86' title="bbox 2306 2365 3816 2442">
     <span class='ocr_line' id='line_1_87' title="bbox 2306 2365 3816 2442; baseline 0.006 -27"><span class='ocrx_word' id='word_1_671' title='bbox 2306 2365 2542 2434; x_wconf 85' lang='lat' dir='ltr'><strong>parvulis</strong></span> <span class='ocrx_word' id='word_1_672' title='bbox 2568 2365 2820 2436; x_wconf 88' lang='lat' dir='ltr'><strong>injustum</strong></span> <span class='ocrx_word' id='word_1_673' title='bbox 2871 2377 3033 2432; x_wconf 91' lang='lat' dir='ltr'><strong>esset,</strong></span> <span class='ocrx_word' id='word_1_674' title='bbox 3077 2368 3121 2424; x_wconf 89' lang='lat' dir='ltr'><strong>si</strong></span> <span class='ocrx_word' id='word_1_675' title='bbox 3162 2378 3438 2440; x_wconf 87' lang='lat' dir='ltr'><strong>peccatum</strong></span> <span class='ocrx_word' id='word_1_676' title='bbox 3477 2372 3706 2442; x_wconf 87' lang='lat' dir='ltr'><strong>originale</strong></span> <span class='ocrx_word' id='word_1_677' title='bbox 3740 2388 3816 2426; x_wconf 88' lang='lat' dir='ltr'><strong>non</strong></span> 
     </span>
    </p>
   </div>
   <div class='ocr_carea' id='block_1_87' title="bbox 2303 2463 2467 2508">
    <p class='ocr_par' dir='ltr' id='par_1_87' title="bbox 2303 2463 2467 2508">
     <span class='ocr_line' id='line_1_88' title="bbox 2303 2463 2467 2508; baseline -0.012 0"><span class='ocrx_word' id='word_1_678' title='bbox 2303 2463 2467 2508; x_wconf 87' lang='lat' dir='ltr'><strong>esset.</strong></span> 
     </span>
    </p>
   </div>
   <div class='ocr_carea' id='block_1_88' title="bbox 2374 2545 3817 2623">
    <p class='ocr_par' dir='ltr' id='par_1_88' title="bbox 2374 2545 3817 2623">
     <span class='ocr_line' id='line_1_89' title="bbox 2374 2545 3817 2623; baseline 0.006 -23"><span class='ocrx_word' id='word_1_679' title='bbox 2374 2545 2682 2602; x_wconf 87' lang='lat' dir='ltr'><strong>CXXXVII.</strong></span> <span class='ocrx_word' id='word_1_680' title='bbox 2706 2547 2824 2604; x_wconf 74' lang='lat' dir='ltr'><strong>JUL.</strong></span> <span class='ocrx_word' id='word_1_681' title='bbox 2857 2549 3006 2618; x_wconf 86' lang='lat' dir='ltr'><strong>Quod</strong></span> <span class='ocrx_word' id='word_1_682' title='bbox 3031 2559 3085 2604; x_wconf 91' lang='lat' dir='ltr'><strong>ut</strong></span> <span class='ocrx_word' id='word_1_683' title='bbox 3113 2551 3302 2607; x_wconf 88' lang='lat' dir='ltr'><strong>claruit</strong></span> <span class='ocrx_word' id='word_1_684' title='bbox 3331 2554 3626 2623; x_wconf 82' lang='lat' dir='ltr'><strong>Apostolum</strong></span> <span class='ocrx_word' id='word_1_685' title='bbox 3661 2553 3817 2608; x_wconf 49' lang='lat' dir='ltr'><strong>dixisse</strong></span> 
     </span>
    </p>
   </div>
   <div class='ocr_carea' id='block_1_89' title="bbox 2304 2637 3818 2716">
    <p class='ocr_par' dir='ltr' id='par_1_89' title="bbox 2304 2637 3818 2716">
     <span class='ocr_line' id='line_1_90' title="bbox 2304 2637 3818 2716; baseline 0.007 -26"><span class='ocrx_word' id='word_1_686' title='bbox 2304 2637 2370 2691; x_wconf 91' lang='lat' dir='ltr'><strong>de</strong></span> <span class='ocrx_word' id='word_1_687' title='bbox 2389 2638 2649 2705; x_wconf 90' lang='lat' dir='ltr'><strong>moribus,</strong></span> <span class='ocrx_word' id='word_1_688' title='bbox 2683 2640 2755 2694; x_wconf 88' lang='lat' dir='ltr'><strong>ita</strong></span> <span class='ocrx_word' id='word_1_689' title='bbox 2784 2651 3006 2712; x_wconf 91' lang='lat' dir='ltr'><strong>apparet</strong></span> <span class='ocrx_word' id='word_1_690' title='bbox 3029 2654 3223 2713; x_wconf 89' lang='lat' dir='ltr'><strong>quanta</strong></span> <span class='ocrx_word' id='word_1_691' title='bbox 3261 2646 3669 2701; x_wconf 88' lang='lat' dir='ltr'><strong>testimoniorum</strong></span> <span class='ocrx_word' id='word_1_692' title='bbox 3702 2648 3818 2716; x_wconf 73' lang='lat' dir='ltr'><strong>la-gis</strong></span> 
     </span>
    </p>
   </div>
   <div class='ocr_carea' id='block_1_90' title="bbox 2305 2727 3816 2804">
    <p class='ocr_par' dir='ltr' id='par_1_90' title="bbox 2305 2727 3816 2804">
     <span class='ocr_line' id='line_1_91' title="bbox 2305 2727 3816 2804; baseline 0.008 -24"><span class='ocrx_word' id='word_1_693' title='bbox 2305 2727 2479 2798; x_wconf 87' lang='lat' dir='ltr'><strong>in0pia</strong></span> <span class='ocrx_word' id='word_1_694' title='bbox 2505 2729 2734 2797; x_wconf 87' lang='lat' dir='ltr'><strong>labores,</strong></span> <span class='ocrx_word' id='word_1_695' title='bbox 2757 2733 2844 2804; x_wconf 92' lang='lat' dir='ltr'><strong>qui</strong></span> <span class='ocrx_word' id='word_1_696' title='bbox 2862 2733 2930 2787; x_wconf 90' lang='lat' dir='ltr'><strong>ab</strong></span> <span class='ocrx_word' id='word_1_697' title='bbox 2951 2733 3036 2790; x_wconf 87' lang='lat' dir='ltr'><strong>his</strong></span> <span class='ocrx_word' id='word_1_698' title='bbox 3062 2737 3343 2791; x_wconf 86' lang='lat' dir='ltr'><strong>sententiis</strong></span> <span class='ocrx_word' id='word_1_699' title='bbox 3368 2751 3544 2793; x_wconf 85' lang='lat' dir='ltr'><strong>contra</strong></span> <span class='ocrx_word' id='word_1_700' title='bbox 3564 2739 3746 2793; x_wconf 85' lang='lat' dir='ltr'><strong>fulmina</strong></span> <span class='ocrx_word' id='word_1_701' title='bbox 3764 2756 3816 2792; x_wconf 77' lang='lat' dir='ltr'><strong>ra-</strong></span> 
     </span>
    </p>
   </div>
   <div class='ocr_carea' id='block_1_91' title="bbox 2304 2819 3815 2900">
    <p class='ocr_par' dir='ltr' id='par_1_91' title="bbox 2304 2819 3815 2900">
     <span class='ocr_line' id='line_1_92' title="bbox 2304 2819 3815 2900; baseline 0.007 -27"><span class='ocrx_word' id='word_1_702' title='bbox 2304 2819 2462 2875; x_wconf 87' lang='lat' dir='ltr'><strong>tionis</strong></span> <span class='ocrx_word' id='word_1_703' title='bbox 2484 2819 2506 2852; x_wconf 65' lang='lat'>‘</span> <span class='ocrx_word' id='word_1_704' title='bbox 2534 2837 2688 2892; x_wconf 90' lang='lat' dir='ltr'><strong>opem</strong></span> <span class='ocrx_word' id='word_1_705' title='bbox 2718 2827 2877 2893; x_wconf 88' lang='lat' dir='ltr'><strong>petis,</strong></span> <span class='ocrx_word' id='word_1_706' title='bbox 2901 2842 3019 2896; x_wconf 68' lang='lat' dir='ltr'><strong>qua:</strong></span> <span class='ocrx_word' id='word_1_707' title='bbox 3051 2829 3141 2882; x_wconf 89' lang='lat' dir='ltr'><strong>tibi</strong></span> <span class='ocrx_word' id='word_1_708' title='bbox 3167 2827 3534 2900; x_wconf 85' lang='lat' dir='ltr'><strong>dedignantur,</strong></span> <span class='ocrx_word' id='word_1_709' title='bbox 3559 2831 3654 2887; x_wconf 89' lang='lat' dir='ltr'><strong>imo</strong></span> <span class='ocrx_word' id='word_1_710' title='bbox 3677 2843 3815 2886; x_wconf 74' lang='lat' dir='ltr'><strong>natura</strong></span> 
     </span>
    </p>
   </div>
   <div class='ocr_carea' id='block_1_92' title="bbox 2300 2911 3127 2986">
    <p class='ocr_par' dir='ltr' id='par_1_92' title="bbox 2300 2911 3127 2986">
     <span class='ocr_line' id='line_1_93' title="bbox 2300 2911 3127 2986; baseline 0.008 -20"><span class='ocrx_word' id='word_1_711' title='bbox 2300 2913 2380 2966; x_wconf 86' lang='lat' dir='ltr'><strong>sui</strong></span> <span class='ocrx_word' id='word_1_712' title='bbox 2404 2911 2686 2969; x_wconf 74' lang='lat' dir='ltr'><strong>subvenire</strong></span> <span class='ocrx_word' id='word_1_713' title='bbox 2707 2932 2812 2969; x_wconf 91' lang='lat' dir='ltr'><strong>non</strong></span> <span class='ocrx_word' id='word_1_714' title='bbox 2827 2916 2850 2948; x_wconf 84' lang='grc'>⁸</span> <span class='ocrx_word' id='word_1_715' title='bbox 2885 2927 3127 2986; x_wconf 85' lang='lat' dir='ltr'><strong>possunt.</strong></span> 
     </span>
    </p>
   </div>
   <div class='ocr_carea' id='block_1_93' title="bbox 2372 3003 3816 3077">
    <p class='ocr_par' dir='ltr' id='par_1_93' title="bbox 2372 3003 3816 3077">
     <span class='ocr_line' id='line_1_94' title="bbox 2372 3003 3816 3077; baseline 0.006 -21"><span class='ocrx_word' id='word_1_716' title='bbox 2372 3005 2506 3060; x_wconf 83' lang='lat' dir='ltr'><strong>Auc.</strong></span> <span class='ocrx_word' id='word_1_717' title='bbox 2537 3003 2733 3060; x_wconf 90' lang='lat' dir='ltr'><strong>Contra</strong></span> <span class='ocrx_word' id='word_1_718' title='bbox 2765 3009 3076 3077; x_wconf 79' lang='lat' dir='ltr'><strong>Apostolum</strong></span> <span class='ocrx_word' id='word_1_719' title='bbox 3107 3009 3394 3073; x_wconf 89' lang='lat' dir='ltr'><strong>dicentem.</strong></span> <span class='ocrx_word' id='word_1_720' title='bbox 3425 3028 3489 3068; x_wconf 84' lang='lat' dir='ltr'><strong>ex</strong></span> <span class='ocrx_word' id='word_1_721' title='bbox 3503 3012 3668 3067; x_wconf 88' lang='lat' dir='ltr'><strong>eadem</strong></span> <span class='ocrx_word' id='word_1_722' title='bbox 3686 3026 3816 3065; x_wconf 81' lang='lat' dir='ltr'><strong>massa</strong></span> 
     </span>
    </p>
   </div>
   <div class='ocr_carea' id='block_1_94' title="bbox 2300 3093 3817 3165">
    <p class='ocr_par' dir='ltr' id='par_1_94' title="bbox 2300 3093 3817 3165">
     <span class='ocr_line' id='line_1_95' title="bbox 2300 3093 3817 3165; baseline 0.005 -19"><span class='ocrx_word' id='word_1_723' title='bbox 2300 3093 2441 3148; x_wconf 88' lang='lat' dir='ltr'><strong>aliud</strong></span> <span class='ocrx_word' id='word_1_724' title='bbox 2473 3109 2565 3148; x_wconf 85' lang='lat' dir='ltr'><strong>vas</strong></span> <span class='ocrx_word' id='word_1_725' title='bbox 2594 3095 2645 3149; x_wconf 88' lang='lat' dir='ltr'><strong>in</strong></span> <span class='ocrx_word' id='word_1_726' title='bbox 2670 3096 2946 3165; x_wconf 87' lang='lat' dir='ltr'><strong>honorem,</strong></span> <span class='ocrx_word' id='word_1_727' title='bbox 2973 3099 3114 3154; x_wconf 83' lang='lat' dir='ltr'><strong>aliud</strong></span> <span class='ocrx_word' id='word_1_728' title='bbox 3143 3101 3192 3154; x_wconf 93' lang='lat' dir='ltr'><strong>in</strong></span> <span class='ocrx_word' id='word_1_729' title='bbox 3210 3105 3577 3158; x_wconf 88' lang='lat' dir='ltr'><strong>contumeliam</strong></span> <span class='ocrx_word' id='word_1_730' title='bbox 3603 3105 3737 3156; x_wconf 85' lang='lat' dir='ltr'><strong>Deum</strong></span> <span class='ocrx_word' id='word_1_731' title='bbox 3761 3101 3817 3154; x_wconf 84' lang='lat' dir='ltr'><strong>fa-</strong></span> 
     </span>
    </p>
   </div>
   <div class='ocr_carea' id='block_1_95' title="bbox 2299 3186 3816 3258">
    <p class='ocr_par' dir='ltr' id='par_1_95' title="bbox 2299 3186 3816 3258">
     <span class='ocr_line' id='line_1_96' title="bbox 2299 3186 3816 3258; baseline 0.005 -20"><span class='ocrx_word' id='word_1_732' title='bbox 2299 3198 2454 3249; x_wconf 89' lang='lat' dir='ltr'><strong>cere;</strong></span> <span class='ocrx_word' id='word_1_733' title='bbox 2479 3201 2577 3241; x_wconf 88' lang='lat' dir='ltr'><strong>nec</strong></span> <span class='ocrx_word' id='word_1_734' title='bbox 2598 3186 2882 3253; x_wconf 87' lang='lat' dir='ltr'><strong>dicentem,</strong></span> <span class='ocrx_word' id='word_1_735' title='bbox 2900 3190 3039 3245; x_wconf 88' lang='lat' dir='ltr'><strong>aliud</strong></span> <span class='ocrx_word' id='word_1_736' title='bbox 3068 3207 3165 3247; x_wconf 93' lang='lat' dir='ltr'><strong>nec</strong></span> <span class='ocrx_word' id='word_1_737' title='bbox 3182 3193 3231 3246; x_wconf 93' lang='lat' dir='ltr'><strong>in</strong></span> <span class='ocrx_word' id='word_1_738' title='bbox 3258 3193 3534 3258; x_wconf 87' lang='lat' dir='ltr'><strong>honorem,</strong></span> <span class='ocrx_word' id='word_1_739' title='bbox 3562 3210 3649 3248; x_wconf 90' lang='lat' dir='ltr'><strong>nec</strong></span> <span class='ocrx_word' id='word_1_740' title='bbox 3665 3194 3708 3247; x_wconf 91' lang='lat' dir='ltr'><strong>in</strong></span> <span class='ocrx_word' id='word_1_741' title='bbox 3723 3207 3816 3246; x_wconf 86' lang='lat' dir='ltr'><strong>con-</strong></span> 
     </span>
    </p>
   </div>
   <div class='ocr_carea' id='block_1_96' title="bbox 2301 3275 3816 3355">
    <p class='ocr_par' dir='ltr' id='par_1_96' title="bbox 2301 3275 3816 3355">
     <span class='ocr_line' id='line_1_97' title="bbox 2301 3275 3816 3355; baseline 0.003 -25"><span class='ocrx_word' id='word_1_742' title='bbox 2301 3275 2572 3330; x_wconf 91' lang='lat' dir='ltr'><strong>tumeliam</strong></span> <span class='ocrx_word' id='word_1_743' title='bbox 2594 3318 2609 3342; x_wconf 97' lang='lat'><strong>,</strong></span> <span class='ocrx_word' id='word_1_744' title='bbox 2641 3278 2782 3348; x_wconf 88' lang='lat' dir='ltr'><strong>quod</strong></span> <span class='ocrx_word' id='word_1_745' title='bbox 2811 3279 2992 3350; x_wconf 88' lang='lat' dir='ltr'><strong>utique</strong></span> <span class='ocrx_word' id='word_1_746' title='bbox 3029 3281 3249 3349; x_wconf 87' lang='lat' dir='ltr'><strong>diceret,</strong></span> <span class='ocrx_word' id='word_1_747' title='bbox 3281 3285 3326 3338; x_wconf 85' lang='lat' dir='ltr'><strong>si</strong></span> <span class='ocrx_word' id='word_1_748' title='bbox 3361 3284 3460 3339; x_wconf 93' lang='lat' dir='ltr'><strong>hoc</strong></span> <span class='ocrx_word' id='word_1_749' title='bbox 3487 3284 3616 3355; x_wconf 90' lang='lat' dir='ltr'><strong>quod</strong></span> <span class='ocrx_word' id='word_1_750' title='bbox 3640 3280 3816 3338; x_wconf 76' lang='lat' dir='ltr'><strong>vos&#39;tle</strong></span> 
     </span>
    </p>
   </div>
   <div class='ocr_carea' id='block_1_97' title="bbox 2298 3366 3815 3448">
    <p class='ocr_par' dir='ltr' id='par_1_97' title="bbox 2298 3366 3815 3448">
     <span class='ocr_line' id='line_1_98' title="bbox 2298 3366 3815 3448; baseline 0.005 -30"><span class='ocrx_word' id='word_1_751' title='bbox 2298 3366 2534 3435; x_wconf 89' lang='lat' dir='ltr'><strong>parvulis</strong></span> <span class='ocrx_word' id='word_1_752' title='bbox 2579 3368 2822 3424; x_wconf 90' lang='lat' dir='ltr'><strong>crederet</strong></span> <span class='ocrx_word' id='word_1_753' title='bbox 2853 3388 2869 3425; x_wconf 90' lang='lat'><strong>:</strong></span> <span class='ocrx_word' id='word_1_754' title='bbox 2899 3381 3083 3428; x_wconf 89' lang='lat' dir='ltr'><strong>contra</strong></span> <span class='ocrx_word' id='word_1_755' title='bbox 3131 3373 3269 3430; x_wconf 90' lang='lat' dir='ltr'><strong>hunc</strong></span> <span class='ocrx_word' id='word_1_756' title='bbox 3323 3392 3452 3448; x_wconf 82' lang='lat' dir='ltr'><strong>ergo</strong></span> <span class='ocrx_word' id='word_1_757' title='bbox 3494 3375 3718 3432; x_wconf 81' lang='lat' dir='ltr'><strong>divinitus</strong></span> <span class='ocrx_word' id='word_1_758' title='bbox 3756 3373 3815 3426; x_wconf 87' lang='lat' dir='ltr'><strong>in-</strong></span> 
     </span>
    </p>
   </div>
   <div class='ocr_carea' id='block_1_98' title="bbox 2300 3461 3788 3531">
    <p class='ocr_par' dir='ltr' id='par_1_98' title="bbox 2300 3461 3788 3531">
     <span class='ocr_line' id='line_1_99' title="bbox 2300 3461 3788 3531; baseline 0.005 -23"><span class='ocrx_word' id='word_1_759' title='bbox 2300 3463 2570 3510; x_wconf 78' lang='lat' dir='ltr'><strong>tonantem</strong></span> <span class='ocrx_word' id='word_1_760' title='bbox 2603 3468 2815 3515; x_wconf 88' lang='lat' dir='ltr'><strong>nonest</strong></span> <span class='ocrx_word' id='word_1_761' title='bbox 2844 3461 3091 3518; x_wconf 90' lang='lat' dir='ltr'><strong>fulminea</strong></span> <span class='ocrx_word' id='word_1_762' title='bbox 3120 3466 3256 3519; x_wconf 89' lang='lat' dir='ltr'><strong>ratio</strong></span> <span class='ocrx_word' id='word_1_763' title='bbox 3280 3479 3456 3522; x_wconf 90' lang='lat' dir='ltr'><strong>vestra</strong></span> <span class='ocrx_word' id='word_1_764' title='bbox 3481 3509 3496 3531; x_wconf 90' lang='lat'><strong>,</strong></span> <span class='ocrx_word' id='word_1_765' title='bbox 3523 3467 3608 3522; x_wconf 89' lang='lat' dir='ltr'><strong>scd</strong></span> <span class='ocrx_word' id='word_1_766' title='bbox 3635 3467 3788 3520; x_wconf 85' lang='lat' dir='ltr'><strong>fumea.</strong></span> 
     </span>
    </p>
   </div>
   <div class='ocr_carea' id='block_1_99' title="bbox 2367 3547 3816 3629">
    <p class='ocr_par' dir='ltr' id='par_1_99' title="bbox 2367 3547 3816 3629">
     <span class='ocr_line' id='line_1_100' title="bbox 2367 3547 3816 3629; baseline 0.001 -26"><span class='ocrx_word' id='word_1_767' title='bbox 2367 3547 2699 3605; x_wconf 85' lang='lat' dir='ltr'><strong>CXXXVIII.</strong></span> <span class='ocrx_word' id='word_1_768' title='bbox 2731 3550 2847 3606; x_wconf 82' lang='lat' dir='ltr'><strong>JUL.</strong></span> <span class='ocrx_word' id='word_1_769' title='bbox 2880 3552 2947 3607; x_wconf 85' lang='lat' dir='ltr'><strong>Et</strong></span> <span class='ocrx_word' id='word_1_770' title='bbox 2980 3552 3096 3608; x_wconf 83' lang='lat' dir='ltr'><strong>h:ee</strong></span> <span class='ocrx_word' id='word_1_771' title='bbox 3124 3555 3336 3625; x_wconf 88' lang='lat' dir='ltr'><strong>quidem</strong></span> <span class='ocrx_word' id='word_1_772' title='bbox 3367 3569 3613 3629; x_wconf 91' lang='lat' dir='ltr'><strong>quantum</strong></span> <span class='ocrx_word' id='word_1_773' title='bbox 3658 3562 3816 3625; x_wconf 87' lang='lat' dir='ltr'><strong>spectat</strong></span> 
     </span>
    </p>
   </div>
   <div class='ocr_carea' id='block_1_100' title="bbox 2295 3641 3813 3717">
    <p class='ocr_par' dir='ltr' id='par_1_100' title="bbox 2295 3641 3813 3717">
     <span class='ocr_line' id='line_1_101' title="bbox 2295 3641 3813 3717; baseline 0.001 -22"><span class='ocrx_word' id='word_1_774' title='bbox 2295 3641 2362 3695; x_wconf 90' lang='lat' dir='ltr'><strong>ad</strong></span> <span class='ocrx_word' id='word_1_775' title='bbox 2385 3642 2744 3698; x_wconf 89' lang='lat' dir='ltr'><strong>testimonium</strong></span> <span class='ocrx_word' id='word_1_776' title='bbox 2775 3645 3014 3714; x_wconf 84' lang='lat' dir='ltr'><strong>Apostoli</strong></span> <span class='ocrx_word' id='word_1_777' title='bbox 3041 3646 3306 3717; x_wconf 71' lang='lat' dir='ltr'><strong>disltutata</strong></span> <span class='ocrx_word' id='word_1_778' title='bbox 3332 3661 3476 3705; x_wconf 93' lang='lat' dir='ltr'><strong>sunt.</strong></span> <span class='ocrx_word' id='word_1_779' title='bbox 3517 3651 3746 3705; x_wconf 74' lang='lat' dir='ltr'><strong>Cmternm</strong></span> <span class='ocrx_word' id='word_1_780' title='bbox 3775 3645 3813 3697; x_wconf 88' lang='lat' dir='ltr'><strong>in</strong></span> 
     </span>
    </p>
   </div>
   <div class='ocr_carea' id='block_1_101' title="bbox 2299 3731 3813 3807">
    <p class='ocr_par' dir='ltr' id='par_1_101' title="bbox 2299 3731 3813 3807">
     <span class='ocr_line' id='line_1_102' title="bbox 2299 3731 3813 3807; baseline 0.004 -23"><span class='ocrx_word' id='word_1_781' title='bbox 2299 3731 2450 3796; x_wconf 89' lang='lat' dir='ltr'><strong>Isaia,</strong></span> <span class='ocrx_word' id='word_1_782' title='bbox 2483 3733 2813 3803; x_wconf 89' lang='lat' dir='ltr'><strong>undeipsam</strong></span> <span class='ocrx_word' id='word_1_783' title='bbox 2844 3738 3161 3792; x_wconf 90' lang='lat' dir='ltr'><strong>sententiam</strong></span> <span class='ocrx_word' id='word_1_784' title='bbox 3213 3739 3412 3794; x_wconf 89' lang='lat' dir='ltr'><strong>Paulus</strong></span> <span class='ocrx_word' id='word_1_785' title='bbox 3466 3738 3752 3807; x_wconf 84' lang='lat' dir='ltr'><strong>assumpsit,</strong></span> <span class='ocrx_word' id='word_1_786' title='bbox 3777 3736 3813 3785; x_wconf 85' lang='lat' dir='ltr'><strong>iu</strong></span> 
     </span>
    </p>
   </div>
   <div class='ocr_carea' id='block_1_102' title="bbox 2298 3824 3812 3885">
    <p class='ocr_par' dir='ltr' id='par_1_102' title="bbox 2298 3824 3812 3885">
     <span class='ocr_line' id='line_1_103' title="bbox 2298 3824 3812 3885; baseline 0.001 -9"><span class='ocrx_word' id='word_1_787' title='bbox 2298 3831 2497 3876; x_wconf 89' lang='lat' dir='ltr'><strong>tantum</strong></span> <span class='ocrx_word' id='word_1_788' title='bbox 2528 3839 2630 3876; x_wconf 90' lang='lat' dir='ltr'><strong>non</strong></span> <span class='ocrx_word' id='word_1_789' title='bbox 2657 3824 2887 3880; x_wconf 89' lang='lat' dir='ltr'><strong>deterret</strong></span> <span class='ocrx_word' id='word_1_790' title='bbox 2916 3827 3056 3882; x_wconf 90' lang='lat' dir='ltr'><strong>Deus</strong></span> <span class='ocrx_word' id='word_1_791' title='bbox 3107 3830 3474 3885; x_wconf 89' lang='lat' dir='ltr'><strong>rationabilem</strong></span> <span class='ocrx_word' id='word_1_792' title='bbox 3503 3838 3768 3884; x_wconf 80' lang='lat' dir='ltr'><strong>creaturam</strong></span> <span class='ocrx_word' id='word_1_793' title='bbox 3791 3837 3812 3873; x_wconf 76' lang='grc' dir='ltr'><strong>τι</strong></span> 
     </span>
    </p>
   </div>
   <div class='ocr_carea' id='block_1_103' title="bbox 2295 3913 3812 3989">
    <p class='ocr_par' dir='ltr' id='par_1_103' title="bbox 2295 3913 3812 3989">
     <span class='ocr_line' id='line_1_104' title="bbox 2295 3913 3812 3989; baseline 0.001 -23"><span class='ocrx_word' id='word_1_794' title='bbox 2295 3913 2377 3966; x_wconf 91' lang='lat' dir='ltr'><strong>sui</strong></span> <span class='ocrx_word' id='word_1_795' title='bbox 2407 3913 2838 3968; x_wconf 88' lang='lat' dir='ltr'><strong>consideratione</strong></span> <span class='ocrx_word' id='word_1_796' title='bbox 2861 3915 3068 3985; x_wconf 88' lang='lat' dir='ltr'><strong>judicii,</strong></span> <span class='ocrx_word' id='word_1_797' title='bbox 3097 3926 3155 3972; x_wconf 91' lang='lat' dir='ltr'><strong>ut</strong></span> <span class='ocrx_word' id='word_1_798' title='bbox 3178 3919 3314 3974; x_wconf 83' lang='lat' dir='ltr'><strong>sicut</strong></span> <span class='ocrx_word' id='word_1_799' title='bbox 3345 3936 3439 3989; x_wconf 89' lang='lat' dir='ltr'><strong>per</strong></span> <span class='ocrx_word' id='word_1_800' title='bbox 3475 3919 3696 3976; x_wconf 87' lang='lat' dir='ltr'><strong>eumdem</strong></span> <span class='ocrx_word' id='word_1_801' title='bbox 3720 3929 3812 3985; x_wconf 82' lang='lat' dir='ltr'><strong>pro-</strong></span> 
     </span>
    </p>
   </div>
   <div class='ocr_carea' id='block_1_104' title="bbox 2296 4001 3816 4079">
    <p class='ocr_par' dir='ltr' id='par_1_104' title="bbox 2296 4001 3816 4079">
     <span class='ocr_line' id='line_1_105' title="bbox 2296 4001 3816 4079; baseline -0.001 -23"><span class='ocrx_word' id='word_1_802' title='bbox 2296 4001 2507 4073; x_wconf 89' lang='lat' dir='ltr'><strong>phetam</strong></span> <span class='ocrx_word' id='word_1_803' title='bbox 2529 4003 2764 4070; x_wconf 79' lang='lat' dir='ltr'><strong>dixerat,</strong></span> <span class='ocrx_word' id='word_1_804' title='bbox 2801 4005 3048 4072; x_wconf 84' lang='lat' dir='ltr'><strong>Quiescite</strong></span> <span class='ocrx_word' id='word_1_805' title='bbox 3083 4025 3232 4079; x_wconf 84' lang='lat' dir='ltr'><strong>agere</strong></span> <span class='ocrx_word' id='word_1_806' title='bbox 3261 4026 3486 4079; x_wconf 81' lang='lat' dir='ltr'><strong>perverse</strong></span> <span class='ocrx_word' id='word_1_807' title='bbox 3506 4053 3521 4078; x_wconf 92' lang='lat'><strong>,</strong></span> <span class='ocrx_word' id='word_1_808' title='bbox 3550 4011 3705 4063; x_wconf 79' lang='lat' dir='ltr'><strong>discite</strong></span> <span class='ocrx_word' id='word_1_809' title='bbox 3725 4007 3816 4058; x_wconf 75' lang='lat' dir='ltr'><strong>bene</strong></span> 
     </span>
    </p>
   </div>
   <div class='ocr_carea' id='block_1_105' title="bbox 2295 4094 3813 4172">
    <p class='ocr_par' dir='ltr' id='par_1_105' title="bbox 2295 4094 3813 4172">
     <span class='ocr_line' id='line_1_106' title="bbox 2295 4094 3813 4172; baseline 0 -24"><span class='ocrx_word' id='word_1_810' title='bbox 2295 4096 2463 4164; x_wconf 79' lang='lat' dir='ltr'><strong>facere</strong></span> <span class='ocrx_word' id='word_1_811' title='bbox 2479 4138 2493 4161; x_wconf 94' lang='lat'><strong>,</strong></span> <span class='ocrx_word' id='word_1_812' title='bbox 2517 4095 2772 4150; x_wconf 81' lang='lat' dir='ltr'><strong>subvenite</strong></span> <span class='ocrx_word' id='word_1_813' title='bbox 2809 4113 3085 4167; x_wconf 83' lang='lat' dir='ltr'><strong>oppresso;</strong></span> <span class='ocrx_word' id='word_1_814' title='bbox 3121 4109 3168 4152; x_wconf 90' lang='lat' dir='ltr'><strong>et</strong></span> <span class='ocrx_word' id='word_1_815' title='bbox 3187 4101 3346 4155; x_wconf 79' lang='lat' dir='ltr'><strong>venite</strong></span> <span class='ocrx_word' id='word_1_816' title='bbox 3366 4143 3379 4166; x_wconf 94' lang='lat'><strong>,</strong></span> <span class='ocrx_word' id='word_1_817' title='bbox 3406 4102 3593 4172; x_wconf 86' lang='lat' dir='ltr'><strong>arguite</strong></span> <span class='ocrx_word' id='word_1_818' title='bbox 3609 4115 3704 4163; x_wconf 87' lang='lat' dir='ltr'><strong>me,</strong></span> <span class='ocrx_word' id='word_1_819' title='bbox 3724 4094 3813 4148; x_wconf 82' lang='lat' dir='ltr'><strong>dicit</strong></span> 
     </span>
    </p>
   </div>
   <div class='ocr_carea' id='block_1_106' title="bbox 2296 4183 3814 4259">
    <p class='ocr_par' dir='ltr' id='par_1_106' title="bbox 2296 4183 3814 4259">
     <span class='ocr_line' id='line_1_107' title="bbox 2296 4183 3814 4259; baseline 0.002 -23"><span class='ocrx_word' id='word_1_820' title='bbox 2296 4183 2543 4239; x_wconf 85' lang='lat' dir='ltr'><strong>Dominus</strong></span> <span class='ocrx_word' id='word_1_821' title='bbox 2563 4183 2718 4255; x_wconf 86' lang='lat' dir='ltr'><strong>(Isai.</strong></span> <span class='ocrx_word' id='word_1_822' title='bbox 2747 4201 2785 4249; x_wconf 79' lang='grc' dir='ltr'><strong>ι,</strong></span> <span class='ocrx_word' id='word_1_823' title='bbox 2819 4187 3004 4258; x_wconf 78' lang='lat' dir='ltr'><strong>Ili-l8)</strong></span> <span class='ocrx_word' id='word_1_824' title='bbox 3039 4205 3052 4240; x_wconf 89' lang='lat'><strong>:</strong></span> <span class='ocrx_word' id='word_1_825' title='bbox 3081 4188 3150 4242; x_wconf 89' lang='lat' dir='ltr'><strong>ita</strong></span> <span class='ocrx_word' id='word_1_826' title='bbox 3179 4189 3338 4243; x_wconf 86' lang='lat' dir='ltr'><strong>etiam</strong></span> <span class='ocrx_word' id='word_1_827' title='bbox 3365 4190 3469 4254; x_wconf 91' lang='lat' dir='ltr'><strong>hic,</strong></span> <span class='ocrx_word' id='word_1_828' title='bbox 3512 4205 3577 4246; x_wconf 91' lang='lat' dir='ltr'><strong>ne</strong></span> <span class='ocrx_word' id='word_1_829' title='bbox 3619 4186 3723 4259; x_wconf 86' lang='lat' dir='ltr'><strong>quid</strong></span> <span class='ocrx_word' id='word_1_830' title='bbox 3745 4198 3814 4254; x_wconf 83' lang='lat' dir='ltr'><strong>po-</strong></span> 
     </span>
    </p>
   </div>
   <div class='ocr_carea' id='block_1_107' title="bbox 2299 4284 3812 4353">
    <p class='ocr_par' dir='ltr' id='par_1_107' title="bbox 2299 4284 3812 4353">
     <span class='ocr_line' id='line_1_108' title="bbox 2299 4284 3812 4353; baseline -0.005 -14"><span class='ocrx_word' id='word_1_831' title='bbox 2299 4293 2491 4339; x_wconf 88' lang='lat' dir='ltr'><strong>testate</strong></span> <span class='ocrx_word' id='word_1_832' title='bbox 2519 4285 2650 4347; x_wconf 89' lang='lat' dir='ltr'><strong>sola,</strong></span> <span class='ocrx_word' id='word_1_833' title='bbox 2681 4300 2784 4339; x_wconf 91' lang='lat' dir='ltr'><strong>non</strong></span> <span class='ocrx_word' id='word_1_834' title='bbox 2810 4284 3012 4353; x_wconf 90' lang='lat' dir='ltr'><strong>justitia</strong></span> <span class='ocrx_word' id='word_1_835' title='bbox 3043 4284 3315 4340; x_wconf 81' lang='lat' dir='ltr'><strong>videretur</strong></span> <span class='ocrx_word' id='word_1_836' title='bbox 3340 4287 3559 4351; x_wconf 90' lang='lat' dir='ltr'><strong>fecisse,</strong></span> <span class='ocrx_word' id='word_1_837' title='bbox 3587 4285 3812 4353; x_wconf 85' lang='lat' dir='ltr'><strong>dispensa-</strong></span> 
     </span>
    </p>
   </div>
   <div class='ocr_carea' id='block_1_108' title="bbox 2295 4373 3814 4447">
    <p class='ocr_par' dir='ltr' id='par_1_108' title="bbox 2295 4373 3814 4447">
     <span class='ocr_line' id='line_1_109' title="bbox 2295 4373 3814 4447; baseline -0.003 -17"><span class='ocrx_word' id='word_1_838' title='bbox 2295 4378 2497 4431; x_wconf 89' lang='lat' dir='ltr'><strong>tionum</strong></span> <span class='ocrx_word' id='word_1_839' title='bbox 2527 4392 2740 4430; x_wconf 90' lang='lat' dir='ltr'><strong>suarum</strong></span> <span class='ocrx_word' id='word_1_840' title='bbox 2777 4377 3024 4447; x_wconf 84' lang='lat' dir='ltr'><strong>dignatur</strong></span> <span class='ocrx_word' id='word_1_841' title='bbox 3065 4378 3274 4447; x_wconf 88' lang='lat' dir='ltr'><strong>aperire</strong></span> <span class='ocrx_word' id='word_1_842' title='bbox 3321 4380 3597 4434; x_wconf 87' lang='lat' dir='ltr'><strong>rationem.</strong></span> <span class='ocrx_word' id='word_1_843' title='bbox 3647 4373 3814 4430; x_wconf 83' lang='lat' dir='ltr'><strong>Alllicto</strong></span> 
     </span>
    </p>
   </div>
   <div class='ocr_carea' id='block_1_109' title="bbox 2293 4462 3810 4540">
    <p class='ocr_par' dir='ltr' id='par_1_109' title="bbox 2293 4462 3810 4540">
     <span class='ocr_line' id='line_1_110' title="bbox 2293 4462 3810 4540; baseline -0.006 -18"><span class='ocrx_word' id='word_1_844' title='bbox 2293 4469 2436 4524; x_wconf 86' lang='lat' dir='ltr'><strong>enim</strong></span> <span class='ocrx_word' id='word_1_845' title='bbox 2485 4469 2536 4522; x_wconf 90' lang='lat' dir='ltr'><strong>in</strong></span> <span class='ocrx_word' id='word_1_846' title='bbox 2562 4469 2864 4538; x_wconf 86' lang='lat' dir='ltr'><strong>captivitate</strong></span> <span class='ocrx_word' id='word_1_847' title='bbox 2894 4470 3090 4540; x_wconf 89' lang='lat' dir='ltr'><strong>populo</strong></span> <span class='ocrx_word' id='word_1_848' title='bbox 3131 4470 3434 4525; x_wconf 70' lang='lat' dir='ltr'><strong>Judmorum</strong></span> <span class='ocrx_word' id='word_1_849' title='bbox 3480 4462 3810 4538; x_wconf 80' lang='lat' dir='ltr'><strong>redemptionis</strong></span> 
     </span>
    </p>
   </div>
   <div class='ocr_carea' id='block_1_110' title="bbox 2293 4561 3814 4632">
    <p class='ocr_par' dir='ltr' id='par_1_110' title="bbox 2293 4561 3814 4632">
     <span class='ocr_line' id='line_1_111' title="bbox 2293 4561 3814 4632; baseline -0.005 -17"><span class='ocrx_word' id='word_1_850' title='bbox 2293 4561 2610 4630; x_wconf 78' lang='lat' dir='ltr'><strong>appropiarc</strong></span> <span class='ocrx_word' id='word_1_851' title='bbox 2635 4571 2864 4630; x_wconf 88' lang='lat' dir='ltr'><strong>tempus,</strong></span> <span class='ocrx_word' id='word_1_852' title='bbox 2897 4576 3002 4632; x_wconf 92' lang='lat' dir='ltr'><strong>quo</strong></span> <span class='ocrx_word' id='word_1_853' title='bbox 3028 4561 3094 4616; x_wconf 89' lang='lat' dir='ltr'><strong>ad</strong></span> <span class='ocrx_word' id='word_1_854' title='bbox 3126 4571 3320 4616; x_wconf 90' lang='lat' dir='ltr'><strong>terram</strong></span> <span class='ocrx_word' id='word_1_855' title='bbox 3348 4578 3498 4617; x_wconf 84' lang='lat' dir='ltr'><strong>suam</strong></span> <span class='ocrx_word' id='word_1_856' title='bbox 3538 4569 3814 4617; x_wconf 85' lang='lat' dir='ltr'><strong>reverteren-</strong></span> 
     </span>
    </p>
   </div>
   <div class='ocr_carea' id='block_1_111' title="bbox 2295 4653 3812 4723">
    <p class='ocr_par' dir='ltr' id='par_1_111' title="bbox 2295 4653 3812 4723">
     <span class='ocr_line' id='line_1_112' title="bbox 2295 4653 3812 4723; baseline -0.004 -14"><span class='ocrx_word' id='word_1_857' title='bbox 2295 4653 2788 4720; x_wconf 85' lang='lat' dir='ltr'><strong>tur,annuntiat;et</strong></span> <span class='ocrx_word' id='word_1_858' title='bbox 2817 4667 3028 4707; x_wconf 87' lang='lat' dir='ltr'><strong>causam</strong></span> <span class='ocrx_word' id='word_1_859' title='bbox 3064 4653 3146 4708; x_wconf 90' lang='lat' dir='ltr'><strong>vel</strong></span> <span class='ocrx_word' id='word_1_860' title='bbox 3174 4654 3582 4723; x_wconf 80' lang='lat' dir='ltr'><strong>pra-cedentium</strong></span> <span class='ocrx_word' id='word_1_861' title='bbox 3604 4657 3812 4716; x_wconf 74' lang='lat' dir='ltr'><strong>augurum</strong></span> 
     </span>
    </p>
   </div>
   <div class='ocr_carea' id='block_1_112' title="bbox 2293 4735 3811 4814">
    <p class='ocr_par' dir='ltr' id='par_1_112' title="bbox 2293 4735 3811 4814">
     <span class='ocr_line' id='line_1_113' title="bbox 2293 4735 3811 4814; baseline -0.004 -14"><span class='ocrx_word' id='word_1_862' title='bbox 2293 4753 2530 4810; x_wconf 87' lang='lat' dir='ltr'><strong>reserat,</strong></span> <span class='ocrx_word' id='word_1_863' title='bbox 2559 4743 2642 4798; x_wconf 89' lang='lat' dir='ltr'><strong>vel</strong></span> <span class='ocrx_word' id='word_1_864' title='bbox 2673 4743 2979 4797; x_wconf 89' lang='lat' dir='ltr'><strong>instantium</strong></span> <span class='ocrx_word' id='word_1_865' title='bbox 3009 4743 3341 4814; x_wconf 82' lang='lat' dir='ltr'><strong>gaudiorum.</strong></span> <span class='ocrx_word' id='word_1_866' title='bbox 3369 4743 3626 4813; x_wconf 76' lang='lat' dir='ltr'><strong>Epulelur,</strong></span> <span class='ocrx_word' id='word_1_867' title='bbox 3655 4735 3811 4805; x_wconf 69' lang='lat' dir='ltr'><strong>inquii.</strong></span> 
     </span>
    </p>
   </div>
   <div class='ocr_carea' id='block_1_113' title="bbox 2292 4830 3814 4908">
    <p class='ocr_par' dir='ltr' id='par_1_113' title="bbox 2292 4830 3814 4908">
     <span class='ocr_line' id='line_1_114' title="bbox 2292 4830 3814 4908; baseline -0.008 -23"><span class='ocrx_word' id='word_1_868' title='bbox 2292 4835 2474 4886; x_wconf 67' lang='lat' dir='ltr'><strong>caelum</strong></span> <span class='ocrx_word' id='word_1_869' title='bbox 2510 4831 2743 4908; x_wconf 84' lang='lat' dir='ltr'><strong>desuper,</strong></span> <span class='ocrx_word' id='word_1_870' title='bbox 2777 4843 2824 4886; x_wconf 86' lang='lat' dir='ltr'><strong>et</strong></span> <span class='ocrx_word' id='word_1_871' title='bbox 2848 4832 3002 4886; x_wconf 82' lang='lat' dir='ltr'><strong>nubes</strong></span> <span class='ocrx_word' id='word_1_872' title='bbox 3027 4842 3269 4902; x_wconf 83' lang='lat' dir='ltr'><strong>spargant</strong></span> <span class='ocrx_word' id='word_1_873' title='bbox 3283 4833 3572 4904; x_wconf 80' lang='lat' dir='ltr'><strong>justitiam;</strong></span> <span class='ocrx_word' id='word_1_874' title='bbox 3591 4830 3814 4883; x_wconf 58' lang='lat' dir='ltr'><strong>oriaturet</strong></span> 
     </span>
    </p>
   </div>
   <div class='ocr_carea' id='block_1_114' title="bbox 2293 4919 3813 4994">
    <p class='ocr_par' dir='ltr' id='par_1_114' title="bbox 2293 4919 3813 4994">
     <span class='ocr_line' id='line_1_115' title="bbox 2293 4919 3813 4994; baseline -0.004 -16"><span class='ocrx_word' id='word_1_875' title='bbox 2293 4935 2426 4978; x_wconf 82' lang='lat' dir='ltr'><strong>terra</strong></span> <span class='ocrx_word' id='word_1_876' title='bbox 2459 4924 2821 4989; x_wconf 85' lang='lat' dir='ltr'><strong>misericordia,</strong></span> <span class='ocrx_word' id='word_1_877' title='bbox 2852 4933 2896 4978; x_wconf 92' lang='lat' dir='ltr'><strong>et</strong></span> <span class='ocrx_word' id='word_1_878' title='bbox 2933 4923 3135 4994; x_wconf 84' lang='lat' dir='ltr'><strong>justitia</strong></span> <span class='ocrx_word' id='word_1_879' title='bbox 3163 4925 3358 4977; x_wconf 88' lang='lat' dir='ltr'><strong>oriatur</strong></span> <span class='ocrx_word' id='word_1_880' title='bbox 3380 4923 3548 4977; x_wconf 88' lang='lat' dir='ltr'><strong>simul.</strong></span> <span class='ocrx_word' id='word_1_881' title='bbox 3594 4919 3691 4990; x_wconf 82' lang='lat' dir='ltr'><strong>Ego</strong></span> <span class='ocrx_word' id='word_1_882' title='bbox 3730 4927 3813 4966; x_wconf 62' lang='lat' dir='ltr'><strong>ﬁt&quot;!</strong></span> 
     </span>
    </p>
   </div>
   <div class='ocr_carea' id='block_1_115' title="bbox 2293 5013 3812 5086">
    <p class='ocr_par' dir='ltr' id='par_1_115' title="bbox 2293 5013 3812 5086">
     <span class='ocr_line' id='line_1_116' title="bbox 2293 5013 3812 5086; baseline 0.003 -20"><span class='ocrx_word' id='word_1_883' title='bbox 2293 5013 2542 5067; x_wconf 86' lang='lat' dir='ltr'><strong>Dominus</strong></span> <span class='ocrx_word' id='word_1_884' title='bbox 2569 5013 2702 5068; x_wconf 88' lang='lat' dir='ltr'><strong>Deus</strong></span> <span class='ocrx_word' id='word_1_885' title='bbox 2730 5014 2817 5084; x_wconf 89' lang='lat' dir='ltr'><strong>qui</strong></span> <span class='ocrx_word' id='word_1_886' title='bbox 2835 5014 2999 5066; x_wconf 72' lang='grc' dir='ltr'><strong>σηιαυί</strong></span> <span class='ocrx_word' id='word_1_887' title='bbox 3019 5023 3067 5067; x_wconf 90' lang='lat' dir='ltr'><strong>te</strong></span> <span class='ocrx_word' id='word_1_888' title='bbox 3089 5054 3104 5078; x_wconf 95' lang='lat'><strong>,</strong></span> <span class='ocrx_word' id='word_1_889' title='bbox 3128 5013 3318 5086; x_wconf 66' lang='lat' dir='ltr'><strong>faciens</strong></span> <span class='ocrx_word' id='word_1_890' title='bbox 3340 5013 3589 5066; x_wconf 85' lang='lat' dir='ltr'><strong>meliorem</strong></span> <span class='ocrx_word' id='word_1_891' title='bbox 3607 5051 3620 5072; x_wconf 90' lang='lat'><strong>,</strong></span> <span class='ocrx_word' id='word_1_892' title='bbox 3650 5017 3812 5076; x_wconf 71' lang='grc' dir='ltr'><strong>ριἀΨα·</strong></span> 
     </span>
    </p>
   </div>
   <div class='ocr_carea' id='block_1_116' title="bbox 2291 5097 3814 5176">
    <p class='ocr_par' dir='ltr' id='par_1_116' title="bbox 2291 5097 3814 5176">
     <span class='ocr_line' id='line_1_117' title="bbox 2291 5097 3814 5176; baseline -0.011 -17"><span class='ocrx_word' id='word_1_893' title='bbox 2291 5106 2399 5159; x_wconf 73' lang='lat' dir='ltr'><strong>rari</strong></span> <span class='ocrx_word' id='word_1_894' title='bbox 2429 5117 2476 5160; x_wconf 86' lang='lat' dir='ltr'><strong>te</strong></span> <span class='ocrx_word' id='word_1_895' title='bbox 2499 5105 2626 5158; x_wconf 87' lang='lat' dir='ltr'><strong>sicut</strong></span> <span class='ocrx_word' id='word_1_896' title='bbox 2656 5105 2818 5158; x_wconf 86' lang='lat' dir='ltr'><strong>lutum</strong></span> <span class='ocrx_word' id='word_1_897' title='bbox 2839 5104 3002 5176; x_wconf 79' lang='lat' dir='ltr'><strong>ﬁguli.</strong></span> <span class='ocrx_word' id='word_1_898' title='bbox 3029 5102 3291 5174; x_wconf 85' lang='lat' dir='ltr'><strong>Numquid</strong></span> <span class='ocrx_word' id='word_1_899' title='bbox 3313 5105 3399 5176; x_wconf 86' lang='lat' dir='ltr'><strong>qui</strong></span> <span class='ocrx_word' id='word_1_900' title='bbox 3423 5111 3551 5169; x_wconf 89' lang='lat' dir='ltr'><strong>arat,</strong></span> <span class='ocrx_word' id='word_1_901' title='bbox 3579 5097 3722 5153; x_wconf 84' lang='lat' dir='ltr'><strong>arabit</strong></span> <span class='ocrx_word' id='word_1_902' title='bbox 3739 5104 3814 5144; x_wconf 80' lang='lat' dir='ltr'><strong>trr-</strong></span> 
     </span>
    </p>
   </div>
   <div class='ocr_carea' id='block_1_117' title="bbox 2289 5183 3810 5266">
    <p class='ocr_par' dir='ltr' id='par_1_117' title="bbox 2289 5183 3810 5266">
     <span class='ocr_line' id='line_1_118' title="bbox 2289 5183 3810 5266; baseline -0.006 -16"><span class='ocrx_word' id='word_1_903' title='bbox 2289 5213 2400 5250; x_wconf 84' lang='lat' dir='ltr'><strong>ram</strong></span> <span class='ocrx_word' id='word_1_904' title='bbox 2429 5212 2520 5266; x_wconf 83' lang='lat' dir='ltr'><strong>per</strong></span> <span class='ocrx_word' id='word_1_905' title='bbox 2542 5211 2740 5248; x_wconf 86' lang='lat' dir='ltr'><strong>onmem</strong></span> <span class='ocrx_word' id='word_1_906' title='bbox 2771 5195 2903 5248; x_wconf 88' lang='lat' dir='ltr'><strong>diem</strong></span> <span class='ocrx_word' id='word_1_907' title='bbox 2932 5195 2958 5248; x_wconf 79' lang='lat'><strong><em>?</em></strong></span> <span class='ocrx_word' id='word_1_908' title='bbox 2998 5192 3263 5263; x_wconf 86' lang='lat' dir='ltr'><strong>Numquid</strong></span> <span class='ocrx_word' id='word_1_909' title='bbox 3283 5194 3404 5246; x_wconf 86' lang='lat' dir='ltr'><strong>dicit</strong></span> <span class='ocrx_word' id='word_1_910' title='bbox 3456 5193 3612 5246; x_wconf 82' lang='lat' dir='ltr'><strong>lutum</strong></span> <span class='ocrx_word' id='word_1_911' title='bbox 3653 5183 3810 5266; x_wconf 59' lang='grc' dir='ltr'><strong>ΙῖθιιΙοτ</strong></span> 
     </span>
    </p>
   </div>
   <div class='ocr_carea' id='block_1_118' title="bbox 2293 5265 3810 5359">
    <p class='ocr_par' dir='ltr' id='par_1_118' title="bbox 2293 5265 3810 5359">
     <span class='ocr_line' id='line_1_119' title="bbox 2293 5265 3810 5359; baseline -0.013 -16"><span class='ocrx_word' id='word_1_912' title='bbox 2293 5265 2604 5359; x_wconf 74' lang='lat' dir='ltr'><strong>Quidfacis,</strong></span> <span class='ocrx_word' id='word_1_913' title='bbox 2633 5287 2751 5357; x_wconf 90' lang='lat' dir='ltr'><strong>quia</strong></span> <span class='ocrx_word' id='word_1_914' title='bbox 2789 5303 2888 5340; x_wconf 87' lang='lat' dir='ltr'><strong>non</strong></span> <span class='ocrx_word' id='word_1_915' title='bbox 2933 5286 3177 5357; x_wconf 66' lang='lat' dir='ltr'><strong>aperui-is,</strong></span> <span class='ocrx_word' id='word_1_916' title='bbox 3203 5287 3322 5356; x_wconf 84' lang='lat' dir='ltr'><strong>quia</strong></span> <span class='ocrx_word' id='word_1_917' title='bbox 3347 5300 3444 5338; x_wconf 86' lang='lat' dir='ltr'><strong>non</strong></span> <span class='ocrx_word' id='word_1_918' title='bbox 3464 5282 3606 5336; x_wconf 74' lang='lat' dir='ltr'><strong>habes</strong></span> <span class='ocrx_word' id='word_1_919' title='bbox 3630 5265 3810 5331; x_wconf 68' lang='lat' dir='ltr'><strong>melius?</strong></span> 
     </span>
    </p>
   </div>
   <div class='ocr_carea' id='block_1_119' title="bbox 2353 5394 3658 5469">
    <p class='ocr_par' dir='ltr' id='par_1_119' title="bbox 2353 5394 3658 5469">
     <span class='ocr_line' id='line_1_120' title="bbox 2353 5394 3658 5469; baseline -0.001 -23"><span class='ocrx_word' id='word_1_920' title='bbox 2353 5400 2370 5469; x_wconf 64' lang='grc' dir='ltr'><strong>ξ</strong></span> <span class='ocrx_word' id='word_1_921' title='bbox 2397 5406 2508 5469; x_wconf 49' lang='lat' dir='ltr'><strong>mss,</strong></span> <span class='ocrx_word' id='word_1_922' title='bbox 2537 5398 2657 5447; x_wconf 86' lang='lat' dir='ltr'><strong>Clar.</strong></span> <span class='ocrx_word' id='word_1_923' title='bbox 2685 5394 3142 5469; x_wconf 39' lang='lat' dir='ltr'><strong>eruat-“liberatis.</strong></span> <span class='ocrx_word' id='word_1_924' title='bbox 3257 5464 3268 5469; x_wconf 28' lang='grc' dir='ltr'><strong>Α</strong></span> <span class='ocrx_word' id='word_1_925' title='bbox 3297 5457 3309 5469; x_wconf 37' lang='grc'><strong>⁸</strong></span> 
     </span>
    </p>
   </div>
   <div class='ocr_carea' id='block_1_120' title="bbox 2349 5457 3700 5518">
    <p class='ocr_par' dir='ltr' id='par_1_120' title="bbox 2349 5457 3700 5518">
     <span class='ocr_line' id='line_1_121' title="bbox 2349 5457 3700 5518; baseline -0.003 -11"><span class='ocrx_word' id='word_1_926' title='bbox 2349 5461 2370 5491; x_wconf 73' lang='grc'><em>³</em></span> <span class='ocrx_word' id='word_1_927' title='bbox 2394 5460 2508 5510; x_wconf 75' lang='lat' dir='ltr'><strong>Editi</strong></span> <span class='ocrx_word' id='word_1_928' title='bbox 2532 5468 2776 5517; x_wconf 77' lang='lat' dir='ltr'><strong>omittunt,</strong></span> <span class='ocrx_word' id='word_1_929' title='bbox 2799 5459 2842 5509; x_wconf 81' lang='lat' dir='ltr'><strong>is</strong></span> <span class='ocrx_word' id='word_1_930' title='bbox 2861 5473 2891 5507; x_wconf 87' lang='grc' dir='ltr'><em>α</em></span> <span class='ocrx_word' id='word_1_931' title='bbox 2911 5472 2928 5518; x_wconf 89' lang='grc'><strong><em>;</em></strong></span> <span class='ocrx_word' id='word_1_932' title='bbox 2951 5460 3144 5508; x_wconf 82' lang='lat' dir='ltr'><strong>tantetsi</strong></span> <span class='ocrx_word' id='word_1_933' title='bbox 3169 5464 3274 5506; x_wconf 87' lang='lat' dir='ltr'><strong>erat</strong></span> <span class='ocrx_word' id='word_1_934' title='bbox 3297 5457 3344 5506; x_wconf 87' lang='lat' dir='ltr'><strong>in</strong></span> <span class='ocrx_word' id='word_1_935' title='bbox 3367 5457 3700 5514; x_wconf 74' lang='lat' dir='ltr'><strong>mouscriptis-</strong></span> 
     </span>
    </p>
   </div>
   <div class='ocr_carea' id='block_1_121' title="bbox 2350 5522 3609 5589">
    <p class='ocr_par' dir='ltr' id='par_1_121' title="bbox 2350 5522 3609 5589">
     <span class='ocr_line' id='line_1_122' title="bbox 2350 5522 3609 5589; baseline -0.005 -19"><span class='ocrx_word' id='word_1_936' title='bbox 2350 5523 2371 5589; x_wconf 57' lang='grc' dir='ltr'><em>ξ</em></span> <span class='ocrx_word' id='word_1_937' title='bbox 2396 5522 2533 5579; x_wconf 74' lang='lat' dir='ltr'><strong>tiditi,</strong></span> <span class='ocrx_word' id='word_1_938' title='bbox 2557 5526 2950 5589; x_wconf 63' lang='lat' dir='ltr'><strong>perseveratum}.</strong></span> <span class='ocrx_word' id='word_1_939' title='bbox 2977 5523 3490 5589; x_wconf 60' lang='lat' dir='ltr'><strong>9:53.,pcrseneranter.</strong></span> <span class='ocrx_word' id='word_1_940' title='bbox 3528 5573 3609 5589; x_wconf 42' lang='grc' dir='ltr'><strong>,ηε</strong></span> 
     </span>
    </p>
   </div>
   <div class='ocr_carea' id='block_1_122' title="bbox 2349 5573 3813 5650">
    <p class='ocr_par' dir='ltr' id='par_1_122' title="bbox 2349 5573 3813 5650">
     <span class='ocr_line' id='line_1_123' title="bbox 2349 5573 3813 5650; baseline -0.003 -20"><span class='ocrx_word' id='word_1_941' title='bbox 2349 5583 2372 5615; x_wconf 69' lang='grc'><strong>⁸</strong></span> <span class='ocrx_word' id='word_1_942' title='bbox 2395 5573 2621 5650; x_wconf 35' lang='lat' dir='ltr'><strong>eleuarit”</strong></span> <span class='ocrx_word' id='word_1_943' title='bbox 2649 5580 3051 5650; x_wconf 75' lang='lat' dir='ltr'><strong>contrafulptina</strong></span> <span class='ocrx_word' id='word_1_944' title='bbox 3089 5573 3374 5650; x_wconf 45' lang='lat' dir='ltr'><strong>mutationis.</strong></span> <span class='ocrx_word' id='word_1_945' title='bbox 3409 5573 3813 5650; x_wconf 36' lang='lat' dir='ltr'><strong>vignierittslitfm‘</strong></span> 
     </span>
    </p>
   </div>
   <div class='ocr_carea' id='block_1_123' title="bbox 2287 5638 3740 5717">
    <p class='ocr_par' dir='ltr' id='par_1_123' title="bbox 2287 5638 3740 5717">
     <span class='ocr_line' id='line_1_124' title="bbox 2287 5638 3740 5717; baseline -0.001 -23"><span class='ocrx_word' id='word_1_946' title='bbox 2287 5649 2369 5717; x_wconf 88' lang='lat' dir='ltr'><strong>tra_</strong></span> <span class='ocrx_word' id='word_1_947' title='bbox 2383 5644 2584 5717; x_wconf 70' lang='lat' dir='ltr'><strong>fulmina</strong></span> <span class='ocrx_word' id='word_1_948' title='bbox 2605 5638 2736 5717; x_wconf 78' lang='lat' dir='ltr'><strong>tanta</strong></span> <span class='ocrx_word' id='word_1_949' title='bbox 2751 5638 2969 5717; x_wconf 69' lang='lat' dir='ltr'><strong>rationis.</strong></span> <span class='ocrx_word' id='word_1_950' title='bbox 2997 5643 3172 5717; x_wconf 66' lang='lat' dir='ltr'><strong>Abest,</strong></span> <span class='ocrx_word' id='word_1_951' title='bbox 3197 5647 3342 5717; x_wconf 80' lang='lat' dir='ltr'><strong>tanta,</strong></span> <span class='ocrx_word' id='word_1_952' title='bbox 3366 5651 3394 5687; x_wconf 86' lang='lat' dir='ltr'><strong>a</strong></span> <span class='ocrx_word' id='word_1_953' title='bbox 3416 5638 3740 5717; x_wconf 53' lang='grc' dir='ltr'><strong>[ιξξιξξξξξὶιέυδο</strong></span> 
     </span>
    </p>
   </div>
   <div class='ocr_carea' id='block_1_124' title="bbox 2348 5697 3632 5816">
    <p class='ocr_par' dir='ltr' id='par_1_124' title="bbox 2348 5697 3632 5816">
     <span class='ocr_line' id='line_1_125' title="bbox 2350 5697 3632 5762; baseline -0.008 -8"><span class='ocrx_word' id='word_1_954' title='bbox 2350 5697 2467 5755; x_wconf 44' lang='lat' dir='ltr'><strong>“Istc</strong></span> <span class='ocrx_word' id='word_1_955' title='bbox 2487 5713 2593 5754; x_wconf 72' lang='lat' dir='ltr'><strong>Mss.</strong></span> <span class='ocrx_word' id='word_1_956' title='bbox 2629 5713 2651 5752; x_wconf 84' lang='lat'><strong><em>\</em></strong></span> <span class='ocrx_word' id='word_1_957' title='bbox 2667 5705 2901 5753; x_wconf 75' lang='lat' dir='ltr'><strong>l&quot;llit&#39;!l‘lIIS</strong></span> <span class='ocrx_word' id='word_1_958' title='bbox 2924 5716 3067 5762; x_wconf 86' lang='lat' dir='ltr'><strong>vero,</strong></span> <span class='ocrx_word' id='word_1_959' title='bbox 3091 5697 3264 5753; x_wconf 84' lang='lat' dir='ltr'><strong>natura</strong></span> <span class='ocrx_word' id='word_1_960' title='bbox 3285 5697 3371 5753; x_wconf 76' lang='lat' dir='ltr'><strong>sua</strong></span> <span class='ocrx_word' id='word_1_961' title='bbox 3409 5697 3632 5750; x_wconf 62' lang='lat' dir='ltr'><strong>circuire.</strong></span> 
     </span>
     <span class='ocr_line' id='line_1_126' title="bbox 2348 5741 3034 5816; baseline -0.003 -1"><span class='ocrx_word' id='word_1_962' title='bbox 2348 5768 2371 5797; x_wconf 80' lang='grc'>⁸</span> <span class='ocrx_word' id='word_1_963' title='bbox 2396 5769 2476 5816; x_wconf 83' lang='lat' dir='ltr'><strong>ltic</strong></span> <span class='ocrx_word' id='word_1_964' title='bbox 2503 5767 2617 5816; x_wconf 82' lang='lat' dir='ltr'><strong>editi</strong></span> <span class='ocrx_word' id='word_1_965' title='bbox 2642 5741 2838 5816; x_wconf 60' lang='lat' dir='ltr'><strong>addam.</strong></span> <span class='ocrx_word' id='word_1_966' title='bbox 2858 5764 3034 5814; x_wconf 83' lang='lat' dir='ltr'><strong>dicitis.</strong></span> 
     </span>
    </p>
   </div>
   <div class='ocr_carea' id='block_1_125' title="bbox 2396 5775 3034 5818">
    <p class='ocr_par' dir='ltr' id='par_1_125' title="bbox 2396 5775 3034 5818">
     <span class='ocr_line' id='line_1_127' title="bbox 2396 5775 3034 5818; baseline -0.002 -3"><span class='ocrx_word' id='word_1_967' title='bbox 2396 5775 2476 5816; x_wconf 80' lang='lat' dir='ltr'><strong>HlC</strong></span> <span class='ocrx_word' id='word_1_968' title='bbox 2503 5775 2617 5816; x_wconf 73' lang='grc' dir='ltr'><strong>υ(ἳίιί</strong></span> <span class='ocrx_word' id='word_1_969' title='bbox 2642 5775 2838 5818; x_wconf 75' lang='lat' dir='ltr'><strong>addunt.</strong></span> <span class='ocrx_word' id='word_1_970' title='bbox 2858 5775 3034 5814; x_wconf 73' lang='lat' dir='ltr'><strong>atatis.</strong></span> 
     </span>
    </p>
   </div>
  </div>
