4118 6530
393 440 524 495 1157

393 554 654 624 Numquid
679 551 800 606 dicit
826 553 1118 623 ﬁgmentum
1145 547 1191 603 ei
1217 547 1303 618 qui
1322 563 1377 601 se
1398 546 1566 616 ﬁnxit,
1602 545 1870 613 Sapienter
1893 559 1972 597 me

391 649 582 716 [inristi
603 646 631 700 3
653 645 728 699 uel
764 644 850 714 qui
879 642 997 695 dicit
1022 639 1177 710 patri,
1211 639 1348 704 Quid
1385 637 1644 709 generabis
1662 637 1685 689 .’
1706 645 1755 690 et
1783 635 1932 689 matri
1953 673 1968 697 ,

393 737 531 806 Quid
572 735 819 807 parturies
845 734 870 788 .9
898 731 1030 799 Quia
1051 731 1125 785 sic
1163 729 1283 783 dicit
1330 727 1577 782 Dominus
1623 726 1762 781 Deus
1805 725 1972 779 Israel

389 840 593 882 sanctus
616 825 704 897 qui
725 825 841 896 fecit
862 821 1035 892 futura
1055 837 1074 875 :
1097 819 1416 892 Interrogate
1437 835 1514 874 me
1528 835 1618 890 pro
1647 818 1768 888 [iliis
1793 817 1915 870 meis
1926 826 1972 869 et

391 920 614 988 filiabus,
641 926 688 972 et
707 931 799 986 pro
816 913 1049 986 operibus
1068 929 1310 966 manuum
1326 927 1552 964 mearum
1571 908 1805 962 mandate
1825 908 1968 961 milii.

383 993 505 1081 Ἐῃο
533 1010 630 1082 feci
653 1019 841 1064 terram
866 1016 911 1061 et
955 1007 1210 1061 hominem
1221 1021 1382 1074 super
1410 1019 1545 1068 eam;
1569 1020 1660 1074 ego
1684 1019 1837 1056 manu
1861 1018 1972 1056 mea

391 1101 588 1169 ﬁrmavi
607 1101 828 1163 ctutum;
846 1114 935 1168 ego
965 1096 1192 1151 omnibus
1211 1095 1456 1151 sideribus
1485 1094 1720 1148 mandaui
1744 1108 1773 1170 ε.
1788 1109 1876 1164 ego
1896 1093 1973 1147 le-

389 1192 498 1243 rari
528 1206 642 1243 cum
681 1190 881 1261 justitia
923 1204 1090 1260 regem
1114 1228 1129 1252 ,
1155 1195 1202 1241 et
1230 1203 1400 1240 ontnes
1424 1187 1517 1239 vite
1553 1187 1660 1256 ejus
1685 1193 1863 1246 rectas;
1892 1184 1974 1237 liic

387 1281 659 1350 a'diﬁeabit
683 1282 930 1336 ciuitatem
959 1296 1154 1346 nteant,
1200 1288 1247 1333 et
1271 1279 1608 1350 captivitatem
1656 1275 1834 1348 papuli
1878 1277 1976 1330 inci

389 1374 610 1442 reducet,
629 1389 730 1427 non
750 1372 1114 1443 cum-prannio,
1139 1387 1229 1424 nec
1252 1387 1365 1425 cum
1389 1368 1694 1435 muneribus,
1719 1367 1846 1422 dixit
1870 1365 1977 1451 120-

390 1467 555 1520 minus
581 1465 788 1520 sabaotlt
811 1464 960 1536 (Isai.
986 1479 1117 1530 va,
1144 1463 1316 1534 8-15).

463 1560 599 1612 Anc.
625 1557 681 1612 Si
703 1556 1027 1626 intelligeres
1049 1554 1209 1610 verba
1231 1551 1534 1623 Prophetae,
1559 1551 1882 1620 intelligercs
1904 1549 1974 1605 ibi

393 1662 595 1718 regem,
620 1647 689 1703 de
713 1662 817 1718 quo
837 1647 1037 1702 dictutn
1059 1655 1162 1713 εει,
1199 1645 1306 1718 Ego
1332 1644 1490 1700 levavi
1510 1659 1624 1698 cum
1659 1643 1866 1717 justitia
1904 1659 1979 1697 re-

393 1755 521 1809 gem,
552 1747 599 1793 et
620 1754 792 1793 omnes
815 1738 910 1792 vite
935 1739 1043 1810 ejus
1067 1746 1245 1802 reette,
1273 1741 1413 1791 hunc
1455 1751 1577 1791 esse
1626 1734 1974 1790 mediatorem

396 1832 487 1885 Dei
529 1839 582 1887 et
626 1831 898 1887 hominum
926 1832 1197 1887 hominem
1219 1830 1491 1888 Christum
1516 1830 1697 1886 Jesum
1727 1844 1741 1885 :
1769 1830 1862 1885 sed
1894 1831 1977 1885 iu-

393 1934 408 1974 ι
446 1916 660 1994 lligeres
690 1933 744 1979 ut
785 1923 1158 1994 intelligendus
1203 1934 1306 1979 est.
1333 1922 1516 1993 Neque
1565 1923 1706 1978 enim
1759 1923 1980 1978 audebis

390 2029 514 2067 eum
543 2014 724 2069 dicere
748 2014 1168 2084 prmcedentibus
1191 2028 1412 2084 operum
1441 2013 1647 2068 meritis
1672 2011 1862 2068 Filium
1887 2013 1977 2068 Dei

393 2107 588 2160 factum
625 2107 694 2160 ab
719 2106 874 2161 initio
894 2147 920 2174 ,,
940 2107 992 2162 id
1015 2115 1119 2174 est,
1160 2121 1191 2161 a
1217 2106 1438 2178 virginis
1469 2116 1641 2162 utero.
1687 2105 1801 2174 Qua
1852 2119 1980 2176 ergo

393 2196 560 2262 gratia
589 2196 749 2250 homo
773 2197 860 2252 ille
879 2197 946 2252 ab
968 2197 1116 2251 initio
1147 2196 1313 2252 factus
1329 2205 1411 2252 est
1428 2196 1618 2262 bonus,
1643 2195 1829 2251 eadem
1855 2209 1977 2265 gra-

394 2286 463 2339 tia
495 2286 736 2343 homines
762 2288 851 2358 qui
869 2295 996 2344 sunt
1020 2287 1257 2342 membra
1273 2287 1390 2358 ejus
1416 2303 1482 2342 ex
1508 2287 1664 2342 malis
1682 2286 1812 2340 ﬁunt
1830 2285 1976 2340 boni.

392 2376 528 2442 Quid
575 2378 717 2433 enim
758 2377 949 2433 dicatis
975 2378 1041 2433 de
1068 2376 1281 2434 Christo
1327 2377 1617 2432 secundum
1669 2377 1977 2443 hominem,

394 2482 498 2519 non
527 2466 796 2532 invenitis,
824 2466 876 2522 id
904 2476 1008 2534 est,
1030 2468 1324 2523 secundum
1354 2467 1406 2522 id
1433 2468 1577 2538 quod
1596 2468 1830 2523 Verbum
1854 2483 1980 2523 caro

393 2558 588 2614 factum
612 2569 696 2614 est
715 2576 728 2612 :
750 2558 890 2630 quod
907 2558 998 2615 ille
1015 2559 1105 2629 qui
1137 2559 1276 2614 Deus
1301 2567 1444 2627 erat,
1475 2567 1532 2614 et
1555 2559 1693 2614 Deus
1716 2558 1908 2613 mansit
1928 2567 1981 2614 et

394 2651 554 2707 homo
581 2651 751 2708 factus
773 2663 888 2719 est;
915 2652 1056 2724 quod
1087 2652 1200 2723 ipse
1227 2651 1388 2707 homo
1436 2668 1708 2723 nunquam
1763 2652 1834 2707 ita
1877 2651 1978 2706 fuit

395 2742 591 2811 homo,
622 2753 811 2798 utnon
838 2753 982 2800 esset
1033 2743 1335 2814 unigenitus
1384 2743 1477 2798 Dei
1520 2741 1720 2810 Filius,
1763 2750 1979 2812 propter

394 2834 722 2905 unigenitum
751 2833 1003 2890 Verbum.
1032 2833 1214 2904 Neque
1229 2833 1442 2888 enimut
1458 2833 1560 2888 hoc
1585 2841 1748 2899 esset,
1768 2847 1976 2888 morum

396 2939 614 2978 suorum
644 2923 713 2979 de
738 2925 949 2994 propria
978 2924 1247 2979 voluntate
1263 2924 1587 3002 venientium
1608 2925 1808 2980 meritis
1826 2939 1980 2980 com-

397 3014 600 3082 paravit
621 3032 636 3070 :
657 3013 750 3069 sed
771 3055 789 3079 ,
825 3014 964 3070 sicut
991 3029 1172 3069 verum
1203 3013 1336 3069 dixit
1366 3015 1708 3078 Ambrosius,
1739 3015 1888 3086 quasi
1913 3014 1980 3071 de

389 3102 586 3171 Spiritu
605 3112 756 3158 natus
785 3104 1042 3159 abstnmit
1063 3118 1094 3159 a
1122 3102 1317 3160 delicto
1351 3102 1450 3177 (a).
1485 3103 1739 3174 Alioquin
1771 3119 1970 3160 secuu-

389 3194 518 3249 dum
536 3210 651 3260 vos,
683 3195 831 3250 multi
854 3203 1039 3250 essent
1063 3194 1219 3262 tales,
1242 3194 1286 3249 si
1315 3208 1438 3250 esse
1465 3193 1794 3259 voluissent;
1819 3203 1980 3265 atque

392 3297 450 3341 ut
479 3287 566 3342 ille
596 3286 716 3341 talis
748 3287 763 3318 ¹
798 3287 1010 3342 nonnisi
1053 3301 1190 3342 unus
1227 3295 1403 3353 esset,
1432 3286 1484 3342 in
1513 3293 1776 3356 potestate
1803 3285 1979 3344 homi-

394 3393 520 3433 num
552 3377 685 3444 fuit,
713 3379 803 3448 qui
824 3379 955 3434 tales
979 3393 1100 3434 esse
1127 3378 1452 3435 noluerunt:
1482 3394 1601 3449 qua:
1635 3379 1681 3434 si
1707 3378 1979 3434 attenditis

389 3477 588 3536 quanta
615 3469 888 3538 impietate
912 3469 1179 3535 dicantur,
1209 3469 1293 3524 vel
1323 3469 1478 3524 tacita
1505 3468 1829 3540 cogitatione
1856 3483 1978 3525 cre-

389 3559 617 3623 dantur;
645 3559 783 3614 sicut
809 3559 1096 3629 agnoscitis
1121 3557 1390 3630 Uuigeniti
1421 3569 1662 3615 naturam
1683 3600 1700 3624 ,
1743 3560 1884 3630 quod
1917 3563 1969 3617 in

392 3648 650 3718 principio
668 3658 785 3704 erat
813 3649 1065 3714 Verbum,
1097 3659 1152 3705 et
1181 3647 1418 3704 Verbum
1447 3660 1564 3705 erat
1582 3650 1723 3721 apud
1769 3652 1934 3707 Deum
1956 3693 1973 3720 ,

392 3749 446 3793 ct
472 3739 610 3794 Deus
625 3751 742 3795 erat
758 3739 991 3795 Verbum
1011 3757 1027 3807 ;
1050 3742 1323 3812 agnoscite
1347 3752 1403 3796 et
1426 3742 1828 3812 gratiam,un
1851 3744 1979 3799 Ver-

388 3829 514 3885 bum
539 3845 667 3886 caro
691 3830 888 3888 factum
907 3841 1010 3898 est,
1042 3841 1098 3888 et
1118 3832 1370 3886 habitavit
1396 3832 1447 3887 in
1471 3833 1624 3888 nobis
1645 3832 1823 3904 (Joan.
1851 3849 1889 3899 t,
1921 3835 1974 3902 l,

395 3922 501 3994 l4).
548 3921 640 3978 Ille
697 3922 858 3993 igitur
880 3937 1017 3993 quos
1062 3922 1309 3994 dignatur
1345 3932 1532 3990 vocat,
1559 3935 1615 3978 et
1661 3940 1820 3994 quem
1868 3926 1978 3981 vult

389 4014 695 4086 religiosum
723 4015 847 4070 facit
871 4014 1209 4087 (Aritbrosius,
1234 4015 1322 4070 lib.
1347 4016 1378 4070 7
1409 4016 1462 4070 in
1493 4015 1618 4070 Luc.
1649 4017 1854 4087 tx,58),
1885 4021 1973 4090 qui

387 4106 658 4162 hominem
685 4123 845 4179 quem
875 4108 1061 4175 voluit,
1092 4123 1255 4163 unum
1283 4103 1399 4163 siue
1443 4109 1564 4164 ullis
1595 4110 1840 4190 humana:
1882 4127 1975 4166 v0-

387 4197 604 4254 luntatis
630 4198 1054 4268 praecedentibus
1075 4199 1281 4256 meritis
1311 4198 1659 4255 mediatorem
1686 4201 1778 4256 Dei
1805 4211 1856 4256 et
1880 4201 1975 4258 ho-

387 4291 588 4346 tuinum
621 4292 763 4347 fecit.

453 4381 744 4438 CXXXIX.
770 4381 892 4438 ιω..
922 4381 978 4438 In
1006 4382 1109 4438 hoc
1137 4383 1297 4454 igitur
1323 4383 1441 4439 loco
1463 4383 1549 4440 hic
1567 4397 1778 4452 sensus,
1804 4400 1972 4456 quan-

387 4483 499 4530 tum
526 4483 735 4544 spectat
760 4476 827 4531 ad
858 4476 1156 4540 historiam,
1184 4477 1509 4544 continetur,
1540 4487 1598 4534 ut
1628 4479 1765 4535 Deus
1790 4481 1974 4551 loqua-

389 4575 476 4619 tur
497 4565 564 4620 ad
597 4565 848 4635 populum
881 4583 896 4620 :
925 4566 1059 4640 Quia
1099 4582 1200 4623 nec
1237 4568 1362 4622 odio
1383 4583 1480 4623 vos
1521 4569 1575 4623 in
1615 4571 1971 4640 captivitatem

387 4656 616 4723 tradidi,
645 4671 745 4712 nec
770 4672 912 4711 nunc
933 4639 1201 4713 oblivione
1225 4658 1408 4728 judicii
1445 4659 1512 4714 de
1543 4639 1768 4716 vinculis
1798 4661 1972 4734 Baby-

389 4749 576 4806 lonica:
604 4748 930 4819 captivitatis
966 4749 1175 4814 exemi;
1207 4749 1301 4804 sed
1329 4764 1429 4819 ego
1449 4790 1465 4814 ,
1507 4759 1762 4819 quantum
1793 4752 1846 4806 in
1887 4768 1973 4808 me

385 4851 503 4908 est,
536 4850 749 4912 paratus
773 4842 794 4872 ²
817 4839 930 4909 jugi
960 4855 1055 4894 vos
1081 4838 1451 4894 benevolentia
1481 4840 1786 4906 confovere,
1817 4840 1972 4909 justi-

385 4934 476 4990 tia:
506 4948 640 4989 mete
670 4929 1049 4987 tametudebui
1072 4971 1087 4995 ,
1133 4938 1192 4984 ut
1229 4939 1285 4985 et
1326 4929 1696 5000 delinquentes
1733 4930 1971 4988 hostibus

387 5009 672 5088 traderem,
708 5031 762 5078 et
786 5036 1083 5078 recrearem
1126 5021 1515 5090 liberaremque
1541 5029 1778 5076 vexatos.
1814 5024 1966 5078 Sicut

386 5117 530 5170 enim
577 5114 867 5171 rusticaudi
910 5128 1111 5184 gnarus
1157 5126 1264 5167 non
1313 5125 1528 5180 semper
1579 5127 1686 5166 uno
1733 5113 1972 5170 imminet

387 5207 572 5276 operi,
611 5215 669 5261 ut
702 5206 832 5262 solis
875 5205 1040 5261 findat
1083 5219 1209 5258 arva
1252 5201 1592 5271 dentalibus;
1625 5204 1718 5260 sed
1757 5205 1970 5262 diverso

387 5313 586 5370 genere
619 5297 809 5354 votivae
845 5292 1104 5353 fertilitati
1135 5295 1157 5329 ³
1189 5312 1310 5352 rura
1345 5297 1620 5367 componit
1650 5313 1664 5350 :
1699 5297 1770 5352 ita
1809 5298 1968 5355 etiam

390 5404 493 5461 ego
519 5387 972 5457 dispensationum
1013 5388 1157 5444 vices
1197 5391 1365 5455 vario,
1409 5397 1468 5442 ut
1506 5395 1616 5442 tum
1662 5389 1925 5458 pressuris
1950 5430 1966 5455 ,

391 5493 502 5537 tum
525 5475 977 5536 consolationibus
989 5477 1312 5534 voluntatem
1333 5489 1563 5534 vestram
1591 5479 1826 5551 frugibus
1846 5495 1970 5550 pos-

454 5593 470 5625 ¹
499 5587 763 5654 uenat-dits,
783 5592 921 5649 atque
942 5594 992 5636 ut
1021 5585 1128 5637 illos
1151 5595 1285 5654 tates.
1309 5587 1584 5654 \‘lgnierius
1599 5624 1614 5649 ,
1639 5594 1782 5651 atque
1805 5588 1968 5654 utique

388 5653 526 5706 ιαιω.
551 5650 872 5700 Emendautur
896 5663 955 5698 ex
981 5651 1407 5709 mamiscriptorum
1431 5650 1542 5698 lide.

453 5717 471 5748 ’
497 5714 632 5778 Fditi,
656 5717 853 5778 paratas
873 5723 992 5778 sum.
1013 5708 1180 5778 Abt-st,
1203 5708 1381 5778 sunt_,a
1399 5712 1744 5778 mamisrxiptis.

458 5778 480 5809 ³
505 5769 640 5832 Etlili,
656 5769 939 5836 Tertiiitatis.
962 5780 1024 5820 us
1060 5770 1195 5836 Non.
1221 5769 1468 5831 fertilitati.

452 5839 528 5948 (22
567 5832 682 5886 vide
722 5846 885 5898 supra,
931 5841 996 5883 De
1034 5833 1213 5888 eu.tiis
1250 5841 1300 5882 et
1336 5834 1760 5894 concupiscentia,
1798 5832 1880 5884 lib.
1921 5835 1972 5893 l,

393 5912 442 5948 ιι.
469 5912 543 5948 ω.

1758 427 1961 485 LIBER
2003 425 2276 485 PRIMUS.

3519 435 3672 491 “38‘

2080 542 2180 596 sim
2206 552 2393 611 aptare.
2413 540 2650 612 justitize.
2685 541 2958 614 Denique,
3002 552 3061 599 ut
3109 544 3416 618 intelligatls
3458 557 3654 619 quanta

2079 632 2334 702 :cquitate
2363 646 2515 703 agam
2546 631 2821 688 vobiscum
2844 675 2860 698 ,
2891 648 3104 705 possem
3139 637 3536 694 mussitationes
3571 655 3662 694 vc-

2078 734 2217 779 stras
2246 740 2342 794 pro
2369 733 2630 795 potestate
2653 726 2931 796 despicere
2950 768 2966 795 ,
3008 736 3064 782 ut
3093 728 3229 785 sicut
3257 729 3415 798 ﬁgulo
3441 729 3664 800 ﬁgmen-

2081 825 2190 870 tum
2230 833 2382 872 suum
2427 817 2603 873 dicere
2651 834 2755 874 non
2811 829 3014 888 potest:
3071 821 3208 888 Quid
3263 821 3437 877 fecisti
3469 821 3551 874 "ivi
3590 822 3660 876 ita

2079 908 2238 963 etiam
2267 909 2416 963 vobis
2451 910 2644 966 silentii
2689 910 2892 980 pondus
2920 911 3246 982 imponerent
3280 930 3295 967 :
3329 922 3504 968 tamen
3531 928 3666 968 con-

2080 1006 2160 1051 tra
2192 997 2306 1053 haec
2332 999 2574 1069 exempla
2604 1015 2836 1071 provoco
2868 1006 2964 1055 vos
2987 1043 3002 1066 ,
3044 1011 3099 1057 ut
3139 1017 3236 1073 pro
3274 1001 3399 1057 ﬁliis
3435 1003 3568 1058 meis
3611 1011 3669 1057 et

2082 1091 2309 1158 ﬁliabus,
2347 1092 2398 1166 id
2429 1099 2530 1156 est,
2559 1107 2655 1163 pro
2681 1094 2833 1148 vobis
2858 1103 2912 1148 et
2939 1096 3190 1166 operibus
3217 1111 3474 1150 manuum
3513 1111 3663 1152 mea-

2080 1197 2196 1235 rmn
2225 1197 2310 1235 me
2341 1165 2700 1252 interrogetis,
2727 1193 2783 1238 et
2805 1165 3046 1250 diseatis,
3069 1196 3235 1240 totum
3263 1202 3348 1242 me
3364 1186 3542 1257 juste,
3565 1200 3665 1241 nec

2079 1270 2362 1341 quidquam
2393 1287 2622 1342 unquam
2651 1275 2671 1304 ³
2700 1274 2888 1330 fecisse
2916 1276 3225 1330 crudeliter.

2152 1364 2285 1419 Auc.
2302 1363 2454 1432 Quod
2479 1366 2559 1420 vis
2575 1365 2729 1442 dicis,
2751 1382 2854 1420 non
2881 1367 3019 1436 quod
3042 1367 3180 1423 dixit
3207 1367 3401 1424 Isaias:
3429 1368 3517 1424 ille
3537 1383 3664 1440 gra-

2083 1455 2208 1509 tiam
2236 1455 2490 1525 loquitur,
2522 1465 2704 1510 contra
2730 1473 2889 1528 quam
2917 1469 2973 1514 tu
3003 1458 3259 1530 loqueris.

2150 1547 2307 1602 CXL.
2337 1547 2457 1604 Jun.
2491 1548 2556 1604 Et
2584 1564 2612 1603 a
2641 1550 2904 1620 Propheta
2931 1567 3078 1622 ergo,
3112 1563 3166 1607 et
3193 1553 3578 1624 abllpostolo,
3610 1554 3662 1608 in

2081 1640 2380 1711 exemplum
2405 1641 2663 1697 adductus
2687 1651 2770 1698 est
2807 1642 3031 1714 ﬁgulus,
3072 1644 3202 1700 nihil
3245 1644 3388 1700 aliud
3417 1645 3666 1716 przehitu-

2083 1748 2211 1797 rus,
2249 1749 2407 1804 quam
2449 1736 2864 1804 comparationis
2906 1736 3176 1804 ofﬁcium;
3225 1754 3334 1793 non
3383 1748 3560 1795 muicn
3608 1749 3667 1795 ut

2083 1832 2189 1878 tam
2221 1824 2352 1880 viles
2371 1824 2509 1895 apud
2537 1826 2701 1881 Deum
2727 1841 2849 1882 esse
2886 1825 3132 1883 homines
3158 1828 3477 1897 iudicentur,
3501 1845 3661 1901 quam

2083 1914 2264 1984 argilla
2309 1923 2392 1970 est
2438 1914 2490 1969 in
2539 1915 2753 1972 fornace
2795 1925 2851 1972 et
2889 1920 3018 1973 orbe
3062 1919 3362 1989 ligulorum.
3409 1920 3662 1976 Absoluta

2084 2003 2182 2059 hac
2213 2005 2544 2075 expositione
2568 2022 2726 2076 quam
2757 2008 3142 2076 prmmisimus,
3193 2009 3542 2065 admonemus
3578 2024 3667 2064 se-

2083 2097 2314 2154 cundum
2360 2099 2850 2171 interpretationem
2897 2112 3169 2158 recentem
3216 2103 3269 2158 in
3313 2103 3503 2159 eodem
3545 2103 3665 2158 loco

2083 2189 2222 2243 aliud
2251 2191 2508 2246 relucere.
2540 2191 2746 2260 Rorate,
2779 2193 2948 2264 inquit
2969 2233 2984 2257 ,
3011 2193 3144 2260 caeli,
3170 2195 3408 2264 desuper,
3432 2204 3478 2249 et
3509 2193 3663 2248 nubes

2083 2279 2262 2350 pluunt
2277 2281 2474 2350 justum
2496 2301 2516 2350 ;
2535 2286 2794 2354 aperiatur
2811 2295 2964 2350 terra,
2985 2295 3032 2340 et
3054 2288 3298 2358 germinet
3321 2287 3663 2352 Salvatorem,

2083 2381 2130 2424 et
2149 2371 2351 2441 jnstitia
2379 2375 2573 2428 oriatur
2601 2375 2752 2430 simul
2779 2390 2799 2430 .'
2822 2391 2912 2447 ego
2944 2375 3191 2431 Dominus
3216 2377 3380 2431 cretici
3406 2395 3540 2432 eum.
3581 2377 3666 2432 Va:

2082 2464 2166 2529 qui
2191 2463 2491 2518 contradicit
2515 2465 2697 2534 [actori
2723 2483 2835 2534 suo,
2861 2474 2986 2522 testa
3015 2467 3077 2521 de
3099 2469 3272 2523 samiis
3296 2478 3443 2523 terra:
3469 2485 3488 2523 :
3515 2485 3666 2523 num-

2081 2555 2202 2624 quid
2230 2557 2350 2610 dicit
2379 2558 2540 2612 lutum
2565 2559 2724 2630 ﬁgulo
2749 2576 2867 2616 suo.
2923 2560 3059 2626 Quid
3088 2561 3216 2631 facis
3235 2563 3261 2616 1’
3300 2573 3344 2617 et
3370 2579 3496 2634 opus
3523 2573 3666 2618 ttmm

2081 2643 2266 2716 absque
2293 2647 2522 2703 manibus
2549 2658 2620 2702 est
2650 2647 2806 2720 (Isai.
2848 2667 2982 2720 xcv,
3009 2651 3075 2716 8,
3109 2652 3212 2721 9)?
3247 2653 3448 2722 Quibus
3491 2656 3666 2710 verbis

2083 2738 2182 2792 etsi
2212 2739 2503 2794 secundum
2531 2741 2810 2824 historiam
2837 2743 3008 2815 Cyrus
3035 2761 3128 2800 rex
3153 2787 3170 2812 ,
3201 2748 3495 2804 secundum
3543 2765 3660 2818 pro-

2085 2828 2318 2897 phetiam
2381 2839 2560 2888 tamen
2613 2831 2910 2889 incarnatio
2962 2835 3256 2892 Salvatoris
3309 2839 3663 2908 exprimitur;

2082 2919 2173 2988 qui
2202 2919 2452 2989 quoniam
2497 2931 2610 2977 erat
2638 2922 2708 2979 de
2751 2925 2953 2996 virgine
2982 2928 3281 2985 nasciturus
3305 2969 3321 2994 ,
3359 2928 3665 2985 Judaeoruui

2081 3019 2138 3064 et
2163 3010 2398 3064 omnium
2427 3011 2723 3068 inﬁdelium
2767 3016 3054 3072 obstinatio
3089 3020 3403 3075 convenitur
3422 3061 3440 3088 ,
3468 3037 3535 3076 ne
3561 3021 3668 3077 sint

2083 3100 2248 3169 signis
2289 3101 2530 3157 ﬁdelibus
2571 3104 2895 3172 perduelles.
2937 3107 3069 3163 Cum
3099 3110 3240 3164 enim
3283 3112 3664 3180 prtetuisisset,

2082 3191 2353 3262 Aperiatur
2398 3201 2552 3261 terra,
2601 3205 2646 3250 et
2685 3197 2926 3264 germinet
2976 3198 3294 3256 Salvatorem
3314 3243 3330 3268 ,
3382 3212 3430 3257 et
3463 3204 3666 3275 justitia

2081 3283 2275 3336 oriatur
2299 3282 2468 3338 simul.
2497 3282 2610 3357 Ego
2637 3284 2906 3356 Dominus,
2936 3288 3140 3361 inquit,
3169 3293 3332 3347 creaui
3353 3310 3486 3350 eum.

2152 3375 2290 3432 Atto.
2319 3375 2416 3431 Dic
2459 3375 2592 3432 mihi
2629 3379 2822 3448 quibus
2855 3381 3106 3450 operibus
3142 3383 3246 3438 hoc
3283 3386 3477 3441 meruit
3506 3385 3665 3443 homo

2080 3463 2325 3520 Christus
2350 3465 2539 3533 Jesus;
2568 3477 2624 3524 et
2647 3483 2751 3540 qua
2784 3469 3113 3538 iustitia-Dei
3153 3474 3298 3530 solus
3325 3474 3425 3530 hoc
3451 3493 3665 3533 merue-

2081 3553 2182 3618 rit,
2221 3554 2359 3610 aude
2396 3554 2418 3587 ³
2443 3557 2646 3626 garrire
2678 3576 2692 3613 :
2721 3567 2815 3613 aut
2846 3560 2891 3615 si
2923 3576 3030 3617 non
3057 3562 3220 3618 audes
3241 3605 3254 3629 ,
3291 3565 3504 3621 tandem
3537 3582 3664 3638 gra-

2083 3645 2206 3700 tiam
2233 3646 2352 3702 sine
2386 3648 2592 3703 meritis
2630 3648 2920 3718 conﬁtere,
2947 3667 3052 3708 non
3083 3655 3255 3709 solum
3301 3656 3661 3713 remittentem

2082 3743 2296 3805 peccata
2324 3735 2546 3801 homini,
2571 3753 2753 3794 verum
2775 3740 2934 3796 etiam
2961 3740 3015 3796 in
3041 3753 3228 3800 natura
3255 3744 3483 3800 humana
3505 3747 3663 3818 justi-

2081 3825 2206 3879 tiam
2235 3836 2420 3881 sancto
2461 3827 2663 3904 Spiritu
2711 3828 3016 3886 facientem.
3057 3832 3172 3888 Non
3208 3836 3350 3890 enim
3381 3847 3433 3891 et
3459 3836 3662 3896 homini

2076 3915 2292 3972 Christo
2316 3916 2483 3987 gratia
2512 3927 2724 3988 peccata
2747 3919 2966 3987 dimisit,
2995 3932 3085 3977 aut
3107 3939 3210 3978 non
3238 3941 3356 3980 eum
3383 3928 3550 3998 gratia
3583 3939 3662 3984 ta-

2081 4007 2182 4062 lem
2215 4007 2341 4064 fecit
2364 4051 2379 4076 ,
2415 4017 2473 4064 ut
2500 4009 2568 4064 ab
2601 4011 2751 4066 initio
2773 4027 2986 4083 semper
3006 4025 3150 4071 esset
3178 4016 3348 4073 bonus
3372 4061 3387 4085 ,
3422 4021 3557 4076 sicut
3590 4009 3659 4076 ab

2079 4100 2230 4156 initio
2270 4116 2483 4172 semper
2528 4102 2622 4158 Dei
2667 4103 2854 4159 Filius.
2901 4105 3169 4189 Prorsus,
3218 4110 3356 4165 sicut
3401 4112 3659 4168 admoniti

2077 4200 2222 4256 sunt,
2266 4191 2354 4260 qui
2406 4193 2458 4246 iu
2500 4208 2685 4248 eremo
2727 4204 3033 4264 serpentum
3083 4200 3348 4256 morsibus
3394 4202 3659 4258 lcthaliter

2077 4282 2428 4349 vexabantur,
2453 4292 2510 4337 ut
2534 4283 2682 4339 illum
2707 4285 2796 4356 qui
2827 4287 2878 4341 in
2900 4290 3050 4359 signo
3071 4291 3332 4346 exaltatus
3361 4293 3551 4361 fuerat,
3579 4305 3656 4350 at-

2077 4373 2374 4440 tenderent,
2405 4389 2472 4430 ne
2498 4374 2737 4444 perirent
2768 4375 2954 4447 (Num.
2977 4395 3087 4443 xxt,
3117 4380 3232 4452 6-9)
3268 4400 3282 4436 :
3314 4382 3384 4438 ita
3410 4394 3536 4440 sunt
3560 4386 3658 4441 ad-

2077 4464 2348 4529 mouendi,
2378 4465 2467 4535 qui
2507 4467 2700 4522 vestris
2734 4468 3178 4537 diSputationibus
3209 4487 3570 4546 vcncnantur,
3602 4486 3657 4535 ut

2074 4553 2345 4610 Christum
2374 4557 2670 4621 attendant,
2685 4568 2738 4614 et
2757 4561 2806 4616 in
2830 4561 2972 4620 illius
2989 4563 3220 4622 hominis
3233 4568 3540 4626 mediatoris
3564 4571 3656 4641 ju-

2073 4648 2216 4700 stitia
2239 4647 2464 4717 gratiam
2498 4650 2614 4706 sine
2639 4653 2842 4707 meritis
2880 4655 3134 4723 videant,
3171 4658 3309 4715 unde
3339 4675 3368 4712 a
3399 4675 3457 4716 se
3492 4665 3652 4718 vestri

2072 4738 2182 4792 oris
2219 4737 2363 4792 virus
2394 4739 2698 4795 excludant.
2743 4743 2982 4814 Denique
3024 4747 3074 4800 in
3117 4748 3296 4804 verbis
3324 4749 3605 4822 Propheta:
3629 4795 3646 4819 ,

2072 4830 2232 4884 etiam
2281 4830 2574 4886 secundum
2629 4844 2896 4903 recentem
2948 4836 3439 4908 interpretationem
3490 4861 3649 4916 quam

2072 4923 2500 4976 commemorasti
2540 4923 2628 4978 ubi
2666 4925 2967 4982 evidentius
2993 4930 3341 5000 prophetatus
3377 4945 3461 4990 est
3493 4937 3652 4993 Chri-

2072 5023 2206 5079 stus,
2237 5029 2339 5068 ιιοιι
2365 5013 2486 5070 inde
2511 5018 2844 5087 assumpsisti
2866 5021 3006 5075 unde
3027 5022 3352 5092 disputares,
3380 5027 3482 5082 nisi
3508 5030 3652 5100 quod

2072 5124 2135 5163 ex
2167 5107 2370 5178 virgine
2399 5118 2554 5163 natus
2578 5117 2681 5176 est,
2708 5112 2828 5181 quia
2851 5113 3047 5169 dictum
3075 5123 3177 5182 est,
3204 5116 3476 5189 Aperiatnr
3494 5131 3648 5188 terra,

2072 5207 2118 5252 et
2146 5198 2387 5268 germinet
2412 5198 2727 5254 Saloatorem
2755 5215 2774 5256 :
2802 5201 2868 5256 de
2889 5203 3090 5271 iustitia
3112 5221 3240 5262 vero
3260 5208 3395 5277 ejus,
3417 5227 3536 5282 qua:
3565 5211 3651 5268 hic

2072 5291 2271 5361 pariter
2291 5291 2637 5359 pramuntiata
2665 5299 2770 5358 est,
2800 5292 2931 5348 nihil
2957 5295 3138 5353 dicere
3167 5299 3380 5356 voluisti
3402 5319 3416 5366 ;
3439 5317 3559 5358 cum
3593 5313 3647 5358 tu

2070 5381 2232 5436 verba
2262 5381 2372 5451 ipsa
2399 5382 2708 5451 pr0phetica
2741 5389 3111 5455 preposueris,
3159 5391 3246 5446 ubi
3277 5393 3386 5458 ait,
3418 5394 3640 5460 Rorate,

2071 5474 2201 5539 caeli,
2230 5473 2461 5543 desuper,
2488 5482 2536 5529 et
2561 5475 2715 5530 nubes
2743 5477 2920 5547 pluant
2938 5481 3133 5550 justum
3151 5499 3170 5548 ;
3191 5486 3447 5556 aperiatur
3475 5497 3605 5544 terra
3627 5531 3641 5552 ,

2071 5575 2118 5620 et
2139 5565 2378 5636 germinet
2402 5564 2715 5621 Salvatorem
2739 5610 2755 5634 ,
2797 5579 2844 5623 et
2862 5571 3065 5640 jnstitia
3103 5576 3294 5629 oriatur
3329 5577 3500 5630 simul.
3551 5577 3644 5630 llic

2108 5675 2473 5748 .t_.\:_ignierius,
2495 5674 2610 5738 quid
2634 5689 2708 5748 me
2740 5678 2896 5748 [eristi
2933 5680 3003 5732 sic
3023 5682 3049 5733 2’
3082 5685 3398 5748 Maxmscripti,
3428 5683 3553 5745 Quid
3575 5689 3635 5748 fe-

2073 5736 2180 5786 ciin
2195 5736 2219 5785 ξ)
2240 5736 2349 5794 nec,
2368 5749 2442 5785 me
2457 5775 2468 5796 ,
2497 5736 2604 5790 nec.
2631 5738 2720 5799 Sir,
2740 5736 2942 5792 habent.

2136 5800 2248 5846 'Ms.
2266 5807 2489 5858 nar.,.nec
2522 5800 2783 5864 qnidqmun
2811 5805 2998 5864 [coisset
3021 5805 3310 5868 crudeliter;
3333 5807 3526 5869 omisso,
3559 5819 3644 5856 un-

2107 5873 2234 5907 llllﬂl'.
3545 5891 3550 5902 ι

2107 5873 2234 5908 nam.

2073 5872 2105 5923 η
2136 5921 2157 5954 ³
2174 5922 2243 5970 εἰς
2265 5927 2368 5971 Mss.
2396 5921 2510 5972 Editi
2537 5938 2672 5979 vero.
2697 5927 2860 5975 audes.
