4118 6540
529 398 664 454 ιιδιι

525 515 652 570 mihi
687 515 702 546 ‘
735 529 894 586 quem
917 513 1120 584 justum
1147 512 1317 567 nubes
1343 513 1624 583 pluet-unt,
1659 510 1758 566 nisi
1785 510 1909 581 quia
1931 511 1951 541 ⁸
1975 509 2105 565 Pro-

525 606 698 676 pheta
725 615 786 663 et
813 604 1055 676 Apostoli
1092 601 1363 660 Christum
1407 603 1868 674 praedicaverunt,
1908 601 1998 671 qui
2042 615 2108 655 ex

524 701 643 770 ipso
688 699 912 770 virginis
955 707 1115 754 utero
1158 713 1280 754 cum
1325 696 1530 768 justitia
1577 707 1734 751 natus
1781 695 1906 750 est?
1954 693 2108 750 Unde

521 806 642 848 cum
672 791 871 848 dictum
909 798 1054 846 esset
1075 829 1091 855 ,
1130 787 1404 860 Aperiatur
1445 797 1613 852 terra,
1641 798 1686 841 et
1712 788 1956 858 germinet
1988 786 2110 842 Sal-

521 892 743 937 ratorem
765 898 784 948 ;
805 897 928 936 mox
949 880 1188 936 additum
1209 889 1310 944 est,
1338 889 1384 933 et
1392 879 1594 951 justitia
1613 880 1809 932 oriatur
1833 879 2003 934 simul.
2030 880 2108 933 Ac

524 991 619 1044 per
647 975 768 1040 hoc,
789 990 850 1030 ea
879 974 1047 1044 gratia
1074 973 1095 1005 ³
1121 973 1252 1028 ﬁunt
1271 973 1400 1042 justi
1429 971 1671 1027 homines
1701 971 1792 1041 qui
1819 986 2108 1026 renascun-

521 1077 608 1122 tur
637 1068 689 1122 in
716 1067 948 1132 Christot
975 1081 1077 1138 qua
1099 1066 1267 1137 gratia
1287 1066 1462 1138 justus
1489 1066 1648 1120 homo
1671 1074 1830 1119 natus
1851 1075 1932 1120 est
1958 1064 2108 1119 Chri-

519 1169 654 1213 stus.
679 1157 830 1214 Sicut
852 1172 984 1229 ergo
1007 1157 1311 1228 exemplum
1339 1167 1423 1212 est
1447 1159 1591 1222 vitae,
1617 1166 1674 1211 ut
1695 1140 1815 1211 eum
1849 1156 2106 1211 imitando

515 1251 660 1320 juste
684 1265 904 1322 agamus
931 1269 952 1305 -:
985 1251 1054 1305 ita
1081 1261 1164 1306 est
1193 1251 1357 1305 etiam
1382 1250 1687 1320 exemplum
1715 1249 1924 1319 gratia),
1962 1258 2021 1304 ut
2050 1249 2104 1304 iu

521 1357 644 1397 c-nm
687 1343 957 1398 credendo
993 1342 1116 1398 inde
1162 1357 1259 1398 nos
1301 1341 1419 1397 ﬁeri
1467 1356 1745 1412 speremus
1789 1341 1961 1411 justos
2009 1356 2108 1411 per

519 1435 694 1506 ipsum
718 1433 769 1502 ⁸,
798 1434 937 1490 unde
965 1434 1137 1490 factus
1160 1444 1244 1490 est
1273 1435 1405 1504 ipse,
1434 1435 1520 1501 qui
1551 1437 1716 1508 factus
1739 1444 1811 1489 est
1841 1433 1987 1488 nobis
2020 1450 2106 1488 sa-

521 1528 710 1596 pientia
729 1545 760 1582 a
789 1525 918 1592 Deo,
949 1538 996 1582 et
1015 1529 1238 1600 justitia,
1271 1537 1318 1582 et
1345 1527 1698 1598 sanctiﬁcatio,
1720 1537 1768 1582 et
1788 1528 2106 1596 redemptio;

517 1629 592 1681 ut,
623 1619 1046 1686 quemadmodum
1069 1622 1312 1692 scriptum
1343 1631 1452 1684 est,
1483 1621 1568 1692 qtti
1594 1619 1874 1692 gloriatur,
1904 1621 1958 1674 in
1999 1620 2107 1674 Do-

517 1712 654 1765 mino
679 1713 922 1784 glorietur
942 1713 984 1782 (Ι
1012 1713 1130 1768 Cor.
1158 1729 1196 1780 I,
1233 1713 1328 1781 ~50,
1368 1711 1484 1786 5i).
1511 1713 1885 1785 Quoscumque
1924 1713 2104 1786 itaque

512 1803 674 1859 dente
695 1805 970 1861 mortifero
994 1806 1360 1862 momordistis
1380 1807 1403 1840 '
1419 1849 1435 1874 ,
1468 1806 1609 1862 hunc
1627 1809 1829 1877 justum
1855 1809 2103 1863 intuean-

514 1909 620 1960 tur,
647 1909 702 1953 et
724 1899 1060 1954 sanabuntur
1090 1915 1104 1954 :
1133 1899 1235 1955 hoc
1257 1910 1364 1968 est,
1393 1899 1517 1956 inde
1538 1917 1598 1956 se
1617 1901 1839 1956 credant
1859 1902 2104 1972 accipere

513 1987 805 2056 justitiam.
849 1989 991 2046 unde
1019 1989 1234 2046 Christo
1272 2000 1357 2046 est
1393 1991 1571 2046 innata
1608 1991 1843 2061 justitia;
1888 2000 1943 2047 et
1982 1991 2105 2048 ideo

513 2096 620 2136 non
651 2081 705 2136 in
739 2096 837 2136 suo
866 2081 1109 2148 arbitrio,
1147 2093 1246 2139 nec
1285 2082 1339 2138 in
1375 2097 1476 2139 suo
1512 2085 1741 2152 merito,
1774 2084 1874 2140 sed
1901 2084 1953 2139 in
1995 2085 2103 2140 Do-

468 2208 473 2213 ς
514 2171 660 2225 mino
682 2171 998 2242 glorientur.

585 2261 764 2318 CXLI.
801 2264 927 2319 Jun.
961 2267 1098 2321 Ante
1125 2273 1267 2320 terra
1304 2265 1544 2336 aperitur
1582 2265 1634 2320 in
1670 2280 1911 2336 germen,
1940 2282 2099 2337 quam

514 2369 676 2422 opera
720 2355 948 2410 colentis
993 2371 1177 2411 semen
1225 2358 1492 2427 accipiat:
1525 2357 1667 2427 quod
1711 2356 1765 2411 in
1813 2358 2100 2428 puerperio

411 2471 422 2484 -
514 2449 734 2520 virginis
781 2450 1142 2520 approbatur,
1192 2465 1316 2521 qua:
1365 2466 1588 2507 munere
1633 2451 1818 2506 matris
1861 2449 2096 2506 oflicium

513 2543 769 2611 prawcnit
802 2553 856 2598 et
881 2543 1108 2599 exclusit
1133 2546 1335 2598 uxoris.
1385 2542 1537 2609 Quod
1583 2556 1712 2613 ergo
1754 2544 1806 2597 in
1851 2559 1949 2598 usu
1993 2558 2098 2598 non

511 2645 660 2702 erat,
695 2632 747 2689 id
775 2635 1034 2689 iacturum
1062 2649 1122 2691 se
1157 2635 1298 2691 Deus
1325 2635 1663 2705 omnipotens
1701 2636 2013 2704 pollicetur;
2045 2645 2100 2691 et

510 2725 679 2790 addit,
721 2725 1030 2796 pnnvidens
1073 2725 1367 2781 inﬁdelium
1410 2726 1806 2782 multitudinem
1840 2745 1854 2781 :
1897 2725 1987 2782 γω
2011 2728 2101 2799 qui

508 2818 808 2872 contradicit
835 2819 1003 2888 βειοή
1026 2834 1142 2888 suo,
1166 2828 1292 2874 testa
1311 2819 1376 2874 de
1397 2821 1572 2875 samiis
1593 2829 1758 2875 terrm.
1794 2820 1849 2876 Id
1874 2831 1977 2888 est,
2008 2821 2098 2877 νω

511 2910 596 2964 his
629 2909 743 2982 qui,
789 2911 897 2966 Deo
927 2911 1290 2981 promittente,
1333 2910 1493 2967 fetam
1529 2911 1642 2967 ﬁeri
1683 2913 1945 2983 virginem
1991 2927 2096 2968 non

515 3000 752 3070 potuisse
776 3003 1106 3058 contendunt
1134 3020 1147 3056 :
1179 3017 1411 3074 cumque
1454 3004 1552 3073 ipsi
1581 3003 1801 3058 totidem
1832 3003 1854 3036 ⁸
1883 3004 2007 3060 licet
2029 3003 2099 3060 de

507 3095 803 3149 seminibus
828 3111 858 3149 a
893 3095 1004 3150 Deo
1029 3096 1320 3163 institutis,
1356 3104 1530 3151 tamen
1574 3097 1963 3152 interveniente
2003 3097 2096 3152 Dei

508 3187 765 3257 potentia,
788 3187 839 3241 iu
858 3187 1153 3243 visceribus
1174 3187 1440 3259 ﬁngantur
1455 3191 1727 3254 maternis,
1749 3189 1959 3259 obstipo
1985 3197 2098 3244 stu-

507 3280 600 3334 diu
627 3279 918 3346 afﬁrmant,
957 3279 1263 3351 nequivisse
1286 3296 1500 3336 carnem
1523 3282 1644 3337 sine
1674 3281 1972 3338 ministerio
1995 3281 2096 3338 viri

505 3384 575 3432 ex
600 3386 762 3428 carne
789 3372 1012 3443 virginis
1039 3373 1305 3428 fabricari.
1333 3372 1465 3430 Tale
1501 3382 1586 3429 est
1613 3373 1772 3444 igitur
1797 3373 1938 3444 quod
1966 3389 2092 3442 vos,

505 3471 543 3519 ο
571 3465 899 3534 pervicaces,
933 3482 1039 3521 non
1085 3466 1284 3538 putatis
1316 3484 1400 3522 me
1428 3467 1477 3522 id
1509 3467 1686 3524 facere
1716 3471 1954 3539 potuisse
1977 3511 1992 3536 ,
2032 3484 2096 3526 ac

497 3557 639 3613 'tnihi
665 3557 734 3613 de
763 3558 841 3614 rei
869 3558 1186 3614 difﬁcultate
1217 3558 1560 3628 przescribitis
1588 3561 1610 3594 "
1631 3603 1645 3625 ,
1675 3576 1796 3616 cum
1824 3575 1919 3614 vos
1951 3561 2096 3630 ipsos

504 3651 753 3707 manibus
778 3651 912 3704 lltt‘iS
936 3660 1143 3707 constet
1169 3652 1387 3707 effectos
1411 3669 1426 3718 ;
1453 3654 1631 3724 quale,
1665 3654 1708 3708 si
1741 3654 1907 3708 lutum
1936 3653 2097 3725 figulo

505 3758 624 3804 suo,
652 3759 772 3797 eum
798 3743 865 3796 ab
890 3758 956 3797 eo
985 3754 1261 3810 tramatur,
1295 3744 1516 3808 diceret,
1538 3745 1654 3800 Non
1680 3746 1846 3802 habes
1867 3760 2094 3813 manus;

506 3836 702 3905 quibus
727 3845 852 3890 tunc
900 3837 952 3888 in
995 3851 1086 3888 vas
1115 3836 1328 3905 aliquod
1369 3836 1714 3892 formabatur.
1762 3837 1835 3892 Ita
1877 3854 2006 3909 ergo
2044 3848 2100 3895 et

511 3941 627 3987 vos.
657 3925 745 3996 qui
774 3925 1041 3996 inquiritis
1068 3927 1189 3996 quis
1219 3926 1382 3981 lilium
1413 3928 1600 3998 virgini
1630 3928 1837 3983 dederit
1860 3930 1976 3986 sine
2001 3931 2096 3986 viri

509 4015 740 4076 smuine.
770 4016 1074 4084 cognoscite
1103 4017 1350 4071 eumdem
1374 4033 1495 4073 esse
1522 4020 1608 4088 qui
1643 4035 1737 4074 vos
1768 4018 1894 4075 fecit
1922 4037 1985 4075 ex
2015 4037 2099 4077 se-

509 4107 675 4161 mine.
713 4105 821 4161 Sed
847 4107 956 4172 jam
983 4108 1236 4178 quoniam
1273 4106 1570 4179 Scripturis
1609 4111 1810 4166 sanctis
1835 4113 2098 4180 expositio

511 4201 657 4255 varia
682 4201 829 4267 licet,
865 4209 1088 4272 utraque
1117 4211 1292 4256 tamen
1325 4203 1407 4273 pia
1437 4210 1491 4257 ct
1530 4203 1777 4274 religiosa
1803 4205 2096 4270 concinuit,

511 4296 715 4363 primus
735 4293 1053 4349 tet-minetur
1075 4294 1209 4349 liber
1239 4312 1254 4348 :
1281 4303 1378 4348 Suo
1401 4302 1576 4348 tamen
1599 4295 1703 4350 line
1727 4312 2096 4364 commoneas,

514 4396 572 4438 ut
595 4384 768 4456 opifex
797 4386 1130 4439 nascentimn
1164 4386 1306 4440 Deus
1331 4385 1598 4448 credatur,
1632 4388 1991 4443 innocentium
2017 4397 2099 4444 tu-

511 4488 634 4542 tor,
683 4477 1076 4534 Catholicorum
1125 4487 1533 4544 remunerator,
1580 4475 2100 4553 Manicha‘aorumque

511 4571 795 4628 damnatur
816 4572 858 4625 ⁸.

589 4667 722 4721 AUC.
765 4663 832 4721 Ut
861 4664 1052 4731 sciant,
1080 4666 1168 4736 qui
1215 4665 1573 4737 intclligcnter
1597 4667 1802 4738 legunt,
1835 4666 2100 4738 quemad-

513 4758 730 4814 modum
770 4770 994 4814 conatns
1041 4759 1208 4816 fueris
1250 4759 1411 4816 verba
1457 4762 1744 4832 apostolica
1783 4759 2101 4817 obnubilare

514 4854 679 4921 clara,
709 4864 762 4910 et
791 4863 934 4910 recta
968 4863 1294 4924 pervertere,
1326 4852 1448 4909 huic
1490 4854 1835 4926 disputationi
1885 4865 1986 4909 tua:
2032 4871 2098 4910 ex

513 4947 703 5002 eadem
757 4957 968 5017 oportet
1017 4946 1254 5016 Apostoli
1313 4946 1676 5016 disputatione
1720 4947 2096 5017 respondeam.

522 5040 716 5094 \‘nlens
747 5039 906 5109 igitur
936 5039 1124 5102 beatus
1149 5037 1346 5096 Paulus
1371 5037 1689 5105 ostendere,
1718 5040 1858 5110 quod
1889 5055 1950 5094 ea
1981 5057 2100 5111 qua:

583 5203 592 5226 ι
625 5197 762 5253 illiti,
785 5193 866 5244 dic
888 5199 1028 5256 quem
1050 5193 1196 5244 nubes
1209 5191 1647 5256 justummmisso,
1663 5192 1796 5244 mihi.

581 5261 598 5288 ¹
629 5267 646 5301 \
663 5262 782 5318 istm,
809 5254 966 5317 quem.
991 5263 1116 5318 neu.
1142 5264 1194 5308 et
1217 5259 1342 5318 itus,
1363 5254 1499 5318 quia.

585 5321 603 5348 ³
628 5315 771 5378 ιιιὶἱιὶ,
812 5315 872 5368 ac
908 5330 994 5380 per
1030 5317 1120 5370 hoc
1151 5330 1183 5367 a
1213 5315 1391 5387 gratia;
1425 5316 1722 5380 Castigantur
1747 5330 1807 5366 ex
1845 5331 1918 5366 uta
1942 5320 2106 5367 :usrri-

521 5390 699 5552 “liti-“ie
722 5440 986 5492 uenardus.
1012 5447 1080 5516 Αι,
1100 5441 1238 5504 Visun
1267 5446 1320 5499 et
1343 5447 1448 5498 “5.3-
1493 5439 1614 5502 cui"
1652 5447 1762 5500 λίπ’
1812 5448 1934 5492 νυνι·
1955 5475 1972 5502 ⁹
2020 5456 2106 5506 Im

521 5519 558 5552 st
598 5519 636 5552 rt
663 5516 756 5552 um.

519 5515 756 5562 nui-unm.

584 5568 604 5596 ³
628 5573 712 5617 us.
731 5568 861 5623 itan,
888 5562 1206 5616 momordisti.

585 5631 606 5663 ⁸
633 5631 792 5694 \'ign..
813 5627 1001 5696 itidem.
1026 5635 1230 5696 Men.__ct
1252 5634 1379 5696 iis},
1405 5625 1618 5696 totidem.
1783 5689 1808 5696 Α.
1832 5691 1841 5696 Δ
1869 5691 1877 5696 _
1951 5687 1962 5696 ‘

589 5701 600 5724 ³
629 5687 714 5742 sit?
725 5687 829 5743 stes.
857 5691 993 5750 illiti,
1013 5704 1069 5741 ac
1093 5687 1212 5741 mihi
1237 5687 1566 5754 dilﬁcttltatem
1588 5689 1918 5754 prwsrt'iltilis.

582 5760 604 5786 "
645 5763 740 5806 ttoc
784 5754 891 5806 loco
936 5757 981 5804 itt
1043 5761 1218 5804 vetere
1284 5753 1451 5804 codice
1506 5753 1641 5813 litat,
1692 5763 1804 5802 antu
1860 5754 2104 5813 Attgustini

523 5821 888 5882 restantsionem
913 5819 1216 5882 pra-ﬁgitur,
1239 5815 1445 5882 Eitplit'il
1479 5813 1599 5882 liber
1637 5815 1851 5881 .Ιι.’1ἱ.·ιιιξ;
1874 5831 1968 5878 qua
1996 5824 2108 5872 uota

523 5878 624 5942 pnis
646 5878 1185 5948 superiorisvolumiuis
1207 5878 1403 5930 indicari
1427 5878 1571 5947 solet.
1804 5878 1808 5881 ’
1898 5885 1900 5888 ’

1129 395 1373 452 OPERIS
1411 393 1821 451 IMPERFECTI
1860 394 2131 450 CONTRA
2173 393 2532 464 JULIANUM,
2575 398 2632 452 S.
2673 397 3036 454 AUGUS’I‘INI

3657 402 3798 461 "50

2223 510 2466 580 promisit
2495 512 2657 579 Deus,
2688 522 2876 584 potens
2893 523 3051 570 estet
3079 513 3290 582 facere;
3315 517 3403 572 ubi
3426 516 3651 575 maxime
3673 538 3797 591 gra-

2215 603 2287 656 tia
2316 605 2740 673 commendatur,
2768 607 2921 676 cujus
2953 609 3082 663 estis
3104 609 3299 664 inimici
3335 627 3348 662 :
3378 625 3551 682 neque
3578 613 3716 666 enim
3743 615 3793 666 in

2216 701 2478 763 potestate
2506 697 2777 753 hominum
2807 708 2888 759 cst
2908 740 2925 767 ,
2957 709 3012 754 ut
3039 701 3176 756 Deus
3206 702 3422 772 impleat
3447 719 3564 774 quae
3594 706 3790 774 promi-

2213 785 2321 865 sit,
2365 797 2419 842 et
2457 804 2562 844 non
2607 789 2658 843 in
2708 791 2875 860 ipsius
2907 793 3000 862 qui
3043 794 3331 863 promisit:
3362 796 3544 851 volens
3569 811 3695 865 ergo
3738 797 3787 852 id

2213 879 2532 949 ostendere,
2569 881 2691 938 Non
2727 893 2906 956 potest,
2949 885 3136 956 inquit,
3177 887 3404 941 excidere
3429 889 3628 942 uerbum
3657 887 3793 942 Dei:

2213 985 2314 1023 non
2342 971 2474 1026 enim
2498 989 2672 1029 omnes
2707 975 2798 1045 qui
2837 991 2900 1030 ea:
2941 975 3129 1042 Israel,
3171 977 3226 1031 hi
3265 989 3381 1032 sunt
3417 977 3608 1044 Israel;
3639 997 3790 1049 neque

2211 1063 2330 1132 quia
2352 1065 2368 1096 ⁸
2395 1073 2514 1118 sunt
2551 1082 2720 1120 semen
2760 1066 3038 1134 Abraham,
3083 1085 3256 1124 omnes
3285 1071 3414 1139 filii;
3437 1071 3526 1125 sed
3550 1072 3599 1125 in
3643 1070 3787 1125 Isaac

2210 1155 2468 1209 vocabitur
2491 1157 2576 1210 tibi
2609 1174 2812 1212 semen:
2838 1159 2933 1213 hoc
2957 1169 3050 1224 est,
3080 1177 3182 1214 non
3217 1161 3270 1214 hi
3293 1160 3499 1230 quiﬁlii
3528 1164 3711 1226 carnis,
3738 1164 3786 1214 h:

2211 1245 2309 1314 lilii
2351 1245 2476 1313 Dei;
2502 1249 2590 1302 sed
2633 1250 2732 1318 ﬁlii
2773 1251 3124 1321 promissionis
3151 1251 3462 1322 deputantur
3481 1254 3532 1307 in
3557 1270 3721 1308 semen
3742 1256 3782 1308 '.

2211 1334 2574 1394 Promissionis
2599 1342 2734 1394 enim
2771 1341 2974 1396 verbum
3003 1342 3098 1396 hoc
3123 1352 3216 1408 est,
3261 1345 3342 1398 Ad
3367 1345 3460 1399 hoc
3485 1354 3675 1416 tempus
3702 1361 3782 1398 se-

2209 1429 2368 1498 niam,
2405 1441 2452 1485 et
2487 1433 2581 1486 erit
2619 1433 2795 1488 Sarrae
2820 1433 3006 1490 Filius.
3029 1435 3176 1491 Tene
3203 1438 3254 1491 in
3283 1447 3462 1492 mente
3497 1437 3630 1493 ﬁlios
3670 1455 3784 1508 pro-

2209 1522 2499 1586 miSsionis,
2529 1526 2778 1593 quoniam
2823 1527 2914 1598 qui
2951 1528 3198 1598 promisit
3224 1538 3410 1600 potens
3433 1539 3516 1585 est
3539 1539 3591 1584 et
3618 1529 3788 1586 facere

2214 1611 2388 1685 (Rom.
2409 1630 2485 1681 tv,
2513 1615 2627 1685 21).
2661 1616 2781 1672 Νοη
2807 1619 2974 1674 solum
3010 1629 3197 1686 autem,
3228 1621 3415 1693 inquit,
3463 1622 3551 1677 sed
3593 1633 3637 1677 et
3677 1623 3782 1679 Re-

2211 1703 2358 1758 becca
2387 1722 2450 1760 ex
2473 1724 2574 1762 uno
2595 1710 2861 1764 concubitu
2882 1710 3071 1766 habens
3087 1710 3259 1778 Isaac,
3291 1713 3450 1783 patris
3475 1715 3648 1770 nostri.
3662 1716 3787 1770 Cum

2207 1797 2344 1851 enim
2371 1798 2595 1852 nondum
2626 1801 2734 1854 nati
2755 1803 2990 1873 fuissent,
3012 1812 3102 1858 aut
3126 1803 3323 1875 aliquid
3345 1807 3690 1877 egissentboni
3709 1809 3781 1862 vel

2208 1891 2352 1956 mali,
2381 1901 2438 1945 ut
2462 1895 2738 1948 secundant
2761 1896 3054 1950 electionem
3083 1900 3397 1968 propositum
3418 1898 3511 1954 Dei
3542 1911 3776 1966 nuntiaret,

2207 1995 2310 2035 non
2335 1998 2398 2036 ea:
2422 1985 2677 2054 operibus,
2699 1985 2790 2040 sed
2817 2002 2883 2040 ea:
2906 1997 3111 2042 uocante
3132 1989 3322 2042 dictum
3339 2000 3431 2055 est,
3466 1990 3595 2060 Quia
3624 1993 3782 2063 major

2205 2075 2381 2131 serviet
2402 2077 2604 2131 minori.
2631 2079 2696 2132 Et
2727 2079 2811 2133 hic
2833 2087 2955 2134 tene
2975 2083 3026 2134 in
3050 2091 3231 2136 mente
3257 2081 3572 2138 electionem
3593 2098 3693 2138 non
3715 2099 3778 2137 ex

2205 2168 2480 2237 operibus,
2508 2185 2667 2239 quam
2696 2170 2929 2241 quodam
2955 2171 3115 2226 modo
3143 2173 3390 2243 exposuit
3415 2173 3666 2244 propheta
3687 2190 3781 2244 po-

2205 2265 2429 2329 sterior;
2460 2263 2602 2335 quod
2645 2265 2974 2335 subjungens
3017 2266 3304 2335 Apostolus
3332 2267 3425 2332 ait,
3475 2266 3617 2322 Sicut
3653 2270 3778 2322 scri-

2207 2366 2353 2426 ptum
2397 2363 2488 2419 est,
2531 2354 2694 2410 Iacob
2739 2356 2916 2421 dilexi,
2951 2355 3092 2410 Esau
3122 2367 3291 2411 autem
3325 2358 3442 2412 odio
3485 2359 3652 2412 habui.
3682 2359 3779 2414 llic

2204 2448 2437 2504 occurrit
2470 2448 2715 2518 quaestio,
2745 2463 2864 2518 qua:
2898 2448 3213 2516 perturbare
3244 2459 3422 2518 posset
3452 2464 3554 2504 non
3593 2451 3780 2504 intelli-

2201 2550 2392 2612 gentes
2432 2539 2770 2596 altitudinem
2794 2539 3014 2609 gratim:
3048 2555 3274 2610 eamque
3316 2541 3416 2594 sibi
3444 2541 3556 2611 ipse
3582 2559 3777 2613 propo-

2205 2647 2361 2699 nens,
2392 2632 2486 2698 ait,
2519 2631 2658 2698 Quid
2683 2648 2804 2703 ergo
2847 2632 3105 2687 dicemus?
3148 2635 3394 2702 numquid
3433 2635 3664 2702 iniquitas
3706 2648 3779 2690 est

2202 2727 2342 2797 apud
2379 2725 2581 2781 Deum?
2617 2725 2779 2780 Absit.
2813 2726 2878 2780 Et
2920 2734 2978 2780 ut
3015 2725 3231 2781 doceret
3255 2726 3395 2796 quod
3431 2727 3580 2792 dixit,
3611 2729 3780 2783 absit:

2204 2819 2408 2891 Moyses
2429 2818 2470 2884 ³,
2517 2818 2671 2884 enim,
2711 2817 2903 2888 inquit,
2930 2818 3076 2883 dicit,
3111 2817 3384 2873 Miserebor
3427 2821 3507 2874 cui
3548 2823 3777 2875 misertus

2201 2930 2308 2980 ero,
2331 2922 2376 2968 et
2397 2911 2795 2966 misericordiam
2815 2911 3063 2982 praestabo
3085 2913 3167 2966 cui
3188 2914 3468 2968 misericors
3485 2915 3642 2984 fuero.
3668 2913 3778 2983 lgi-

2202 3015 2286 3060 tur
2307 3020 2410 3060 non
2434 3004 2664 3069 volentis,
2689 3020 2847 3074 neque
2864 3005 3130 3070 currentis,
3154 3006 3243 3060 sed
3268 3006 3540 3062 miserentis
3561 3019 3636 3060 est
3663 3006 3777 3064 Dei.

2203 3098 2315 3154 Hoc
2338 3099 2382 3154 si
2402 3096 2730 3163 attenderes,
2762 3113 2868 3152 non
2893 3097 3180 3152 extolleres
3207 3106 3389 3153 contra
3420 3100 3637 3170 gratiam
3664 3113 3764 3155 me-

2202 3191 2305 3247 rita
2335 3190 2651 3254 voluntatis;
2689 3189 2774 3244 ubi
2805 3188 2979 3254 audis,
3004 3187 3126 3244 Non
3151 3190 3379 3256 colentis,
3403 3207 3556 3260 neque
3569 3208 3775 3246 curren-

2189 3284 2286 3352 tis,
2315 3285 2407 3338 sed
2432 3283 2713 3337 miserentis
2739 3291 2812 3337 est
2843 3281 2956 3336 Dei.
2981 3281 3095 3337 Non
3127 3297 3256 3352 ergo
3281 3281 3402 3336 ideo
3429 3283 3671 3338 misertus
3695 3295 3778 3339 est

2204 3375 2363 3440 Deus,
2401 3373 2524 3445 quia
2549 3373 2715 3429 voluit
2739 3371 3267 3439 et'cucurritJacob;
3288 3373 3384 3428 sed
3404 3373 3524 3428 ideo
3544 3375 3703 3429 voluit
3726 3387 3779 3430 ct

2199 3466 2436 3523 cucurrit
2461 3465 2649 3531 Jacob,
2679 3465 2802 3536 quia
2831 3465 3081 3520 misertus
3106 3473 3190 3520 est
3218 3465 3377 3520 Deus.
3407 3465 3625 3520 Paratur
3637 3467 3775 3521 enim

2200 3558 2446 3614 voluntas
2487 3572 2516 3611 a
2558 3555 2788 3612 Domino
2818 3554 3002 3628 (Prov.
3032 3571 3145 3622 vnt,
3187 3572 3286 3611 sec.
3320 3554 3483 3629 LXX)
3509 3573 3524 3610 :
3549 3565 3648 3612 eta
3674 3557 3778 3610 Do-

2201 3651 2352 3705 mino
2375 3663 2591 3721 gressus
2621 3647 2853 3703 hominis
2880 3645 3202 3719 diriguntur,
3229 3655 3285 3703 et
3314 3647 3452 3704 viam
3482 3647 3597 3718 ejus
3637 3647 3778 3703 velet

2203 3740 2378 3810 (Psal.
2404 3755 2591 3805 xxxvr,
2608 3739 2701 3812 25)
2713 3780 2726 3793 .
2751 3739 2975 3807 Deinde,
2995 3741 3119 3811 quia
3137 3749 3352 3812 propter
3364 3739 3528 3797 Jacob
3545 3739 3680 3795 dicta
3693 3752 3780 3795 est

2205 3834 2302 3889 ista
2329 3832 2590 3888 sententia
2618 3831 2905 3903 generalis,
2933 3829 3059 3886 Non
3077 3832 3307 3896 celeratis,
3335 3847 3492 3901 neque
3517 3833 3776 3895 currentis,

2202 3926 2292 3980 sed
2309 3923 2590 3978 miserearis
2615 3931 2688 3977 est
2714 3921 2806 3976 Dei
2831 3940 2851 3976 :
2875 3922 3032 3977 datur
3050 3923 3213 3978 etiam
3235 3923 3534 3992 exemplum
3561 3921 3628 3977 de
3645 3923 3779 3976 Pha-

2204 4031 2387 4082 raone,
2421 4025 2639 4086 propter
2667 4014 2718 4069 id
2749 4013 2891 4085 quod
2921 4013 3124 4069 dictum
3151 4023 3258 4080 est,
3304 4012 3445 4067 Esau
3473 4024 3636 4068 autem
3661 4015 3779 4068 odio

2205 4110 2388 4174 habui;
2435 4118 2491 4164 et
2527 4107 2824 4178 subjicitur,
2881 4108 3012 4162 Dicit
3039 4109 3174 4163 enim
3204 4107 3471 4180 Scriptura
3500 4107 3776 4170 Pharaoni,

2207 4203 2342 4271 Quia
2381 4202 2451 4255 ad
2481 4203 2575 4256 hoc
2611 4211 2658 4256 te
2684 4203 2918 4269 excitavi,
2963 4211 3018 4256 ut
3061 4202 3326 4256 ostendam
3371 4202 3426 4255 in
3472 4213 3519 4254 te
3553 4202 3781 4256 uirtutem

2205 4313 2386 4361 meam,
2417 4305 2463 4350 et
2488 4305 2544 4349 ut
2569 4296 2895 4349 annuntietur
2913 4311 3093 4349 nomen
3109 4311 3275 4348 meum
3296 4299 3348 4348 in
3367 4295 3597 4348 universa
3623 4304 3777 4347 terra.

2207 4389 2332 4444 Post
2373 4387 2489 4442 haec
2516 4387 2582 4442 ad
2619 4394 2906 4456 utrumque
2949 4386 3309 4450 concluditur,
3343 4386 3480 4456 Ergo
3507 4387 3648 4455 cujus
3674 4386 3781 4439 vult

2204 4481 2482 4544 miseretur,
2517 4485 2567 4532 et
2594 4491 2741 4548 quem
2765 4477 2874 4532 vult
2891 4477 3114 4532 obdurat
3136 4494 3154 4531 :
3179 4477 3274 4532 sed
3303 4478 3582 4532 miseretur
3605 4476 3784 4546 utique

2205 4569 2497 4626 secundum
2518 4569 2764 4640 gratiam,
2793 4583 2911 4639 quae
2934 4569 3100 4639 gratis
3117 4568 3292 4632 datur,
3317 4583 3422 4622 non
3439 4568 3638 4623 meritis
3661 4566 3783 4621 red-

2205 4663 2376 4728 ditur;
2401 4662 2636 4718 obdurat
2660 4673 2840 4716 autem
2869 4661 3162 4716 secundum
3187 4661 3466 4731 judicium,
3503 4659 3642 4730 quod
3668 4675 3782 4714 me-

2205 4757 2323 4812 ritis
2344 4752 2640 4810 redditur‘.
2669 4753 2745 4808 De
2782 4767 2956 4807 massa
2995 4753 3191 4823 quippe
3212 4753 3456 4806 damnata
3485 4753 3655 4806 facere
3685 4765 3785 4802 vas

2208 4846 2261 4901 in
2289 4845 2569 4911 honorem,
2601 4842 2882 4900 manifesta
2912 4852 2996 4898 est
3027 4845 3231 4914 gratia:
3256 4843 3428 4899 facere
3455 4853 3628 4897 autem
3659 4841 3787 4895 inde

2208 4956 2300 4994 vas
2330 4940 2382 4994 in
2411 4937 2808 5002 contumeliam,
2834 4936 3037 5006 justum
3074 4935 3332 5005 judicium
3371 4943 3472 4991 est.
3513 4934 3644 4988 Hinc
3669 4933 3785 5003 jam

2207 5032 2496 5102 subiiciens
2519 5030 2681 5085 verba
2707 5043 2917 5092 eorum,
2939 5029 3132 5097 quibus
3153 5027 3257 5082 hoc
3276 5027 3536 5098 displicet,
3557 5025 3630 5079 ait
3651 5043 3663 5078 :
3683 5023 3786 5078 Di-
3822 5093 3826 5096 ⁵

2207 5125 2278 5177 cis
2305 5124 2471 5193 itaque
2493 5121 2638 5185 mihi,
2665 5121 2802 5188 Quid
2821 5121 2987 5174 adhuc
3015 5119 3382 5189 conqueritur?
3401 5134 3519 5171 nam
3543 5117 3787 5171 voluntati

2208 5217 2318 5284 ejus
2345 5214 2458 5284 quis
2485 5211 2710 5267 resistit?
2734 5211 2949 5280 Eosque
2973 5209 3264 5266 cohibens:
3291 5209 3342 5264 0
3382 5210 3548 5273 homo,
3593 5207 3787 5277 inquit,

2209 5315 2261 5359 tu
2286 5307 2398 5376 quis
2433 5310 2485 5359 cs
2517 5305 2607 5378 qui
2627 5305 2935 5376 respondeas
2963 5302 3108 5358 Deo?
3147 5301 3406 5374 Numquid
3432 5303 3551 5356 dicit
3576 5303 3791 5372 ﬁgmen-

2275 5508 2290 5539 ί
2314 5512 2419 5556 Mss.
2445 5511 2554 5553 alar.
2581 5511 2634 5555 et
2654 5502 2795 5564 Clar.,
2813 5500 2914 5564 qui.

2276 5570 2295 5600 θ
2319 5569 2394 5617 sic
2415 5576 2519 5616 Mss.
2541 5567 2676 5624 aditi,
2704 5566 2755 5617 in
2781 5578 2960 5617 semen.

2276 5631 2296 5662 ³
2314 5637 2470 5687 Forte,
2517 5628 2683 5691 luat/si.

2273 5691 2294 5721 ἰ
2320 5691 2532 5740 alterum
2571 5689 2660 5740 hoc
2693 5691 2965 5740 membrum
2988 5691 3274 5747 sententia),
3301 5689 3503 5738 obdurat
3533 5695 3695 5740 autem
3724 5703 3808 5744 sst-

2211 5754 2424 5806 cundmu
2459 5751 2742 5814 judicium,
2781 5755 2909 5815 quod
2954 5751 3138 5803 meritis
3177 5750 3425 5815 redditur,
3465 5763 3540 5815 ex_
3565 5763 3807 5806 veterum

2215 5812 2571 5865 librorutn'i‘ule
2606 5812 2923 5866 restituimus.
2961 5816 3006 5862 td
3040 5815 3218 5864 habent
3260 5813 3403 5863 etiam
3447 5812 3572 5863 Beda
3608 5822 3660 5863 et
3696 5819 3810 5864 Ho-

2216 5893 2317 5927 tua.
