4118 6550
421 432 547 487 HM

414 548 598 602 tumei
617 545 704 615 qui
726 560 782 599 ss
809 541 980 612 tinuit,
1008 536 1150 604 Quid
1178 552 1258 591 nte
1279 531 1445 604 fecisti
1482 530 1596 587 sic?
1631 530 1814 584 Annon
1850 525 2001 581 habet

419 646 714 710 potestatem
755 634 943 707 ﬁgulus
984 631 1100 698 luti,
1137 645 1203 684 es
1243 626 1420 682 eadem
1447 640 1615 679 massa
1652 627 1820 697 facere
1858 617 2002 675 aliud

412 730 620 803 quidem
638 744 732 783 ras
752 727 807 782 in
827 726 1095 788 bonum,
1123 719 1266 776 aliud
1287 736 1341 774 tn
1373 715 1729 773 contumeliam
1746 715 1774 771 7
1798 712 1933 769 Vide
1957 710 2002 765 si

416 837 526 878 non
553 826 817 877 comunt
841 815 1209 887 superioribus
1236 812 1367 873 suis,
1411 817 1467 866 et
1507 807 1758 864 dissentit
1795 821 1827 861 a
1857 804 2000 861 tuis:

416 915 511 985 qui
539 922 696 984 putas
721 911 823 967 hoc
860 910 1067 965 dictum
1095 905 1390 963 sectandum
1424 903 1615 958 uterita
1647 901 2002 962 voluntatum,

414 1014 603 1060 contra
625 1002 677 1059 id
701 1001 841 1074 quod
864 1001 981 1071 ipse
1005 999 1102 1064 ait,
1121 997 1250 1054 Cum
1270 996 1406 1051 enim
1434 991 1659 1049 nondum
1687 992 1793 1045 nati
1816 999 2003 1053 essent,

418 1111 507 1149 nec
532 1092 727 1163 aliquid
752 1093 969 1163 egissent
999 1090 1117 1144 boni
1141 1089 1218 1143 uel
1241 1087 1389 1152 mali,
1410 1096 1473 1141 stt
1498 1084 1778 1140 secundum
1804 1083 2007 1137 electio—

411 1202 531 1239 nem
556 1184 870 1254 propositum
895 1181 991 1235 Dei
1018 1185 1260 1247 maneret,
1296 1193 1400 1233 ιο·ι
1429 1192 1494 1232 ea:
1520 1174 1775 1248 operibus,
1815 1172 1908 1229 sed
1943 1188 2008 1228 ea:

416 1285 629 1330 verume
650 1275 842 1329 dictum
864 1282 959 1335 est,
991 1272 1125 1337 Quia
1151 1271 1318 1333 maior
1336 1268 1519 1324 seruiet
1542 1267 1763 1330 ntinori;
1795 1273 1852 1321 et
1877 1280 2010 1320 cou-

420 1376 500 1422 tm
527 1366 578 1420 id
603 1364 746 1435 quod
777 1365 892 1437 ipse
919 1364 1014 1429 ait,
1042 1361 1212 1433 Igitur
1235 1378 1339 1415 non
1358 1359 1589 1424 uolentis,
1617 1374 1777 1426 neque
1798 1373 2010 1413 curren-

416 1458 507 1526 tis,
531 1458 622 1513 sed
646 1456 927 1512 miserantis
954 1463 1029 1510 est
1059 1453 1172 1509 Det.
1204 1451 1317 1509 Nec
1339 1450 1725 1508 solumcontra
1748 1447 1867 1505 hac
1886 1462 2009 1519 qua:

418 1554 833 1621 processerunt,
875 1561 1063 1603 verum
1106 1544 1270 1601 etiam
1310 1552 1500 1599 contra
1548 1541 1639 1596 illa
1662 1554 1785 1611 qua:
1813 1538 2008 1595 subse-

421 1648 680 1710 quuntur.
696 1637 843 1695 Vasa
864 1637 1065 1710 quippe
1090 1637 1185 1692 ira:
1208 1634 1362 1701 dicit,
1391 1649 1511 1704 qua:
1539 1640 1667 1688 sunt
1695 1629 1934 1702 perlecta
1954 1629 2010 1686 in

423 1731 808 1804 perditiatemz;
854 1730 999 1803 quod
1030 1729 1285 1800 injustam
1308 1735 1477 1795 esset,
1522 1726 1624 1781 nisi
1659 1725 1915 1781 omnibus
1941 1740 2010 1781 ex

423 1837 532 1879 uno
572 1823 627 1879 in
674 1821 1175 1879 condenmationem
1229 1814 1567 1875 venientibus
1601 1815 1714 1888 jam
1759 1815 2011 1873 damnata

423 1931 600 1972 massa
632 1924 779 1987 esset
798 1933 813 1969 :
834 1921 892 1969 et
911 1928 1040 1969 vasa
1068 1912 1197 1969 dicit
1225 1909 1627 1976 misericordia;
1655 1905 1776 1979 ante
1808 1923 2015 1979 praepa-

424 2005 636 2061 ravitin
661 2004 917 2075 gloriam:
946 2003 1017 2058 ad
1048 2000 1468 2059 misericordiam
1488 2000 1685 2073 quippe
1698 2008 2010 2072 gratuntam,

427 2113 531 2150 uon
552 2095 807 2161 debitam,
831 2095 1058 2165 pertinet
1078 2093 1146 2150 de
1171 2107 1347 2148 massa
1375 2091 1626 2148 damnata
1652 2106 1779 2147 vasa
1812 2091 1865 2146 in
1892 2091 2012 2162 glo-

425 2188 557 2241 riam
588 2201 918 2256 preparato;
945 2202 1046 2240 non
1066 2186 1234 2240 solum
1258 2200 1325 2239 ea:
1345 2182 1566 2248 J‘udtets,
1595 2182 1731 2237 sicut
1745 2181 1902 2249 dicit;
1922 2181 2014 2237 sed

421 2280 573 2331 etiam
595 2293 660 2332 ea:
683 2275 946 2341 (lactibus,
980 2286 1199 2346 propter
1220 2274 1363 2346 quod
1385 2274 1536 2344 ponit
1561 2273 1925 2330 testimonium
1944 2272 2013 2330 de

421 2369 562 2424 Osee
576 2367 856 2440 propheta,
885 2367 1070 2423 Vocaui
1080 2383 1185 2422 non
1203 2365 1394 2438 plebem
1408 2382 1591 2433 meum,
1613 2366 1805 2435 plebem
1825 2380 2014 2429 meam;

421 2469 476 2516 et
502 2460 574 2516 de
598 2460 753 2527 lsaia,
782 2458 1005 2530 Propter
1032 2458 1199 2514 Israel
1224 2458 1455 2529 reliquie
1479 2458 1633 2512 salua
1658 2458 1801 2527 fient.
1826 2454 1905 2513 .Ut
1927 2471 2016 2511 auo

416 2562 530 2608 tem
555 2552 877 2629 essentistze
894 2551 1159 2623 reliquim,
1184 2551 1353 2622 gratia
1378 2550 1477 2606 Dei
1507 2550 1701 2604 factum
1727 2564 1848 2605 esse
1874 2548 2015 2604 testi-

420 2645 603 2699 monio
616 2653 874 2715 sequente
891 2643 1071 2711 ducet,
1099 2657 1197 2713 per
1215 2638 1463 2699 eumdem
1495 2641 1809 2711 prophetam
1837 2640 2015 2695 dicen-

420 2744 551 2801 tem,
602 2733 719 2789 Nisi
761 2732 1015 2789 Dominus
1056 2733 1268 2789 sabaoth
1309 2730 1595 2803 reliquisset
1637 2731 1781 2787 nobis
1821 2747 2011 2786 semen.

425 2826 628 2881 Deinde
651 2825 885 2881 ostendit
909 2825 1109 2882 Gentes
1147 2840 1216 2882 ex
1261 2825 1365 2880 tide
1391 2823 1811 2894 apprehendisse
1849 2823 2014 2893 justi-

424 2917 586 2973 tiam:
615 2917 777 2974 Israel
802 2926 981 2973 autem
1008 2918 1134 2974 ideo
1158 2933 1262 2972 non
1286 2917 1725 2987 apprehendisse,
1746 2919 1873 2988 quia
1908 2936 2011 2972 nou

423 3024 489 3064 ex
520 3010 641 3073 lide,
679 3008 773 3065 sed
801 3018 1052 3080 tanquam
1078 3025 1144 3065 ex
1172 3011 1446 3079 operibus.
1474 3008 1635 3066 Fides
1656 3011 1799 3065 enim
1826 3009 2009 3075 habet,

422 3101 565 3171 quod
584 3101 871 3172 aliquando
890 3110 1012 3172 post
1037 3102 1197 3158 dicit:
1224 3101 1478 3169 Quoniam
1501 3104 1664 3158 omnis
1690 3104 1779 3174 qui
1802 3104 2011 3157 invoca-

423 3195 551 3247 νει-ει
569 3208 749 3248 nomen
772 3192 1005 3259 Domini,
1028 3193 1204 3249 salvus
1223 3193 1334 3249 erit.
1362 3195 1443 3252 Ad
1465 3210 1622 3266 quam
1647 3195 1871 3251 salutem
1894 3210 2015 3266 per-

428 3284 581 3353 tinet,
609 3294 668 3340 ut
691 3299 855 3356 opera
904 3285 1039 3340 bona
1081 3293 1136 3342 et
1173 3284 1379 3356 iustitia
1422 3284 1581 3348 nobis
1608 3299 1674 3342 ex
1705 3285 1817 3341 Deo
1843 3286 2010 3351 sint‘,

425 3389 532 3429 nou
557 3391 624 3430 es
651 3377 825 3432 nobis.
860 3376 1085 3448 Propter
1108 3376 1273 3447 quod,
1300 3375 1370 3432 de
1408 3377 1515 3434 illis
1542 3379 1630 3447 qui
1660 3392 1766 3433 non
1791 3392 1859 3432 ex
1888 3375 2011 3442 ﬁde,

422 3465 518 3519 sed
549 3475 800 3547 tanquam
827 3482 891 3522 ex
919 3467 1169 3538 operibus
1204 3467 1622 3525 oli'cndernut'iu
1644 3467 1887 3538 lapidem
1935 3467 2017 3522 of-

426 3557 706 3625 fensionis,
734 3560 998 3630 sequitur,
1044 3568 1100 3615 et
1143 3560 1275 3615 dicit
1310 3577 1325 3614 :
1369 3558 1599 3625 Fratres,
1628 3559 1758 3615 bona
1780 3559 2016 3615 uoluntas

425 3649 628 3717 quidem
654 3651 822 3704 cordis
844 3652 963 3717 mei,
995 3658 1041 3705 et
1078 3650 1365 3722 deprecatio
1393 3651 1463 3705 ad
1489 3651 1655 3706 Deum
1697 3667 1790 3723 pro
1827 3651 1930 3705 illis
1961 3651 2017 3706 in

424 3741 640 3795 salutem
662 3757 682 3796 :
706 3741 1042 3796 testimonium
1062 3742 1196 3796 enim
1215 3740 1450 3812 perhibeo
1469 3742 1573 3797 illis
1588 3743 1711 3813 quia
1735 3742 1900 3796 zelum
1920 3740 2017 3796 Dei

423 3834 630 3901 habent,
659 3834 749 3890 sed
776 3851 879 3890 non
903 3834 1179 3890 secundum
1216 3834 1496 3892 scientiam.
1543 3832 1845 3906 Ignorantes
1880 3834 2016 3888 enim

423 3925 522 3981 Dei
546 3927 802 3997 justitiam
831 3936 877 3982 et
905 3943 1052 3981 suam
1080 3926 1335 3999 justitiam
1374 3935 1651 3997 querentes
1692 3926 2011 3991 constituere,

419 4018 632 4089 justitite
660 4016 755 4074 Dei
780 4034 883 4073 non
921 4027 1037 4072 sunt
1073 4017 1285 4089 subjecti
1314 4016 1489 4090 (Rom.
1515 4033 1590 4085 Ix,
1620 4017 1685 4081 6;
1714 4033 1745 4071 κ
1769 4059 1783 4080 ,
1812 4017 1866 4081 5,
1902 4017 2013 4087 l3).

427 4107 581 4177 Quod
611 4109 831 4164 omnino
857 4118 911 4165 et
936 4124 1031 4165 vos
1054 4109 1258 4165 facitis:
1281 4108 1539 4179 justitiam
1559 4110 1755 4180 quippe
1783 4118 2015 4164 vestram

429 4201 589 4255 vultis
603 4201 952 4265 constituere,
971 4201 1054 4255 cui
1073 4200 1216 4256 Deus
1237 4199 1527 4257 secundum
1547 4200 1736 4255 merita
1759 4200 2017 4255 retribuat

424 4292 680 4360 gratiam;
713 4307 811 4347 nec
855 4292 1013 4347 vultis
1036 4292 1258 4362 gratiam
1290 4292 1383 4347 Dei
1416 4290 1743 4362 prasccdere,
1773 4306 1895 4362 qua:
1921 4305 2017 4346 vos

492 4424 507 4453 ί
536 4421 682 4492 tfditi,
717 4428 769 4472 nt
798 4434 946 4486 opera
972 4422 1114 4492 _bpna
1152 4421 1279 4483 sint,
1314 4436 1367 4475 et
1394 4420 1592 4486 Jualllitt
1631 4421 1767 4474 nobis
1804 4434 1871 4475 ea:
1915 4432 2019 4475 Deo

430 4490 511 4531 su.
542 4484 838 4545 ωδιῑευι..ιω³
872 4498 933 4533 ex
968 4484 1065 4534 lide
1100 4493 1179 4535 ns.
1213 4493 1338 4537 rort.

1724 412 1929 468 LIBER
1966 409 2341 468 SECUNDUS.

3565 406 3706 481 iit!

2112 523 2271 580 meiat
2292 523 2491 580 habere
2508 523 2791 595 justitiam.
2826 521 3027 579 Deinde
3051 535 3289 578 connexa
3317 522 3535 578 sibimet
3563 523 3706 576 serie

2110 617 2504 687 disputationis,
2552 615 2618 670 ad
2666 612 2794 670 illud
2835 613 3097 685 pervenit,
3129 613 3217 668 ubi
3246 614 3341 676 ait,
3395 611 3517 666 Dico
3561 628 3704 683 ergo,

2116 707 2377 777 Numquid
2425 708 2609 778 repulit
2647 705 2792 762 Deus
2838 704 3033 776 plebem
3073 694 3258 760 suam?
3291 704 3428 758 Absit
3465 719 3628 759 :nam
3658 712 3707 756 et

2110 817 2201 873 ego
2229 797 2467 855 Israelita
2493 816 2630 865 sum,
2656 815 2719 854 ea:
2741 797 2932 854 semine
2958 796 3234 862 Abraham,
3267 810 3331 849 es:
3361 792 3494 848 tribu
3521 792 3683 861 Benju
3701 822 3713 831 -

2104 893 2214 946 uti»
2239 909 2258 948 :
2282 908 2383 946 non
2408 892 2593 963 repulit
2634 891 2769 946 Deus
2811 890 3001 960 plebem
3036 906 3203 954 suam,
3234 904 3386 961 quam
3429 886 3701 955 praecinit,

2112 989 2193 1042 Au
2218 988 2416 1067 nescitis
2437 988 2490 1041 in
2519 986 2633 1041 Elia
2654 985 2778 1058 quid
2796 984 2917 1041 dicit
2952 982 3244 1054 Scriptura,
3273 979 3701 1052 quemadmodum

2108 1081 2401 1151 interpellat
2431 1078 2592 1135 Deum
2612 1080 2860 1133 aduersus
2895 1075 3102 1133 Israel?
3150 1074 3386 1139 Domine,
3429 1071 3705 1143 praphctas

2112 1183 2226 1227 tuas
2245 1172 2554 1238 occiderunt,
2575 1164 2622 1226 et
2639 1170 2824 1226 altaria
2843 1178 2934 1224 tua
2956 1166 3295 1236 stt/foderunt,
3317 1173 3362 1220 et
3382 1180 3472 1238 ego
3497 1161 3706 1217 relictus

2111 1281 2226 1320 sum
2251 1264 2410 1332 solus,
2439 1271 2488 1319 et
2513 1261 2998 1335 mumnimam
3038 1275 3223 1313 meam.
3270 1254 3379 1312 Sed
3416 1254 3540 1323 quid
3583 1252 3706 1307 dicit

2112 1357 2192 1412 illi
2216 1372 2515 1429 responsum
2538 1353 2803 1411 Mirum?
2833 1352 3036 1422 Reliqui
3058 1351 3185 1407 mihi
3223 1359 3412 1421 septem
3441 1347 3605 1402 millia
3633 1348 3709 1402 vi-

2112 1465 2308 1514 rorum,
2337 1448 2424 1517 qui
2443 1463 2544 1502 non
2566 1452 2899 1502 curvaverant
2924 1460 3057 1516 genu
3076 1451 3195 1497 ante
3209 1440 3362 1497 Baal.
3392 1438 3485 1497 Sic
3510 1454 3631 1511 ergo
3661 1446 3709 1491 et

2113 1542 2169 1597 in
2193 1543 2290 1597 hoc
2316 1550 2539 1612 tempore
2568 1539 2800 1611 reliquie
2841 1555 2933 1611 per
2974 1537 3266 1594 electionem
3309 1535 3489 1608 gratia:
3509 1532 3527 1565 ³
3558 1534 3709 1604 facta

2113 1643 2251 1691 sunt.
2280 1633 2341 1689 Si
2366 1630 2541 1688 autem
2578 1632 2766 1704 gratia,
2804 1632 2921 1701 jam
2946 1647 3050 1685 non
3076 1645 3140 1686 ea;
3175 1628 3452 1699 operibus;
3475 1625 3708 1695 alioquin

2112 1727 2283 1798 gratia
2300 1727 2417 1799 jam
2444 1742 2545 1781 non
2571 1734 2648 1780 est
2678 1725 2864 1796 gratia.
2896 1722 3101 1780 Deinde
3128 1722 3251 1799 vide
3274 1720 3403 1793 quid
3428 1719 3705 1790 adjnngat.

2118 1797 2258 1884 Quid
2283 1797 2424 1890 ergo,
2448 1817 2654 1888 inquit?
2672 1815 2826 1884 Quod
2866 1816 3119 1886 querebat
3164 1797 3352 1879 Israel,
3385 1812 3480 1867 hoc
3502 1827 3605 1865 non
3633 1821 3707 1864 est

2116 1921 2410 1966 consecutus
2428 1926 2448 1965 :
2469 1910 2644 1965 electio
2680 1918 2852 1963 autent
2876 1916 3146 1963 consecuta
3187 1914 3280 1961 est.
3324 1903 3432 1962 Sed
3459 1902 3707 1975 superius

2117 2004 2325 2074 reapice
2345 2003 2517 2075 qualis
2539 2002 2750 2067 electio,
2777 2000 2866 2055 ubi
2896 2001 3001 2055 ait:
3026 1997 3272 2064 Reliquiae
3295 2014 3390 2068 per
3414 1994 3711 2051 electionem

2117 2097 2295 2168 gratia:
2317 2097 2594 2166 [actwsuut
2615 2095 2692 2150 :si
2705 2103 2874 2149 autem
2892 2094 3079 2164 gratia,
3093 2093 3209 2164 jam
3235 2108 3338 2147 non
3363 2105 3427 2145 ex
3449 2086 3706 2159 operibus.

2117 2189 2306 2245 Ethec
2332 2188 2498 2245 refert
2522 2186 2591 2242 ad
2635 2185 2785 2251 illud,
2834 2184 2974 2241 unde
3017 2184 3306 2254 disputatio
3331 2183 3429 2237 ista
3462 2179 3703 2253 proiecta

2114 2294 2235 2339 est:
2261 2281 2391 2339 Cum
2417 2281 2550 2335 enim
2574 2278 2800 2334 nondum
2826 2278 2932 2331 nati
2960 2287 3145 2341 essent,
3172 2291 3332 2346 neque
3358 2271 3552 2345 aliquid
3577 2271 3710 2343 egis-

2115 2384 2227 2430 sent
2248 2375 2365 2429 boui
2390 2383 2477 2427 aut
2503 2370 2650 2438 mali,
2676 2379 2732 2424 ut
2755 2370 3036 2425 secundum
3064 2369 3357 2425 electionem
3389 2368 3708 2439 prepositum

2117 2464 2215 2519 Dei
2238 2472 2498 2526 maneret;
2526 2478 2629 2516 non
2654 2478 2718 2516 es:
2738 2458 2995 2531 operibus.
3024 2459 3150 2515 Hmc
3174 2468 3257 2513 est
3284 2458 3476 2512 electio
3498 2458 3707 2528 gratim,

2117 2573 2223 2613 non
2246 2573 2310 2611 ex
2333 2555 2599 2625 operibus,
2634 2569 2738 2625 qua
2759 2555 2781 2586 ⁸
2804 2554 2937 2607 (lunt
2960 2566 3086 2607 vasa
3108 2550 3161 2606 in
3189 2550 3472 2616 honorem,
3500 2560 3557 2604 ut
3572 2552 3711 2606 bona

2110 2662 2280 2716 tubera
2309 2645 2507 2701 iaciant
2526 2663 2540 2699 :
2562 2646 2687 2716 quia
2709 2645 2845 2699 bona
2862 2658 3026 2713 npera
3044 2642 3442 2713 subsequuntur
3460 2642 3709 2713 gratiam,

2115 2758 2225 2797 non
2250 2739 2595 2812 praecedunt;
2624 2737 2877 2809 quoniam
2894 2736 3066 2808 gratia
3094 2735 3192 2791 Dei
3219 2734 3351 2790 iacit
3375 2743 3522 2790 utea
3550 2734 3714 2790 facia-

2108 2851 2269 2902 mus;
2302 2848 2403 2891 nec
2425 2816 2823 2889 constituamus
2848 2830 3109 2901 justitiam
3156 2838 3422 2896 nostram,
3474 2829 3570 2886 sed
3620 2828 3713 2884 Dei

2114 2926 2317 2997 iustitia
2342 2925 2414 2981 sit
2438 2924 2490 2979 iu
2518 2922 2696 2990 nobis,
2724 2923 2776 2977 id
2803 2929 2907 2987 est,
2936 2936 3096 2992 quam
3144 2920 3311 2976 donat
3356 2922 3496 2977 Dens
3534 2919 3710 2975 nobis.

2114 3018 2300 3074 Ceteri
2314 3033 2432 3072 uero
2450 3017 2687 3072 excusati
2708 3024 2827 3070 sunt
2841 3012 3017 3087 (Rom.
3037 3031 3111 3080 ιι,
3128 3016 3183 3080 1,
3201 3015 3260 3085 7)
3280 3033 3294 3070 :
3325 3014 3430 3070 hoc
3461 3024 3545 3070 est
3563 3013 3713 3085 judi-

2119 3111 2282 3176 cium,
2316 3124 2425 3180 quo
2455 3110 2586 3163 liunt
2606 3122 2732 3162 vasa
2764 3107 2819 3162 in
2847 3106 3260 3172 contumeliam;
3288 3121 3353 3163 ex
3376 3122 3486 3177 quo
3506 3106 3713 3177 judicio

2119 3199 2321 3254 dictum
2348 3207 2451 3261 est,
2487 3197 2624 3253 Esau
2651 3206 2817 3251 autem
2846 3196 2965 3251 odio
2986 3197 3158 3252 habui.
3188 3193 3265 3252 Ex
3286 3212 3393 3267 quo
3414 3196 3615 3267 judicio
3634 3197 3717 3251 di-

2106 3300 2264 3345 ctum
2284 3297 2372 3345 est
2394 3288 2559 3363 etiam
2580 3287 2867 3352 Pharaoni,
2897 3287 2978 3342 Ad
3001 3287 3096 3341 hoc
3126 3295 3173 3341 te
3196 3287 3424 3341 excitavi.
3446 3285 3599 3343 Unde
3619 3301 3717 3357 ap-

2120 3390 2274 3451 paret
2296 3394 2392 3436 vos
2413 3378 2492 3435 sic
2514 3377 2894 3448 intelligemus,
2912 3378 2996 3434 vel
3022 3378 3199 3449 potius
3225 3392 3330 3432 non
3354 3377 3715 3447 intelligentcs

2122 3470 2460 3541 Apostolum,
2482 3485 2546 3525 ex
2568 3470 2821 3540 operibus
2838 3477 3031 3524 contra
3057 3469 3283 3539 gratiam
3306 3469 3445 3524 velle
3467 3468 3711 3540 gloriari,

2120 3573 2174 3619 et
2199 3573 2431 3617 vestram
2450 3561 2709 3630 justitiam
2734 3561 2973 3618 volentes
2998 3561 3345 3625 constituere,
3371 3561 3591 3631 justitiae
3618 3562 3713 3617 Dei

2122 3670 2228 3709 non
2256 3669 2378 3710 esse
2406 3653 2696 3724 subjectos.
2720 3651 2829 3708 Nos
2858 3667 2989 3709 vero
3013 3654 3179 3708 Deum
3210 3653 3427 3721 quidem
3460 3653 3713 3723 parvulo-

2121 3760 2241 3800 rum
2267 3745 2512 3815 opilicem
2544 3743 2930 3814 prwdicamus:
2957 3742 3053 3799 sed
3077 3760 3146 3799 ex
3175 3743 3361 3799 eadem
3394 3758 3571 3799 massa
3596 3761 3714 3799 me-

2121 3836 2266 3892 dium
2297 3837 2470 3891 locum
2499 3835 2658 3898 vasis,
2693 3834 2780 3890 ubi
2825 3850 2928 3892 nec
2965 3836 3017 3890 in
3046 3836 3308 3892 honorem
3352 3836 3501 3904 tiam,
3533 3852 3631 3891 nec
3661 3839 3714 3892 in

2122 3927 2522 3991 ronrtumeliam,
2550 3941 2841 3997 quemnon
2864 3926 3012 3982 dedit
3036 3926 3338 3995 Apostolus,
3363 3942 3467 3981 non
3493 3927 3712 3992 damus;

2121 4019 2263 4091 quod
2291 4033 2386 4074 vos
2420 4017 2675 4073 iaciendo
2720 4017 3021 4074 evaderetis
3059 4018 3318 4089 judicium
3363 4019 3474 4083 Dei,
3512 4019 3555 4073 si
3585 4034 3713 4073 eum

2123 4112 2492 4169 tantummodo
2518 4111 2952 4176 Manicha‘orttm,
2982 4119 3037 4167 et
3079 4126 3185 4166 non
3217 4112 3454 4166 oumimn
3495 4112 3710 4167 haereti-

2122 4221 2307 4263 eorum
2327 4204 2696 4261 damnatorum
2714 4204 3087 4259 demonstrare
3110 4205 3357 4274 possetis.

2187 4357 2509 4469 Riignge‘rzius
2526 4356 2608 4408 hic
2628 4363 2681 4408 et
2704 4355 2822 4407 intra
2844 4358 2889 4406 in
2912 4368 2976 4407 eo
2992 4354 3123 4406 Pauli
3147 4357 3422 4407 testimonio
3437 4362 3718 4405 constanter

2219 4435 2231 4469 I
2295 4433 2349 4469 sa
2372 4432 2397 4469 v
2447 4456 2462 4469 .

2122 4422 2272 4479 addit,
2295 4422 2462 4470 saltue.

2187 4484 2211 4516 ³
2228 4481 2362 4547 Apud
2380 4480 2573 4541 uetiam,
2598 4478 2730 4544 quia.

1354 4747 1833 4855 LIBER
1889 4743 2773 4854 SECUNDUS.

488 4927 735 5003 ttefellitnr
752 4927 879 5003 liber
900 4929 1075 5003 .tttliani
1092 4931 1151 4980 ad
1175 4932 1362 4984 Florum
1384 4933 1645 4989 secundus,
1667 4934 1752 4991 qui
1769 4933 1834 5003 de
1846 4931 1953 5003 illis
1976 4938 2053 4981 est
2075 4928 2285 5003 Αιηειοιζ
2303 4930 2485 5003 verbis,
2512 4930 2571 5003 ad
2593 4937 2897 5003 pomsnos'v,
2929 4940 3189 5003 perimunt
3208 4932 3451 5003 hgmiuem
3468 4942 3722 5003 peccatum

420 4990 473 5061 εξ»
496 4994 623 5041 hunc
644 4996 880 5042 numnum
899 4992 1112 5061 intrauit.
1136 5004 1283 5061 etper
1305 5003 1558 5061 peccatum
1573 4990 1705 5061 mors
1723 5009 1739 5055 ;
1757 4999 1886 5061 etita
1907 4997 1960 5045 in
1973 4990 2135 5044 omnes
2156 4990 2386 5061 homines,
2414 5001 2511 5041 etc.
2530 4990 2771 5061 Juliannm
2784 4993 2863 5061 hic
2883 4995 3070 5061 rejecto
3089 4993 3328 5046 catholiw
3339 4990 3489 5046 sensu
3512 4997 3723 5061 (secun-

424 5054 538 5100 dum
560 5067 708 5117 quem
754 5057 1044 5120 sugpstinus
1090 5058 1136 5106 in
1178 5054 1551 5108 libro'serundo
1587 5058 1651 5107 de
1683 5054 1865 5120 Nuptiis
1902 5063 1954 5105 et
1995 5054 2419 5120 Conmtj_tiscetttia,
2461 5054 2629 5120 capite
2666 5054 2900 5118 vigesimo
2941 5054 3179 5120 septimo,
3219 5069 3277 5106 ca
3315 5061 3464 5108 verba

3534 5075 3583 5108 θ’
3610 5062 3721 5113 Adae

427 5113 625 5183 pecude
647 5113 968 5183 generatione
992 5119 1041 5183 in
1065 5132 1237 5168 clunes
1258 5120 1408 5182 ipsius
1432 5128 1651 5183 posteros
1673 5113 1955 5169 transmisso
1972 5113 2234 5183 exposuit)
2255 5113 2433 5183 frustra
2459 5113 2698 5174 laborare,
2716 5113 2778 5183 ut
2797 5113 3065 5183 secundum
3089 5117 3390 5181 Pelagianam
3408 5120 3635 5173 hatresint
3655 5124 3721 5176 de

429 5174 883 5240 exernjilo7pcccati,
909 5193 1007 5229 non
1029 5181 1080 5230 in
1094 5174 1528 5245 muntswstei'as,
1546 5182 1640 5233 sed
1662 5184 1714 5232 in
1732 5186 1993 5245 [iocantes
2014 5174 2199 5229 tantum
2215 5174 2489 5226 imitatione
2510 5179 2809 5229 transeuntis
2825 5216 2841 5241 ,
2864 5174 3220 5244 intelligantur.

1880 5307 2253 5365 W0

508 5423 546 5477 l.
586 5424 857 5485 leuamus.
899 5428 1191 5488 Commode
1232 5434 1509 5490 nobiscum
1552 5446 1822 5507 ageretur,
1855 5436 1896 5491 si
1928 5444 2020 5489 aut

435 5518 573 5587 apud
601 5518 839 5575 eruditos
865 5522 1069 5591 judices
1093 5529 1361 5597 negotium
1386 5530 1626 5586 veritatis
1646 5532 1779 5587 tueri
1805 5533 2021 5588 daretur

435 5607 701 5674 facultas;
743 5620 835 5665 aut
878 5614 1002 5682 quia
1052 5614 1151 5669 hoc
1200 5617 1409 5673 interim
1451 5631 1694 5694 negatur,
1740 5623 1824 5678 vel
1873 5622 2021 5680 nullo

433 5698 803 5770 imperitorum
833 5701 1313 5761 obverberaremur
1344 5711 1589 5766 tumultu.

507 5792 860 5850 AUGUSTINUS.
901 5791 1059 5850 Tales
1099 5807 1247 5854 certe
1284 5800 1522 5857 eruditos
1560 5804 1767 5872 judices
1803 5808 2016 5876 quzeris,

437 5884 521 5955 qui
558 5885 661 5941 nisi
702 5884 899 5943 luerim
934 5887 1130 5944 exculti
1161 5898 1215 5945 et
1243 5891 1416 5947 ornati
1446 5891 1751 5951 liberalibus
1780 5899 2018 5969 discipli-

2127 5430 2235 5495 nis,
2271 5447 2443 5501 neque
2489 5433 2848 5502 ignor-verint
2883 5439 3006 5508 quid
3050 5442 3317 5496 senserint
3357 5442 3517 5497 etiam
3552 5442 3717 5513 hujus

2127 5522 2310 5577 mundi
2339 5524 2354 5555 ¹
2385 5524 2707 5594 philosophi,
2738 5526 2805 5581 de
2838 5530 2942 5584 tuis
2975 5530 3134 5587 dietis
3164 5533 3410 5601 judicare
3448 5549 3552 5585 non
3596 5540 3716 5603 ptis-

2128 5610 2261 5669 sint.
2286 5612 2434 5668 Talis
2464 5616 2549 5670 hic
2578 5626 2692 5680 erat
2714 5618 3050 5686 Ambrosius,
3082 5638 3240 5693 qncm
3268 5621 3500 5691 judicent
3531 5621 3575 5676 si
3608 5637 3713 5677 non

2124 5705 2339 5777 refugis,
2362 5705 2606 5765 dubitare
2632 5726 2737 5765 non
2764 5711 2947 5775 debes,
2974 5713 3265 5784 justissima
3284 5724 3336 5769 te
3359 5728 3479 5767 esse
3494 5712 3711 5767 damna-

2125 5807 2256 5852 tum.
2308 5796 2401 5854 llic.
2427 5800 2569 5855 enim
2596 5802 2723 5859 tilel
2754 5848 2774 5881 ι
2805 5826 2823 5859 ι
2851 5808 3049 5864 Οιιιιιες
3078 5807 3320 5862 homines
3348 5805 3446 5859 sub
3489 5816 3708 5872 peccatu

2182 5916 2315 5967 'Mss.
2348 5915 2464 5968 Mar.
2499 5928 2548 5971 et
2582 5931 2729 5978 ροη..
2758 5920 2900 5972 nodi.
