4140 6540
435 375 568 431 Ηίῦ

423 487 713 550 nascimur.
745 503 966 558 quorum
994 490 1106 560 ipse
1135 501 1283 546 ortus
1313 492 1364 546 in
1395 492 1522 546 vitio
1549 503 1632 548 est
1651 511 1669 544 ι
1704 491 1805 564 (De
1823 491 2000 547 Pumi-

424 581 597 641 tentia,
627 580 714 635 lib.
747 583 798 648 l,
825 599 940 652 cap.
968 583 1004 635 2
1030 585 1105 637 vel
1129 585 1204 654 '5)
1231 602 1244 638 :
1276 594 1332 638 ut
1376 585 1457 640 his
1483 585 1656 638 verbis
1685 586 1824 650 suis,
1848 585 2002 640 Chri-

420 679 560 724 stum
589 671 940 736 Salvatorem,
976 673 1076 728 hoc
1103 683 1204 737 est,
1232 674 1412 728 Jesum
1438 675 1744 730 Ostendet-ct
1771 675 2000 744 parvulis

421 765 780 818 necessarium
810 781 823 816 :
857 765 940 818 cui
973 773 1028 819 tu
1055 781 1174 820 cum
1203 767 1554 830 eontradicis,
1595 766 1864 821 fatendum
1908 767 2000 821 tibi

423 861 525 916 est,
558 853 628 906 ita
673 862 724 907 te
753 853 948 909 habere
978 856 1112 910 velle
1138 856 1345 925 judices
1372 856 1630 924 eruditos,
1661 865 1717 911 ut
1745 857 1879 913 nolis
1909 857 2003 911 ha—

423 943 548 998 bere
571 941 779 1011 judices
808 945 1100 1000 catholicos
1127 946 1464 1001 christianos.

497 1032 558 1086 ll.
600 1033 718 1088 ιιυι,⁸
761 1035 827 1088 Ει
855 1037 976 1105 quia
1006 1036 1300 1092 obtollendi
1324 1039 1341 1071 ί
1371 1038 1426 1092 in
1460 1036 1819 1092 Ecclesiarum
1861 1037 2003 1092 salu-

420 1131 526 1176 tem
574 1126 756 1195 tropmi
801 1125 992 1180 damna
1041 1128 1384 1197 perpetimur,
1432 1127 1574 1198 quod
1627 1123 1780 1183 bona:
1825 1143 2001 1184 causa:

421 1213 696 1281 prudentia
726 1218 1057 1288 cognitorum
1094 1219 1243 1274 miris
1279 1223 1398 1276 ent
1431 1221 1668 1275 delatura
1699 1221 1998 1292 suﬁ‘ragiis;

419 1303 504 1357 vel
534 1303 660 1359 nihil
691 1306 832 1360 aliud
869 1307 934 1361 ad
965 1309 985 1340 ²
1013 1309 1362 1364 contumelias
1389 1319 1602 1364 nostras
1629 1311 1770 1381 vulgi
1799 1312 2001 1366 valeret

416 1395 682 1448 assensio.
711 1396 784 1450 De
815 1397 897 1451 his
927 1413 1076 1468 ergo,
1114 1414 1246 1469 quas
1273 1398 1380 1453 dixi
1402 1440 1418 1466 ,
1447 1399 1720 1455 hominum
1761 1401 1998 1472 partibus

418 1500 521 1538 uua
566 1487 720 1541 nobis
767 1489 1062 1558 prodesset,
1095 1491 1259 1545 altera
1291 1490 1420 1545 nihil
1449 1504 1690 1557 noceret,
1717 1493 1762 1546 si
1791 1501 1882 1547 aut
1911 1493 1998 1548 illa

418 1587 730 1645 potestatem
777 1581 1070 1650 obtineret,
1111 1592 1203 1638 aut
1247 1585 1345 1638 ista
1373 1581 1770 1640 verecundiam.
1801 1584 1997 1640 Verum

413 1669 539 1736 quia
566 1686 740 1726 rerum
765 1681 848 1726 est
871 1688 1058 1744 magna
1079 1675 1340 1742 confusio,
1362 1685 1416 1730 et
1435 1675 1748 1731 stolidarum
1770 1677 1998 1732 maxima

385 1777 389 1782 π
417 1759 730 1820 multitudo:
758 1751 1056 1834 eripiuntur
1083 1766 1338 1822 Ecclesia:
1367 1768 1722 1839 gubernacula
1755 1769 1996 1836 rationis,

413 1862 469 1908 ut
500 1865 680 1910 erecto
708 1871 873 1912 cornu
904 1858 1132 1914 veliﬁcet
1160 1860 1350 1931 dogma
1387 1862 1662 1932 populare.

481 1946 616 2002 Auc.
657 1948 710 2003 Si
739 1948 841 2005 hoc
869 1951 1009 2020 quod
1037 1953 1346 2018 asserimus,
1378 1953 1567 2022 dogma
1597 1953 1848 2024 populare
1876 1963 1994 2020 est;

412 2053 516 2091 non
539 2047 620 2092 est
640 2053 766 2110 ergo
787 2039 976 2111 dogma
1003 2042 1410 2098 Manichaeorum
1439 2043 1559 2108 hoc,
1585 2045 1726 2114 quod
1753 2045 1805 2099 in
1832 2060 1998 2116 popu-

411 2131 475 2182 lis
499 2129 804 2186 christiauis
826 2143 1005 2188 tuente
1033 2134 1236 2202 perdita
1261 2150 1555 2206 oppugnas.
1581 2134 1992 2192 Maniclueorum

408 2221 604 2290 quippe
633 2221 954 2278 dementiam
1001 2225 1051 2278 in
1089 2225 1272 2294 paucis
1313 2229 1502 2280 merito
1527 2227 1826 2282 contemnis
1855 2245 1868 2280 :
1899 2226 1994 2282 sed

411 2310 576 2366 habes
615 2323 668 2366 et
714 2321 876 2378 tuam,
917 2330 1020 2384 qua
1061 2316 1276 2370 nomine
1313 2315 1742 2380 Maniclnuorum,
1775 2331 1868 2372 eos
1897 2334 1995 2387 po-

412 2402 565 2468 pulos
593 2418 727 2472 quos
750 2403 960 2472 judices
987 2405 1205 2477 refugis,
1235 2407 1460 2463 reddere
1487 2399 1644 2464 nobis
1667 2411 1880 2465 conaris
1907 2410 1993 2464 in-

411 2496 610 2558 festos;
651 2495 800 2564 quasi
844 2497 1050 2566 possint
1093 2499 1272 2568 pepuli
1315 2509 1402 2554 tua
1439 2500 1761 2570 loquacitate
1786 2502 1994 2572 decepti

411 2583 754 2640 ilatticlnnum
797 2585 979 2641 dicere
1021 2587 1394 2654 Ambrosium,
1425 2589 1776 2646 Manichasum
1813 2591 1996 2648 dicere

407 2673 731 2744 tlyprianum
751 2717 769 2743 ,
799 2677 888 2745 qui
917 2685 1137 2749 prOpter
1163 2679 1390 2735 salutem
1438 2681 1598 2736 etiam
1651 2683 1993 2752 parvulorum

409 2765 708 2820 docuerunt
740 2781 863 2822 esse
897 2768 1154 2838 originale
1183 2779 1482 2838 peccatum.
1505 2770 1662 2828 Tales
1691 2781 1868 2827 autem
1897 2789 1994 2843 po—

411 2856 566 2924 pulos
615 2874 718 2912 non
768 2857 912 2926 fecit,
954 2859 1050 2916 sed
1099 2860 1300 2917 invenit
1327 2861 1678 2928 Ambrosius;
1711 2879 1814 2918 non
1845 2863 1991 2928 fecit,

409 2947 505 3003 sed
557 2949 755 3006 invenit
801 2951 961 3008 etiam
1007 2951 1120 3021 ipse
1145 2953 1444 3024 Cyprianus
1475 2971 1490 3010 :
1519 2955 1651 3010 tales
1679 2955 1904 3025 populos
1941 2957 1992 3012 in

415 3041 652 3098 Elelesia
695 3043 898 3100 invenit
923 3045 1082 3100 etiam
1116 3056 1266 3114 pater
1297 3055 1438 3114 tuus,
1461 3047 1672 3118 quando
1697 3047 1994 3118 baptizatus

409 3149 470 3188 es
496 3132 539 3198 ³,
569 3143 622 3189 ιιι
671 3133 884 3201 dicitur,
929 3135 1230 3205 parvulus;
1276 3137 1410 3191 tales
1453 3147 1724 3206 postremo
1770 3138 1994 3208 populos

409 3225 700 3282 catholicos
730 3225 1007 3282 invenistis
1031 3237 1086 3282 et
1113 3242 1226 3284 vos.
1253 3228 1592 3298 Compescitc
1611 3243 1743 3294 vos;
1769 3226 1995 3284 fatemur

409 3317 600 3386 dogma
651 3325 889 3374 nostrum
934 3331 1056 3372 esse
1106 3318 1358 3388 populare
1390 3336 1404 3372 :
1435 3319 1558 3389 quia
1607 3319 1831 3389 populus
1879 3318 1994 3391 ejus

408 3421 613 3469 sutnus,
643 3407 732 3476 qtti
773 3401 1054 3478 propterea
1093 3418 1178 3464 est
1215 3409 1512 3479 appellatus
1532 3409 1707 3476 Jesns,
1733 3411 1855 3480 quia
1881 3411 1993 3465 sal-

409 3515 530 3551 vum
555 3497 680 3552 facit
705 3501 954 3568 populum
983 3515 1136 3556 suum
1163 3515 1196 3556 a
1231 3501 1464 3571 peccatis
1487 3519 1672 3556 eorum
1697 3501 1911 3575 (Matth.
1938 3519 1992 3566 t.

407 3593 499 3662 2|)
530 3609 542 3645 :
573 3607 602 3645 a
629 3608 736 3662 quo
764 3593 960 3662 pepulo
988 3609 1109 3648 cum
1139 3609 1389 3664 separare
1417 3595 1666 3664 parvulos
1695 3595 1872 3662 vultis,
1901 3610 1996 3651 vos

409 3684 554 3752 ipsos
575 3683 748 3752 potius
774 3684 1052 3753 separatis.

483 3775 568 3832 ΙΙΙ.
607 3776 728 3832 Jun.
771 3777 844 3832 lta
869 3793 993 3833 cum
1019 3778 1367 3846 prudentibus
1393 3794 1580 3850 parum
1611 3779 1765 3844 licet,
1797 3778 1994 3834 vilibus

411 3877 590 3923 autent
633 3869 908 3938 quodlibet
946 3872 1104 3924 etiam
1147 3870 1270 3923 licet
1307 3868 1359 3934 I';
1407 3869 1728 3927 seditionum
1779 3869 1996 3924 decreto

409 3958 629 4013 exclusa
671 3969 748 4013 est
786 3959 853 4013 de
881 3960 1134 4014 Ecclesiis
1160 3975 1384 4014 censura
1414 3961 1663 4014 virtutum
1691 3978 1705 4016 :
1737 3960 1996 4030 nobisque

417 4051 518 4104 hoc
536 4049 677 4120 apud
709 4047 954 4105 homines
983 4050 1121 4119 vulgi
1155 4050 1339 4114 ofﬁcit,
1367 4050 1508 4120 quod
1533 4051 1770 4105 accessio
1799 4050 1998 4107 erroris

414 4155 534 4194 esse
574 4141 880 4205 reuuimus;
913 4141 1076 4210 vulgi,
1119 4142 1356 4210 inquam,
1387 4141 1475 4210 qui
1518 4142 1797 4196 sententia:
1833 4143 1996 4196 meri-

417 4241 528 4288 tum
579 4231 646 4286 de
700 4232 1142 4307 prosperitatibus
1196 4232 1515 4302 ponderaus,
1564 4247 1684 4286 eam
1737 4232 1997 4287 veriorem

415 4323 662 4387 :rstimat,
690 4339 850 4393 quam
883 4323 1121 4394 pluribus
1152 4323 1360 4392 placere
1387 4323 1748 4392 conspexerit.

487 4417 623 4470 Auc.
665 4414 926 4483 Numquid
957 4414 1281 4468 Manichacus
1321 4412 1557 4482 pluribus
1584 4413 1796 4483 placet?
1825 4429 2001 4469 nonne

419 4506 558 4560 sicut
579 4505 878 4578 parricidae,
900 4512 954 4559 et
973 4503 1147 4582 pauci,
1174 4511 1228 4558 et
1254 4503 1469 4574 pessimi
1495 4503 1652 4556 sunt?
1675 4503 1850 4558 Nolite
1874 4519 2002 4574 ergo

385 4597 488 4652 de
532 4596 796 4666 patieitate
842 4593 1092 4664 gloriari;
1140 4601 1215 4659 et,
1262 4593 1402 4663 quod
1451 4601 1533 4648 est
1577 4594 1794 4658 vanius,
1823 4593 2004 4649 dicere

417 4686 561 4756 quod
608 4685 847 4756 pluribus
885 4685 1094 4758 placeat
1135 4683 1329 4755 dogma
1375 4692 1638 4750 nostrum,
1677 4693 1732 4738 et
1769 4683 2004 4754 objicere

420 4778 570 4832 nobis
599 4777 992 4832 detestabilium
1019 4774 1209 4846 dogma
1233 4789 1544 4845 paucorum.

493 4867 581 4923 IV.
621 4867 741 4922 JUL.
783 4865 1042 4936 Quodque
1069 4865 1144 4919 ait
1184 4866 1236 4920 in
1267 4865 1551 4934 Epicurum
1583 4864 1804 4924 Tullius.
1829 4865 2002 4938 maui-

423 4961 558 5012 festo
589 4967 900 5026 argumento
925 4973 1034 5012 non
1071 4955 1178 5011 dici
1221 4957 1308 5010 illa
1339 4956 1625 5021 subtiliter,
1654 4957 1794 5026 quod
1823 4957 2000 5026 cujus'

424 5049 629 5104 cemodi
657 5050 678 5080 ⁵
711 5049 952 5104 homines
978 5049 1174 5118 passim
1203 5047 1304 5102 sibi
1331 5063 1394 5103 ea
1428 5047 1739 5118 proﬁtentur
1770 5049 2003 5118 placere.

489 5165 502 5193 ί
529 5163 602 5210 sic
624 5169 729 5210 Mss.
755 5166 810 5210 At
836 5160 1134 5222 \giguierius,
1161 5165 1212 5210 Et
1235 5157 1318 5222 qui
1339 5156 1601 5222 attollendi.

488 5225 508 5254 τ
529 5223 795 5284 Meuardus,
822 5219 1458 5284 aiitiﬁltiliad.tignieritts,
1468 5219 1591 5284 nihil
1615 5219 1696 5268 ad.
1722 5226 2008 5284 Conctnmus

428 5294 555 5342 Mssa,
582 5283 653 5332 vel
674 5282 795 5332 nihil
815 5282 950 5332 aliud
967 5283 1032 5332 ad
1060 5294 1078 5331 :
1101 5283 1149 5330 id
1173 5281 1266 5338 est,
1281 5281 1396 5331 nihil
1417 5281 1543 5330 aliud
1565 5282 1848 5330 incommodi
1867 5281 2009 5330 alier-

427 5357 522 5404 rvt,
549 5353 724 5406 trartcr
746 5346 917 5393 damna
963 5346 1148 5404 tropaei,
1184 5345 1314 5405 quod
1346 5343 1558 5405 judicum
1589 5345 1848 5398 sententiis
1883 5345 2005 5406 erigi

425 5421 585 5474 causm
610 5406 1106 5474 nostrzedelmisset.‘
1190 5465 1220 5474 __
1288 5471 1298 5474 _
1445 5471 1454 5474 Α
1520 5471 1553 5474 Α
1598 5466 1609 5474 _
1727 5465 1736 5474 _

491 5472 510 5500 ³
537 5467 864 5535 \‘etuscodex
895 5474 1051 5535 _t_t_tar._,
1089 5463 1358 5535 baptizatus
1386 5471 1471 5535 est.
1509 5471 1562 5514 At
1597 5466 1642 5535 in
1669 5465 1830 5535 priore
1853 5477 2007 5535 Opere

428 5541 592 5580 munra
610 5529 870 5590 lulianum,
895 5526 978 5590 iii).
1007 5528 1055 5590 l,
1079 5542 1127 5576 ιι.
1157 5526 1232 5584 Η,
1273 5528 1360 5590 ipsi
1385 5527 1570 5578 Juliano
1589 5527 1780 5586 dicitur,
1819 5526 2008 5580 audivi-

427 5607 530 5643 ntus
548 5600 592 5642 te
613 5589 902 5652 infamatum
927 5587 1234 5652 baptizotmn.

490 5657 511 5685 ι
534 5657 606 5701 sic
630 5651 732 5702 uss.
760 5652 874 5700 edin
901 5664 1040 5707 Vero,
1064 5651 1219 5699 decet.

487 5720 507 5746 ³
534 5717 646 5764 Etliti
670 5749 684 5772 ,
727 5715 854 5780 quod
888 5709 1252 5780 hujuscemodi“:
1291 5717 1340 5758 et
1370 5709 1508 5780 infra
1531 5747 1544 5766 ,
1593 5711 1642 5762 in
1689 5711 2009 5780 rthponsione

430 5771 692 5834 .tugttstiui,
716 5771 757 5826 rt
780 5775 891 5826 idco
913 5771 1257 5836 hujuscemodi.
1287 5781 1338 5820 at
1366 5779 1470 5821 Mss.
1493 5781 1700 5835 utroque
1727 5771 1848 5830 loco,
1869 5771 2006 5833 cujus

431 5839 624 5894 :rmodi.

1061 379 1306 436 Ol’ElilS
1345 380 1746 436 IMPERFECTI
1787 379 2054 436 CONTRA
2092 379 2453 450 Jl'LlANUM,
2493 385 2552 439 S.
2595 383 2959 443 AUGUSTI?"

3561 395 3697 453 HN

2117 490 2169 545 Id
2214 493 2320 558 isti,
2364 498 2504 552 sicut
2544 499 2742 566 omnia,
2785 515 2936 556 more
2973 503 3290 572 perverso',
3318 502 3388 560 ad
3413 509 3690 577 sapientia:

2113 592 2299 653 puumt
2323 586 2684 642 testimoni-um
2709 592 2995 659 pertinere.

2184 677 2316 731 Auo.
2359 676 2461 732 Sed
2485 677 2716 734 Tullium
2741 681 2866 735 vicit
2891 691 3054 752 atque
3075 685 3306 742 convicit
3323 687 3346 721 ⁸
3368 688 3420 743 in
3447 689 3548 746 hac
3567 705 3693 748 sen-

2113 765 2277 818 tentia
2303 765 2392 820 ille
2416 767 2506 837 qui
2531 768 2680 834 dicit,
2701 768 2932 825 Laudato
2957 770 3254 841 Dominum,
3285 792 3458 832 omnes
3485 790 3696 850 gentes:

2109 855 2312 910 laudate
2357 873 2492 922 eam,
2539 875 2712 915 otnues
2759 861 2935 936 populi
2973 862 3144 936 (Psal.
3170 881 3319 933 cxvt,
3347 869 3423 941 Ι).
3455 871 3602 940 Quos
3634 881 3692 927 tu

2107 946 2322 1015 quaeris,
2365 963 2470 1002 non
2499 950 2759 1005 veraciter
2796 951 3012 1020 docere,
3057 955 3152 1010 sed
3191 957 3460 1014 subtiliter
3505 960 3693 1018 fallere

2105 1038 2316 1106 aliquos
2339 1053 2548 1108 eorum,
2579 1050 2634 1096 et
2661 1051 2852 1097 vestra:
2883 1043 3082 1100 addere
3119 1047 3394 1115 paucitati,
3421 1049 3693 1106 subtilita-

2110 1137 2216 1181 tem
2274 1144 2559 1198 paucorum
2607 1131 3048 1203 philosophorum
3103 1138 3438 1194 stecularium
3489 1141 3692 1210 prtedi-

2104 1220 2297 1286 cando,
2325 1231 2380 1276 et
2407 1237 2506 1277 nos
2535 1225 2978 1294 reprehendendo
3003 1227 3144 1298 quod
3176 1243 3281 1284 non
3307 1229 3554 1286 dicantur
3585 1248 3688 1288 no-

2105 1318 2216 1365 stra
2263 1311 2548 1380 subtiliter,
2581 1323 2638 1369 et
2675 1313 2795 1370 ideo
2826 1315 3187 1386 cuptscemodi
3223 1319 3467 1377 homines
3489 1324 3687 1395 possit

2103 1401 2204 1456 sibi
2231 1417 2294 1456 ea
2323 1403 2676 1473 proﬁteantur
2699 1406 2930 1476 placere.
2947 1407 3032 1464 Me
3053 1417 3230 1464 tamen
3254 1411 3540 1482 aliquoties
3551 1414 3690 1470 disi-

2101 1491 2192 1558 Sli,
2225 1491 2358 1547 nihil
2399 1493 2566 1565 magis
2603 1509 2786 1564 agere,
2827 1512 2986 1567 quam
3031 1507 3090 1554 ut
3129 1515 3236 1555 non
3275 1500 3541 1574 intelligar
3567 1503 3687 1577 (tt):

2105 1581 2375 1650 quomodo
2420 1597 2550 1654 ergo
2591 1584 2642 1639 id
2683 1585 2824 1655 quod
2856 1585 3108 1656 defendo,
3137 1589 3465 1648 multitudini
3489 1593 3684 1664 placet,

2103 1671 2203 1726 nisi
2251 1673 2374 1742 quia
2421 1674 2704 1730 multitudo
2749 1677 2849 1731 ista
2898 1678 3160 1736 catholica
3205 1691 3318 1750 est,
3361 1685 3448 1740 cui
3491 1687 3688 1744 merito

2103 1773 2276 1818 vestra
2303 1765 2523 1821 hasresis
2551 1767 2834 1838 displicet?

2175 1856 2236 1910 V.
2275 1857 2395 1916 Jut.
2439 1859 2677 1915 Delectat
2713 1862 2857 1918 enim
2897 1879 3120 1934 prorsus
3155 1866 3412 1924 subantes
3451 1871 3681 1936 animas,

2103 1945 2362 2004 int‘atnare
2382 1949 2634 2020 quidquid
2655 1967 2887 2022 unquam
2913 1963 2969 2009 et
2985 1971 3206 2026 usquam
3233 1967 3538 2016 sanctorum
3559 1961 3680 2028 fuit,

2104 2052 2172 2091 ne
2197 2037 2460 2094 clarorum
2489 2055 2708 2110 operum
2738 2044 3066 2115 castigentur
3093 2050 3372 2118 exemplis.

2173 2127 2308 2184 Aac.
2348 2127 2612 2184 Subantcs
2639 2145 2770 2201 ergo
2793 2133 2988 2189 anima:
3015 2145 3134 2205 post
3163 2145 3215 2192 te
3243 2139 3418 2207 potius
3439 2156 3682 2210 currunt,

2105 2219 2194 2288 qui
2227 2219 2497 2276 libidinem
2529 2222 2749 2278 laudas:
2775 2240 2896 2280 nam
2925 2237 3088 2282 casta:
3111 2229 3304 2286 animat
3331 2231 3685 2304 vituperando

2099 2319 2346 2379 arguunt,
2370 2312 2510 2381 quod
2540 2314 2899 2384 expugnando
2927 2315 3230 2374 laudantur.

2177 2401 2267 2457 Vl.
2305 2402 2424 2458 Jun.
2457 2404 2696 2460 Delectat
2721 2422 2938 2476 prorsus
2956 2419 3010 2464 et
3033 2412 3244 2481 penitus
3269 2413 3452 2480 afﬁcit,
3473 2424 3682 2478 causari

2101 2490 2519 2549 imbecillitatem
2567 2503 2789 2564 naturai,
2815 2497 2994 2554 dicere
3021 2516 3236 2557 carnem
3261 2507 3560 2575 congenitis
3581 2508 3682 2562 ob-

2102 2580 2314 2635 noxiam
2339 2597 2461 2637 esse
2485 2586 2736 2652 peccatis,
2757 2602 2858 2643 nec
2878 2587 2930 2642 in
2947 2589 3220 2647 voluntate
3239 2591 3472 2651 hominis
3497 2612 3681 2652 emen-

2100 2671 2332 2728 datinnis
2355 2675 2602 2732 etl‘ectum
2632 2677 2830 2746 locare,
2859 2679 2954 2736 sed
2982 2682 3278 2739 studiorum
3303 2685 3526 2742 erimina
3555 2689 3681 2744 olli-

2099 2764 2178 2818 cia
2209 2779 2400 2820 vocare
2425 2768 2784 2823 membrorum
2809 2787 2824 2822 :
2846 2771 3166 2828 catholicam
3189 2774 3328 2832 hanc
3352 2775 3510 2832 ﬁdem
3537 2793 3680 2846 esse,

2104 2860 2162 2908 ut
2191 2853 2416 2910 liberum
2447 2859 2764 2914 conﬁteatur
2785 2860 3084 2929 arbitrium,
3109 2863 3206 2920 sed
3233 2880 3330 2936 per
3351 2867 3495 2938 quod
3519 2868 3683 2926 homo

2105 2945 2304 2999 malum
2331 2944 2508 3003 facere
2529 2959 2770 3018 cogatur,
2796 2949 2991 3006 bonum
3014 2953 3150 3008 velle
3179 2969 3286 3010 non
3315 2958 3502 3025 possit.

2169 3037 2308 3094 ABG.
2347 3038 2486 3106 Quid
2523 3040 2679 3096 nobis
2719 3040 2988 3108 irasceris,
3014 3045 3108 3115 qui
3133 3047 3524 3104 emendationis
3545 3050 3682 3107 eﬂ’e-

2098 3138 2241 3184 ctum
2279 3138 2424 3185 tanto
2449 3132 2650 3188 certius
2679 3134 3000 3203 appetimus,
3028 3136 3244 3206 quando
3271 3137 3480 3194 ﬁdelius
3501 3155 3624 3196 eum
3648 3157 3682 3197 ι

2103 3220 2325 3274 Domino
2355 3221 2617 3290 petimus?
2643 3222 2862 3278 Frustra
2892 3225 3129 3280 inﬂatam
3161 3226 3394 3298 linguam
3427 3245 3558 3285 voce
3583 3246 3682 3287 su-

2100 3309 2375 3378 perbientc
2411 3310 2638 3366 dilatas:
2664 3312 2909 3368 nolumus
2945 3329 3184 3384 prorsus,
3213 3319 3460 3374 nolumus
3487 3321 3564 3375 eis
3587 3337 3686 3377 an—

2101 3401 2367 3456 numerari
2393 3401 2484 3472 qui
2511 3401 2790 3458 eonﬁduut
2829 3404 2885 3459 in
2920 3405 3114 3460 virtute
3139 3423 3234 3462 sua
3279 3408 3466 3475 (ΡεαΙ.
3497 3426 3684 3478 vaut,

2101 3491 2132 3544 7
2156 3491 2197 3561 ).
2225 3491 2414 3544 Anima
2442 3501 2621 3546 nostra
2649 3492 2762 3548 Deo
2784 3493 2897 3549 sitit
2919 3493 2940 3526 ⁸
2969 3494 3140 3566 (Paul.
3169 3512 3302 3564 un,
3323 3498 3405 3569 2),
3428 3499 3512 3554 cui
3532 3500 3684 3568 dicit,

2101 3577 2325 3650 Diligam
2354 3589 2420 3648 te,
2451 3580 2687 3652 Domine,
2719 3583 2874 3638 virtus
2901 3601 3009 3638 mea
3038 3583 3209 3660 (Psal.
3239 3603 3370 3653 xvu,
3395 3588 3476 3660 2).
3501 3591 3687 3647 Potest

2100 3674 2240 3727 enim
2284 3673 2442 3727 homo
2483 3673 2680 3729 bonum
2707 3675 2880 3740 velle;
2909 3677 3004 3732 sed
3035 3689 3363 3749 praeparatur
3383 3682 3624 3738 voluntas
3649 3700 3680 3737 a

2103 3763 2327 3820 Domino
2375 3764 2583 3834 (Prov.
2622 3783 2736 3832 vnt,
2784 3784 2884 3822 sec.
2931 3767 3119 3842 LXX)
3160 3787 3174 3824 :
3211 3772 3262 3825 in
3307 3772 3504 3827 malum
3557 3789 3686 3828 vero

2104 3857 2274 3912 libens
2323 3858 2494 3927 vergit
2540 3858 2764 3924 vitiata,
2825 3868 3043 3930 propter
3099 3860 3240 3932 quod
3303 3871 3389 3918 est
3447 3864 3686 3920 sananda

2103 3956 2308 4002 natura.

2181 4036 2290 4091 Vll.
2332 4035 2450 4092 σιω..
2495 4035 2671 4092 Vanos
2698 4053 2828 4092 vero
2855 4037 3129 4094 hominum
3159 4039 3544 4113 limrcticosque
3573 4058 3688 4098 ser-

2105 4145 2309 4194 mones,
2341 4130 2430 4201 qui
2465 4139 2708 4186 asserant
2735 4130 2900 4185 Deum
2945 4131 3147 4200 justum
3193 4133 3258 4188 ad
3308 4133 3502 4189 bonum
3551 4150 3689 4205 opus

2107 4225 2329 4280 liberum
2369 4223 2638 4279 hominem
2679 4224 3007 4290 condidisse,
3036 4235 3236 4281 etesse
3264 4226 3317 4280 in
3347 4228 3690 4294 uniuscujuso

2103 4332 2208 4386 que
2252 4325 2514 4385 potestate
2553 4315 2805 4371 recedere
2831 4331 2860 4370 a
2893 4317 3053 4384 malo,
3081 4332 3146 4372 ac
3173 4318 3363 4373 studiis
3405 4319 3692 4389 splendere

2106 4409 2344 4474 virtutis,
2385 4417 2441 4463 ut
2479 4407 2562 4462 his
2604 4409 2692 4476 qui
2733 4407 2926 4479 flagitia
2968 4409 3023 4464 in
3067 4411 3470 4466 neccessitatem
3509 4413 3693 4466 carnis

2108 4498 2424 4565 refundunt,
2467 4497 2880 4553 sollicitudinum
2927 4508 2980 4553 et
3034 4499 3286 4555 timorum
3337 4499 3556 4556 aculeus
3609 4502 3694 4556 iu-

2110 4589 2318 4659 figatur.

2178 4683 2314 4736 Auo.
2353 4678 2468 4734 Non
2511 4679 2736 4734 dicimus
2773 4679 3048 4734 hominum
3091 4695 3260 4735 vanos
3305 4680 3693 4751 hirreticosque

2109 4787 2414 4838 sermones,
2430 4771 2518 4842 qui
2545 4782 2793 4825 asserunt
2821 4771 2986 4826 Deum
3008 4770 3210 4840 justum
3239 4771 3305 4825 ad
3331 4770 3528 4826 bonum
3555 4787 3694 4841 opus

2111 4865 2336 4918 liberum
2377 4863 2648 4918 hominem
2685 4861 3009 4918 condidisse.
3058 4861 3242 4916 Talem
3287 4863 3482 4932 quippe
3519 4863 3691 4916 Adam
3735 4919 3746 4925 ,

2108 4953 2365 5019 condidit,
2396 4955 2448 5007 in
2469 4969 2574 5022 quo
2605 4953 2798 5007 luimus
2827 4967 3052 5007 omnes:
3082 4952 3178 5007 sed
3211 4939 3482 5021 peccando
3511 4953 3696 5022 perdi-

2109 5045 2182 5099 dit
2211 5061 2292 5110 se,
2315 5053 2368 5100 et
2396 5059 2583 5098 omnes
2611 5043 2662 5097 in
2687 5058 2766 5098 se.
2785 5041 2938 5097 Unde
2959 5057 3100 5098 nunc
3120 5059 3225 5097 non
3251 5052 3334 5098 est
3357 5043 3408 5098 in
3434 5051 3696 5114 potestate

2113 5136 2337 5189 liliorum
2369 5133 2600 5188 hominis
2637 5150 2664 5185 a
2693 5132 2835 5186 malo
2863 5133 3112 5200 liberari,
3145 5133 3247 5188 nisi
3275 5135 3444 5204 gratia
3481 5134 3572 5189 Dei
3597 5133 3694 5190 det

2113 5233 2426 5295 potestatem
2457 5223 2594 5278 ﬁlios
2625 5223 2715 5278 Dei
2745 5223 2858 5278 ﬁeri
2886 5222 3067 5294 (Joan.
3095 5239 3134 5292 ι,
3169 5223 3278 5293 η).
3309 5223 3532 5294 PrOpter
3557 5223 3691 5286 hoc.

2175 5405 2190 5435 ¹
2224 5402 2340 5452 Fdlti
2353 5438 2366 5462 ,
2393 5398 2517 5451 sicut
2537 5399 2696 5450 omnia
2717 5411 2958 5462 perversa.
2993 5397 3316 5448 Emendantur
3341 5411 3405 5448 ex
3428 5400 3694 5447 manseri-

2113 5473 2338 5573 [m'b't‘diti
2353 5559 2368 5580 ,
2392 5522 2478 5594 sed
2523 5519 2726 5572 Tullium
2762 5520 2906 5572 vincit
2939 5528 3080 5585 atque
3119 5517 3372 5571 cont'incit.
3425 5527 3555 5580 κει,
3583 5517 3696 5569 eicit

2112 5595 2253 5650 atque
2276 5592 2490 5635 convicit.
2677 5643 2688 5652 _
2715 5644 2724 5652 _
3282 5641 3294 5652 ι
3320 5641 3330 5652 1
3555 5643 3564 5652 _

2179 5651 2212 5714 3_
2237 5647 2390 5705 initi,
2453 5654 2601 5714 nemp
2645 5649 2760 5714 stiti:
2799 5652 2862 5714 _At
2915 5651 3084 5714 ttss.,_
3111 5649 3367 5714 margini.
3417 5641 3696 5714 alludit‘ad

2115 5708 2348 5757 rsalmutn
2378 5703 2516 5764 nu,
2563 5705 2624 5764 Ξ,
2674 5706 2755 5754 ubi
2799 5703 2974 5767 legere
3013 5704 3169 5764 solet,
3210 5703 3362 5756 sitim't
3409 5703 3496 5754 tibi
3530 5703 3696 5754 animo

2113 5781 2256 5890 metari)
2282 5826 2394 5876 vide
2419 5825 2500 5876 lib.
2530 5826 2548 5877 l
2577 5825 2641 5876 de
2665 5825 2846 5890 nuptiis
2869 5834 2921 5877 et
2937 5829 3344 5892 Concupiscentia,
3369 5839 3416 5877 η.
3438 5825 3517 5877 2t.
