4140 6558
361 463 497 520 ωε

359 588 465 627 non
495 569 576 625 his
605 569 693 640 qui
722 564 919 641 flagitia
938 608 955 630 ,
983 565 1120 619 sicut
1143 562 1306 628 dicis,
1343 560 1394 615 in
1425 560 1794 615 necessitatem
1822 573 1940 611 car-

360 667 443 720 nis
477 661 798 726 refundunt;
838 659 931 715 sed
960 658 1044 714 his
1069 656 1157 726 qui
1194 665 1252 710 ut
1282 655 1334 708 in
1365 653 1686 708 tentationes
1720 650 1945 720 ﬂagitio-

361 772 481 812 rum
527 770 632 809 non
685 752 1014 816 inferantur,
1074 753 1260 818 preces
1306 747 1415 801 Deo
1461 743 1721 807 fundunt,
1772 741 1949 812 ﬁgitur

361 847 580 901 aculeus
623 841 996 898 sollicitudinis
1035 849 1090 896 et
1115 837 1352 902 timoris,
1393 852 1462 891 ne
1486 835 1826 890 consentiant
1853 847 1948 885 su-

363 936 692 1009 perhissimis
705 944 759 989 et
774 934 882 987 Deo
897 929 1270 1001 ingratissimis
1281 925 1724 998 disputationibus
1736 921 1947 976 vestris.

436 1027 570 1082 VIII.
597 1025 714 1081 Jul.
749 1023 1044 1084 Postremo,
1075 1021 1127 1075 in
1156 1018 1412 1074 Ecclesiis
1430 1032 1549 1086 qua:
1575 1029 1823 1086 magnum
1853 1013 1950 1067 ho-

365 1135 551 1176 norem
579 1119 594 1150 ‘
626 1127 681 1173 et
710 1130 959 1184 magnum
1002 1113 1254 1184 populum
1302 1109 1640 1181 possideant,
1671 1106 1949 1178 przedicari

366 1221 565 1266 tantam
592 1209 697 1264 vim
725 1223 847 1263 esse
884 1208 1124 1277 peccati,
1169 1213 1228 1260 ut
1265 1212 1390 1258 ante
1433 1200 1797 1257 membrorum
1840 1199 1951 1252 for-

365 1316 530 1366 mam,
559 1308 685 1355 ante
711 1298 918 1353 initium
945 1295 1339 1365 adventumque
1362 1292 1578 1357 animae,
1605 1290 1766 1360 iactis
1789 1288 1954 1345 semi-

368 1393 527 1448 nibus
564 1391 947 1461 supervolans,
1000 1388 1052 1442 in
1093 1393 1361 1442 secretum
1405 1383 1591 1439 matris
1621 1379 1868 1446 invadat,
1899 1387 1954 1433 et

367 1498 491 1538 reos
517 1480 586 1535 fat
607 1480 680 1536 iat
703 1479 1000 1534 nascituros
1026 1517 1042 1544 ,
1069 1487 1300 1544 ortuque
1322 1475 1438 1542 ipso
1461 1471 1729 1542 antiquior
1763 1483 1953 1538 exSpe-

367 1582 480 1629 ctet
503 1572 653 1642 culpa
675 1569 1023 1626 substantiam
1042 1584 1057 1634 ;
1073 1583 1192 1638 qua:
1212 1565 1294 1620 lex
1318 1563 1518 1634 peccati
1545 1560 1956 1616 habitansdein-

370 1681 500 1736 ceps
528 1665 581 1719 in
621 1661 878 1720 membris
898 1702 914 1728 ,
955 1659 1229 1729 captivum
1260 1656 1530 1711 hominem
1558 1662 1716 1724 cogat
1750 1650 1954 1707 servire

368 1755 712 1820 criminibus,
756 1770 862 1809 non
907 1751 1258 1822 castigatione
1300 1747 1354 1802 in
1381 1743 1826 1816 turpitudinibus,
1857 1741 1954 1798 sed

370 1846 734 1902 misericordia
761 1844 1058 1914 digniorem
1084 1858 1098 1894 :
1127 1836 1559 1911 quandoquidem
1585 1833 1726 1905 quod
1757 1848 1855 1888 nos
1877 1832 1957 1886 vi-

371 1939 442 1992 tia
469 1953 647 2008 prava
684 1935 972 1991 voluntatis
1001 1949 1122 1989 esse
1150 1932 1410 1996 dicimus,
1451 1929 1504 1984 id
1547 1929 1600 1984 in
1644 1927 1883 1983 Ecclesia
1923 1940 1956 1980 a

372 2028 501 2082 viris
528 2036 582 2081 et
606 2025 821 2081 feminis
847 2024 1157 2094 magnisque
1183 2019 1522 2093 pontificibus
1541 2017 1815 2088 originalis
1835 2031 1959 2087 pas-

371 2117 454 2172 sio
481 2125 836 2184 nuncupatur.

444 2207 578 2261 Auc.
606 2203 914 2274 Respondet
948 2201 1040 2257 tibi
1071 2202 1390 2258 Ambrosius
1419 2198 1655 2270 pontifex
1697 2211 1957 2268 magnus,

378 2294 746 2350 hairesiarchaz
771 2294 931 2349 vestri
952 2293 1278 2349 excellenter
1303 2309 1396 2347 ore
1419 2291 1684 2356 laudatus,
1707 2299 1761 2344 et
1785 2289 1915 2344 dicit
1940 2305 1956 2343 :

384 2399 401 2428 ς
434 2379 567 2432 Male
595 2378 706 2433 Eva
731 2377 1010 2448 parturivit
1028 2418 1044 2442 ,
1072 2384 1132 2430 ut
1162 2387 1342 2445 partus
1370 2375 1696 2444 relinqueret
1719 2372 1960 2427 mulieri-

379 2470 477 2523 bus
508 2467 896 2532 ltazreditatem,
927 2475 1085 2535 atque
1112 2465 1472 2534 unusquisque
1512 2462 1961 2531 concupiscentia:

377 2559 650 2628 voluptate
674 2567 976 2620 concretus,
999 2564 1052 2610 et
1075 2554 1395 2624 genitalibus
1417 2552 1710 2607 visceribus
1732 2550 1962 2618 infusus,

377 2660 428 2704 ct
455 2649 762 2719 coagulatus
792 2648 844 2701 in
874 2646 1151 2716 sanguine,
1184 2645 1238 2699 in
1271 2644 1459 2714 pannis
1486 2643 1783 2702 involutus.
1816 2642 1963 2712 prius

376 2743 583 2799 subiret
609 2742 922 2797 delictormn
962 2739 1262 2808 contagium
1284 2778 1300 2804 ,
1340 2752 1498 2806 quam
1529 2735 1702 2790 vitalis
1743 2733 1963 2803 spiritus

377 2850 568 2889 munus
589 2831 824 2886 hauriret
854 2850 871 2883 ι
899 2828 1036 2899 (Lib.
1066 2829 1128 2882 de
1148 2828 1300 2882 Sacr.
1323 2843 1492 2897 regeu.
1519 2842 1606 2880 seu
1623 2825 1686 2878 de
1712 2823 1960 2895 Philos.).

375 2923 622 2980 Sananda
643 2931 727 2978 est
752 2922 946 2988 itaque,
975 2919 1204 2984 Juliane,
1230 2918 1482 2980 humana,
1508 2916 1621 2970 Deo
1648 2915 1961 2980 miserante,

380 3026 601 3072 natura:
633 3029 738 3070 non
760 3055 775 3080 ,
803 3023 856 3069 te
903 3011 1132 3067 inaniter
1159 3010 1522 3073 declamante,
1555 3015 1804 3077 tanquam
1833 3021 1963 3062 sana

379 3107 664 3165 laudanda.

452 3199 545 3255 IX.
573 3198 692 3254 Juc.
717 3197 842 3253 llaec
865 3210 994 3265 ergo
1015 3191 1434 3249 Manicbreorum
1459 3197 1635 3245 scorta
1655 3187 1963 3258 dogmatum

382 3290 861 3363 tpurissimorum
882 3286 1254 3342 lenocinantur
1279 3283 1497 3337 auribus
1515 3283 1561 3336 ‘.

455 3357 595 3437 huc.
623 3357 984 3441 Ambrosium,
1006 3376 1050 3430 si
1071 3374 1257 3440 audes,
1283 3373 1568 3428 criminare
1592 3368 1963 3426 Manichaeum.

384 3470 617 3526 Attende
653 3469 705 3523 in
745 3482 901 3539 quem
931 3465 1107 3530 dicas,
1153 3461 1294 3533 quod
1321 3461 1400 3516 vis
1427 3459 1592 3516 videri
1623 3468 1871 3529 tanquam
1911 3457 1966 3512 in

387 3578 473 3618 me
500 3561 678 3617 dicere
702 3577 716 3614 :
743 3569 797 3613 et
821 3558 866 3613 si
887 3556 1024 3612 ullus
1045 3555 1137 3610 tibi
1159 3554 1242 3609 vel
1267 3552 1358 3608 Dei
1389 3552 1569 3617 timor,
1594 3549 1677 3604 vel
1704 3549 1968 3603 lmmauus

389 3655 558 3725 pudor
583 3662 694 3718 est,
739 3650 1061 3706 conticesce.
1102 3646 1185 3702 Me
1231 3653 1442 3716 oportet
1480 3658 1602 3698 cum
1639 3641 1835 3696 talibus
1877 3649 1966 3694 tua

385 3745 656 3809 convicia,
701 3757 806 3797 non
836 3741 1008 3796 solum
1048 3737 1332 3809 patienter,
1373 3748 1557 3788 verum
1595 3733 1755 3788 etiam
1784 3740 1968 3801 gratu-

385 3838 560 3892 lanter
583 3833 808 3889 audire:
847 3831 942 3886 sed
983 3839 1040 3884 tu
1074 3828 1240 3882 debes
1267 3829 1319 3880 iu
1359 3825 1554 3879 talibus
1592 3822 1889 3878 lacerandis
1915 3831 1970 3877 et

388 3927 619 3982 humana
645 3924 968 3980 erubescere
997 3928 1051 3975 et
1073 3919 1250 3974 divina
1277 3916 1480 3988 judicia
1510 3913 1820 3970 formidare.

458 4019 530 4074 Χ.
582 4017 704 4074 Jun.
753 4016 880 4071 “me
926 4014 980 4068 in
1027 4022 1252 4081 utroque
1298 4026 1430 4066 sexu
1475 4009 1677 4080 positos
1727 4008 1970 4062 inimicos

387 4120 600 4166 nostros
656 4107 828 4164 urtica
879 4102 1210 4167 commovit,
1259 4116 1378 4170 qua:
1433 4099 1560 4154 olim
1622 4097 1834 4167 quidem
1886 4095 1972 4154 vi-

389 4202 464 4257 tio
504 4200 656 4255 malm
693 4194 1096 4254 consuetudinis
1136 4192 1358 4248 mordax
1401 4191 1456 4255 ³,
1501 4199 1680 4244 tamen
1719 4188 1972 4244 exhorta-

390 4293 594 4349 tionum
632 4289 944 4347 salutarium
989 4287 1140 4342 velut
1184 4283 1500 4356 quibusdam
1545 4282 1832 4337 curabatur
1874 4296 1974 4336 un-

388 4386 620 4456 gucntis.

463 4477 596 4532 Auc.
639 4474 822 4531 Urtica
867 4478 1136 4543 pungente
1180 4467 1384 4539 prurit,
1425 4465 1521 4522 sed
1562 4465 1652 4536 qui
1701 4463 1974 4519 libidinem

393 4566 593 4622 laudat.
619 4566 675 4622 Si
702 4575 879 4620 autem
903 4569 1118 4633 propter
1139 4561 1330 4616 malam
1351 4557 1815 4623 consuetudinem,
1836 4555 1974 4610 sicut

391 4656 536 4726 sapis
554 4656 576 4687 ⁸
603 4656 796 4710 clamat
815 4653 994 4718 homo,
1023 4651 1143 4706 Non
1163 4651 1300 4721 quod
1321 4649 1455 4714 volo,
1484 4648 1618 4716 facio
1639 4647 1860 4710 bonum;
1885 4645 1977 4700 sed

392 4748 529 4819 quod
553 4747 671 4803 uolo
696 4747 886 4801 malum
905 4786 920 4810 ,
952 4745 1046 4798 hoc
1074 4761 1170 4816 ago
1197 4742 1372 4815 (Rom.
1409 4757 1516 4806 vn,
1552 4739 1639 4811 I9)
1670 4758 1684 4794 :
1717 4747 1862 4794 certe
1888 4739 1975 4794 vel

394 4841 448 4896 in
474 4843 577 4896 isto
606 4838 844 4895 fatemini
876 4838 1161 4892 humanam
1187 4834 1511 4888 voluntatem
1542 4831 1685 4886 vires
1713 4829 1974 4884 bonorum

393 4945 615 5002 operum
643 4927 968 5000 perdidisse,
997 4924 1082 4981 cui
1119 4923 1220 4978 nisi
1254 4922 1451 4977 divime
1478 4919 1661 4990 gratia:
1697 4917 1977 4972 subveniat

394 5021 737 5092 adjutorium,
768 5019 893 5090 quid
918 5017 967 5073 ei
999 5015 1217 5087 prodest
1239 5015 1512 5083 copiosmn
1535 5019 1590 5066 et
1612 5020 1858 5065 ornatum
1883 5024 1979 5064 cu-

392 5112 611 5181 juslibet
633 5111 967 5168 exhortantis
995 5105 1305 5179 eloquium?

460 5245 476 5275 ι
511 5242 761 5292 Menardus
781 5243 933 5304 primo
949 5240 1187 5298 ediderat,
1207 5249 1433 5304 mqgnum
1448 5233 1690 5304 honorum
1708 5232 1980 5304 \jigniegius

395 5291 629 5360 correxit,
915 5302 1142 5351 bonorum
1176 5291 1380 5366 copiam.
1415 5297 1539 5366 Libri
1564 5291 1830 5366 veroatss.
1853 5291 1971 5366 dar.

397 5373 508 5418 Mar.
531 5371 583 5414 et
595 5356 951 5426 tiortfbabent,
985 5374 1213 5426 magnum
1235 5356 1486 5410 honorem.
1526 5363 1575 5405 tn
1613 5356 1974 5426 editione‘anni

399 5415 517 5475 ili-t8
539 5425 598 5474 ad
621 5437 751 5474 oram
772 5415 950 5472 codicis
971 5415 1184 5472 nota'tum
1209 5430 1284 5472 est
1308 5435 1329 5482 :7
1354 5439 1376 5466 ι
1394 5427 1550 5478 Forte,
1587 5430 1812 5482 magnum
1835 5415 1976 5467 bono-

403 5507 425 5534 ι
451 5500 559 5536 rum
581 5493 627 5536 et
662 5486 896 5548 maiorum
909 5482 1152 5548 penulam
1174 5481 1457 5548 possidr‘qttt:
1477 5498 1500 5525 ι
1646 5545 1649 5548 ι

461 5552 481 5582 ι
515 5549 648 5605 Fditi,
698 5545 855 5596 scoria
885 5538 1160 5608 dogmatum
1174 5538 1191 5608 ’-
1204 5541 1649 5608 impurissimorum'
1681 5538 1977 5608 lenocinatur

395 5609 612 5660 arm'bm.
635 5599 813 5658 omnes
832 5599 971 5664 Mss;
983 5612 1138 5656 scorta
1159 5599 1431 5666 dogmatum
1447 5601 1879 5666 impurissimorum
1905 5599 1976 5651 le-

397 5670 683 5722 rwrinantur
704 5667 918 5718 auribus.
1835 5713 1838 5720 I

461 5735 482 5764 ³
516 5721 784 5789 tuerianlus,
815 5741 922 5790 qum
941 5729 1060 5777 dum
1080 5725 1286 5790 quidam
1308 5722 1420 5790 eilia
1440 5722 1584 5790 uiola:
1623 5721 1977 5790 consuetudinis

397 5793 602 5844 mordet.
626 5783 1023 5856 \‘ignierius_quw
1055 5783 1172 5838 dum
1193 5783 1564 5856 quosdwutitiio
1577 5785 1717 5835 mala:
1732 5791 1977 5836 consuetu.

399 5848 752 5921 diuismord‘et.
774 5848 1084 5921 fastigantur
1108 5864 1170 5900 ex
1197 5848 1542 5910 manuscriptis.

461 5919 483 5946 ⁸
507 5919 577 5966 sic
597 5923 702 5968 Mss.
727 5915 864 5977 illiti,
881 5915 1059 5976 similis.

1667 445 1866 502 LIBEII
1905 441 2280 502 SECUNDUS.

3492 445 3632 503 ΗΜ

2130 557 2219 612 XI.
2252 555 2370 612 ιω..
2403 555 2469 611 At
2499 571 2639 612 nunc
2668 566 2948 629 postquam
2975 573 3072 629 pro
3097 559 3450 618 medicamine
3475 565 3639 632 coepit

2052 649 2231 704 oﬂ‘erri
2255 690 2267 713 .
2299 659 2354 703 et
2391 647 2730 704 delectationi
2776 650 3001 705 accessit
3039 652 3364 716 auctoritas,
3411 663 3468 707 ut
3508 667 3638 708 con-

2019 760 2021 762 ·
2054 757 2214 796 sensu
2244 742 2260 772 ⁸
2289 756 2426 809 pene
2454 739 2672 806 mundi,
2705 741 3126 810 membripotens
3150 743 3331 812 regina
3357 744 3637 809 mentium,

2055 831 2404 902 expugnatrix
2435 831 2748 894 honestatis,
2777 839 2831 886 et
2861 831 3052 886 invicta
3075 831 3376 886 animorum
3399 833 3638 888 onmium

2055 923 2369 993 captivatrix
2398 921 2669 992 turpitudo
2703 921 3094 977 baccharetur:
3128 922 3282 977 nobis
3315 933 3516 993 quanto
3546 923 3642 979 ho-

2055 1015 2276 1082 nestior,
2309 1022 2455 1069 tanto
2481 1015 2664 1070 durior
2692 1014 2903 1070 tuenda:
2930 1015 3171 1070 veritatis
3193 1021 3350 1069 eauSa
3375 1014 3510 1069 facta
3535 1025 3638 1071 est.

2056 1109 2188 1178 Quia
2217 1117 2401 1164 contra
2429 1108 2732 1178 prmcipitcs
2775 1109 2997 1179 populos
3034 1117 3091 1162 et
3131 1109 3244 1163 suis
3270 1109 3524 1164 remediis
3561 1109 3644 1164 in-

2057 1200 2269 1264 fensos,
2311 1215 2417 1254 non
2447 1200 2672 1254 multum
2702 1199 2845 1253 valet
2869 1199 3058 1254 raritas
3098 1199 3342 1254 oratione
3372 1199 3643 1255 medican-

2057 1288 2207 1346 tium.
2239 1291 2376 1359 Quid
2405 1291 2600 1361 igitur?
2631 1280 2893 1346 horunine
2914 1290 3137 1354 intuitu.
3173 1291 3412 1361 receptui
3449 1307 3644 1347 canere

2057 1381 2390 1447 debebimus,
2409 1390 2464 1436 et
2481 1381 2834 1436 contumelias
2856 1390 3069 1436 nostras
3085 1381 3251 1436 ultum
3275 1381 3352 1436 ire
3371 1381 3582 1436 silentio
3597 1384 3641 1444 ’.

2057 1487 2121 1527 ac
2157 1472 2224 1528 de
2267 1473 2610 1528 Conscientia:
2653 1482 2808 1542 portu
2836 1473 3065 1527 aliorum
3107 1472 3287 1527 ridere
3332 1472 3645 1543 naufragia?

2061 1563 2258 1619 Verum
2283 1565 2600 1620 contradicit
2628 1565 2753 1620 huic
2789 1564 2935 1630 odio,
2965 1565 3137 1636 primo
3163 1565 3460 1635 benignitas
3483 1582 3642 1636 quam

2058 1654 2239 1724 generi
2268 1653 2527 1710 debemus
2552 1653 2815 1721 humano;
2843 1655 3096 1726 deinceps
3125 1670 3268 1725 spes,
3303 1656 3456 1722 ﬂdes,
3484 1672 3644 1726 quant

2061 1743 2318 1800 habemus
2343 1745 2395 1799 in
2427 1745 2590 1800 Deum
2609 1787 2624 1809 ,
2662 1745 2750 1816 qui
2777 1756 2927 1800 extra
2968 1745 3019 1800 id
3049 1746 3190 1816 quod
3222 1745 3530 1816 frequenter
3550 1747 3646 1801 de-

2059 1845 2300 1908 spcratas
2319 1839 2616 1906 temporum
2635 1836 2833 1892 levavit
2851 1837 3063 1902 ruinas;
3089 1839 3441 1892 constantiam
3465 1847 3644 1892 tamen

2059 1943 2218 1999 quam
2242 1943 2412 1998 usque
2436 1926 2504 1982 ad
2525 1928 2712 1982 mortis
2738 1927 2924 1983 horam
2951 1929 3189 1984 exerceri
3219 1928 3406 1992 voluit,
3436 1928 3646 1984 etiamsi

2061 2018 2239 2073 nullus
2279 2019 2332 2072 iu
2372 2019 2777 2088 praesentiarum
2821 2028 3137 2090 sequeretur
3182 2018 3402 2075 effectus
3445 2027 3647 2075 aeterna

2062 2109 2496 2164 remuneratione
2526 2108 2762 2163 donavit.

2134 2202 2266 2255 Anc.
2298 2199 2575 2266 Quomodo
2603 2199 2744 2254 levat
2786 2199 2928 2256 Deus
2964 2200 3146 2256 ruinas
3174 2200 3433 2256 malarum
3459 2200 3649 2256 volun-

2065 2298 2230 2343 tatum
2255 2289 2373 2359 (per
2392 2303 2526 2359 quas
2552 2289 2732 2360 utique
2754 2298 2994 2360 tempora
3013 2289 3402 2358 vituperantur,
3431 2289 3647 2360 quando

2064 2391 2210 2437 recte
2239 2380 2658 2454 vituperantur),
2702 2381 2803 2437 nisi
2834 2381 3000 2437 bonas
3039 2381 3340 2437 voluntates
3375 2381 3652 2452 operando

2066 2471 2119 2526 in
2149 2471 2400 2526 cordibus
2439 2471 2754 2526 hominum?
2780 2472 2886 2526 Ant
2924 2472 2968 2526 si
3010 2480 3266 2541 possunt,
3312 2471 3440 2541 ipsae.
3469 2487 3529 2526 se
3572 2471 3651 2526 le-

2065 2572 2214 2634 vent,
2242 2564 2380 2618 sicut
2400 2563 2800 2619 dementissime
2818 2563 3120 2631 sentiendo,
3145 2580 3333 2634 magna
3357 2564 3507 2618 ruina
3531 2564 3652 2618 facti

2066 2656 2220 2710 estis.
2253 2655 2402 2710 Unde
2432 2671 2526 2725 pro
2556 2656 2708 2710 vobis
2737 2657 2908 2726 ipsum
2946 2671 3195 2726 rogamus
3221 2697 3236 2710 .
3265 2665 3423 2726 atque
3451 2656 3653 2711 utinam

2066 2748 2145 2803 sic
2179 2748 2340 2802 etiam
2383 2747 2454 2803 de
2493 2758 2577 2815 te,
2609 2749 3056 2819 quemadmodum
3103 2749 3172 2806 de
3218 2749 3380 2806 fratre
3407 2749 3656 2805 Turbati-

2070 2839 2142 2896 tio
2167 2837 2266 2912 (α),
2299 2855 2398 2896 nos
2423 2840 2676 2896 exaudire
2700 2841 2968 2911 dignetur.

2138 2931 2256 2988 XII.
2285 2933 2406 2988 IUL.
2449 2932 2561 2987 Hac
2602 2933 2760 3002 igitur
2790 2933 2910 2988 ﬁdei
2954 2933 3322 2989 consolatione
3361 2933 3656 3004 gaudentes

2070 3021 2445 3077 immineamus
2473 3031 2651 3091 empto
2676 3023 2847 3092 operi,
2873 3031 2929 3076 et
2953 3022 3368 3094 disputationum
3395 3024 3656 3093 promissa

2069 3112 2408 3169 reddamus:
2453 3127 2559 3167 non
2611 3113 2944 3182 ambigentes
2995 3112 3094 3167 hoc
3139 3112 3312 3181 ipsum
3363 3115 3650 3167 maximam

2069 3219 2189 3259 esse
2215 3203 2418 3273 ιιι-ωηιῙί
2441 3213 2676 3274 partem,
2707 3204 2829 3272 quia
2868 3204 2920 3256 in
2946 3201 3063 3270 ejus
3081 3201 3345 3273 dogmatis
3373 3218 3496 3258 arce
3524 3218 3656 3258 con-

2069 3293 2323 3358 stitimus,
2355 3292 2494 3363 quod
2523 3308 2643 3348 cum
2671 3301 2775 3347 tam
2805 3292 3095 3346 multorum
3121 3291 3274 3356 livor,
3303 3290 3397 3346 sed
3428 3290 3656 3362 plurium

2069 3401 2222 3443 error
2245 3394 2545 3456 Oppugnct;
2580 3395 2755 3440 tamen
2785 3385 2854 3440 ita
2883 3396 3041 3454 supra
3067 3398 3225 3439 casus
3249 3384 3418 3438 evasit
3449 3384 3659 3454 ancipi-

2070 3487 2173 3546 tes,
2204 3486 2265 3533 ut
2287 3477 2608 3532 invincibilis
2625 3477 2768 3532 cluat
2795 3475 3135 3544 possessione
3159 3476 3418 3530 victorizn.

2141 3568 2276 3624 Atto.
2309 3569 2428 3640 Ipse
2456 3569 2547 3623 tibi
2573 3568 2669 3623 das
2691 3569 2919 3639 patrnam
2940 3578 3124 3622 contra
3152 3577 3230 3622 tot
3248 3569 3513 3624 antistites
3541 3569 3656 3633 Dei,

2070 3661 2162 3730 qui
2187 3671 2312 3715 ante
2355 3674 2485 3724 nos,
2534 3675 2596 3714 ea
2631 3674 2751 3728 qua:
2777 3673 3084 3730 Oppugnas.
3114 3657 3165 3712 in
3195 3658 3430 3713 Ecclesia
3460 3657 3658 3714 Christi

2071 3751 2400 3816 didicerunt,
2427 3759 2586 3820 atque
2610 3749 2940 3812 docuerunt,
2971 3748 3216 3804 bibentes
3258 3757 3314 3803 et
3352 3748 3668 3806 ministram.

2073 3853 2153 3900 tcs
2189 3843 2258 3898 de
2295 3843 2316 3875 ³
2363 3842 2599 3897 fontibus
2641 3841 2803 3896 Israel
2851 3839 3022 3911 (Psaf.
3053 3857 3214 3905 van,
3241 3839 3354 3910 27).
3389 3841 3498 3895 Iloc
3531 3855 3661 3910 ergo

2072 3936 2214 4008 quod
2241 3936 2400 4000 facis,
2434 3951 2540 3991 non
2568 3944 2652 3991 est
2682 3934 2922 3990 victoria:
2947 3933 3288 4002 possessione
3322 3932 3532 3997 cluere,
3563 3931 3660 3987 sed

2075 4028 2126 4081 in
2179 4025 2382 4081 odiosa:
2431 4025 2749 4096 arrogantia:
2813 4024 3048 4080 cloacam
3112 4023 3420 4078 deformiter
3471 4023 3660 4080 ﬂuere.

2072 4118 2265 4173 Cluere
2289 4117 2515 4187 quippe,
2562 4116 2764 4186 pollere
2792 4123 2877 4169 est
2914 4132 2927 4168 :
2973 4114 3245 4184 quomodo
3288 4123 3464 4169 autem
3513 4122 3664 4184 potes

2075 4208 2311 4264 victoria:
2352 4208 2692 4278 possessione
2739 4207 2975 4276 pollere,
3023 4205 3115 4275 qui
3164 4207 3376 4261 conaris
3402 4204 3664 4262 catholica

2075 4298 2346 4369 dogmata.
2374 4298 2618 4368 antiqua,
2648 4305 2702 4353 et
2727 4296 2922 4352 invicta
2951 4295 3225 4366 polluere?

2146 4389 2288 4444 XIII.
2318 4388 2439 4444 Jun.
2469 4387 2601 4446 Nam
2628 4389 2705 4456 si,
2737 4397 2795 4442 ut
2820 4397 2875 4442 et
2903 4387 3148 4458 superior
3173 4402 3354 4442 sermo
3378 4385 3660 4457 patefecit,

2076 4491 2133 4538 et
2176 4490 2457 4537 secuturus
2495 4480 2737 4544 docebit,
2765 4479 3019 4550 quidquid
3067 4479 3202 4534 ratio
3251 4487 3363 4545 est,
3409 4479 3662 4550 quidquid

2078 4575 2329 4641 eruditio,
2357 4573 2613 4646 quidquid
2637 4573 2862 4643 justitia,
2899 4571 3154 4642 quidquid
3185 4571 3385 4640 pietas,
3410 4570 3664 4641 quidquid

2079 4665 2505 4719 testimoniorum
2531 4678 2804 4717 sacrorum
2823 4703 2838 4726 ,
2868 4662 2990 4715 huic
3018 4660 3159 4729 quod
3194 4667 3404 4715 tuemur
3429 4659 3665 4728 dogmati

2077 4754 2434 4822 suffragatur:
2465 4752 2595 4806 nihil
2619 4751 2762 4805 aliud
2793 4749 2992 4803 inimici
3015 4749 3182 4802 nostri
3213 4757 3326 4802 toto
3355 4747 3665 4816 adipiscun-

2080 4853 2166 4899 tur
2188 4852 2415 4909 conatu,
2455 4858 2613 4914 quam
2649 4852 2708 4896 ut
2749 4841 2920 4895 doctis
2963 4839 3259 4910 quibusque
3287 4837 3666 4907 imprudentis.

2078 4937 2198 4991 simi
2225 4933 2268 4999 ‘,
2295 4933 2497 4988 sanctis
2521 4929 2992 4995 contumacissimi,
3025 4929 3078 4984 in
3108 4927 3273 4984 Deum
3304 4927 3664 4998 profanissimi

2078 5025 2512 5094 comprobantur.

2149 5117 2286 5173 Auc.
2314 5115 2419 5170 Sed
2462 5113 2590 5169 falsa
2629 5111 2902 5184 loqueris:
2933 5125 3055 5165 nam
3091 5125 3263 5180 neque
3288 5108 3459 5175 ratio,
3492 5126 3668 5181 neque

2079 5221 2206 5262 sana
2232 5205 2482 5272 eruditio,
2510 5219 2687 5275 neque
2707 5202 2933 5272 justitia,
2967 5217 3139 5271 neque
3169 5200 3358 5270 pietas,
3381 5215 3555 5271 neque
3578 5216 3665 5257 sa-

2079 5316 2167 5355 cra
2197 5298 2494 5354 testimonia
2515 5306 2692 5351 vestro
2713 5293 2943 5364 dogmati
2971 5291 3354 5362 suffragantur;
3383 5291 3510 5356 imo,
3553 5291 3670 5347 lucc

2080 5390 2278 5454 omnia,
2308 5388 2448 5443 sicut
2470 5385 2524 5441 hi
2544 5385 2634 5456 qui
2657 5393 2804 5441 recte
2826 5383 3122 5454 intelligunt
3145 5380 3400 5450 iudicant,
3430 5391 3666 5436 vestrum

2079 5481 2272 5552 dogma
2302 5478 2638 5534 subvertunt.
2667 5475 2824 5530 Ratio
2847 5474 3041 5545 quippe
3060 5473 3232 5528 cernit
3256 5473 3346 5528 vix
3369 5471 3438 5526 ad
3467 5470 3665 5543 aliquid

2146 5660 2160 5691 ι
2197 5658 2270 5708 sic
2290 5664 2397 5707 uss.
2420 5655 2557 5714 mni,
2581 5665 2821 5704 concessu.

2145 5722 2164 5751 ³
2199 5720 2270 5768 sic
2292 5727 2395 5768 Mss.
2421 5710 2555 5776 aliti,
2579 5722 2764 5766 nostras
2782 5711 2952 5765 ulcisci
2968 5710 3172 5764 silentio.

2146 5780 2165 5813 ³
2200 5781 2334 5838 aditi,
2357 5780 2424 5828 in.
2453 5787 2578 5835 ξιτεδ..
2603 5778 2682 5826 de.
2709 5837 2715 5838 γ

2145 5844 2166 5874 δ
2201 5851 2304 5891 \tss.
2323 5836 2437 5890 ‘Mar.
2462 5849 2514 5890 et
2532 5839 2672 5894 t:lar..
2699 5836 3120 5894 immtdeutiuimi.
3505 5844 3546 5869 κ’

2147 5904 2219 5967 (ιι)
2251 5914 2412 5963 supra,
2440 5901 2604 5962 litui,
2628 5914 2732 5966 cap.
2764 5901 2806 5952 I.
