4140 6500
553 412 683 469 ΗΠ

549 526 658 581 veri
704 540 763 580 se
801 537 958 593 posse
1006 523 1287 595 pervenire
1330 521 1576 577 tarditate
1617 520 1940 589 itupcnlivnte
1983 524 2134 569 uatu-

548 632 655 671 πυτ
687 616 915 670 eruditio
960 628 1169 683 pinnam
1204 613 1405 668 laboris
1448 613 1603 665 habet
1650 615 1700 665 in
1744 612 1929 667 eadem
1971 608 2135 663 tardi-

546 717 654 761 tate
681 716 883 761 natura:
916 704 1155 775 :justitia
1182 705 1376 759 clamat
1419 718 1522 757 non
1549 702 1614 758 ad
1645 718 1704 757 sc
1747 704 2037 771 pertinere,
2082 708 2140 755 ut

550 797 721 853 Adam
748 796 840 852 ﬁlii
866 797 1014 868 gravi
1041 797 1171 867 jugo
1200 803 1512 865 premantur
1535 810 1564 848 a
1595 793 1684 849 die
1712 795 1893 850 exitus
1919 792 1987 848 de
2010 809 2140 848 veu-
2198 800 2203 803 “

548 900 629 943 tre
657 889 842 943 matris
869 902 1001 954 sum,
1047 887 1161 942 sine
1188 887 1297 941 ullo
1325 886 1518 941 merito
1546 897 1881 956 peccatorum
1919 903 1933 939 :
1966 887 2139 954 pietas

546 980 803 1037 adversus
845 981 948 1036 hoc
975 980 1195 1045 malum,
1225 979 1462 1034 divinum
1506 980 1681 1051 poscit
1720 978 1976 1035 auxilium
2006 995 2021 1033 :
2052 994 2140 1033 sa-

548 1087 640 1128 cra
673 1071 998 1137 testimonia,
1024 1077 1087 1126 ut
1112 1068 1215 1126 hoc
1244 1070 1356 1137 llat,
1389 1069 1677 1125 humanum
1705 1069 1998 1125 admonent
2026 1068 2142 1123 ani-

549 1180 717 1219 ιιιιιιιι.
863 1186 867 1191 ’
1076 1208 1081 1211 .

618 1253 758 1312 XIV.
791 1255 908 1314 Jun.
949 1252 1017 1312 Et
1043 1255 1257 1327 quidem
1296 1268 1457 1327 quam
1502 1254 1635 1310 nihil
1665 1253 1898 1310 habeant
1939 1243 2144 1309 Tradu-

549 1351 712 1419 ciani,
742 1349 885 1422 quod
910 1350 961 1405 vi
992 1365 1094 1421 qua
1123 1357 1487 1420 proteruntur,
1511 1348 1736 1404 rationis
1761 1357 2054 1419 opponant.
2084 1357 2143 1403 ιιι

550 1442 651 1496 alia
675 1457 862 1497 eorum
892 1441 1115 1511 scripta,
1148 1441 1219 1494 ita
1248 1438 1303 1494 hi
1332 1449 1516 1495 contra
1545 1454 1680 1510 quos
1705 1439 1914 1507 agimus
1943 1447 2142 1493 testan-

554 1541 641 1588 lur
669 1532 853 1597 libelli,
888 1532 978 1602 qui
1011 1530 1199 1587 directi
1236 1530 1309 1586 'ad
1339 1530 1620 1585 militarem
1664 1529 1835 1583 virum
1858 1529 1933 1600 (ιι)
2003 1529 2143 1600 quod

549 1625 709 1678 etiam
732 1623 846 1694 ipse
871 1620 1108 1692 profiteri
1138 1622 1360 1693 potest),
1388 1620 1509 1676 aliis
1536 1621 1706 1692 magis
1732 1621 1960 1692 negotiis
1983 1636 2142 1692 quam

552 1713 743 1771 litteris
768 1724 1106 1784 occupatum,
1146 1714 1474 1784 impotentiae
1502 1723 1689 1771 centra
1730 1731 1827 1770 uos
1856 1724 2145 1785 precantur

548 1805 827 1873 auxilium,
853 1821 919 1863 ac
960 1820 1056 1876 pro
1086 1820 1147 1862 se
1174 1820 1386 1861 sursum
1414 1806 1667 1862 deorsum
1711 1806 2102 1876 plebecularunt
2125 1848 2141 1874 ,

547 1903 643 1951 aut
662 1895 942 1962 ruralium,
970 1905 1060 1951 aut
1086 1895 1424 1952 theatralium
1446 1897 1577 1953 scita
1599 1897 1998 1964 commendant,
2023 1913 2145 1969 qua:

548 2003 658 2058 quo
695 1987 803 2042 sint
832 1988 1167 2059 promulgata
1196 1988 1445 2056 consilio,
1479 1986 1700 2044 historia
1724 1987 1865 2043 nulla
1903 2004 2145 2043 comme-
2170 1972 2175 1976 ’

550 2088 745 2135 morat.

624 2172 762 2228 Anc.
804 2168 924 2226 Non
955 2169 1281 2242 impotentia:
1320 2177 1508 2226 contra
1534 2185 1632 2225 vos
1672 2185 1954 2240 precamur
1990 2170 2147 2225 anxi-

557 2262 687 2316 hum
715 2279 730 2315 :
756 2261 850 2317 sed
874 2275 974 2334 pro
1012 2262 1163 2316 vobis
1193 2262 1388 2332 potius,
1419 2271 1476 2316 ut
1509 2261 1579 2316 ab
1607 2277 1740 2316 ausu
1766 2262 2027 2331 sacrilego
2050 2278 2146 2317 co-

557 2349 849 2405 hibeamini
875 2391 890 2416 ,
921 2349 1229 2406 christiana
1279 2351 1529 2421 potentiae
1575 2351 1849 2407 laudamus
1890 2352 2146 2407 ofﬁcium.

557 2441 695 2496 \‘ide
720 2456 851 2497 sane
870 2441 1319 2513 quemadmodum
1347 2441 1550 2498 rnrales
1572 2451 1625 2498 et
1650 2442 1936 2499 theatrales
1960 2442 2110 2499 dicas
2131 2484 2147 2509 ,

561 2529 889 2604 Cyprianum
910 2571 928 2598 ,
968 2540 1018 2585 et
1065 2530 1426 2599 Ambrosium,
1458 2540 1513 2587 et
1538 2539 1615 2586 tot
1639 2532 1878 2588 eruditos
1906 2533 1957 2587 iu
1985 2548 2151 2603 regno

568 2621 663 2678 Dei
691 2623 896 2678 scribas
921 2623 1100 2680 socios
1120 2638 1326 2678 eorum.

637 2714 757 2770 XV.
799 2714 920 2771 JUL.
950 2712 1083 2770 Illud
1123 2723 1298 2770 tamen
1329 2726 1662 2787 nequaquam
1694 2715 1915 2771 inﬁciari
1960 2730 2151 2786 possu-

565 2821 721 2872 mus,
752 2806 894 2877 quod
925 2806 1246 2876 plurimum,
1273 2816 1328 2861 ut
1359 2805 1465 2860 divi
1488 2849 1503 2873 ,
1533 2806 1699 2861 turbis
1741 2808 1965 2875 placeat,
1996 2807 2152 2862 luteis

566 2906 742 2951 tamen
773 2898 792 2930 ⁸
831 2896 1022 2953 delicta
1048 2898 1339 2953 voluntatis
1374 2899 1636 2968 imputare
1666 2908 1902 2965 naturre,
1930 2908 1984 2954 et
2016 2899 2154 2955 inla-

566 2988 800 3043 litatione
829 2990 1093 3044 seminum
1126 3003 1338 3044 morum
1369 2990 1718 3059 petulantiam
1752 2990 2025 3046 vindicare
2054 3009 2067 3045 :
2098 3000 2154 3044 ut

567 3094 839 3151 nunquam
864 3082 982 3153 quis
1006 3082 1294 3137 emendare
1322 3094 1564 3148 conetur,
1595 3083 1735 3154 quod
1767 3085 1988 3154 sperat’
2013 3082 2065 3138 ἰιι
2095 3100 2155 3140 se

569 3175 686 3242 ipso
714 3174 938 3228 alterum
966 3182 1300 3243 perpetrare.

638 3263 774 3320 Anc.
804 3263 938 3333 Quis
970 3264 1062 3320 tibi
1087 3264 1221 3320 dixit
1246 3265 1289 3335 Ξ,
1319 3265 1461 3336 quod
1500 3266 1637 3321 alter
1662 3276 1932 3336 perpetrat
1963 3283 2155 3337 pecca-

566 3366 680 3409 tum
708 3354 1065 3426 cujusquam?
1089 3355 1532 3427 Quandoquidem
1570 3358 1732 3414 etiam
1762 3359 1851 3414 ille
1886 3359 1977 3430 qui
2007 3360 2153 3425 dicit,

567 3446 692 3500 Jam
718 3461 818 3501 non
845 3461 935 3519 ego
962 3461 1145 3517 aperor
1181 3447 1331 3514 illud,
1368 3448 1459 3503 sed
1493 3449 1552 3502 id
1578 3450 1713 3518 quod
1750 3449 1804 3503 in
1844 3466 1925 3504 me
1964 3449 2159 3504 habitat

576 3547 834 3606 peccatum
858 3553 878 3592 :
901 3538 1157 3595 continuo
1176 3539 1483 3609 sdbjlcieus,
1510 3539 1631 3595 Scio
1651 3541 1784 3595 enim
1800 3530 1925 3614 quia
1947 3559 2045 3596 non
2068 3544 2160 3597 Ita-

539 3689 542 3692 ,
572 3630 694 3681 Iimt
722 3629 774 3681 in
816 3644 913 3694 me,
951 3628 1048 3683 hoc
1075 3639 1149 3684 est
1176 3630 1229 3684 in
1267 3646 1420 3685 carne
1450 3646 1583 3696 mea,
1624 3630 1809 3685 bonum
1836 3616 2026 3705 (Itoni.
2063 3649 2156 3700 vn,

575 3723 660 3786 l7,
691 3718 825 3794 l8);
848 3722 1079 3777 ostendit
1103 3734 1260 3776 suum
1285 3737 1408 3777 esse
1435 3722 1688 3793 quidquid
1719 3723 1846 3777 illud
1877 3735 1960 3779 est
1991 3741 2004 3777 :
2035 3725 2159 3794 quia

571 3821 627 3867 et
652 3811 765 3880 ipsa
795 3826 922 3866 caro
949 3810 1016 3867 ad
1044 3826 1167 3866 eum
1197 3813 1448 3882 pertinet,
1479 3814 1568 3883 qui
1595 3830 1659 3868 ex
1685 3829 1849 3869 carne
1873 3825 2080 3870 constat
2107 3827 2162 3871 et

574 3901 785 3969 spiritu.
815 3901 881 3955 Et
901 3911 1079 3957 tamen
1100 3918 1205 3956 nou
1228 3902 1310 3957 vis
1335 3916 1455 3957 cum
1481 3904 1766 3960 Ambrosio
1786 3919 1993 3974 sapere,
2019 3908 2161 3978 quod

585 3994 687 4049 huc
716 3993 938 4056 malum,
969 4009 1078 4064 quo
1104 4009 1232 4049 caro
1256 3995 1586 4065 concupiscit
1613 3996 1869 4052 adversus
1896 4000 2159 4069 spiritum,

578 4083 1016 4153 praevaricatione
1043 4082 1066 4116 ⁸
1110 4085 1265 4153 primi
1310 4084 1541 4141 hominis
1585 4087 1636 4143 in
1675 4100 1917 4143 naturam
1946 4094 2164 4147 verterit

575 4174 870 4242 (Αηιὺτοεη
894 4174 983 4230 lib.
1010 4168 1042 4230 7
1069 4175 1121 4229 in
1146 4170 1271 4230 Luc.
1295 4193 1388 4239 xu,
1413 4177 1526 4248 52).
1553 4176 1658 4235 Sed
1679 4189 1734 4234 et
1761 4190 1815 4235 tu
1838 4196 1957 4236 cum
1984 4182 2164 4241 dicere

575 4266 755 4321 soleas
783 4266 834 4320 in
866 4264 950 4320 his
974 4266 1284 4337 apostolicis
1310 4269 1487 4324 verbis
1516 4269 1825 4325 violentiam
1853 4273 2008 4327 malae
2031 4290 2165 4329 cou-

576 4356 877 4411 suetudinis
914 4358 1180 4427 exprimi,
1202 4358 1334 4427 quid
1363 4366 1445 4414 est
1462 4401 1477 4426 ,
1504 4361 1644 4430 qttod
1676 4362 1836 4415 modo
1862 4363 2042 4419 dicere
2069 4380 2165 4418 vo-

579 4445 745 4515 bisti,
782 4467 801 4501 ι
829 4447 900 4506 Ut
946 4465 1214 4521 nunquam
1252 4452 1371 4523 quis
1413 4453 1705 4509 emendare
1748 4467 1990 4520 conetur,
2023 4460 2164 4529 quod

576 4542 677 4593 scit
700 4542 752 4593 In
778 4555 837 4595 se
860 4539 1085 4596 alterum
1109 4544 1458 4614 perpetrare?
1487 4564 1506 4597 ι
1531 4545 1664 4600 Cum
1691 4546 1825 4601 Veiis
1851 4548 1872 4579 ⁵
1900 4549 2081 4620 utique
2106 4564 2166 4606 se

576 4632 749 4702 ipsum
776 4633 1065 4690 emendare
1092 4650 1213 4690 eum
1235 4635 1325 4707 qui
1353 4636 1498 4700 dicit,
1530 4636 1654 4691 Non
1676 4654 1767 4710 ego
1795 4655 1976 4709 operor
1998 4640 2129 4694 illud
2146 4657 2166 4697 :

573 4736 624 4781 et
657 4726 761 4783 hoc
789 4727 924 4783 velis
956 4727 1068 4784 ﬁeri
1100 4728 1300 4785 viribus
1326 4731 1553 4801 propriae
1583 4730 1908 4797 voluntatis;
1941 4748 2061 4787 cum
2088 4733 2168 4787 vi-

581 4818 707 4874 deas
733 4834 893 4890 quam
934 4820 1003 4874 sit
1043 4820 1287 4876 voluntas
1316 4820 1432 4892 ejus
1475 4822 1682 4878 inﬁrma
1721 4823 1810 4893 qui
1840 4824 2002 4891 dicit,
2044 4822 2167 4879 Non

579 4912 715 4980 quod
736 4910 871 4977 volo,
902 4926 1019 4982 ago.
1045 4909 1208 4967 Istum
1239 4912 1450 4981 saltem,
1479 4929 1682 4984 quaeso,
1714 4914 2006 4985 permittite
2029 4914 2167 4971 divi~

579 5017 707 5055 num
738 5016 963 5072 poscere
1004 5003 1284 5071 auxilium,
1311 5004 1365 5060 iu
1396 5021 1501 5076 quo
1524 5004 1785 5062 defecisse
1810 5007 2030 5063 cernitis
2053 5023 2167 5063 suae

574 5095 862 5149 voluntatis
889 5096 1197 5152 arbitrium.

640 5286 1403 5369 1.21°3¥ﬂvse£titti££lcsets
1435 5290 1622 5369 Meis
1658 5299 1834 5369 ιξιηξιςιξ-
1877 5297 2166 5369 Venerius.

753 5347 928 5424 putent,
951 5345 1131 5424 videris
1156 5345 1332 5424 limen.
1357 5345 1409 5404 ﬁt
1443 5355 1588 5417 paulo
1606 5363 1719 5424 post
1752 5358 1899 5424 [idem
1923 5345 2168 5424 ferebant;

575 5417 622 5482 et
643 5407 975 5482 arumnam
989 5418 1054 5482 iet
1082 5412 1328 5465 hominum
1356 5407 1548 5467 tuorum
1564 5407 1882 5481 petulantiam
1906 5407 2166 5471 vindicare:

574 5477 877 5533 (amittantur
900 5486 962 5521 ex
988 5480 1094 5524 Mss.

641 5534 659 5564 ⁸
694 5538 851 5590 Forte,
875 5533 1014 5584 sciat.

639 5593 661 5660 ξ
692 5594 770 5660 Sic
796 5603 899 5660 uss.
937 5598 1053 5646 editi
1070 5610 1209 5660 vero,
1232 5598 1362 5660 quod
1385 5598 1470 5651 (ibi
1486 5600 1613 5652 dixi.

639 5655 662 5726 ξ
696 5656 831 5726 (xliii,
871 5670 959 5726 pqr
987 5655 1443 5726 mutant-iratum.
1467 5672 1592 5725 λιες»,
1618 5663 2028 5726 ριοωυανὶεαιίοηιτ.

639 5719 661 5784 ι
695 5718 999 5784 j.1|pi,_ziqliij
1022 5722 1380 5784 refragantiiats
1401 5730 1507 5774 Mss.

638 5779 714 5839 (ιι)
734 5781 855 5830 libri
877 5781 941 5832 de
964 5784 1142 5844 nuptiis
1155 5779 1231 5834 ἐι
1266 5788 1677 5849 mucupiscentia.
1701 5788 1759 5836 ad
1779 5790 2003 5840 comitem
2029 5786 2166 5837 Vale-

576 5853 717 5890 ΙἸωΙΙ.

1217 408 1465 465 Ol’ElllS
1504 402 1911 462 llll’lililt'EC'l'l
1952 403 2223 459 CONTRA
2263 398 2622 467 JUI.I.\NU.\I,
2664 406 2721 459 S.
2763 403 3134 462 Αυουετιιιι

3696 412 3837 470 tua

2320 513 2458 570 XVI.
2481 515 2600 571 Jun.
2630 515 2828 572 Verum
2852 517 3175 575 imbecillum
3199 535 3359 577 caeca:
3378 522 3645 594 opinionis
3668 537 3839 598 patro-

2244 606 2445 693 cinium
2494 608 2804 677 multiplicat
2838 619 3086 680 peccata,
3139 628 3243 666 non
3288 614 3500 672 minuit.
3538 614 3639 673 llic
3679 619 3839 690 igitur

2244 700 2561 754 miserorum
2588 702 2822 771 pruritus
2845 711 2900 757 et
2919 712 3112 773 sponte
3136 709 3539 775 :egrescentium
3563 710 3606 778 ',
3637 712 3840 769 nullum

2247 800 2435 845 contra
2466 790 2641 862 ipsam
2682 793 2945 849 rationem
2986 796 3197 873 valebit
3228 794 3436 868 pondus
3474 798 3667 857 afferre
3699 822 3713 857 :
3744 796 3839 859 sed

2226 883 2368 955 quia
2400 884 2672 939 nonnullis
2691 883 3086 957 Scripturarum
3109 889 3260 955 locis,
3284 900 3337 945 et
3360 888 3588 948 maxime
3614 896 3841 963 apostoli

2248 976 2398 1030 Pauli
2429 975 2771 1033 sermonibus
2801 977 3106 1034 conﬁrmari
3152 991 3400 1035 asserunt
3445 986 3682 1039 naturale
3712 1004 3841 1056 pec-

2247 1080 2424 1125 catum
2450 1112 2465 1137 ,
2494 1087 2721 1140 quorum
2753 1068 3144 1143 expositionem
3177 1074 3229 1127 in
3272 1076 3562 1130 secundum
3584 1078 3841 1135 volumen

2247 1149 2448 1227 distuli,
2477 1162 2699 1230 ejusque
2720 1160 3005 1217 reddendae
3029 1171 3237 1234 tempus
3261 1173 3345 1219 est
3364 1167 3419 1232 ’ξ
3445 1158 3675 1222 breviter
3694 1170 3842 1238 prius

2252 1252 2345 1325 (ut
2380 1252 2471 1308 ﬁat
2502 1254 2668 1308 lector
2695 1251 3063 1328 instructior),
3102 1266 3155 1309 et
3185 1272 3305 1326 quae
3339 1257 3611 1319 sint‘acta.
3644 1272 3690 1312 et
3721 1278 3841 1328 qua:

2250 1345 2357 1397 sint
2400 1344 2605 1415 agenda
2655 1343 3001 1414 distinguant.
3048 1344 3334 1400 Ostensum
3379 1356 3461 1401 est
3503 1350 3841 1420 t-rgounihil

2253 1434 2415 1504 posse
2446 1450 2541 1504 per
2587 1445 2797 1489 satietas
2836 1436 3138 1505 Seripturas
3176 1436 3427 1506 probari,
3469 1439 3610 1508 quod
3636 1439 3840 1509 iustitia

2224 1528 2358 1579 ’non
2406 1526 2573 1596 possit
2620 1525 2756 1580 tueri
2790 1541 2806 1580 :
2838 1528 2960 1595 quia
2991 1527 3035 1580 si
3084 1527 3137 1580 in
3182 1525 3298 1597 lege
3342 1526 3438 1582 Dei
3482 1539 3565 1581 est
3610 1529 3841 1598 perlecta

2250 1615 2416 1670 forma
2440 1613 2683 1685 justitiae,
2714 1614 2843 1671 nihil
2876 1632 2971 1686 per
3007 1631 3124 1671 eam
3155 1616 3461 1672 adversaria
3491 1618 3626 1689 ejus,
3658 1619 3708 1673 id
3737 1604 3840 1680 est.

2250 1707 2507 1778 injustitia
2532 1708 2727 1763 sinitur
2755 1709 2965 1763 virtutis
2987 1709 3267 1778 acquirere
3296 1728 3309 1765 :
3340 1725 3403 1764 ac
3430 1708 3524 1779 per
3550 1710 3671 1775 hoc,
3700 1712 3841 1781 quod

2251 1800 2390 1854 ratio
2420 1801 2618 1871 arguit,
2650 1815 2754 1855 non
2784 1810 2962 1871 potest
2999 1801 3290 1854 auctoritas
3316 1799 3608 1894 vindicare.
3645 1801 3845 1856 Deinde

2252 1892 2532 1963 probatum
2564 1901 2646 1947 est
2672 1935 2690 1961 ,
2719 1893 2885 1947 Deum
2927 1892 3083 1946 nobis
3127 1901 3311 1946 uotum
3360 1906 3481 1946 esse
3512 1892 3795 1947 virtutibus
3827 1911 3839 1945 :

2253 1981 2411 2052 hujus
2432 1997 2562 2053 ergo
2601 1983 2859 2053 justitiam
2893 1990 2950 2037 ut
2974 1982 3412 2052 omnipotentiam
3450 1981 3839 2045 conﬁtendam;

2250 2076 2402 2146 cujus
2442 2077 2486 2132 si
2515 2075 2827 2131 admittatur
2870 2074 3174 2142 excidium,
3207 2074 3458 2144 majestas
3484 2074 3698 2144 incipiet
3735 2083 3842 2128 tota

2253 2178 2473 2235 nutare;
2500 2169 2621 2240 quia
2648 2168 2720 2224 ita
2748 2168 2890 2223 Deus
2913 2168 3092 2238 justus
3118 2177 3221 2235 est,
3252 2178 3311 2221 ut
3338 2167 3384 2221 si
3413 2167 3732 2237 probaretur
3752 2167 3843 2238 ju—

2252 2271 2371 2317 stus
2405 2276 2512 2317 non
2552 2278 2706 2328 esse,
2749 2261 3160 2317 convinceretur
3200 2261 3344 2316 Deus
3372 2276 3478 2315 non
3516 2275 3638 2317 esse
3668 2280 3684 2316 :
3709 2277 3843 2316 cou-

2253 2355 2567 2424 clusumque
2595 2363 2710 2417 est,
2755 2368 2853 2407 nos
2883 2352 3051 2408 Deum
3081 2352 3445 2433 aequissimum
3490 2352 3543 2406 in
3586 2351 3849 2407 Trinitate

2254 2447 2528 2512 venerari;
2574 2456 2628 2502 et
2667 2445 3066 2501 irrelutabiliter
3104 2445 3385 2514 apparuit,
3430 2459 3540 2499 non
3580 2458 3737 2515 posse
3776 2444 3846 2498 ab

2257 2555 2322 2594 eo
2352 2547 2628 2609 peccatum
2658 2539 2889 2593 alienum
2913 2537 3146 2607 parvulis
3172 2536 3439 2606 imputari.
3475 2601 3480 2606 ς

2330 2628 2466 2686 Anc.
2494 2630 2672 2698 Quare
2698 2645 2805 2685 non
2840 2629 3023 2684 fateris
3043 2629 3111 2683 ab
3134 2628 3503 2697 omnipotente
3520 2625 3668 2695 justo
3686 2640 3850 2696 grave

2252 2722 2439 2793 jngutu
2467 2736 2632 2791 super
2660 2721 2798 2776 ﬁlios
2827 2720 2995 2776 Adam
3014 2736 3055 2775 -a
3096 2719 3185 2774 dic
3207 2719 3383 2773 exitus
3420 2717 3488 2773 de
3525 2726 3709 2772 ventre
3738 2733 3853 2770 tua-

2262 2817 2358 2868 tris
2383 2827 2590 2877 eorum,
2618 2813 2733 2868 sine
2759 2812 2867 2867 ullo
2882 2813 3088 2884 peccati
3119 2810 3308 2866 merito
3333 2824 3438 2864 non
3460 2809 3703 2879 potuisse
3724 2823 3850 2864 cou-

2255 2904 2427 2962 stitui.

2321 2992 2662 3052 ‘XVII.‘.It:t..
2707 2995 2816 3051 Sed
2865 3002 2923 3049 ut
2977 2993 3047 3049 de
3105 2992 3418 3048 deﬁnitione
3462 2991 3716 3061 justitiaz.
3780 2992 3850 3045 ita

2260 3089 2424 3144 etiam
2454 3087 2524 3143 de
2550 3086 2754 3158 peccati
2787 3086 3092 3141 conditione
3116 3084 3400 3139 dissertum
3428 3092 3532 3147 ost,
3562 3083 3700 3153 quod
3732 3098 3856 3152 pec-

2260 3188 2436 3235 catum
2466 3180 2710 3249 apparuit
2739 3177 2871 3232 nihil
2896 3193 3015 3233 esse
3041 3176 3181 3230 aliud
3208 3192 3365 3247 quam
3394 3176 3586 3230 malam
3614 3177 3859 3230 volunta-

2264 3283 2394 3336 tem,
2422 3272 2508 3327 cui
2547 3281 2696 3328 esset
2731 3271 2957 3327 liberum
2983 3270 3052 3325 ab
3077 3266 3144 3324 eo
3171 3269 3310 3340 quod
3340 3282 3500 3338 prave
3526 3266 3857 3339 appetivere!

2260 3363 2559 3417 abstinere.
3146 3417 3167 3429 ,

2336 3454 2471 3510 Anc.
2519 3453 2632 3508 lloc
2660 3459 2742 3508 est
2785 3450 3007 3506 omnino
3050 3459 3333 3521 peceatum
3382 3450 3535 3521 primi
3582 3450 3855 3519 hominis,

2264 3543 2407 3599 utnle
2456 3544 2510 3598 in
2554 3542 2802 3599 homines
2851 3542 2974 3596 mali
3018 3542 3169 3611 origo
3212 3540 3508 3597 descendit.
3553 3541 3613 3596 Ei
3659 3542 3858 3611 quippe

2263 3635 2418 3689 valde
2444 3634 2669 3690 liberum
2690 3633 2806 3699 fuit,
2834 3632 2900 3688 ab
2927 3647 2993 3687 eo
3020 3631 3159 3702 quod
3182 3647 3347 3702 prave
3370 3633 3696 3701 appetit-erat
3722 3632 3857 3687 abs-

2274 3730 2446 3784 tinere
2477 3745 2490 3781 :
2536 3728 2658 3797 quia
2699 3722 2934 3781 nondum
2963 3733 3080 3780 erat
3108 3724 3313 3786 vitium,
3346 3738 3455 3794 quo
3502 3738 3629 3779 caro
3656 3738 3858 3777 concito

2267 3821 2499 3890 piscerct
2540 3807 2797 3873 adversus
2826 3817 3068 3886 spiritum
3101 3833 3116 3871 :
3156 3819 3391 3870 nondum
3430 3814 3641 3872 dicebat
3666 3856 3683 3880 ,
3735 3814 3861 3870 Non

2265 3910 2401 3980 quod
2425 3910 2560 3975 volo,
2592 3926 2688 3979 ago
2715 3925 2733 3962 :
2765 3907 2998 3962 nondum
3033 3907 3236 3976 positus
3275 3906 3328 3960 in
3355 3922 3518 3962 carne
3545 3907 3743 3976 peccati
3772 3906 3860 3960 ul-

2258 4002 2375 4057 lum
2425 4001 2786 4055 necessarium
2835 3999 3062 4053 habebat
3104 3998 3357 4052 auxilium
3388 3997 3458 4051 de
3503 3996 3860 4053 similitudine

2267 4092 2444 4149 carnis
2490 4095 2721 4164 peccati.
3549 4100 3556 4144 ζ

2342 4184 2525 4240 XVIII.
2582 4184 2701 4239 Jun.
2756 4183 2835 4239 Ae
2894 4198 2989 4251 per
3051 4181 3151 4236 hoc
3201 4180 3562 4237 illustrissimo
3612 4181 3862 4235 testimo-

2269 4281 2360 4334 nio
2408 4279 2717 4350 perdoctnm
2766 4287 2889 4342 est,
2939 4278 2990 4330 in
3034 4276 3379 4331 nascentibus
3425 4291 3530 4330 non
3580 4289 3700 4330 esse
3731 4290 3864 4344 pec-

2269 4385 2445 4427 cafum
2469 4413 2485 4438 ,
2516 4370 2741 4442 quodin
2786 4370 2867 4424 his
2897 4384 3030 4425 usus
3068 4368 3357 4424 voluntatis
3392 4384 3504 4424 .non
3534 4377 3745 4439 poterat
3773 4368 3859 4421 in-

2268 4462 2460 4516 veniri.
2760 4522 2761 4525 η
3417 4519 3421 4525 ,

2336 4556 2478 4610 Αυα.
2505 4553 2571 4608 Ει
2592 4550 2733 4608 unde
2752 4567 2912 4623 grave
2928 4552 3261 4621 ιιιειιιιι,-ιιῑεῑ
3287 4552 3410 4621 quia
3436 4552 3504 4604 ita
3532 4567 3636 4604 non
3662 4550 3864 4605 habent

2274 4643 2564 4698 voluntatis
2589 4659 2765 4710 usum,
2800 4654 2856 4696 ut
2878 4641 3123 4698 obnoxia:
3141 4642 3162 4674 ⁸
3186 4651 3363 4697 tamen
3386 4643 3616 4695 habeant
3640 4642 3863 4712 originis

2274 4735 2570 4789 vinculum.

2344 4826 2487 4882 XIX.
2518 4825 2637 4882 Jun.
2679 4825 2929 4881 Liberum
2958 4834 3136 4880 autem
3164 4824 3444 4879 arbitrium
3473 4823 3653 4894 negari
3682 4824 3751 4879 ab
3778 4824 3866 4878 his

2271 4919 2360 4990 qui
2385 4918 2569 4974 dicunt
2598 4927 2816 4988 peccata
2846 4932 2969 4973 esse
2992 4917 3276 4979 naturalia.
3308 4914 3478 4970 lucida
3506 4925 3591 4971 est
3618 4915 3862 4984 disputa-

2275 5009 2419 5064 tione
2459 5017 2831 5064 monstratum.
2881 5007 3033 5076 Quod
3081 5007 3295 5078 quidem
3341 5008 3571 5070 Pcettus,
3617 5022 3725 5060 non
3766 5021 3869 5061 suo

2272 5113 2541 5165 sermone,
2573 5116 2640 5154 ne
2680 5100 2857 5154 minus
2881 5098 3132 5169 ponderis
3160 5098 3421 5166 haberet,
3465 5096 3557 5150 sed
3592 5097 3867 5166 Evangelii

2276 5191 2617 5256 testimonio,
2657 5189 2807 5260 quasi
2848 5189 3209 5251 auctoratius,
3238 5187 3559 5259 denegavit,
3584 5186 3725 5255 quod
3768 5202 3872 5241 nos

2273 5283 2630 5353 exponendo,
2675 5283 3002 5352 evangelica:
3050 5281 3379 5337 reddidimus
3411 5280 3680 5351 dignitati.
3724 5280 3876 5349 Apo-

2275 5376 2399 5430 stnli
2431 5390 2643 5445 quoque
2674 5374 2824 5429 Pauli
2852 5373 3212 5428 testimonium
3247 5372 3448 5441 laqueis
3466 5370 3878 5425 calumniator-is

2275 5469 2607 5533 exemimus,
2655 5477 2712 5523 et
2739 5467 2998 5522 bonorum
3030 5480 3278 5519 vasorum
3312 5465 3522 5534 ﬁgulum
3567 5462 3740 5516 Deum
3776 5479 3867 5514 Im-

2340 5665 2355 5694 ι
2392 5662 2528 5721 mm,
2550 5667 2877 5712 ενεδεεηιιιιηι.
2901 5668 3026 5721 “95.,
3048 5656 3429 5721 mgrcsccmiou.

2338 5728 2359 5756 ³
2384 5717 2524 5796 editi,
2547 5723 2731 5783 distuli,
2755 5717 3209 5786 miwrenditeniptu
3227 5728 3313 5772 est.
3331 5717 3655 5769 Emendantur
3677 5731 3744 5769 ex
3771 5732 3884 5769 ma-

2275 5793 2547 5846 nttscrijtis.
2680 5810 2683 5813 -

2345 5852 2366 5879 ³
2397 5849 2469 5897 sic
2491 5854 2592 5896 uss.
2621 5854 2670 5897 At
2696 5846 2832 5904 editi,
2854 5842 3128 5895 obnoxium.
3435 5854 3442 5864 ο
3517 5872 3521 5876 η
