4140 6540
368 406 510 472 11⁸9

364 539 536 584 strum
561 540 682 584 esse
708 523 948 581 omnium
972 519 1328 599 conditorem,
1355 511 1612 588 propheta
1645 518 1781 566 teste
1810 523 1963 564 mon-

367 619 679 677 otravimus.
1886 614 1890 619 ’

355 727 358 730 ’
439 715 574 770 Anc.
617 711 730 769 Illic
755 707 852 765 tibi
880 717 1195 777 responsum
1239 708 1344 764 est,
1373 707 1430 754 et
1456 704 1711 769 quantum
1741 681 1963 748 aberra-

372 803 517 863 veris
539 819 569 858 ιι
602 803 831 860 veritate
845 807 1229 856 monstratum.

441 895 565 953 XX.
597 895 721 952 Jun.
749 891 845 948 llis
883 890 1044 962 igitur
1079 887 1317 942 maxime
1341 883 1475 939 actis
1500 881 1554 936 in
1585 879 1758 951 primo
1783 876 1921 932 libro
1943 917 1962 942 ,

366 1003 594 1058 quorum
637 1000 802 1041 unum
845 979 1060 1052 aliquod
1101 977 1318 1035 abunde
1346 973 1548 1031 sufficit
1573 973 1641 1028 ad
1684 969 1961 1026 victoriam

373 1079 652 1141 veritatis;
692 1092 758 1132 ex
784 1072 1078 1130 abundanti
1119 1069 1375 1142 quidem,
1403 1073 1649 1136 superest
1677 1072 1876 1128 tamen,
1908 1067 1966 1114 ut

369 1169 605 1242 Magistri
633 1167 908 1233 Gentium,
941 1179 1044 1235 qua
1070 1179 1168 1236 per
1192 1175 1360 1216 unum
1389 1157 1659 1212 hominem
1687 1161 1962 1224 peccatum

369 1260 502 1316 dixit
531 1261 761 1315 intrasse
801 1257 854 1312 in
896 1253 1154 1310 mundum
1185 1251 1362 1326 (Rom.
1403 1265 1458 1314 v,
1496 1245 1612 1320 ιε),
1639 1244 1962 1302 sententiam

366 1353 706 1424 disputemus
734 1367 749 1405 :
772 1358 828 1406 et
849 1347 1270 1410 deﬁnitionibus,
1291 1358 1425 1415 quas
1445 1339 1822 1412 praemisimus,
1844 1351 1966 1392 cum

368 1458 593 1500 necesse
617 1441 797 1508 fuerit,
820 1438 1141 1512 adjuvandi;
1171 1446 1226 1493 et
1243 1433 1515 1506 probaturi
1544 1430 1676 1486 nihil
1703 1431 1966 1484 rationem

369 1534 534 1590 fuisse
562 1532 843 1590 mentitam
867 1530 1007 1602 ;,sed
1033 1527 1307 1598 iniustitiae
1345 1539 1464 1581 esse
1486 1523 1714 1586 crimen,
1740 1519 1966 1574 aliorum

367 1624 548 1680 studia
575 1623 803 1680 aliorum
827 1620 1036 1677 ortibus
1062 1619 1362 1689 imputare;
1393 1615 1601 1684 hocque
1626 1612 1798 1682 ipsum
1825 1607 1969 1680 quod

369 1716 613 1788 iniquum
643 1725 758 1792 est,
789 1713 1034 1785 quamvis
1068 1726 1230 1767 nemo
1267 1709 1392 1764 hinc
1430 1707 1675 1762 dubitare
1703 1704 1968 1768 debuerit,

345 1803 560 1864 'tamen
592 1808 707 1864 Deo
731 1806 1059 1876 displicere,
1090 1802 1237 1858 etab
1271 1800 1462 1857 eodem
1497 1797 1790 1869 prohiberi,
1819 1797 1970 1852 testi-

370 1899 568 1956 moniis
593 1899 748 1970 legis,
781 1897 866 1953 vel
893 1896 946 1952 in
979 1895 1246 1952 hoc-libro
1267 1933 1286 1960 ,
1313 1893 1399 1949 vel
1426 1892 1478 1948 in
1523 1890 1766 1964 sequenti
1805 1889 1972 1946 doce-

377 1991 577 2048 bimus.
621 1991 697 2046 Ex
746 1988 944 2060 quibus
981 1987 1290 2044 necessario
1328 1983 1630 2050 coniicitur,
1661 1978 1718 2039 ei
1760 1997 1858 2037 nos
1887 1997 1974 2038 re-

367 2083 617 2138 ctissime
653 2079 976 2143 defendere,
1007 2079 1277 2134 neminem
1295 2091 1428 2132 eum
1467 2083 1692 2146 peccato
1721 2073 1889 2139 nasci,
1915 2082 1971 2127 et

366 2159 545 2230 Deum
589 2188 714 2230 reos
761 2188 866 2228 non
913 2186 1071 2241 posse
1109 2169 1355 2240 judicare
1399 2174 1724 2222 nasventes:
1772 2180 1838 2221 ac
1877 2179 1973 2232 per

375 2265 508 2332 hoc,
555 2273 664 2319 tam
709 2262 976 2330 integrum
1016 2274 1138 2316 esse
1183 2259 1408 2316 liberum
1453 2257 1771 2323 arbitrium,
1809 2263 1970 2328 quam

369 2365 500 2412 amo
527 2353 824 2410 voluntatis
849 2352 1080 2424 preprite
1099 2366 1255 2407 usum
1275 2349 1548 2406 innoxiam
1575 2348 1627 2403 in
1655 2361 1976 2418 unoquoque

377 2455 648 2502 tantum»).
990 2455 1000 2461 '

441 2541 584 2594 Aac.
619 2537 751 2602 Dic,
783 2535 1064 2592 videmnus
1106 2533 1249 2606 quod
1285 2534 1309 2566 ι
1341 2532 1414 2590 de
1443 2529 1698 2602 .Apostoli
1729 2530 1974 2585 testimo-

373 2630 466 2685 nio
502 2629 748 2686 dicturus
791 2644 854 2684 es
875 2669 890 2693 ,
933 2637 1039 2682 tam
1085 2627 1317 2683 inaniter
1337 2666 1356 2694 ,
1385 2640 1546 2697 quam
1587 2624 1866 2695 superiora
1893 2622 1978 2680 di-

375 2721 522 2776 xisti.

451 2809 598 2867 XXI.
627 2809 747 2866 Jun.
791 2809 1112 2864 llaniclia-os
1138 2816 1320 2863 autem
1362 2816 1419 2862 et
1463 2805 1645 2876 pietati
1685 2811 1745 2860 et
1781 2801 1974 2859 rationi

374 2901 630 2969 rebelles,
655 2899 750 2970 qui
777 2909 964 2970 putent
989 2900 1010 2931 ’
1037 2909 1096 2955 et
1117 2907 1246 2952 ante
1287 2908 1496 2968 tempus
1533 2896 1824 2951 voluntatis
1853 2909 1976 2948 esse

378 3001 658 3068 peccatum
681 3033 699 3060 ,
739 2991 884 3062 quod
919 3007 1100 3048 mrum
1143 3001 1333 3045 natura
1360 3006 1468 3044 non
1507 2989 1676 3053 sinit;
1715 2994 1771 3042 et
1805 2985 1973 3040 Deum

365 3099 540 3152 esse,
581 3098 744 3156 quem
791 3089 1236 3154 argumentantur
1277 3079 1570 3150 iniustum;
1619 3087 1674 3134 et
1714 3076 1975 3148 infamare

373 3184 591 3232 sanctas
631 3173 852 3245 paginas
875 3213 891 3238 ,
935 3187 1161 3243 quarum
1187 3171 1554 3226 monumentis
1595 3167 1808 3240 probari
1835 3167 1974 3222 alle-

361 3277 509 3340 -gant
533 3267 739 3323 crimen
781 3265 1076 3322 divinitatis
1108 3277 1130 3322 .'
1169 3264 1317 3336 quod
1357 3279 1480 3320 cttm
1525 3278 1593 3318 ex
1637 3261 1804 3316 tribus
1843 3259 1976 3314 nihil

373 3367 542 3431 queat
567 3358 777 3415 ratione
821 3357 1149 3424 monstrari,
1181 3356 1232 3412 id
1275 3365 1380 3420 est,
1411 3371 1514 3411 nec
1531 3355 1658 3410 sine
1698 3353 1976 3408 voluntate

376 3459 654 3521 peccatum
677 3489 694 3515 ,
723 3463 826 3504 nec
854 3449 908 3504 in
935 3449 1048 3504 Deo
1078 3449 1354 3518 iniquitas,
1386 3461 1488 3502 nec
1514 3447 1568 3500 in
1613 3446 1731 3514 lege
1758 3459 1976 3515 perver-

376 3542 544 3609 sitas;
589 3541 692 3598 soli
741 3541 819 3598 illi
863 3541 1054 3610 stulti,
1086 3541 1426 3612 impudentes
1470 3547 1529 3594 et
1569 3539 1713 3610 impii
1752 3539 1977 3595 demon-

377 3642 618 3693 strentur
636 3635 682 3691 '-.

447 3725 584 3784 Anc.
625 3726 896 3782 Embace
924 3743 940 3784 :
969 3738 1075 3781 non
1118 3725 1218 3782 fuit
1258 3723 1574 3780 Ambrosius
1614 3721 1937 3778 Maniclnens
1957 3763 1974 3787 ,

365 3831 500 3874 cum
529 3819 737 3876 diceret
760 3819 1041 3876 hominem
1069 3819 1216 3890 prius
1239 3809 1757 3874 subiredelieterum
1787 3823 1976 3871 etnota-

359 3913 524 3983 ~gitnn
546 3953 562 3978 ,
587 3927 749 3984 quam
789 3913 968 3968 vitalis
993 3912 1214 3983 spiritus
1248 3923 1445 3966 mimus
1487 3908 1704 3966 haurire
1737 3907 1884 3980 .(Lt'b.
1913 3907 1980 3963 de

386 4003 638 4077 Philem).
665 4005 775 4062 Sed
803 4019 904 4061 nec
925 3991 1029 4060 is'Ia
1045 4004 1264 4071 delicta,
1289 4003 1394 4059 nisi
1413 4019 1488 4057 rex
1514 4001 1786 4056 voluntate
1811 3999 1976 4055 exsti—

359 4106 560 4152 .teruut
579 4136 596 4162 ,
617 4097 770 4152 unde
795 4096 1056 4167 originem
1103 4093 1320 4150 traham
1349 4111 1365 4150 :
1392 4101 1449 4148 et
1474 4092 1598 4149 ideo
1639 4105 1742 4148 nec
1783 4091 1835 4146 in
1869 4091 1978 4144 Deo

381 4200 462 4243 est
491 4189 767 4260 iniquitas,
788 4188 880 4259 qui
901 4197 1120 4260 propter
1139 4185 1252 4240 hoc
1263 4185 1442 4256 posuit
1459 4181 1804 4238 noscentibus
1818 4195 1979 4250 grave

345 4347 365 4364 .
377 4282 562 4352 jugum
593 4298 608 4336 :
639 4295 741 4335 nec
769 4279 822 4334 in
851 4279 968 4350 lege
990 4276 1335 4347 perversitas,
1367 4275 1547 4345 inqua
1573 4273 1927 4330 hoc-discitur
1956 4270 1980 4304 ⁵

358 4384 504 4426 esse
531 4370 908 4434 verissimum;
935 4367 1082 4440 quod
1107 4378 1165 4424 et
1189 4368 1289 4438 ipsi
1320 4365 1597 4432 videretis,
1627 4363 1730 4419 nisi
1761 4378 1854 4420 vos
1879 4377 1978 4434 po-

385 4461 492 4514 tius
515 4471 802 4530 perversos
825 4459 1012 4514 oculus
1036 4457 1331 4514 haberetis.

456 4549 626 4606 XXII.
657 4549 778 4604 Jun.
826 4548 1038 4604 Haereat
1079 4549 1239 4618 igitur
1283 4546 1384 4602 hoc
1428 4545 1662 4602 maxime
1707 4543 1981 4614 prudentis

381 4641 565 4696 animo
592 4639 831 4704 lectoris,
849 4637 1101 4695 omnilms
1116 4637 1408 4706 Scripturis
1429 4636 1600 4690 sacris
1625 4635 1800 4689 solum
1825 4635 1976 4700 illud,

382 4731 524 4802 quod
569 4731 621 4786 in
652 4731 912 4785 honorem
960 4729 1050 4784 Dei
1088 4727 1350 4784 Catholici
1393 4727 1646 4796 sapiunt,
1677 4726 1936 4781 contineri
1963 4767 1979 4792 ,

329 4841 344 4852 ο
383 4823 524 4880 sicut
560 4821 920 4894 frequentium
967 4823 1350 4876 sententiarum
1395 4819 1513 4873 luce
1552 4817 1888 4872 illustratur:
1927 4826 1982 4872 et

360 4915 560 4970 sicubi
581 4913 776 4971 durior
810 4912 1047 4968 elocutio
1077 4910 1302 4966 moverit
1337 4905 1688 4979 qmrstionem
1712 4945 1732 4972 ,
1773 4914 1981 4963 eertum

383 5008 604 5079 quidem
627 5023 784 5074 esse,
815 5015 922 5062 nun
949 5007 1018 5062 ibi
1048 5004 1098 5062 id
1125 5003 1266 5075 quod
1297 5003 1550 5070 iniustum
1582 5010 1684 5068 est,
1713 5000 1814 5056 loci
1844 5001 1984 5054 illius

385 5110 664 5154 auctorem
691 5101 972 5170 sapuisse;
1001 5096 1296 5154 seetmdnm
1327 5095 1378 5150 id
1401 5105 1579 5150 autem
1607 5093 1803 5148 debere
1829 5092 1985 5148 intel-

387 5189 502 5260 ligi,
542 5190 684 5260 quod
708 5200 766 5246 et
789 5192 928 5246 ratio
955 5189 1234 5260 pcr-spicua
1253 5228 1271 5256 ,
1301 5195 1358 5244 et
1383 5187 1609 5241 aliorum
1635 5185 1898 5249 locorum,
1929 5182 1983 5239 in

386 5283 584 5352 quibus
607 5295 713 5336 non
733 5289 820 5337 est
845 5280 1187 5351 ambiguitas,
1213 5278 1468 5349 splendor
1493 5278 1763 5348 aperuerit
1791 5276 1834 5328 ⁸.
1864 5275 1984 5331 .lam

391 5372 550 5444 igitur
573 5369 692 5442 ejus
718 5385 840 5425 cum
865 5385 973 5440 quo
997 5372 1206 5441 agimus
1225 5369 1386 5424 verba
1418 5383 1700 5439 ponamus.
1728 5365 1983 5438 liqvidum

455 5587 468 5618 '
505 5583 642 5643 Editi,
676 5579 962 5646 qttid.l_tss.,
985 5580 1134 5644 quod.

451 5648 474 5679 ί
505 5647 580 5696 sic
741 5642 877 5706 Editi,
902 5642 1089 5706 putant.

455 5711 474 5740 ³
505 5708 578 5756 sic
600 5713 706 5770 Mss.
745 5699 871 5754 alar.»
886 5699 940 5754 et
961 5709 1085 5754 Pot-t.
1117 5701 1234 5752 Fditi
1259 5711 1396 5761 vero,
1419 5699 1748 5767 immudemrs
1769 5709 1816 5753 ct
1852 5701 1990 5765 impii

390 5769 862 5836 demonstrantur-xm
940 5825 970 5836 η

455 5831 477 5900 ξ
505 5833 584 5880 sic
613 5839 722 5881 Mss.
747 5827 884 5900 Fdlti,
919 5822 1118 5879 dicitur.

454 5893 476 5929 ⁸
509 5900 637 5952 διεδ..
671 5893 878 5955 aperuit.

1678 391 1878 446 LIBER
1916 385 2293 445 SECUNDUS.

3526 387 3668 444 H50

2073 506 2126 560 in
2158 505 2250 560 illo
2273 505 2448 574 capite
2471 503 2738 560 dictorum
2779 517 2996 558 suorum
3015 545 3029 572 ,
3057 501 3197 574 quod
3229 517 3396 573 usque
3422 501 3486 558 ad
3531 505 3667 574 ligu-

2069 598 2178 653 lm‘n
2229 607 2570 669 peccatorum
2615 597 2634 629 ⁸
2685 595 2850 650 Deum
2899 588 3053 650 suum
3103 593 3436 658 adduxerat,
3481 601 3667 648 contra

2067 689 2211 762 quod
2245 690 2384 746 libro
2420 689 2700 760 superiore
2730 686 3096 754 'conniximus,
3133 686 3364 742 tenuiter
3388 685 3542 751 dixit,
3574 700 3670 755 per

2069 796 2235 838 unum
2266 781 2538 836 hominem
2568 789 2842 852 peccatum
2875 778 3101 834 intrasse
3121 777 3184 832 in
3229 776 3484 832 nmndum
3515 793 3528 829 :
3563 791 3668 830 non

2071 883 2152 928 est
2175 882 2352 928 autem
2384 872 2438 927 in
2465 870 2800 942 expositione
2826 871 2930 924 loci
2953 868 3118 940 ipsius
3145 868 3480 922 immoratus.
3511 865 3670 921 Post-

2074 980 2234 1037 quam
2261 980 2389 1021 vero
2416 963 2599 1020 multis
2623 963 2802 1020 verbis
2827 974 3010 1020 contra
3042 962 3128 1016 illa
3157 969 3429 1030 excerpta,
3461 973 3580 1028 quae
3605 960 3669 1012 ad
3701 952 3712 962 ’

2068 1075 2130 1116 se
2171 1059 2454 1116 confirmat
2479 1059 2677 1126 missa,
2715 1057 3007 1124 disseruit,
3051 1053 3300 1127 pervenit
3327 1053 3393 1108 ad
3438 1051 3669 1122 aliquem

2071 1151 2340 1206 dictorum
2371 1162 2616 1206 meorum
2657 1149 2854 1215 locum,
2897 1164 3056 1220 quem
3094 1147 3194 1202 sibi
3223 1145 3374 1217 quasi
3401 1159 3664 1215 oppugnao

2073 1245 2229 1298 turus
2257 1241 2490 1312 obiecit;
2517 1241 2610 1296 sed
2643 1239 2774 1295 nihil
2796 1235 3088 1295 secundum
3119 1238 3170 1293 id
3197 1237 3336 1308 quod
3349 1236 3532 1292 “fuerat
3557 1235 3643 1305 pul
3703 1278 3710 1284 .

2074 1340 2226 1388 satus
2249 1331 2494 1388 referens
2517 1373 2534 1400 ,
2579 1331 2646 1386 ad
2677 1331 2816 1386 hanc
2852 1329 3097 1402 Apostoli
3125 1328 3442 1385 sententiam
3469 1340 3674 1382 convo-

2073 1423 2240 1488 lavit,
2293 1423 2347 1478 in
2390 1437 2493 1494 qua
2543 1413 2712 1488 dicit,
2745 1437 2842 1492 per
2882 1435 3046 1476 unttm
3080 1419 3363 1474 'bominem
3388 1424 3669 1488 peccatum

2079 1515 2309 1570 intrasse
2355 1515 2408 1569 in
2459 1514 2751 1580 mundum;
2789 1521 2845 1568 et
2889 1510 3180 1567 sermulum
3231 1509 3424 1578 dognm
3472 1525 3628 1564 suum
3655 1551 3672 1572 ,

2074 1612 2387 1660 contextum
2417 1603 2520 1659 loci
2547 1603 2714 1675 ipsius
2740 1617 3012 1673 exponere
3037 1599 3254 1660 molitus
3283 1607 3368 1656 est
3395 1616 3409 1653 :
3449 1607 3676 1669 proltter

2075 1693 2218 1766 quod
2257 1710 2384 1766 ego,
2411 1693 2787 1765 prietermissis
2815 1692 2956 1760 aliis,
2987 1691 3056 1748 ad
3095 1704 3213 1748 eam
3244 1691 3522 1762 properavi
3551 1705 3668 1760 par~

2075 1796 2182 1842 tem
2208 1829 2226 1854 ,
2275 1796 2334 1843 ut
2375 1787 2498 1858 quia
2539 1803 2627 1844 me
2670 1787 3020 1858 promiseram
3065 1785 3202 1842 banc
3247 1799 3370 1841 esse
3401 1769 3672 1855 qua-stio-

2079 1892 2204 1933 nem
2230 1879 2283 1933 in
2311 1874 2555 1934 secundo
2581 1877 2854 1934 volumine
2895 1879 3193 1933 soluturum
3218 1917 3234 1942 ,
3265 1885 3320 1932 et
3350 1873 3507 1930 tidem
3549 1887 3674 1944 pro-

2077 1968 2349 2024 missionis
2391 1965 2688 2040 implerem,
2718 1978 2771 2024 et
2795 1967 3185 2039 argumentatio
3215 1965 3357 2022 illius
3381 1979 3501 2036 quze
3529 1973 3674 2020 esst't

2077 2061 2458 2124 ostenderem,
2507 2074 2578 2116 ne
2622 2067 2840 2130 putarer
2874 2055 3074 2114 'l‘eeisse
3111 2055 3393 2120 fraudem,
3442 2055 3486 2110 si
3531 2053 3674 2108 illius

2073 2151 2413 2220 expositione
2436 2165 2747 2222 suppressa,
2776 2166 2894 2204 eatn
2920 2157 3080 2220 quam
3104 2147 3418 2203 catholicam
3441 2131 3674 2200 I‘at-untir

2078 2241 2361 2298 inferrem.

2147 2333 2287 2390 Acs.
2317 2331 2656 2404 Pelagianam
2683 2327 2928 2388 illaturus
2955 2345 3034 2396 es,
3067 2343 3172 2384 non
3201 2314 3540 2384 catholicam.
3568 2325 3672 2382 Ca-

2077 2422 2274 2478 tholica
2308 2423 2396 2478 illa
2441 2433 2563 2491 est,
2607 2439 2727 2494 qua:
2769 2421 3005 2478 ostendit
3039 2421 3239 2492 justum
3279 2421 3446 2476 Deum
3495 2419 3547 2474 in
3598 2425 3674 2472 tot

2073 2529 2138 2571 ae
2167 2516 2328 2570 tantis
2372 2515 2546 2584 poenis
2585 2525 2641 2572 ct
2673 2511 2999 2570 cruciatibus
3031 2513 3378 2584 parvulorum
3399 2525 3580 2582 ;lquos
3619 2510 3671 2564 in

2076 2597 2500 2678 paradiso'tdlus
2525 2622 2710 2663 eormn
2743 2607 2890 2662 nulla
2933 2607 3184 2678 :equitate
3211 2605 3471 2669 sentiret,
3503 2605 3546 2658 si
3578 2617 3674 2657 na-

2077 2706 2196 2754 tura
2227 2698 2458 2753 humana
2485 2697 2671 2754 vitiata
2717 2706 2958 2769 peccato,
2987 2705 3045 2753 et
3080 2696 3272 2752 merito
3295 2695 3536 2750 damnata
3569 2707 3672 2748 non

2075 2801 2242 2846 CSSCI.

2147 2877 2342 2936 XXIII.
2405 2879 2526 2936 Jtze.
2593 2877 2911 2936 [lett-aetatis
2964 2878 3124 2949 igitur
3171 2878 3224 2933 itt
3284 2878 3461 2949 primo
3511 2889 3676 2945 opere

2075 2984 2202 3026 meo
2253 2970 2576 3026 sententiam
2625 2969 2781 3041 ejus,
2829 2985 2934 3040 qua
2983 2970 3190 3024 dixerat
3241 2986 3256 3022 :
3311 2987 3330 3020 ι
3362 2966 3493 3022 Nam
3538 2966 3678 3022 sicut

2077 3071 2356 3135 peccatum
2381 3101 2397 3126 ,
2433 3061 2552 3117 sive
2580 3062 2702 3117 hinc
2728 3101 2748 3130 ,
2775 3061 2888 3117 sive
2915 3060 3040 3118 imle
3068 3056 3310 3114 trahatur
3339 3074 3367 3113 a
3401 3058 3631 3130 parvtdis
3654 3096 3674 3124 ,

2075 3168 2212 3224 opus
2256 3160 2342 3209 est
2389 3153 2628 3219 diaboli;
2675 3153 2754 3209 sic
2792 3153 2994 3218 homo,
3041 3153 3153 3208 sive
3201 3150 3363 3218 hinc,
3394 3142 3507 3205 sive
3551 3149 3676 3203 inde

2075 3253 2344 3312 nascatur,
2366 3259 2502 3316 Opus
2513 3253 2596 3298 cst
2624 3243 2716 3300 Dei
2750 3263 2769 3297 ι
2791 3242 2902 3314 (De
2919 3242 3131 3314 Nuptiis
3157 3253 3204 3298 ιί
3235 3240 3672 3314 (Ζοηαῳῑα-εηιῐιι,

2076 3335 2166 3390 lib.
2187 3335 2239 3400 i,
2254 3351 2310 3390 η.
2331 3335 2356 3391 I
2383 3339 2404 3406 )
2428 3351 2444 3390 :
2471 3335 2541 3390 ita
2561 3345 2738 3390 autem
2757 3351 2792 3390 a
2811 3351 2898 3391 me
2925 3352 3065 3390 nunc
3089 3336 3174 3390 hic
3192 3334 3440 3396 refertur,
3459 3335 3595 3388 sicut
3619 3331 3670 3386 in

2074 3441 2199 3482 meo
2227 3442 2390 3500 opere
2418 3428 2746 3494 continetur,
2777 3426 2922 3484 unde
2945 3427 3234 3483 maximam
3269 3435 3472 3499 partem
3502 3424 3675 3481 fuerat

2082 3519 2184 3576 iste
2208 3519 2437 3578 furatus.

2147 3613 2282 3668 Acs.
2335 3610 2424 3667 Sic
2464 3627 2590 3666 vera
2636 3611 2659 3644 ³
2716 3611 2964 3684 disputas
2991 3653 3006 3680 ,
3051 3609 3322 3682 quomodo
3367 3625 3549 3666 verum
3594 3618 3679 3665 est

2079 3703 2222 3774 quod
2266 3720 2370 3776 ego
2416 3704 2506 3760 illa
2553 3703 2761 3759 furatus
2810 3721 2929 3758 sum
2983 3722 2998 3758 :
3041 3720 3160 3758 cum
3221 3703 3401 3774 potius
3445 3702 3538 3757 ille
3577 3717 3674 3756 cn-

2075 3794 2170 3864 jus
2206 3793 2450 3851 chartula
2490 3794 2621 3850 mihi
2671 3795 2834 3850 missa
2879 3805 3000 3862 est,
3049 3793 3192 3865 quod
3237 3795 3404 3850 voluit
3431 3803 3591 3864 atque
3621 3802 3680 3848 ut

2078 3885 2284 3952 voluit,
2305 3901 2374 3942 ex
2401 3899 2566 3956 opere
2593 3892 2687 3942 tuo
2710 3927 2726 3953 ,
2759 3885 2982 3942 arbitrio
3007 3901 3106 3942 suo
3138 3885 3440 3956 iudicioque
3487 3893 3666 3940 trans-

2081 3976 2280 4032 tulerit.
3056 4006 3066 4014 ι

2147 4065 2340 4130 XXIV.
2364 4067 2488 4124 J'UL.
2519 4066 2791 4138 ReSpondi
2814 4083 2943 4139 ergo
2970 4067 3043 4123 ibi
3069 4085 3084 4122 :
3113 4086 3133 4119 ι
3161 4057 3245 4122 Tu
3276 4067 3492 4139 quidem
3517 4065 3680 4141 (pace

2077 4160 2370 4230 magisterii
2403 4159 2476 4214 tui
2507 4159 2731 4215 dixerim
2756 4159 2800 4232 ³)
2836 4159 3206 4230 tergiversaris
3249 4177 3262 4215 :
3309 4159 3405 4215 sed
3435 4159 3674 4230 iutcllige

2078 4250 2220 4322 quod
2248 4249 2510 4306 ademerit
2537 4251 2629 4306 tibi
2657 4250 2854 4306 veritas
2875 4250 3142 4306 licentiam
3169 4249 3517 4322 pervagandi.
3544 4250 3699 4304 Ecce.

2079 4345 2222 4401 enim
2269 4353 2324 4400 et
2373 4360 2472 4400 nos
2509 4345 2899 4416 acquiescimus
2941 4347 3064 4416 quia
3105 4353 3382 4413 peccatum
3424 4357 3558 4412 opus
3595 4351 3682 4397 est

2077 4435 2236 4491 mala:
2263 4434 2572 4500 voluntatis,
2609 4435 2692 4491 vel
2749 4449 2884 4505 opus
2913 4443 2995 4488 est
3030 4433 3226 4490 diaboli
3253 4451 3266 4486 ε
3297 4432 3392 4488 sed
3432 4449 3526 4502 per
3553 4429 3680 4502 quid

2081 4525 2186 4582 hoc
2209 4533 2488 4596 peccatum
2523 4524 2788 4580 invenitur
2817 4526 2871 4580 in
2901 4524 3155 4595 parvulo?
3189 4525 3290 4579 Per
3311 4524 3683 4578 voluntatem?

2079 4618 2152 4671 At
2176 4616 2320 4670 nulla
2361 4615 2414 4671 in
2441 4631 2507 4671 eo
2539 4613 2654 4670 fttit.
2690 4617 2792 4672 Per
2832 4615 3058 4671 formam
3087 4613 3374 4684 corporis?
3409 4613 3512 4670 Sed
3541 4613 3681 4667 hanc

2081 4708 2225 4764 Deus
2255 4709 2460 4762 tribuit.
2491 4709 2596 4763 Per
2633 4709 2940 4778 ingressum
2963 4707 3198 4762 animm?
3225 4707 3329 4763 Sed
3359 4706 3490 4760 nihil
3521 4706 3685 4760 debet

2081 4801 2280 4859 semini
2306 4803 2594 4872 corporali,
2623 4817 2744 4872 quae
2780 4817 2916 4856 nova
2943 4817 2971 4854 a
3004 4802 3115 4857 Deo
3139 4800 3410 4856 conditur.
3443 4801 3545 4854 Per
3575 4816 3680 4854 nu-

2069 4894 2265 4964 .ptias?
2303 4893 2408 4950 Sed
2443 4892 2525 4948 ha:
2555 4893 2824 4964 pertinent
2850 4893 2916 4947 ad
2949 4874 3084 4962 opus
3115 4900 3424 4962 parentant,
3463 4907 3600 4964 quos
3629 4893 3682 4946 in

2085 4987 2189 5042 hoc
2205 4996 2331 5042 actu
2352 5003 2457 5041 non
2476 5001 2732 5056 peccasse
2763 4985 3111 5056 pratmiseras
3137 5003 3151 5038 :
3177 4983 3318 5054 quod
3347 4983 3390 5038 si
3417 5001 3522 5036 non
3554 4999 3682 5040 vere

2083 5077 2140 5134 id
2181 5093 2550 5143 concesseras,
2575 5079 2709 5133 sicut
2726 5092 3020 5149 processus
3051 5075 3124 5130 tui
3161 5075 3428 5130 sermonis
3454 5075 3682 5141 indicat,

2086 5171 2218 5242 ipse
2257 5178 2382 5226 sunt
2421 5169 2788 5233 exsecranda,
2833 5183 2954 5238 quae
2995 5181 3213 5222 causam
3248 5164 3489 5222 fecerunt
3533 5165 3682 5219 mali.

2085 5259 2285 5316 Verum
2316 5261 2420 5316 ilhc
2467 5250 2822 5316 substantiam
2858 5257 3129 5328 propriam
3170 5247 3275 5311 non
3321 5255 3552 5320 habent;
3584 5255 3682 5311 sed

2152 5395 2176 5458 ι,
2206 5393 2324 5458 Bditi
2337 5428 2354 5454 ,
2385 5399 2684 5458 precatorem
2724 5403 2744 5442 :

2084 5456 2296 5517 mimis.

2151 5513 2340 5574 "mliti,
2366 5514 2412 5568 si
2434 5529 2563 5566 rem.
2593 5521 2648 5566 Αι
2670 5513 2904 5576 .ttss.‘,st'c
2925 5526 3081 5576 rem.
3361 5572 3366 5576 δ

2146 5579 2174 5651 ,³
2207 5571 2359 5651 lenti,
2381 5578 2623 5651 "cauendo
2651 5589 2770 5651 ergo
2784 5571 2867 5628 ibi
2888 5581 2947 5651 tu_
2955 5574 3188 5651 uiridem,
3199 5572 3388 5651 partem
3650 5571 3686 5622 ii

2087 5639 2157 5691 tm’
2193 5637 2425 5692 direrim.
2467 5637 2884 5702 '(astigant'uriex
2931 5637 3038 5690 διες.
3087 5637 3212 5688 Port;
3267 5644 3378 5686 star.
3428 5637 3692 5702 _t.lar.__tu—

2087 5703 2525 5766 smnusIouemhuc
2553 5697 2690 5751 suam
2733 5701 2949 5752 Julianus
2989 5701 3218 5766 trattsiet't
3236 5712 3318 5748 ex
3366 5699 3522 5766 ιιι-ἱειιο
3566 5697 3690 5766 Ιὶιιιυ

2091 5758 2264 5826 prioris
2281 5765 2448 5828 operis
2467 5764 2528 5828 ad
2550 5767 2881 5828 'Ipﬂmatium,
2910 5777 3025 5828 qum
3043 5763 3141 5828 jam
3172 5763 3236 5811 ab
3259 5758 3521 5828 Augustino
3553 5758 3688 5828 refu-

2095 5821 2192 5877 ἰδίει
2209 5821 2486 5897 -ιίδιξιιμ-ει,
2513 5827 2562 5875 in
2588 5825 2670 5897 lib.
2699 5828 2853 5888 primo
2991 5821 3072 5886 ΜΞ,
3091 5825 3171 5874 tiis
3206 5821 3690 5897 et_gxutcutiiscent.ta,

2099 5902 2179 5938 nu.
2207 5892 2290 5948 50.
2311 5883 2397 5953 5ιέ
2419 5883 2662 5947 inlita-"'5
2683 5883 2846 5938 contra
2870 5883 3126 5944 .Iulianuin,
3162 5899 3210 5934 tt.
3236 5883 3296 5934 iii
3315 5897 3421 5946 atq.

2788 5389 2918 5440 malo
2964 5401 3028 5440 uc
3077 5387 3472 5454 repugnantibus
3521 5399 3690 5438 manu-

3709 5504 3721 5554 ἰ
