4118 6520
608 419 735 476 ιιςει

605 533 819 588 nomine
847 543 942 585 suo
963 540 1311 600 personarum
1337 541 1474 596 opus
1495 523 1725 578 indicant
1754 542 1767 576 :
1802 529 2050 591 parentes
2089 517 2184 586 igi-

605 634 712 689 tur,
751 623 840 694 qui
887 629 1157 676 conventu
1197 633 1295 674 suo
1323 631 1538 672 causam
1585 614 1758 669 fecere
1803 620 2040 682 peccato,
2065 609 2185 679 jure

603 712 958 768 danmahilcs.
991 709 1200 779 Ambigi
1244 723 1372 778 ergo
1410 709 1519 776 jam
1567 720 1671 759 non
1701 712 1893 774 potest,
1933 701 2187 770 conjuges

605 817 812 861 mtcrno
861 804 1123 875 supplicio
1165 799 1474 870 mancipari,
1518 813 1742 868 quorum
1789 795 1969 850 labore
2010 802 2185 846 actum

606 909 688 953 est
716 909 772 953 ιιι
798 897 864 952 ad
895 897 1224 951 dominatum
1253 891 1606 948 exercendum
1646 891 1697 944 in
1729 889 1971 944 homines
1999 887 2186 940 diabo-

611 993 692 1046 lus
725 991 1044 1061 perveniret.
1069 986 1220 1056 Quod
1237 987 1280 1040 si
1300 984 1628 1040 concesseris
1652 1000 1667 1048 ;
1699 981 1827 1037 illud
1850 990 2016 1034 totum
2045 977 2186 1048 quod

605 1095 761 1140 antea
779 1083 1015 1140 tenuisse
1031 1081 1294 1136 videbaris
1313 1078 1547 1142 amittes,
1563 1075 1614 1130 id
1635 1083 1738 1142 est,
1754 1073 1893 1144 quod
1914 1071 2187 1126 hominem

506 1233 507 1236 η
609 1177 702 1231 Dei
743 1176 1116 1247 opusdiseras.
1155 1170 1469 1227 Necessario
1510 1168 1706 1238 quippe
1761 1164 2020 1236 sequitur,
2066 1162 2186 1232 quia

608 1285 701 1339 per
719 1267 1152 1323 commixtionem
1192 1276 1474 1331 corporum
1506 1259 1655 1329 origo
1694 1254 1986 1328 progenitis
2010 1261 2110 1316 cst,
2144 1252 2187 1306 si

608 1377 701 1431 per
727 1360 987 1430 originem
1029 1357 1223 1411 malum
1269 1354 1320 1407 in
1366 1351 1691 1413 hominibus,
1736 1363 1829 1419 per
1855 1346 2068 1408 tmalum
2101 1343 2190 1414 jus

604 1453 798 1507 diaboli
840 1452 893 1506 in
932 1449 1198 1512 homines,
1229 1445 1500 1501 diabolum
1539 1457 1658 1497 esse
1699 1449 1970 1495 auctorem
2016 1435 2189 1490 homi-

609 1561 758 1611 num,
785 1560 814 1598 a
841 1560 947 1614 quo
981 1552 1061 1595 est
1087 1541 1235 1609 origo
1265 1537 1615 1593 nascentium.
1653 1553 1672 1586 ι
1723 1533 1849 1587 Post
1873 1546 1991 1600 qua:
2021 1527 2188 1597 ipsius

605 1637 779 1692 denuo
798 1635 953 1690 verba
972 1633 1190 1702 repetivi
1213 1649 1226 1685 :
1257 1649 1277 1683 ι
1299 1629 1430 1684 Nam
1451 1627 1587 1682 sicut
1606 1633 1899 1695 peccatum,
1913 1622 2027 1676 sive
2044 1620 2186 1684 hinc,

604 1731 721 1784 sive
759 1726 882 1782 inde
909 1727 1167 1787 trahatur,
1189 1736 1324 1793 opus
1358 1728 1441 1776 est
1467 1716 1694 1781 diaboli;
1730 1717 1810 1772 sic
1851 1715 2034 1776 homo,
2073 1711 2187 1764 sive

607 1820 755 1881 hinc,
787 1819 898 1872 sive
935 1816 1055 1871 inde
1082 1825 1345 1876 nascatur,
1373 1827 1508 1882 opus
1527 1819 1612 1865 est
1639 1808 1753 1863 Dei.
1785 1825 1805 1860 ι
1849 1807 1927 1862 Ac
1947 1803 2190 1873 protinus

613 1909 874 1967 insnrrexi
903 1907 1004 1961 hoc
1027 1908 1186 1961 modo
1215 1921 1229 1958 :
1264 1922 1284 1956 ι
1311 1904 1443 1958 Cum
1474 1901 1617 1956 illam
1649 1913 1831 1953 vocem
1876 1895 2083 1951 timoris
2113 1894 2186 1948 tui

603 2000 798 2070 cogito,
825 2013 928 2068 qua
949 1997 1082 2051 dicis
1111 1995 1321 2064 nuptias
1357 1993 1552 2047 malum
1585 2005 1691 2044 non
1728 2003 1866 2051 esse,
1895 1987 2025 2040 istos
2058 1984 2190 2038 alios

602 2105 882 2146 sermones
923 2098 1044 2144 tuos
1065 2086 1182 2142 sine
1214 2086 1322 2139 risu
1355 2083 1697 2139 considerare
1726 2094 1830 2134 non
1863 2091 2098 2148 possum.
2131 2073 2189 2130 Si

603 2181 745 2235 cnim
773 2179 947 2234 credis
974 2193 1004 2232 a
1042 2177 1151 2232 Deo
1171 2175 1417 2230 homines
1443 2173 1581 2238 fieri,
1607 2179 1662 2226 et
1685 2184 1803 2224 esse
1824 2167 2079 2238 coniuges
2105 2165 2189 2220 in-

607 2277 896 2333 nocentes;
921 2266 1040 2322 vide
1058 2281 1216 2336 quam
1239 2273 1383 2319 stare
1403 2277 1507 2318 non
1529 2261 1719 2332 possit,
1740 2258 1874 2314 trahi
1897 2273 1963 2312 ex
1980 2256 2064 2310 his
2083 2254 2192 2310 ori-

604 2361 780 2431 ginale
805 2366 1102 2428 peccatum.
1129 2355 1292 2411 Certe
1320 2368 1427 2408 nou
1455 2359 1642 2426 peccat
1679 2349 1780 2405 iste
1806 2349 1895 2419 qui
1933 2346 2187 2410 nascitur,

607 2466 712 2504 non
743 2457 928 2520 peccat
963 2448 1049 2502 ille
1078 2446 1170 2517 qui
1199 2444 1403 2516 genuit,
1435 2459 1540 2498 non
1568 2448 1752 2511 peccat
1779 2439 1868 2494 ille
1890 2437 1979 2508 qui
2005 2436 2189 2492 condi-

605 2541 684 2594 dit
715 2558 730 2594 :
778 2555 872 2609 per
902 2553 1034 2606 quas
1075 2537 1238 2591 rimas
1273 2535 1411 2589 inter
1449 2542 1526 2588 tot
1567 2531 1810 2603 pra-sidia
1849 2529 2189 2594 innocentiae,

518 2639 523 2644 '
609 2639 884 2700 peccatum
912 2628 1064 2697 lingis
1090 2627 1384 2698 ingressum
1406 2624 1431 2676 ?
1463 2643 1483 2676 ι

682 2727 818 2777 Anc.
856 2721 976 2776 Jam
1017 2720 1098 2774 his
1131 2717 1309 2773 verbis
1334 2716 1459 2782 tuis,
1498 2715 1660 2771 etiam
1698 2728 1818 2768 cum
1854 2711 1999 2782 ipst-s
2027 2710 2190 2766 libros

616 2823 739 2868 tuos
771 2813 1039 2883 legissem,
1069 2807 1412 2879 respondisse
1436 2822 1522 2861 me
1543 2804 1739 2860 sufficit
1765 2803 1988 2872 (Supra,
2015 2811 2191 2856 contra

607 2904 897 2970 lulianum,
942 2901 1029 2956 lib.
1063 2903 1118 2964 5,
1148 2918 1201 2954 η.
1243 2897 1458 2970 54-57).
1487 2897 1682 2952 Verum
1708 2904 1762 2951 et
1792 2894 1878 2950 hic
1903 2894 2186 2961 admoneo,

606 2995 919 3066 Apostolum
951 2992 1126 3062 potius
1155 2989 1476 3056 audiendum
1503 3003 1645 3050 esse,
1672 3002 1830 3056 quam
1863 2994 1936 3050 te,
1966 2984 2056 3055 qni
2084 2999 2189 3038 non

605 3089 866 3144 occultam
898 3087 1109 3150 rimam,
1142 3083 1235 3138 sed
1278 3081 1668 3152 apertissimum
1705 3079 1921 3148 januam
1963 3077 2191 3131 demon-

605 3179 811 3245 stravit,
837 3193 939 3248 qua
968 3185 1230 3245 peccatum
1267 3172 1470 3228 intravit
1500 3172 1551 3225 in
1583 3170 1846 3232 mundum,
1875 3176 1924 3222 et
1949 3183 2038 3236 per
2073 3182 2190 3238 pec-

605 3281 771 3324 catum
793 3281 956 3329 mors;
995 3275 1044 3320 et
1066 3266 1137 3319 ita
1157 3265 1209 3318 in
1227 3281 1402 3318 omnes
1427 3261 1652 3315 homines
1679 3259 1990 3331 pertransiit,
2012 3256 2064 3310 in
2093 3273 2192 3326 quo

605 3377 777 3414 omnes
803 3365 1126 3430 peccaverunt
1147 3354 1323 3429 (Rom.
1347 3370 1400 3421 v,
1425 3353 1514 3420 12)
1545 3371 1559 3406 :
1586 3367 1706 3422 qua:
1730 3349 1890 3406 verba
1911 3349 2047 3418 ejus,
2069 3363 2190 3403 cum

608 3451 902 3506 secundum
933 3465 1062 3514 vos,
1097 3463 1202 3502 non
1230 3445 1520 3502 secundum
1550 3444 1751 3513 ipsum,
1788 3455 2055 3511 exponere
2083 3455 2192 3494 cte-

606 3542 770 3612 peris,
797 3551 921 3595 Itmc
941 3539 1214 3610 apparebit
1239 3537 1323 3590 cui
1350 3534 1649 3590 rectitudini
1683 3532 1926 3588 veritatis
1957 3531 2193 3601 loquaci-

607 3640 718 3685 tate
747 3628 1132 3684 lortuosissima
1161 3627 1457 3682 relucteris.

685 3720 852 3776 XXV.
892 3719 1013 3774 JUL.
1056 3719 1205 3773 llunc
1230 3733 1359 3787 ergo
1384 3715 1450 3770 de
1481 3731 1643 3780 onere
1697 3728 1818 3768 meo
1854 3713 2029 3781 priore
2065 3727 2194 3768 con-

611 3821 815 3867 textum
839 3850 856 3875 ,
888 3810 940 3863 in
970 3810 1073 3864 hoc
1098 3808 1335 3862 sccumlo
1366 3806 1503 3860 libro
1523 3820 1621 3858 suo
1649 3804 1772 3869 sibi,
1811 3804 1934 3857 licet
1959 3817 2081 3856 cum
2113 3803 2195 3856 in-

609 3902 968 3972 terpolatione
989 3902 1030 3964 ί.
1061 3899 1337 3969 proposuit
1371 3896 1473 3970 (De
1510 3895 1718 3966 Nuptiis
1744 3904 1790 3948 et
1820 3893 2192 3964 Concupiscen-

609 3997 704 4058 n’a,
755 3993 842 4047 lib.
871 3992 929 4058 9,
967 4009 1019 4046 η.
1051 3991 1262 4060 4449).
1293 3989 1423 4044 Nam
1450 3997 1505 4043 et
1529 3995 2005 4042 commemoratam
2036 4000 2066 4038 a
2107 3999 2192 4038 me

610 4086 984 4140 formationem
1023 4083 1289 4152 corporis,
1338 4090 1392 4136 et
1435 4080 1731 4149 ingressum
1779 4078 1991 4140 animae,
2033 4093 2190 4147 quam

613 4193 803 4232 novam
858 4176 909 4232 iu
961 4189 1281 4246 unoquoque
1326 4189 1358 4229 a
1399 4173 1508 4228 Deo
1547 4169 1835 4236 conditam,
1887 4180 1992 4224 tam
2031 4170 2190 4235 ratio,

611 4288 768 4343 quam
813 4271 944 4342 legis
993 4284 1160 4324 sacra:
1195 4267 1557 4336 Ecclesia'qne
1593 4261 1870 4318 catholica:
1917 4262 2196 4318 continuat

611 4364 920 4429 auctoritas,
952 4371 1010 4416 ut
1029 4375 1210 4432 spero,
1236 4367 1353 4414 arte
1374 4356 1630 4429 pratteriit
1652 4358 1698 4410 ⁸.

687 4457 817 4508 Anc.
857 4453 956 4520 Qui
1007 4451 1134 4521 legit
1179 4465 1271 4504 sex
1322 4449 1486 4502 libros
1536 4460 1709 4510 meos,
1751 4445 1943 4515 quibus
1973 4444 2192 4498 refutavi

611 4557 842 4618 quatuor
863 4556 983 4598 tuos
1003 4586 1016 4610 ,
1045 4543 1112 4597 de
1143 4556 1369 4611 quorum
1396 4544 1569 4609 primo
1593 4553 1713 4608 qua:
1750 4537 1935 4600 voluit,
1967 4544 2021 4589 et
2059 4535 2196 4590 sicut

614 4637 819 4702 voluit,
879 4636 965 4689 ille
1016 4632 1323 4702 decerpsit,
1374 4631 1462 4684 cui
1509 4627 1758 4698 respondi
1808 4627 1860 4681 in
1911 4626 2046 4680 libro
2093 4626 2196 4681 isto

612 4744 769 4798 quem
826 4741 965 4782 nunc
1009 4723 1202 4778 frustra
1246 4720 1567 4791 redarguere
1621 4717 1990 4788 loquacissima
2043 4715 2194 4770 vani-

613 4830 721 4876 tate
767 4817 1008 4882 conaris;
1055 4816 1133 4869 sic
1177 4829 1263 4868 me
1308 4813 1398 4867 tibi
1430 4812 1480 4865 in
1511 4809 1669 4866 tertio
1695 4824 1816 4863 meo
1855 4805 2196 4878 respondisse

613 4913 880 4984 reperiet,
928 4917 988 4964 ut
1031 4907 1241 4969 videat,
1289 4921 1396 4958 non
1443 4919 1529 4958 me
1555 4911 1669 4956 arte
1697 4900 2016 4970 praeteriisse
2055 4896 2196 4966 quod

611 5006 780 5066 diris;
828 5000 940 5068 sed,
970 4999 1117 5053 illum
1177 5005 1373 5066 potius,
1423 4993 1576 5063 cujus
1613 4990 1874 5046 chartula:
1908 4987 2199 5058 responde-

613 5097 732 5151 ham
760 5137 776 5160 ,
818 5095 922 5148 hoc
968 5093 1035 5147 de
1074 5107 1236 5163 opere
1283 5099 1374 5143 tuo
1424 5087 1657 5141 noluisse
1711 5081 2038 5145 transferre,
2084 5079 2196 5133 sive

613 5187 789 5241 studio
831 5185 1139 5248 brevitatis,
1166 5183 1279 5236 sive
1305 5179 1426 5251 quia
1459 5178 1724 5249 pertinere
1753 5189 1858 5228 non
1892 5172 2094 5244 putavit
2128 5169 2194 5224 ad

613 5293 828 5332 causatn
837 5317 851 5331 ο

688 5365 879 5421 XXVI.
919 5365 1038 5419 Jun.
1078 5362 1195 5418 .lam
1227 5361 1459 5430 reliqua,
1492 5359 1614 5414 licet
1639 5354 1905 5426 aliquibus
1931 5352 2197 5408 sermoni-

617 5457 714 5514 bus
751 5455 950 5511 variata
970 5496 986 5517 ,
1032 5453 1320 5509 contexuit.
1351 5450 1545 5504 Contra
1588 5450 1683 5503 has
1713 5463 1838 5518 ergo
1867 5445 2198 5514 ohjectiones

625 5563 772 5604 meas
805 5546 934 5602 nihil
965 5561 1071 5615 quo
1101 5553 1471 5614 repercutercr
1497 5540 1813 5612 excogitavit
1841 5557 1855 5593 :
1884 5536 1976 5592 sed
2010 5551 2195 5592 verum

678 5704 694 5736 ι
729 5701 868 5769 runt,
1109 5711 1218 5749 cum
1249 5692 1644 5758 btterpeltatimte.
1682 5699 1737 5745 At
1772 5701 1898 5753 Mss,
1933 5688 2026 5743 sibi
2041 5729 2055 5752 ,
2093 5688 2202 5740 licet

616 5774 722 5810 arm
746 5760 1126 5824 interpolatiout.

619 5815 938 5933 “suntsunt
961 5835 1117 5885 spero,
1153 5825 1239 5873 iste
1263 5815 1510 5884 pra’Ieriit.
1535 5824 1663 5878 Mss,
1687 5824 1737 5867 ut
1767 5829 1926 5880 spero,
1949 5819 2053 5865 arte
2075 5824 2200 5877 pra:-

680 5900 705 5933 ἰ
748 5920 758 5930 .

1262 413 1504 471 OPEIIIS
1535 411 1938 469 IlII‘EIlFi‘lC'l'I
2014 406 2280 464 CUXTIU
2321 404 2680 471 JULIANUII,
2721 407 2780 462 S.
2825 406 3192 464 AUGUSTINI

2263 3165 2268 3168 ’
2296 3173 2650 3246 prehenderat
2673 3171 2695 3204 ³
2743 3188 2758 3226 :

3727 407 3865 460 “5!

2303 531 2388 569 me
2414 515 2710 586 collegisse,
2753 515 3158 587 argumentandi
3195 514 3370 586 inopia
3406 515 3700 576 confessus.
3741 516 3863 569 dicit

2295 608 2421 663 mihi
2449 607 2514 662 ad
2544 609 2655 663 ha'c
2679 608 2855 662 omnia
2880 607 3192 678 Apostolum
3221 605 3541 676 respondere
3568 607 3609 670 ⁸,
3633 606 3722 676 qui
3749 621 3863 676 pro-

2294 700 2520 766 nuntiet,
2569 715 2666 770 per
2715 714 2876 753 unum
2913 698 3183 754 hominem
3225 704 3500 768 peccatum
3535 697 3763 752 intrasse
3807 698 3856 751 in

2295 792 2435 846 lumc
2462 793 2739 847 mttndum.
2772 791 2826 846 In
2855 805 2962 862 quo
2999 791 3135 859 loco,
3177 790 3295 862 quis
3332 806 3453 844 eum
3491 789 3729 844 eruditus
3769 804 3852 844 sa-

2294 903 2418 942 num
2447 886 2694 941 habuisse
2721 897 2876 957 caput
2902 886 3153 952 mstimet,
3179 884 3271 954 qui
3302 898 3406 940 non
3430 883 3744 938 intellexerit
3767 893 3855 937 aut

2297 978 2665 1048 praetereunda
2690 977 2788 1031 sibi
2817 992 2937 1032 esse
2964 986 3146 1032 contra
3175 990 3295 1046 qua:
3325 974 3453 1029 nihil
3485 982 3689 1044 poterat
3713 973 3851 1027 int-ec

2295 1069 2432 1131 nire,
2471 1075 2563 1120 aut
2591 1081 2938 1137 quaecumque
2965 1063 3316 1135 excogitanda
3357 1078 3475 1134 quae
3515 1063 3736 1117 referret
3769 1057 3885 1116 oh.'

2290 1158 2467 1230 jectis,
2521 1159 2588 1214 ad
2640 1175 2864 1230 quorum
2915 1157 3370 1214 conﬁrmationem
3421 1155 3657 1224 Apostoli
3707 1153 3856 1209 verba

2294 1254 2658 1324 conjungeret.

2366 1347 2500 1400 Auc.
2540 1345 2643 1400 Sed
2675 1343 2866 1398 melius
2892 1342 3066 1397 verbis
3089 1339 3396 1411 apostolicis
3426 1337 3682 1393 refelleris
3706 1352 3855 1406 quam

2295 1439 2461 1492 meis:
2489 1452 2586 1491 nec
2616 1447 2790 1492 tamen
2809 1444 2861 1489 et
2885 1433 3189 1505 apostolicis
3206 1431 3387 1487 cedis:
3417 1429 3510 1484 sed
3528 1428 3691 1483 mavis
3705 1428 3856 1483 etiam

2297 1528 2408 1598 ipsa
2439 1538 2758 1596 pervertere,
2787 1541 2944 1595 quam
2970 1533 3020 1578 te
3047 1523 3329 1591 corrigere.

2367 1617 2578 1673 XXVII.
2620 1617 2738 1672 Jun.
2779 1615 3009 1685 Quaesivi
3051 1628 3180 1684 ergo
3221 1609 3756 1681 consequentissime,
3800 1620 3854 1664 ut

2295 1711 2470 1766 omnis
2499 1725 2707 1764 mecum
2735 1709 2966 1763 eruditio
2990 1714 3336 1776 recognoscat
3361 1705 3403 1768 ⁸,
3429 1713 3696 1773 peceatum
3719 1700 3852 1772 quod

2295 1815 2430 1871 Opus
2456 1811 2538 1855 est
2568 1801 2720 1855 mahe
2743 1791 3048 1867 voluntatis,
3078 1806 3136 1853 et
3161 1811 3295 1868 opus
3319 1793 3736 1858 diabolidicitur,
3764 1808 3854 1862 per

2295 1892 2421 1962 quid
2462 1891 2789 1947 inveniretur
2833 1891 2886 1944 in
2929 1888 3149 1960 parvulo
3180 1905 3194 1942 :
3231 1887 3276 1942 si
3313 1902 3407 1956 per
3434 1885 3774 1946 voluntatem;
3803 1892 3855 1936 at

2295 1986 2492 2040 nullam
2523 1985 2576 2039 in
2606 1999 2672 2041 eo
2697 1982 2878 2050 fuisse,
2909 1982 3069 2037 etiam
3095 1981 3200 2045 hic,
3218 1995 3338 2035 cum
3365 1992 3469 2048 quo
3492 1978 3710 2048 agimus,
3729 1991 3853 2030 con-

2296 2077 2473 2132 fitetur
2504 2094 2518 2131 :
2545 2077 2591 2132 si
2623 2093 2717 2146 per
2741 2075 2982 2146 nuptias;
3009 2073 3104 2130 sed
3130 2073 3226 2128 has
3253 2073 3516 2143 pertinere
3534 2071 3598 2124 ad
3617 2085 3746 2140 opus
3766 2084 3854 2139 pa-

2293 2181 2527 2236 rentum,
2556 2184 2714 2226 nemo
2739 2169 2828 2240 qui
2863 2168 3088 2233 dubitet,
3120 2180 3256 2237 quos
3284 2166 3335 2220 in
3368 2168 3466 2218 hac
3489 2161 3852 2219 commixtione

2297 2265 2412 2316 non‘
2433 2275 2684 2330 peccasse
2723 2258 3056 2330 przemiserat
3092 2273 3106 2310 :
3137 2264 3228 2311 aut
3255 2255 3302 2310 si
3324 2253 3678 2310 concessionis
3705 2250 3853 2320 hujus

2295 2351 2580 2423 pteniteret
2607 2350 3013 2420 disputatorem,
3045 2347 3184 2403 sicut
3213 2359 3494 2418 processus
3515 2343 3692 2412 operis
3717 2339 3851 2396 indi-

2293 2442 2481 2509 cabat;
2514 2441 2854 2513 profiteretur
2877 2455 2999 2496 esse
3029 2454 3151 2495 reos
3175 2446 3419 2509 parentes
3441 2479 3456 2504 ,
3486 2451 3704 2509 quorum
3727 2449 3854 2491 con-

2294 2542 2456 2589 ventu
2485 2547 2704 2603 regnum
2748 2532 2800 2587 in
2845 2530 3129 2602 imaginem
3167 2529 3260 2585 Dei
3293 2527 3506 2583 diabolo
3545 2534 3850 2596 pararetur:

2294 2636 2347 2682 et
2390 2624 2588 2690 addidi,
2638 2623 2952 2678 necessariis
2995 2619 3408 2691 disputationum
3455 2616 3720 2688 gradibus,
3760 2630 3854 2687 per

2294 2716 2552 2787 originale
2578 2724 2852 2784 peccatum
2878 2720 3149 2767 auctorem
3177 2723 3458 2780 corporum
3485 2705 3741 2762 diabolum
3767 2705 3858 2760 de-

2297 2808 2433 2862 finiri
2465 2824 2478 2860 :
2506 2807 2629 2879 quia
2658 2806 2702 2860 si
2731 2821 2824 2874 per
2844 2804 3101 2876 originem
3123 2801 3315 2856 malum
3344 2801 3396 2854 in
3426 2799 3739 2863 hominibus,
3765 2814 3857 2868 per

2295 2898 2490 2952 malum
2524 2895 2613 2966 jus
2655 2894 2851 2950 diaboli
2881 2893 2934 2948 in
2979 2893 3254 2956 homines;
3285 2891 3526 2946 diabolus
3561 2898 3640 2944 est
3677 2898 3859 2944 auctor

2295 2991 2592 3057 hominum,
2623 3006 2652 3044 a
2681 3005 2786 3061 quo
2803 2997 2884 3044 est
2905 2988 3053 3058 origo
3080 2986 3428 3041 nascentium.
3459 2985 3586 3050 Qua:
3613 2983 3852 3053 quoniam

2297 3084 2348 3138 in
2375 3091 2528 3138 antro
2558 3080 2968 3136 Manicharorum
2997 3077 3358 3132 Traducianos
3384 3089 3501 3130 esse
3527 3075 3730 3129 clusura
3760 3072 3854 3127 de-

2804 3171 2936 3225 verti
2976 3169 3215 3233 clavem,
3261 3175 3318 3221 ut
3361 3165 3646 3236 praeberem
3694 3162 3855 3230 captis

2295 3265 2581 3336 effugium;
2607 3261 2990 3332 admonuique;
3020 3269 3077 3314 ut
3103 3259 3150 3312 si
3179 3273 3302 3312 vere
3326 3273 3356 3310 a
3381 3257 3486 3311 Deo
3504 3254 3738 3310 crederet
3764 3253 3858 3308 ho-

2297 3357 2468 3419 mines
2494 3354 2628 3419 ﬁeri,
2659 3368 2896 3422 pureque
2918 3350 3266 3406 confiteretur
3289 3363 3410 3403 esse
3436 3347 3684 3416 coniuges
3713 3347 3861 3398 inno-

2295 3454 2499 3511 centes,
2531 3443 2850 3514 intelligeret
2885 3441 3020 3496 trahi
3062 3455 3167 3495 non
3205 3453 3364 3510 posse
3403 3453 3466 3493 ex
3497 3437 3578 3491 his
3613 3436 3860 3504 originale

2298 3549 2593 3610 peccatum.
2641 3555 2662 3590 ι
2691 3538 2849 3592 Certe
2879 3550 2984 3590 non
3023 3541 3227 3604 peccat,
3259 3551 3279 3586 ι
3315 3532 3549 3601 inquam,
3589 3547 3609 3580 ι
3638 3528 3734 3582 iste
3771 3528 3859 3596 qui

2297 3633 2552 3700 nascitur,
2591 3646 2699 3686 non
2727 3638 2912 3702 peccat
2940 3629 3029 3684 ille
3057 3626 3147 3698 qui
3175 3626 3374 3696 genuit,
3416 3638 3519 3678 non
3555 3629 3734 3692 peccat
3759 3620 3858 3674 iste

2295 3725 2384 3796 qui
2411 3722 2650 3778 condidit
2681 3739 2696 3776 :
2728 3737 2826 3793 per
2846 3735 2980 3791 quas
3021 3719 3205 3784 rimas,
3251 3717 3390 3771 inter
3418 3723 3494 3770 tot
3516 3711 3753 3784 prasidia
3785 3710 3865 3765 in-

2298 3814 2576 3878 nocentiae,
2602 3822 2881 3882 peccatum
2909 3809 3065 3880 fingis
3089 3804 3423 3878 ingressum?
3459 3822 3478 3857 ι
3507 3801 3640 3872 Quid
3670 3800 3858 3871 potuit,

2298 3923 2447 3980 rogo,
2485 3903 2743 3971 sanctius,
2771 3901 2900 3973 quid
2927 3899 3124 3965 verius,
3150 3897 3274 3969 quid
3319 3894 3561 3958 lucidius,
3589 3890 3712 3963 quid
3737 3890 3862 3944 bre-

2293 3987 2433 4062 vius,
2463 3997 2772 4066 ﬁrmiusque
2791 3993 3060 4064 componi,
3082 3987 3385 4061 quam‘post
3407 3987 3504 4041 tria
3524 3991 3725 4054 sumpta
3743 3997 3866 4053 qua:

2299 4091 2514 4147 inimico
2545 4087 2876 4144 concedente
2919 4097 3281 4153 susceperam,
3314 4078 3564 4135 inferrem
3595 4083 3864 4145 quartum,

2300 4185 2352 4240 iu
2394 4198 2500 4254 quo
2538 4190 2651 4238 erat
2681 4194 2887 4234 summa
2925 4173 3237 4234 conclusio?
3263 4171 3396 4229 Nam
3441 4184 3561 4224 cum
3591 4180 3693 4221 uno
3731 4180 3871 4220 non-

2301 4290 2590 4346 nunquam,
2635 4281 2728 4327 aut
2770 4270 2982 4326 duobus
3017 4267 3263 4336 sumptis,
3313 4264 3524 4320 tertium
3563 4259 3868 4342 necessario

2298 4334 2596 4438 Colligatur,
2624 4380 2727 4435 qua
2751 4363 2868 4434 lege
2897 4360 3028 4417 mihi
3059 4334 3180 4430 post
3198 4358 3299 4412 tria
3324 4368 3598 4421 concessa,
3622 4334 3870 4423 quartum

2298 4458 2437 4529 quod
2468 4457 2549 4511 his
2577 4455 2818 4511 adhaeret
2839 4495 2854 4520 ,
2902 4468 3008 4508 non
3037 4453 3220 4507 liceret
3254 4447 3485 4504 inferre?
3531 4445 3599 4501 Et
3624 4445 3722 4498 hoc
3743 4443 3871 4514 qui-

2299 4549 2422 4604 dem
2467 4548 2520 4602 in
2563 4545 2797 4602 secunda
2841 4543 3201 4615 disputatione
3243 4559 3257 4596 :
3301 4547 3550 4595 caeterum
3589 4536 3639 4591 in
3669 4534 3870 4605 priore,

2299 4644 2532 4712 quinque
2560 4639 2688 4694 mihi
2715 4646 2807 4693 aut
2832 4636 3062 4707 amplius
3089 4632 3484 4698 conceduntur,
3523 4637 3638 4700 post
3664 4640 3782 4696 qua:
3811 4625 3875 4681 Iit

2303 4735 2532 4806 legitima
2563 4732 2860 4801 invictaque
2881 4728 3173 4783 conclusio.

2373 4829 2507 4882 Auc.
2546 4823 2683 4879 Vide
2729 4836 2888 4892 quam
2937 4834 3033 4890 per
3084 4817 3246 4872 multa
3287 4812 3510 4886 vageris,
3561 4810 3752 4866 timens
3806 4821 3880 4863 ne

2302 4917 2543 4990 Apostoli
2591 4914 2754 4971 verba
2799 4912 2916 4968 sine
2975 4911 3078 4966 tuis
3116 4907 3438 4980 pmjudiciis
3471 4904 3643 4960 audita
3688 4911 3741 4957 te
3771 4902 3878 4956 da-

2302 5018 2505 5075 mnent,
2532 5008 2668 5063 sicut
2690 5004 2799 5075 jam
2823 5003 3059 5059 Ecclesia
3085 4998 3622 5070 catholicajudicante
3647 4994 3875 5049 damna-

2303 5108 2444 5155 runt.
2485 5098 2590 5154 Sed
2632 5110 2858 5150 excorre
2885 5108 2993 5164 quo
3018 5091 3274 5157 volueris,
3311 5101 3581 5144 remorare
3619 5092 3882 5154 quantum

2303 5191 2560 5256 volueris,
2589 5185 2877 5257 multiplica
2905 5198 3065 5256 gyros
3093 5193 3210 5237 tuos
3237 5191 3656 5252 quaquaversum
3686 5173 3882 5228 volue-

2305 5285 2380 5340 ris
2409 5301 2424 5338 :
2455 5280 2897 5354 quandocumque
2939 5275 3006 5332 ad
3033 5274 3222 5332 eadem
3263 5273 3423 5329 verba
3465 5267 3700 5326 veritatis
3726 5265 3886 5321 navis

2368 5438 2383 5471 ι
2411 5436 2548 5495 mliti,
2569 5432 2858 5498 respondere
2880 5429 3072 5498 debere.
3091 5429 3252 5488 Abest,
3269 5424 3465 5498 debere,
3479 5436 3508 5474 a
3529 5420 3885 5498 mapuaai‘ptfs.

2367 5501 2388 5532 ²
2410 5485 2483 5571 sic
2504 5485 2614 5548 ass;
2635 5485 2691 5546 Ᾰι
2713 5494 2982 5553 Menardus,
3007 5485 3393 5555 recognosceret;
3417 5485 3683 5550 vtgnierius
3706 5517 3724 5542 ,
3745 5493 3893 5531 reco-

2336 5567 2503 5611 nosrt't.

2303 5575 2692 5678 gni'iiéharans,
2731 5615 3054 5678 naducimas
3094 5625 3197 5678 esse
3233 5610 3450 5678 cursurus
3484 5602 3895 5678 deprehenderat.

2309 5664 2612 5748 ingnia".th
2620 5664 2956 5748 ἶνέαᾶὺᾶὼῶ
3166 5673 3286 5748 (vel,
3299 5677 3430 5743 esset
3454 5664 3900 5748 ςιῃξιιςξι)ῃςξιιδι⁵ζα

2307 5727 2917 5809 Αἷξίξὶᾘέη-ἆένᾶιξδιιιιιοξ
2933 5727 3061 5797 Mss,
3091 5727 3422 5809 fractura:an
3452 5743 3554 5782 esse
3579 5727 3904 5809 (litterulis-

2309 5788 3069 5867 iiFEhEiiaéFta."r¢m,tamen;
3091 5799 3182 5848 hoc
3207 5797 3310 5845 loco
3346 5797 3471 5844 idem
3507 5791 3633 5855 qued
3657 5788 3906 5847 clausula,

2310 5863 2402 5920 Seu
2424 5867 2664 5918 conclusio
2685 5863 3030 5927 disputationis.
