4140 6524
353 403 490 460 Ηῖὶδ

348 513 676 570 lallaciamm
726 521 938 568 tuarum
992 505 1316 579 pervenerit,
1361 505 1478 560 sine
1507 503 1671 560 dubio
1709 504 1926 560 naufra-

347 609 515 679 gabis.
1755 603 1758 606 ’

422 696 655 752 Χυτιιι.
684 696 801 753 IUL.
841 693 957 752 Jam
985 693 1144 764 igitur
1171 691 1236 747 ad
1258 707 1378 747 eum
1405 699 1799 746 convertamur.
1829 688 1930 743 De-

349 787 506 842 deras
552 787 702 850 mihi,
755 794 1026 856 peccatum
1066 798 1201 853 opus
1243 797 1363 837 esse
1401 781 1729 836 voluntatis:
1781 779 1928 850 potui

351 877 527 932 statim
570 876 749 931 dicere
793 883 1223 945 consequenter.
1268 871 1526 927 Voluntas
1569 881 1749 926 autem
1804 885 1923 940 qua:

355 975 558 1038 peccet,
588 969 640 1023 in
666 966 904 1037 parvulis
929 964 1071 1018 nulla
1100 972 1212 1030 est;
1241 974 1516 1033 peccatum
1547 964 1704 1033 igitur
1735 963 1785 1016 in
1812 977 1928 1032 par-

356 1059 526 1114 vulis'
555 1073 662 1112 non
704 1066 804 1112 est.
835 1056 1031 1112 Verum
1068 1066 1124 1109 ut
1153 1054 1393 1126 pluribus
1434 1053 1752 1124 prcmereris
1780 1053 1934 1107 testi-

331 1151 471 1214 .bus,
501 1149 822 1218 interrogavi
865 1148 1087 1214 sensim,
1126 1162 1226 1217 per
1251 1145 1377 1217 quid
1410 1146 1508 1200 hoc
1537 1154 1815 1214 peceatmu
1848 1144 1932 1197 in-

333 1229 624 1294 ‘veniretur
670 1239 721 1293 in
767 1225 1028 1311 parvulo;
1078 1253 1147 1291 ne
1191 1236 1328 1292 forte
1377 1251 1470 1305 per
1512 1235 1841 1289 voluntatem
1869 1233 1935 1286 '?

358 1329 486 1384 Post
513 1330 679 1400 quod,
711 1338 763 1386 te
787 1329 1127 1394 connivente,
1155 1328 1365 1397 suscepi
1391 1327 1587 1380 nullam
1611 1327 1660 1379 in
1688 1341 1754 1380 eo
1775 1325 1936 1379 luisse

351 1422 703 1476 concientiam
726 1420 1012 1475 voluntatis
1042 1437 1055 1472 :
1088 1418 1325 1489 adjunxi,
1355 1433 1423 1472 ne
1454 1433 1549 1488 per
1578 1417 1802 1486 primam
1823 1415 1936 1470 cul-

321 1514 477 1584 ’pam
527 1514 890 1568 membrorum
930 1513 1248 1567 lineamenta
1295 1510 1562 1564 traxisset.
1605 1507 1711 1563 Sed
1763 1507 1878 1562 hare
1905 1523 1935 1561 a

357 1603 468 1658 Deo
497 1602 812 1667 informari,
862 1610 916 1656 et
958 1615 1051 1670 per
1094 1600 1198 1654 hoc
1243 1599 1382 1654 bona
1419 1612 1542 1653 esse
1570 1610 1932 1653 concesseras.

354 1693 524 1749 Petivi
557 1693 795 1756 tertium,
822 1701 998 1744 utrmn
1045 1704 1140 1758 per
1163 1690 1460 1759 ingressum
1486 1687 1698 1752 animae,
1731 1682 1935 1739 reatum

356 1782 636 1836 advectum
683 1789 918 1850 putares.
959 1778 1064 1834 Sed
1106 1779 1241 1832 hanc
1271 1792 1391 1832 esse
1421 1792 1634 1840 novam,
1682 1791 1748 1830 ne
1785 1775 1939 1844 quid-

355 1889 515 1943 quam
541 1873 834 1928 seminibus
873 1871 1071 1926 debere
1111 1872 1414 1925 constabat.
1457 1869 1614 1923 Intuli
1652 1867 1932 1936 deinceps,

357 1983 426 2022 ne
454 1967 476 1999 ³
505 1967 649 2040 (quia
679 1966 811 2021 nihil
847 1965 938 2020 tibi
976 1964 1044 2019 de
1089 1964 1171 2017 his
1205 1969 1534 2017 remanserat
1579 1959 1930 2030 arguendnm)

358 2059 590 2128 nuptias,
640 2056 691 2110 id
741 2063 824 2111 est
863 2053 1305 2110 commixtionem
1352 2067 1638 2121 corporum
1664 2092 1680 2118 ,
1729 2050 1927 2105 diaboli

355 2163 496 2219 opus
522 2147 779 2202 vocares?
820 2145 925 2201 Sed
971 2146 1066 2199 has
1095 2145 1364 2216 pertinere
1399 2144 1465 2199 ad
1504 2152 1784 2214 parentum
1811 2157 1941 2213 ope-

357 2251 474 2291 ram
499 2279 515 2302 ,
551 2245 602 2290 te
626 2250 838 2307 quoque
862 2243 1151 2300 annuente,
1185 2233 1492 2288 monstravi.
1526 2233 1632 2288 Illis
1657 2233 1815 2303 igitur
1833 2245 1944 2288 om-

358 2329 512 2383 nibus
541 2343 659 2398 quae
681 2342 842 2396 supra
867 2327 1096 2381 diximus
1116 2326 1397 2392 absolutis,
1435 2325 1690 2395 coniuges
1709 2324 1798 2394 qui
1825 2323 1939 2378 lue-

358 2427 481 2472 rant
518 2433 676 2474 causa
724 2417 950 2488 peccati,
985 2417 1173 2471 tradux
1202 2426 1290 2471 tua
1329 2417 1542 2472 diabolo
1580 2415 1937 2486 mancipabat.

357 2509 485 2564 Post
513 2524 630 2578 qua:
667 2508 868 2571 omnia,
909 2507 1050 2578 quod
1097 2507 1192 2562 tibi
1239 2507 1626 2578 prepinquabat
1667 2507 1860 2576 impegi
1891 2506 1936 2574 ⁸,

357 2607 414 2651 ιιι
443 2597 676 2652 dicerem
702 2597 922 2652 credere
949 2606 1000 2652 te
1025 2596 1291 2651 diabolum
1315 2606 1586 2651 auctorem
1613 2610 1925 2665 corporum,

355 2690 441 2743 cui
470 2689 864 2744 commixtionis
897 2703 1136 2757 operam,
1188 2688 1307 2742 sine
1345 2703 1449 2757 qua
1479 2688 1628 2758 origo
1655 2701 1940 2757 corporum

356 2793 477 2834 esse
517 2795 623 2834 non
656 2788 882 2849 poterat,
914 2779 1248 2847 deputasses.
1281 2779 1348 2832 Et
1382 2777 1497 2834 haec
1522 2777 1735 2848 quidem
1761 2777 1946 2847 dispu-

361 2872 512 2936 tatio,
543 2887 650 2942 quo
681 2872 868 2926 morbo
905 2885 1196 2940 Oppressus
1217 2885 1386 2936 esses,
1416 2870 1649 2924 ostendit
1682 2889 1696 2923 :
1729 2868 1815 2922 illa
1843 2883 1941 2921 au-

357 2973 465 3017 tem
493 2961 750 3025 secunda,
777 2971 833 3017 et
862 2971 912 3015 te
934 2961 1292 3015 miserabilem
1323 2974 1443 3013 cum
1474 2957 1738 3028 ejusmodi
1769 2957 1943 3013 sensi-

358 3052 489 3118 bus,
516 3062 572 3108 ct
612 3050 914 3107 Catholicos
951 3051 1110 3105 etiam
1153 3049 1358 3104 timoris
1394 3049 1467 3103 tui
1515 3047 1767 3118 suﬂ'ragio
1809 3046 1941 3101 imi-

357 3154 477 3198 ctos
505 3143 763 3213 probavit.
786 3140 864 3196 ‘l‘e
888 3141 1030 3195 enim
1056 3139 1235 3206 dante,
1262 3154 1290 3192 a
1323 3139 1431 3194 Deo
1459 3138 1574 3194 fieri
1603 3137 1866 3200 homines,
1889 3145 1944 3191 et

356 3247 480 3290 esse
517 3232 772 3303 conjuges
816 3231 1148 3296 innocentes,
1195 3245 1257 3284 ac
1287 3228 1536 3299 parvulos
1570 3242 1665 3297 per
1704 3243 1764 3282 se
1811 3224 1941 3280 nihil

356 3323 571 3394 operari
618 3339 633 3378 :
683 3322 766 3377 his
811 3321 980 3377 tribus
1020 3321 1268 3392 sumptis,
1301 3318 1700 3376 irrelutabiliter
1737 3319 1942 3374 illatum

355 3421 460 3478 est,
490 3427 612 3468 cum
642 3426 748 3466 non
777 3419 960 3482 peccat
987 3410 1077 3466 ille
1103 3411 1190 3480 qui
1219 3410 1474 3476 nascitur,
1505 3425 1610 3464 non
1640 3418 1826 3478 peccat
1851 3407 1943 3462 ille

356 3502 448 3572 qui
487 3501 686 3572 genuit,
736 3517 842 3556 non
867 3509 1054 3572 peccat
1083 3501 1185 3556 iste
1211 3501 1302 3571 qui
1328 3498 1586 3564 condidit,
1619 3499 1818 3554 nullam
1848 3513 1940 3552 re-

359 3593 621 3649 mansisse
662 3593 873 3657 rimam,
923 3608 1018 3662 per
1053 3607 1214 3661 quam
1261 3600 1534 3661 peccatum
1576 3590 1830 3644 doceatur
1858 3589 1942 3643 iu-

355 3697 621 3753 gressum.
650 3680 771 3738 Tibi
794 3697 923 3752 ergo
948 3682 994 3736 si
1032 3682 1054 3714 '
1081 3680 1326 3751 displicet
1350 3679 1490 3750 quod
1517 3680 1798 3735 eollectmn
1829 3687 1941 3745 est;

358 3775 532 3830 abuue
559 3775 701 3846 quod
729 3774 942 3839 dedisti,
970 3783 1024 3828 ct
1050 3774 1138 3829 dic
1161 3782 1254 3827 aut
1281 3773 1428 3827 illum
1459 3787 1710 3842 peccasse
1736 3773 1823 3843 qui
1851 3787 1944 3843 ge-

359 3867 498 3932 nuit,
523 3874 616 3921 aut
637 3866 782 3920 illum
811 3864 901 3935 qui
925 3863 1183 3931 condidit,
1211 3873 1304 3918 aut
1334 3864 1491 3918 istum
1517 3864 1606 3935 qui
1633 3874 1790 3918 natus
1818 3871 1940 3918 est:

354 3969 423 4010 cx
449 3956 638 4026 quibus
667 3971 827 4010 unmn
855 3958 1097 4010 insanum
1127 3964 1230 4022 est,
1257 3955 1401 4010 aliud
1427 3955 1800 4022 Mauiehzemn,
1835 3964 1946 4012 ler-

360 4045 490 4100 tium
536 4061 696 4116 supra
749 4046 1068 4101 Manichams
1105 4062 1121 4100 :
1161 4045 1426 4112 insanum,
1465 4046 1510 4101 si
1546 4045 1746 4101 dixeris
1774 4045 1945 4101 delin-

357 4153 520 4207 quere
565 4139 850 4208 parvulos;
894 4137 1264 4205 Manichteum,
1301 4139 1346 4192 si
1385 4138 1719 4194 accusaveris
1752 4138 1942 4207 conju-

355 4241 451 4296 gcs
468 4269 484 4286 .
510 4244 668 4297 supra
695 4227 1034 4292 Mauiehwos,
1061 4228 1105 4283 si
1127 4229 1326 4298 peccati
1356 4229 1518 4282 Deum
1542 4227 1824 4282 mstimaris
1847 4243 1945 4283 au-

295 4312 314 4342 δ
358 4325 582 4371 ctorem.
609 4317 761 4383 Quod
801 4317 845 4371 si
889 4317 1003 4371 hznc
1042 4319 1222 4372 omnia
1252 4326 1356 4372 tam
1384 4318 1554 4373 aliena
1587 4326 1709 4371 sunt
1732 4333 1761 4370 a
1793 4333 1940 4382 vero,

300 4431 305 4436 -
355 4415 417 4458 ut
439 4407 612 4461 adhuc
641 4422 704 4460 ea
730 4415 936 4461 metuas
961 4407 1128 4463 libere
1156 4408 1432 4472 conﬁteri;
1460 4423 1560 4478 qua
1590 4407 1938 4477 impudentia,

360 4500 524 4554 homo
552 4498 789 4552 omnium
827 4499 1212 4565 amentissime,
1259 4499 1363 4555 hoc
1392 4500 1534 4571 quod
1579 4516 1610 4554 a
1645 4501 1799 4555 nobis
1827 4500 1942 4555 illa-

357 4599 470 4646 tum
493 4598 595 4654 est,
627 4588 866 4656 persistis
890 4588 1120 4658 negare?

428 4683 562 4734 Aac.
601 4677 734 4732 Cutn
763 4677 830 4731 ad
857 4678 1016 4732 verba
1052 4678 1295 4747 Apostoli
1337 4679 1583 4746 veneris,
1611 4679 1681 4734 ibi
1721 4695 1824 4734 non
1863 4680 1941 4735 ri-

357 4786 498 4824 mam
522 4769 783 4834 invenies,
823 4767 917 4824 sed
944 4768 1332 4837 apertissimam
1357 4769 1596 4838 januam,
1624 4784 1726 4839 qua
1757 4785 1942 4840 pecca-

355 4869 470 4917 tum
506 4861 721 4917 intravit
761 4862 814 4916 in
856 4861 1111 4916 mundum
1158 4877 1173 4914 :
1217 4877 1376 4932 quam
1413 4863 1692 4918 conaberis
1725 4863 1939 4933 quidem

353 4954 634 5021 claudere;
675 4953 772 5011 sed
816 4969 884 5010 ex
930 4969 1028 5010 ore
1077 4952 1356 5009 infantium
1403 4965 1563 5026 atque
1609 4955 1936 5021 lactentium,

355 5045 679 5100 salvatorem
739 5049 920 5116 potius
966 5043 1260 5110 Christum,
1291 5061 1449 5116 quam
1505 5055 1556 5101 te
1608 5046 1937 5102 laudatorem

353 5134 729 5203 quaerentium,
751 5145 806 5191 et
829 5151 934 5190 non
962 5133 1318 5192 aufractuosis
1342 5136 1813 5207 disputationibus,
1844 5138 1936 5192 sed

353 5229 518 5283 nautis
557 5228 770 5283 ﬂetibus
805 5230 1072 5285 miseriam
1101 5245 1249 5285 suam
1288 5231 1456 5286 ruulto
1491 5231 1690 5286 certius
1753 5240 1939 5284 conte-

355 5318 609 5373 stantium
633 5317 811 5387 (quam
834 5318 1094 5389 profecto,
1109 5321 1152 5374 si
1181 5321 1335 5391 primi
1355 5320 1586 5375 hominis
1607 5321 1867 5375 rectitude
1887 5329 1938 5375 et

420 5432 438 5463 ι
473 5428 609 5486 aditi,
635 5440 667 5476 a
684 5427 914 5490 parvulis.
942 5431 1256 5483 Emendautur
1287 5446 1316 5483 a
1336 5440 1444 5484 Mss.

417 5493 440 5524 ³
473 5490 608 5558 aliti,
627 5501 692 5558 μοι
715 5502 800 5558 per
823 5490 1105 5542 ωιιιηιαιειη
1120 5491 1146 5545 Ρ
1165 5501 1221 5544 Al.
1241 5496 1546 5558 rnanuscripti
1569 5493 1694 5556 loco,
1709 5506 1771 5544 an
1789 5531 1805 5556 ,
1830 5506 1939 5544 con-

354 5558 542 5603 stanter
562 5551 760 5608 habent,
787 5563 865 5601 ne.

419 5615 442 5647 ³
474 5614 633 5661 viam.
658 5623 720 5659 an
741 5624 818 5661 ne.
894 5618 954 5660 at.

358 5734 614 5856 ad;
628 5733 714 5782 tibi
736 5746 851 5798 ergo
872 5732 1110 5796 displicet,
1134 5732 1313 5786 omisso
1339 5732 1388 5787 ’ἐξ
1402 5776 1415 5797 ,
1463 5738 1588 5801 quod
1612 5753 1672 5789 ex
1700 5745 1780 5790 ets.
1810 5746 1934 5788 Fort.

1681 388 1882 445 LIBER
1920 387 2296 446 SECUNDUS.

3487 393 3622 448 H53

2039 503 2307 557 beatitudo
2333 502 2634 564 mansisset.
2665 503 2815 557 nullo
2855 503 3014 557 modo
3045 503 3097 558 in
3135 503 3380 574 paradiso
3415 504 3622 560 habere

2045 593 2388 665 potuissent),
2415 609 2535 647 cum
2559 604 2643 646 tua
2672 603 2778 648 tota
2801 595 3118 664 loquacitate
3137 595 3382 650 vinceris.

2109 683 2300 738 XXIX.
2339 683 2458 739 ιω..
2500 683 2737 750 Quatuor
2764 683 2852 740 hic
2875 699 3224 754 personarum
3265 700 3424 739 causa
3455 685 3621 739 verti-

2040 763 2161 840 tur;
2196 774 2287 830 Dei
2317 773 2546 844 opitieis,
2572 775 2795 830 duorum
2834 784 3110 846 parentum
3138 777 3205 832 de
3229 778 3422 848 quibus
3452 787 3624 832 matc«

2039 866 2116 921 ria
2147 877 2427 936 praestatur
2446 869 2709 937 aperanti,
2748 877 2802 923 et
2844 869 3047 938 parvuli
3075 869 3164 939 qui
3195 870 3450 923 nascitur.
3487 870 3627 924 Dicis

2042 969 2096 1012 tu
2124 958 2178 1012 in
2209 957 2311 1014 hoc
2338 961 2504 1013 choro
2543 959 2779 1014 habitare
2809 968 3083 1030 peccatum
3107 978 3122 1016 :
3150 959 3420 1031 interrogo
3447 976 3564 1032 ego,
3595 976 3626 1015 a

2039 1063 2146 1119 quo
2187 1050 2298 1115 ﬁat,
2347 1058 2522 1104 utrum
2552 1066 2582 1102 a
2613 1051 2751 1112 lteo;
2781 1065 2981 1121 negas:
3014 1067 3043 1106 a
3073 1059 3258 1121 patre;
3285 1051 3503 1106 totidem
3533 1068 3629 1106 ne-

2039 1154 2172 1210 gas:
2202 1157 2232 1193 a
2264 1149 2463 1205 matre;
2493 1140 2630 1196 idem
2655 1157 2817 1212 negas
2841 1161 2854 1196 :
2886 1159 2914 1195 a
2941 1144 3196 1212 parvulo;
3224 1158 3387 1214 negas
3411 1161 3424 1198 :
3450 1153 3504 1199 et
3533 1145 3630 1198 ad-

2043 1231 2148 1287 huc
2195 1249 2301 1288 non
2355 1243 2509 1303 putas
2551 1232 2713 1288 fuisse
2755 1236 3089 1302 conclusum,
3135 1237 3256 1306 quia
3311 1252 3416 1291 non
3465 1241 3629 1306 possit

2039 1339 2159 1379 esse
2193 1325 2332 1380 inter
2381 1323 2480 1380 hos
2506 1335 2754 1397 quatuor,
2794 1327 2934 1398 quod
2971 1327 3041 1382 ab
3084 1329 3167 1382 his
3193 1338 3421 1399 quatuor
3457 1328 3630 1383 nullus

2040 1417 2288 1472 admittit.

2113 1510 2247 1564 Anc.
2289 1507 2554 1576 Quidquid
2585 1509 2664 1564 vis
2708 1507 2897 1564 dicas:
2941 1509 3008 1564 ad
3036 1509 3196 1564 verba
3241 1509 3481 1580 Apostoli
3525 1511 3623 1563 ali-

2043 1598 2286 1668 quaudo'
2325 1610 2580 1652 venturus
2622 1613 2716 1661 es;
2765 1607 2819 1653 et
2867 1598 3105 1668 quisquis
3151 1613 3213 1653 ea
3263 1614 3358 1670 per
3409 1599 3629 1652 istarum

2042 1689 2560 1759 argumentationum
2615 1697 2822 1743 tuarum
2871 1689 2987 1743 loca
3041 1689 3246 1758 singula
3295 1689 3627 1754 recordatur,

2042 1793 2162 1847 qua:
2202 1786 2303 1832 nos
2338 1778 2551 1832 assidue
2595 1789 2813 1848 propter
2842 1777 3058 1832 lectoris
3091 1777 3361 1833 fastidium
3388 1763 3632 1848 repetere

1997 1926 2002 1930 ,
2043 1869 2312 1932 nolumus,
2337 1869 2451 1938 ipsa
2475 1883 2568 1922 sua
2592 1867 2687 1921 tibi
2713 1868 3078 1922 recordatione
3100 1867 3408 1938 respondet.

2115 1957 2284 2013 XXX.
2325 1958 2447 2013 Jun.
2487 1958 2568 2013 Ad
2599 1957 2727 2029 quid
2754 1974 2882 2028 ergo
2900 1957 3336 2029 persuadendum
3366 1967 3458 2012 aut
3482 1957 3628 2014 Scri-

2045 2058 2228 2118 pturas
2267 2048 2500 2118 releges,
2542 2057 2635 2102 aut
2670 2048 2916 2103 conscios
2955 2048 3285 2112 nominabis.
3326 2050 3416 2119 qui
3455 2050 3631 2107 adlmc

2043 2140 2184 2209 quod
2223 2139 2391 2192 sentis
2434 2153 2538 2192 non
2584 2149 2734 2207 potes
2771 2138 3036 2193 deﬁnire?
3085 2138 3225 2206 Quid
3265 2147 3318 2193 te
3351 2139 3533 2208 juvat,
3575 2149 3634 2193 ut

2046 2227 2216 2282 Adam
2255 2227 2452 2282 doceas
2489 2227 2801 2298 deliquisse,
2824 2227 2967 2298 quod
3006 2243 3107 2297 ego
3147 2229 3356 2296 penitus
3394 2244 3500 2282 nou
3541 2245 3629 2283 re—

2045 2318 2209 2373 fello?
2227 2318 2548 2387 Qnagrimus,
2570 2319 2737 2372 Adam
2768 2327 2893 2374 ante
2919 2327 2995 2373 tot
3017 2320 3211 2374 smcula
3234 2328 3466 2382 mortuo,
3496 2337 3626 2389 pec-

2044 2419 2242 2472 catum,
2266 2425 2372 2478 quo
2393 2409 2443 2462 iu
2465 2409 2662 2463 diaboli
2688 2410 2776 2479 jus
2805 2411 2896 2466 Dei
2921 2411 3094 2480 imago
3118 2412 3508 2474 transcribitur.
3535 2428 3634 2481 per

2045 2500 2170 2570 quid
2201 2501 2501 2555 inveniatur
2529 2501 2582 2556 in
2615 2503 2860 2572 parvulo.

2119 2593 2254 2649 Anc.
2294 2592 2404 2647 Cur
2433 2608 2533 2648 nec
2571 2602 2625 2647 tu
2664 2593 2903 2649 admittis
2942 2595 2994 2649 in
3034 2611 3256 2665 regnum
3286 2595 3404 2660 Dei,
3431 2596 3632 2650 nullum

2049 2683 2335 2738 habentem
2375 2683 2667 2739 secundum
2707 2693 2760 2740 te
2796 2686 3044 2740 meritum
3084 2685 3319 2756 peccati,
3349 2687 3636 2757 imaginem

2049 2773 2185 2828 Dei?
2225 2773 2331 2829 Cur
2376 2775 2709 2851 ministratur
2754 2777 2998 2845 sanguis,
3039 2777 3130 2847 qui
3175 2776 3243 2831 de
3289 2776 3637 2833 similitudine

2045 2865 2223 2920 cannis
2251 2868 2452 2934 peccati
2484 2866 2537 2920 in
2562 2866 2934 2922 remissionem
2963 2865 3115 2921 fusus
3149 2875 3228 2922 est
3271 2877 3634 2937 peccatorum,

2044 2971 2205 3025 quem
2246 2956 2392 3011 bibat
2431 2959 2702 3028 parvulus,
2733 2967 2791 3013 ut
2829 2959 3027 3014 habere
3066 2962 3234 3026 possit
3269 2961 3465 3021 vitam.
3495 2961 3539 3014 si
3567 2960 3635 3016 de

2048 3046 2278 3101 nullius'
2317 3049 2522 3118 peccati
2551 3049 2757 3120 origine
2786 3050 2933 3104 venit
2953 3051 3004 3103 in
3035 3049 3303 3104 mortem?
3329 3050 3384 3105 Si
3409 3054 3509 3103 hoc
3543 3051 3635 3106 tibi

2045 3137 2333 3208 displicet,
2358 3147 2542 3208 aperte
2588 3154 2721 3210 nega
2765 3139 3042 3209 parvulum
3092 3139 3420 3205 Christum',
3451 3150 3635 3210 aperte

2048 3244 2182 3299 nega
2225 3245 2322 3300 pro
2370 3230 2604 3300 parvulis
2630 3239 2929 3298 mortuum,
2971 3231 3064 3302 qui
3105 3246 3237 3284 unus
3265 3246 3360 3302 pro
3405 3231 3634 3284 atttuibus

2048 3331 2273 3375 mortuus
2299 3331 2372 3376 est
2399 3337 2418 3375 :
2462 3321 2601 3376 unde
2626 3320 2927 3392 colligitur‘
2963 3321 3108 3392 quod
3145 3321 3276 3378 dicit
3313 3323 3628 3392 Apostolus,

2048 3409 2187 3481 Ergo
2224 3427 2394 3464 omnes
2432 3411 2621 3465 mortui
2653 3421 2791 3478 sunt,
2821 3421 2868 3466 et
2906 3427 2999 3482 pro
3037 3412 3272 3467 omnibus
3308 3411 3536 3467 mortem}
3561 3423 3635 3467 est

2048 3501 2129 3572 (II
2152 3501 2271 3556 Cor.
2298 3517 2355 3568 v,
2389 3502 2476 3569 14,
2509 3502 2624 3574 15).
2668 3502 2763 3559 Dic
2796 3511 3003 3573 aperte,
3044 3501 3235 3558 Mortui
3275 3504 3479 3574 parvuli
3521 3519 3632 3558 non

2047 3603 2206 3661 sunt,
2248 3595 2337 3665 qui
2375 3603 2652 3666 peccatum
2705 3593 2911 3650 nullum
2951 3594 3188 3662 habent;
3230 3605 3403 3650 morte
3443 3611 3538 3665 pro
3575 3612 3635 3650 se

2047 3682 2262 3748 Christi,
2307 3684 2360 3738 in
2397 3699 2502 3755 qua
2541 3683 2898 3755 baptizentur,
2939 3700 3045 3740 non
3083 3701 3218 3756 opus
3257 3685 3472 3742 habent.
3512 3686 3632 3742 Iam

2046 3773 2134 3829 die
2169 3773 2466 3840 evidenter,
2506 3774 2648 3846 quod
2697 3775 2926 3831 latenter
2971 3777 3168 3842 sentis,
3208 3777 3458 3848 quoniam
3501 3779 3634 3832 satis

2047 3865 2230 3935 prodis
2268 3875 2353 3920 tua
2391 3865 2753 3936 disputatione
2789 3868 2934 3938 quod
2971 3869 3183 3924 sentis:
3227 3869 3347 3936 die,
3390 3870 3632 3939 inquam,

2048 3954 2296 4024 parvulos
2323 3953 2518 4010 frustra
2555 3957 2669 4011 fieri
2691 3956 3012 4013 christianos
3037 3975 3051 4013 :
3078 3957 3173 4014 sed
3199 3957 3344 4027 vide,
3375 3952 3553 4014 utrum
3581 3969 3633 4014 te

2047 4046 2221 4116 ipsum
2250 4045 2481 4102 debeas'
2511 4047 2692 4104 dicere
2717 4048 3093 4104 christianum.

2119 4135 2312 4191 XXXI.
2367 4137 2487 4193 Juc.
2541 4139 2596 4194 Si
2659 4155 2755 4210 per
2802 4140 3240 4196 counnixtioucm
3307 4151 3630 4212 parentum:

2046 4226 2275 4281 damna“
2313 4230 2526 4298 nuptias
2576 4231 2937 4299 professione,
2978 4247 3110 4302 quas
3163 4235 3633 4304 argumentatione

2046 4316 2407 4384 condemnas;
2437 4326 2495 4374 et
2518 4319 2674 4376 deme
2701 4322 2855 4377 nobis
2883 4323 3138 4386 laborem,
3167 4339 3274 4394 quo
3301 4333 3352 4379 te
3385 4327 3634 4400 emtvici-

2047 4422 2166 4462 nius
2202 4424 2323 4464 esse
2359 4409 2729 4467 Mauielneum.
2769 4413 2861 4468 Sin
2901 4423 3079 4468 autem
3121 4422 3174 4468 tu
3215 4430 3320 4470 non
3379 4415 3429 4471 id
3467 4417 3634 4474 audes

2045 4500 2247 4568 dicere,
2280 4517 2343 4556 ac
2372 4503 2608 4559 ratioue'
2641 4513 2924 4560 contumax
2967 4505 3448 4562 concumbentibus
3475 4507 3634 4563 incli-

2047 4594 2192 4648 naris
2205 4594 2249 4660 ⁸,
2276 4603 2335 4647 ιιι
2362 4609 2458 4663 per
2493 4606 2924 4665 argumentormn
2953 4596 3215 4652 hactenus
3249 4597 3480 4652 inaudita
3507 4613 3634 4668 por-

2049 4694 2224 4750 tenta,
2266 4685 2416 4740 dicas
2455 4685 2730 4741 libidinem
2769 4687 3088 4742 diabolicam
3127 4702 3271 4754 esse,
3312 4703 3538 4758 eamque
3577 4689 3631 4744 in

2045 4791 2207 4830 sensu
2240 4777 2546 4830 coeuntium
2585 4777 2835 4846 positam,
2857 4777 2924 4830 ad
2962 4779 3287 4847 voluptatem
3327 4789 3628 4848 parentum,

2045 4864 2112 4918 ad
2137 4872 2341 4919 reatum
2367 4864 2634 4940 pertinere
2655 4868 3016 4929 nascentium;
3043 4875 3186 4921 tuam
3205 4869 3421 4938 quidem
3445 4885 3631 4926 atuen-

2046 4955 2173 5007 tiam
2199 4962 2255 5008 et
2281 4945 2662 5024 turpitudinem
2690 4956 2868 5024 prodis
2891 4973 2906 5010 :
2934 4957 3026 5010 sed
3068 4972 3262 5027 precor
3288 4975 3354 5014 ne
3383 4959 3478 5014 tibi
3514 4969 3631 5016 ιςιιιο

2045 5051 2157 5097 tum
2187 5058 2437 5114 arroges,
2474 5053 2531 5099 ut
2565 5054 2722 5116 putes
2752 5045 2905 5100 nobis
2944 5047 3168 5102 liberum
3208 5063 3312 5102 non
3350 5064 3473 5106 esse
3510 5067 3630 5107 cum

2109 5239 2125 5272 ι
2161 5241 2232 5305 sic
2251 5246 2358 5290 Mss.
2394 5240 2528 5305 aditi,
2558 5240 2765 5305 quando.

2106 5310 2127 5341 ι
2159 5302 2230 5350 sic
2247 5309 2351 5352 Mss.
2379 5303 2493 5350 Editi
2519 5301 2653 5360 vero,
2677 5303 2720 5352 si
2737 5303 2800 5352 de
2824 5301 2977 5351 nulla.

2108 5371 2129 5402 ³
2160 5365 2242 5413 Hic
2263 5366 2412 5412 Verba
2440 5363 2536 5430 illa,
2577 5371 2741 5430 aperte
2762 5377 2883 5427 nega
2905 5364 3158 5430 parvulum
3200 5365 3460 5428 Christian,
3485 5370 3632 5420 resti-

2043 5433 2242 5479 tuuntur
2266 5439 2328 5473 ex
2353 5431 2458 5472 Mss.
2487 5429 2596 5473 Mar.
2627 5427 2748 5473 tzlar.
2769 5434 2889 5475 ενοι-ι.

2104 5491 2127 5554 ξ
2157 5489 2230 5554 sic
2381 5487 2503 5554 clar.
2528 5494 2580 5554 et
2602 5494 2710 5535 Mar.
2739 5495 2820 5536 Ms.
2845 5492 2989 5548 ιὀιι..
3015 5486 3219 5554 collegit.
3246 5489 3496 5553 [rolhgiL]

2104 5553 2126 5621 ξ
2160 5549 2446 5621 Ϊίἕιιίυιίίιιδ,
2471 5545 2743 5621 debeamus.

2105 5613 2127 5678 ξ
2160 5609 2296 5665 Editi.
2319 5609 2538 5678 (latrinas.
2566 5621 2613 5672 ,ιιι
2632 5611 2727 5659 tius
2749 5617 2874 5669 διες»,
2908 5609 3104 5661 danunt.

2103 5675 2123 5703 ⁷
2158 5679 2314 5728 Forte,
2341 5675 2529 5719 rationi.

2102 5734 2124 5767 ⁸
2157 5733 2292 5787 Editi.
2313 5745 2422 5781 cum
2444 5728 2724 5783 cadentibus
2746 5731 3013 5783 inclinatis.
3046 5739 3174 5789 Mss.
3222 5728 3638 5784 concumbentibus

2045 5794 2325 5850 inclinaris;
2351 5794 2393 5842 id
2421 5801 2514 5850 est,
2537 5796 2616 5855 qui
2641 5798 2818 5855 nuptiis
2838 5804 2887 5844 et.
2911 5795 3092 5844 libidini
3120 5809 3304 5848 vacant.
3670 5809 3674 5813 '
