4118 6548
562 352 596 456 ἰ
615 399 710 456 159

575 517 827 592 petitione
853 513 1144 569 clarescat:
1179 505 1235 560 In
1261 512 1466 559 tantum
1492 512 1714 581 sexuum
1739 493 2044 566 coniunctio
2067 507 2157 546 so.

576 585 681 666 holi
724 608 1037 678 participat,
1067 617 1119 656 ιιι
1147 607 1400 670 quantum
1427 593 1517 665 qui
1559 591 1814 660 coniuges
1838 596 1960 642 sunt
1980 625 1998 653 ,
2029 585 2164 638 ﬁunt

578 710 865 774 parentes;
913 700 956 752 si
987 706 1161 750 autem
1191 688 1389 760 aliquid
1439 688 1581 742 inter
1626 699 1686 739 se
1721 680 1991 736 voluerint
2034 692 2161 747 age-

579 769 639 850 re
683 791 1005 864 petulantius
1026 829 1041 853 ,
1093 784 1178 840 vel
1209 797 1304 853 per
1334 780 1547 834 illicitos
1589 772 1972 829 adulteriorum
2001 769 2163 824 ober-

579 861 702 942 rare
743 880 1058 937 concubitus
1083 919 1097 939 .
1129 875 1232 929 hoc
1275 870 1342 926 ad
1373 868 1513 926 ﬁlios
1541 882 1646 921 non
1672 872 1851 934 potest
1895 861 2123 914 attinere
2147 897 2163 924 ,

579 976 673 1048 qui
701 974 768 1030 de
789 989 843 1028 νι
871 969 1135 1027 seminum
1165 1006 1181 1032 ,
1208 978 1314 1018 non
1343 961 1412 1016 de
1438 958 1689 1013 vitiorum
1719 951 2053 1009 obscenitate
2073 963 2168 1003 na-

581 1075 823 1125 SCItllltll'.

653 1163 788 1216 Anc.
806 1156 996 1212 Jamnc
1014 1148 1286 1207 conﬁteris
1304 1145 1464 1201 etiam
1487 1141 1626 1196 inter
1639 1135 1893 1207 cimiuges
1915 1147 2036 1188 esse
2058 1144 2174 1200 pos-

584 1270 645 1309 se
671 1249 1013 1323 petulantiam
1039 1234 1466 1298 commixtionis?
1490 1233 1625 1288 Ecce
1649 1228 1792 1300 quod
1820 1225 1946 1281 facit
1968 1233 2054 1278 tua
2084 1223 2172 1278 illa

586 1317 806 1414 pulchra
833 1345 1078 1407 suscepta
1104 1334 1118 1366 ‘
1147 1350 1160 1386 :
1187 1332 1287 1385 hoc
1311 1328 1452 1384 enim
1480 1323 1581 1380 nisi
1607 1337 1730 1376 cum
1754 1319 1804 1375 ei
1832 1317 2041 1374 ceditur
2068 1329 2171 1367 non

589 1438 681 1502 tit,
713 1428 926 1503 quando
951 1427 1018 1482 ad
1047 1422 1391 1495 petulantiam
1413 1458 1428 1482 ,
1455 1429 1614 1486 quam
1643 1421 1696 1466 tu
1740 1421 1956 1503 quoque
1982 1420 2173 1475 reprc-

589 1496 799 1586 Itendis,
818 1521 980 1575 etiam
1000 1513 1256 1584 coniuges
1271 1509 1560 1564 liberorum
1585 1496 2034 1573 procreandorum
2053 1509 2178 1549 eau-

589 1632 648 1671 sa
689 1611 1004 1682 copulatas,
1033 1605 1174 1660 nulla
1203 1599 1523 1656 necessitate
1543 1597 1565 1628 ³
1596 1591 1838 1649 serenda:
1864 1587 2031 1658 prolis
2077 1587 2178 1639 im-

592 1706 742 1778 pellit
765 1681 788 1757 i:
821 1703 974 1769 cujus
1003 1705 1180 1752 tantus
1210 1690 1451 1747 laudator
1488 1701 1610 1742 esse
1633 1681 1852 1740 voluisti
1874 1721 1890 1747 ,
1919 1688 1977 1732 ut
2020 1689 2180 1732 nemo

591 1767 778 1854 credat
813 1767 953 1864 quod
984 1790 1145 1845 etiam
1187 1789 1520 1855 Oppugnator
1562 1792 1683 1833 esse
1720 1767 1954 1837 audeas;
1985 1770 2182 1840 quippe

588 1903 751 1961 quam
797 1885 876 1940 sic
922 1881 1139 1936 laudare
1178 1893 1285 1933 non
1333 1870 1634 1933 erubuisﬁ,
1674 1877 1733 1922 ut
1776 1880 1894 1920 eam
1944 1871 1997 1917 te
2045 1860 2181 1915 libe—

591 1951 676 2034 ret
699 2018 714 2044 ,
747 1990 848 2031 nec
875 1971 1138 2044 puderet,
1170 1969 1330 2024 etiam
1362 1965 1414 2019 in
1446 1957 1676 2034 paradisi
1715 1953 2040 2012 beatitudine
2067 1951 2183 2006 eol-

591 2070 792 2125 locare.

667 2157 805 2214 XLI.
837 2155 956 2211 Jun.
989 2151 1154 2224 Igitur
1198 2147 1264 2204 ad
1312 2151 1593 2202 nascentes
1634 2136 2004 2211 generantium
2031 2176 2045 2199 ,
2079 2149 2184 2188 non

594 2251 830 2324 ﬂagitia,
881 2246 977 2304 sed
1022 2242 1227 2300 semina
1269 2237 1637 2312 perVehnntur
1668 2250 1682 2287 :
1713 2233 1822 2288 vim
1871 2239 2048 2284 autem
2095 2242 2186 2281 se-

594 2319 800 2400 minum
833 2341 971 2395 Deus
999 2334 1264 2397 instituit,
1296 2339 1352 2386 et
1377 2329 1515 2385 sicut
1539 2325 1780 2382 conﬁteri
1808 2322 2019 2393 cogeris
2040 2361 2056 2388 ,
2091 2319 2185 2373 be-

597 2434 820 2490 nedixit.

669 2531 802 2584 Avo.
834 2525 1048 2582 Semina
1078 2523 1216 2578 Deus
1242 2517 1470 2575 instituit
1493 2533 1506 2568 :
1529 2512 1623 2570 sed
1649 2512 1737 2583 qui
1770 2517 1988 2581 possunt
2013 2506 2066 2560 in
2095 2519 2189 2559 na-

599 2629 718 2674 tura
748 2618 932 2672 vitiata
978 2615 1172 2670 bonum
1199 2610 1317 2679 eius
1345 2624 1374 2662 a
1405 2606 1548 2661 malo
1591 2603 1705 2674 eius
1737 2602 1805 2655 ita
1837 2600 2145 2654 discernere
2167 2635 2185 2662 ,

599 2720 661 2767 ut
686 2725 856 2780 neque
878 2707 898 2738 ⁸
930 2715 1114 2778 putent
1139 2712 1380 2757 naturam
1409 2697 1604 2751 malum
1633 2707 1774 2757 esse,
1806 2705 1978 2760 neque
2004 2687 2187 2742 \"ittum

600 2813 844 2857 naturam
866 2812 1008 2864 esse,
1029 2794 1130 2866 ipsi
1151 2798 1376 2864 possunt
1392 2788 1696 2842 discernere
1710 2781 1837 2853 quid
1861 2781 2048 2834 horum
2064 2786 2192 2832 dno-

599 2909 718 2949 rum
744 2891 810 2946 ad
842 2891 1006 2945 Deum
1031 2899 1217 2942 creare
1243 2881 1538 2953 pertineat,
1564 2874 1690 2948 qttid
1718 2887 1929 2928 sanare.
1954 2869 2062 2926 Sed
2089 2869 2190 2923 hoc

599 2999 699 3039 vos
725 2997 831 3038 non
872 2978 1097 3051 potestis
1117 3017 1130 3040 ,
1160 2971 1414 3046 quamdiu
1445 2965 1710 3038 Pelagiani
1731 3003 1748 3030 ,
1779 2979 1886 3018 non
1923 2957 2113 3016 Catbol
2140 2957 2190 3010 ei

599 3074 750 3130 estis.
779 3073 871 3127 Dic
885 3071 996 3142 iam
1016 3108 1034 3136 ,
1061 3080 1226 3136 rogo,
1255 3063 1343 3118 die
1368 3063 1476 3132 iam
1499 3101 1514 3127 ,
1543 3055 1812 3130 quomodo
1836 3054 1906 3110 sit
1925 3052 2191 3120 accipien-

598 3165 762 3229 dum,
793 3141 935 3234 quod
981 3175 1070 3231 per
1097 3171 1257 3211 unum
1297 3153 1549 3207 hominem
1587 3157 1848 3220 peccatum
1891 3143 2093 3197 intravit
2134 3141 2192 3195 in

599 3257 868 3312 mundum.
2021 3242 2042 3246 ’

673 3347 830 3402 XLII.
861 3345 978 3401 Jun.
1009 3341 1131 3399 Filii
1157 3340 1314 3411 igitur
1338 3351 1436 3391 nec
1463 3343 1588 3389 tunc
1617 3332 1696 3388 rei
1717 3337 1863 3396 sunt,
1893 3325 2104 3399 quando
2136 3326 2189 3380 in

597 3450 788 3496 eorum
810 3434 1152 3509 generatione
1174 3437 1396 3502 peccant
1418 3432 1665 3496 parentes
1697 3437 1712 3476 :
1745 3421 1866 3491 quia
1894 3420 1946 3472 iu
1988 3425 2190 3471 tantum

598 3529 670 3586 ad
697 3528 894 3584 liberos
913 3540 1040 3580 suos
1069 3523 1358 3595 pertinent,
1393 3518 1443 3571 in
1472 3521 1728 3586 quantum
1759 3519 2006 3581 parentes
2025 3519 2151 3562 sunt
2175 3522 2190 3561 :

601 3623 765 3694 igitur
791 3629 843 3675 et
871 3628 1072 3673 tantum
1095 3613 1118 3645 ⁸
1151 3611 1243 3666 ﬁlii
1269 3609 1335 3664 ad
1360 3619 1608 3680 parentes
1636 3602 1918 3674 pertinent,
1949 3601 2003 3654 in
2023 3614 2196 3669 quan-

599 3726 717 3772 tum
759 3713 854 3769 ﬁlii
895 3719 1037 3765 sunt.
1067 3707 1281 3764 Naturae
1303 3705 1324 3736 ⁵
1353 3703 1549 3773 quippe
1585 3696 1952 3769 generantium
1981 3701 2198 3748 constat

602 3806 845 3879 germina
872 3801 1269 3856 rommunicare
1293 3838 1308 3862 ,
1338 3812 1441 3849 non
1465 3794 1655 3861 culpat.
1679 3789 1830 3858 Quod
1859 3789 1904 3842 si
1927 3830 1942 3852 ,
1977 3795 2033 3841 ut
2060 3787 2195 3841 ratio

605 3899 961 3959 demonstrat,
991 3895 1060 3948 ita
1090 3891 1249 3947 etiam
1279 3885 1595 3958 Apostolum
1623 3883 1943 3938 conﬁrmare
1965 3894 2198 3950 pronun-

607 3991 744 4054 tias;
773 3986 965 4042 merito
987 3999 1106 4054 nos,
1133 3999 1198 4038 eo
1224 3981 1472 4045 docente,
1503 3974 1838 4032 defendimus
1857 3979 2074 4044 peccata
2105 3987 2199 4041 pa-

609 4089 823 4137 rentum
853 4076 919 4131 ad
946 4077 1082 4131 ﬁlios
1105 4073 1372 4144 pertinere
1401 4086 1507 4124 non
1533 4081 1691 4138 posse
1723 4080 1738 4120 :
1768 4062 2195 4136 quandoquidem

605 4182 663 4230 et
692 4169 978 4242 Apostolus
1006 4166 1206 4237 Spiritu
1249 4171 1435 4220 sancto
1478 4161 1688 4225 clarus,
1719 4167 1774 4214 et
1813 4172 1912 4212 nos
1956 4155 2198 4211 instructi

610 4269 732 4323 luce
762 4261 1016 4328 rationis,
1047 4269 1100 4315 et
1128 4267 1182 4313 tu
1206 4256 1441 4329 pondere
1467 4254 1787 4324 impugnatze
1815 4266 1846 4305 a
1870 4259 1930 4328 te
1957 4248 2199 4305 veritatis

608 4370 931 4429 oppressus,
958 4351 1318 4408 communiter
1360 4362 1591 4416 vereque
1622 4344 1916 4407 fateamur,
1950 4351 2200 4412 parentes

609 4451 664 4506 in
686 4456 940 4519 quantum
972 4453 1220 4514 parentes
1244 4439 1426 4502 sunt‘.
1460 4451 1581 4492 reos
1611 4451 1714 4489 non
1736 4449 1890 4498 esse;
1921 4435 1972 4485 in
1995 4439 2198 4485 tantum

610 4523 875 4596 autem'ad
909 4536 1045 4589 ﬁlios
1073 4533 1362 4605 pertinere,
1393 4529 1444 4581 in
1475 4534 1731 4598 quantum
1763 4531 2014 4593 parentes
2034 4530 2153 4575 sunt
2181 4535 2196 4584 ;

612 4632 774 4704 igitur
817 4625 953 4686 ﬁlios
991 4625 1045 4681 in
1075 4633 1328 4696 quantum
1362 4617 1452 4674 lilii
1482 4625 1637 4680 sunt,
1673 4614 1724 4670 id
1768 4621 1885 4679 est,
1916 4622 2199 4682 antequam

613 4719 812 4793 aliquid
842 4733 934 4790 per
952 4716 1279 4772 voluntatem
1311 4709 1579 4783 propriam
1607 4713 1918 4776 cperentur,
1941 4717 2063 4758 reos
2083 4715 2204 4756 esse

615 4830 719 4872 non
751 4825 930 4883 posse.

684 4909 818 4963 Are.
855 4904 1112 4960 Parentes
1138 4897 1353 4970 quidem
1395 4889 1658 4967 gignendo
1690 4897 1938 4960 parentes
1965 4895 2086 4940 sunt
2105 4927 2120 4951 ,
2151 4892 2204 4940 et

677 5085 695 5115 ι
733 5078 1020 5142 \‘ignierius,
1049 5084 1167 5126 Ecce
1203 5071 1332 5138 quod
1356 5067 1473 5142 [erit
1495 5065 1581 5116 tibi
1597 5061 1776 5142 aqua
1786 5058 2206 5142 Nmpe-susce-

614 5153 698 5208 pta
720 5129 1070 5208 resintnst'o.__}tt
1103 5129 1229 5190 3:55.;
1251 5129 1364 5208 fuit
1386 5129 1491 5208 illa,
1514 5129 1710 5198 omisso,
1858 5131 1956 5208 ξοῖε
1985 5134 2205 5208 quoque,

614 5183 1426 5267 FEIprIibI'a'n'aéie-uiedajcanus
1443 5183 1495 5240 et
1525 5202 1552 5238 a
1579 5189 1728 5267 prima
1751 5183 1960 5267 uenandi
1990 5183 2206 5267 editione

616 5245 1367 5322 §EET.§isc'ébzﬁ'ih;q,ignauo
1405 5245 1804 5322 frequentissime
1822 5245 1942 5322 dicit
1977 5246 2206 5316 .Augusti-

617 5306 1219 5399 dog-(lecou'cru—piseemia
1245 5319 1467 5380 loquens,
1491 5306 1633 5374 cuius
1649 5309 1738 5359 ille
1759 5306 2073 5371 ιηιιιιουὶιιὶιιιιι
2097 5318 2207 5354 sus-

616 5396 1034 5510 cegniignicrius,
1062 5439 1329 5510 interritos.
1463 5497 1474 5510 _
1627 5501 1640 5510 Δ
1701 5492 1713 5502 _
1776 5489 1789 5504 θ
1935 5487 1947 5500 _

681 5511 704 5571 ξ
737 5489 1133 5571 ΡΒῩιῖξῙιῖιξὶγιέὶέ
1154 5489 1267 5571 qui;
1293 5511 1344 5571 et
1369 5497 1509 5562 paulo
1538 5501 1664 5571 post,
1693 5489 1789 5558 ipsi
1820 5489 2016 5554 possint.
2042 5489 2206 5547 Abest,

620 5570 721 5665 ἰς’
734 5562 1207 5682 Sorbi?
1239 5562 1331 5627 ipsi
1362 5565 1570 5624 possunt.

680 5640 702 5665 δ
734 5640 890 5690 Forte,
914 5641 964 5678 tn
985 5640 1184 5676 tantum.

680 5697 702 5730 ⁸
739 5692 1006 5749 uernulas,
1039 5693 1304 5749 naturam;
1336 5690 1389 5733 et
1427 5680 1566 5749 intra,
1605 5690 1700 5729 non
1722 5675 1962 5749 gemimus.
2012 5673 2212 5736 \ignie-

617 5741 960 5816 riusvvnfutura
980 5741 1004 5811 ξ
1030 5757 1082 5800 et
1119 5747 1259 5806 infra,
1286 5741 1386 5795 non
1425 5741 1584 5806 culpa.
1625 5749 1680 5790 At
1722 5746 1813 5789 Itss
1836 5772 1851 5797 ,
1878 5743 2070 5787 λἰιιιιηιι

625 5815 913 5868 nouerat-nr.

684 5883 702 5910 ⁵
738 5883 816 5926 uie
847 5890 904 5926 ex
931 5885 1032 5923 \tss.
1060 5866 1399 5933 a:Iiir-.inttts.'in
1425 5869 1648 5920 ammtwn
1674 5869 1892 5924 parentes
1920 5867 2038 5906 mut.

1169 355 1178 373 ’
1240 384 1483 445 ορειιιε
1520 377 1931 440 ntrenrscrt
1969 376 2187 433 CONI‘II

2292 373 2644 440 IULI.\NUM,
2675 373 2734 430 S.
2775 371 3141 429 AUGUSTI.“

3701 377 3829 432 "60

2269 489 2364 544 ﬁlii
2391 490 2657 546 nascendo
2679 488 2770 544 ﬁlii
2797 497 2955 544 sunt:
2980 502 3080 544 nec
3105 485 3320 558 gignere
3343 497 3542 555 autem,
3571 505 3674 544 nec
3705 506 3840 544 πεδί-ι

2268 587 2464 640 malum
2497 597 2616 650 ρει,
2661 582 2802 652 quod
2838 583 3062 652 pertinet
3107 581 3175 636 ad
3209 581 3589 637 institutionem
3627 583 3753 646 Dei,
3793 594 3843 638 et

2269 689 2551 747 utrumque
2571 677 2686 731 sine
2709 675 2952 745 pudenda
2980 673 3197 730 libidine
3217 685 3396 745 posset
3415 674 3466 728 in
3491 675 3738 744 paradiso
3757 675 3841 730 ﬁe-

2271 770 2352 836 ri,
2378 769 2424 824 si
2459 783 2616 823 nemo
2659 776 2951 838 peccasset.
2982 766 3230 822 Pudenda
3257 766 3396 822 enim
3441 765 3605 821 libido
3634 767 3732 821 nisi
3757 779 3840 822 aut

2273 869 2490 931 peccato
2514 871 2720 922 exorta,
2737 868 2829 913 aut
2853 868 3070 928 peccato
3092 858 3269 913 vitiata
3291 866 3453 919 esset,
3474 857 3716 928 pudenda
3741 877 3836 913 tton

2272 962 2450 1018 esset;
2483 962 2535 1008 et
2558 963 2652 1007 aut
2681 952 2823 1006 nulla
2850 961 2994 1006 esset
3020 958 3237 1006 omnino
3256 992 3273 1011 .
3303 961 3358 1008 et
3376 953 3491 1007 sine
3523 951 3611 1006 illa
3636 953 3704 1006 ita
3730 967 3836 1007 ser-

2275 1045 2445 1100 virent
2468 1045 2714 1116 genitalia
2754 1044 2991 1098 membra
3020 1044 3388 1114 gignentibus,
3422 1053 3480 1098 ut
3520 1060 3705 1097 manus
3729 1061 3837 1098 scr-

2275 1139 2424 1193 viunt
2437 1138 2799 1207 operantibus;
2817 1147 2910 1192 aut
2924 1137 2993 1190 ita
3009 1145 3152 1191 esset
3166 1135 3493 1208 subsequens
3508 1137 3838 1198 voluntatem,

2279 1239 2335 1284 ut
2353 1244 2622 1299 ninniuam
2646 1237 2827 1298 posset
2855 1228 3144 1282 sollicitare
3165 1228 3453 1289 nolentem;
3475 1227 3681 1296 qualem
3709 1243 3838 1282 nunc

2277 1335 2396 1376 eam
2424 1335 2529 1374 non
2546 1335 2686 1383 esse,
2706 1319 2922 1373 castitas
2942 1317 3119 1383 docet,
3137 1334 3255 1388 qua:
3280 1316 3413 1372 tales
3441 1327 3612 1372 motus
3631 1319 3742 1388 eius
3756 1335 3840 1373 ex-

2279 1421 2497 1484 pugnat,
2515 1422 2570 1465 et
2595 1412 2645 1465 in
2673 1411 2971 1480 coniugatis
2992 1451 3008 1475 ,
3029 1426 3095 1466 ne
3113 1411 3196 1465 vel
3219 1410 3355 1465 inter
3370 1425 3427 1465 se
3449 1410 3746 1465 indecenter
3773 1411 3841 1465 la-

2281 1505 2526 1569 sciviant,
2554 1505 2635 1558 vel
2661 1504 2712 1558 in
2742 1504 3000 1558 adulteria
3022 1503 3386 1573 prolabantur,
3407 1512 3460 1558 et
3488 1505 3538 1557 in
3563 1504 3844 1574 quibusque

2281 1595 2697 1659 continentibus,
2718 1609 2785 1649 ne
2810 1592 2932 1648 huic
2953 1593 3356 1660 consentiendo,
3372 1593 3698 1662 dejiciautur.
3717 1593 3843 1648 Ecce

2282 1685 2352 1742 de
2377 1701 2480 1756 qua
2521 1684 2747 1739 trahitur
2773 1684 3031 1754 originale
3062 1695 3332 1753 peccatum
3367 1703 3381 1738 :
3411 1699 3538 1739 ecce
3581 1700 3669 1752 per
3695 1701 3842 1753 quam

2286 1778 2428 1832 nasci
2457 1776 2645 1838 noluit,
2673 1776 2762 1844 qui
2791 1776 2954 1842 venit,
2985 1792 3088 1829 non
3115 1790 3269 1830 suum
3299 1775 3456 1842 ferre,
3487 1774 3577 1829 sed
3617 1784 3844 1829 nostrum

2285 1868 2494 1923 auferre
2525 1877 2820 1937 peccatum.

2358 1958 2540 2014 XLIII.
2568 1959 2685 2013 Jun.
2723 1959 2856 2012 Eant
2884 1973 3022 2012 IIIIIIC
3042 1999 3056 2021 ,
3087 1967 3141 2012 et
3167 1957 3344 2012 omnia
3366 1957 3612 2028 quidquid
3640 1968 3851 2030 pos~unt

2287 2050 2589 2105 Maniclnea:
2615 2050 2837 2104 rationis
2863 2050 3150 2104 moliantur
3179 2039 3383 2119 ingenia
3407 2050 3422 2081 ¹
3444 2091 3459 2113 ,
3491 2066 3644 2119 quam
3678 2049 3854 2104 volunt

2291 2144 2475 2214 longas
2496 2143 2762 2212 patiantur
2780 2141 3158 2211 cogitationum
3181 2156 3442 2195 :crumnas
3463 2158 3475 2193 :
3500 2157 3601 2196 non
3622 2157 3855 2210 arrogan-

2292 2247 2392 2300 ter,
2415 2235 2509 2290 sed
2536 2235 2782 2304 religiose
2807 2234 3087 2303 polliceor,
3116 2249 3384 2305 nunquam
3424 2235 3558 2289 hanc
3582 2235 3857 2288 instructu-

2290 2344 2403 2383 ram
2424 2329 2446 2359 ⁸
2478 2341 2634 2397 posse
2663 2325 2926 2396 quassari.

2361 2420 2494 2474 Atto.
2517 2417 2684 2486 Quam
2709 2417 3083 2471 instructuram
3100 2430 3280 2481 vocas,
3301 2413 3392 2469 tibi
3410 2414 3430 2446 ³
3453 2416 3598 2469 ruina
3629 2424 3728 2482 est,
3746 2433 3858 2486 qua:

2293 2523 2346 2568 te
2363 2512 2434 2567 ita
2463 2511 2676 2582 pressit,
2694 2518 2752 2564 ut
2772 2508 2988 2564 laudare
3014 2516 3229 2579 cogeret
3253 2507 3392 2578 quod
3409 2523 3705 2579 expugnas:
3724 2509 3766 2563 si
3787 2520 3856 2562 ta-

2291 2619 2415 2658 men
2443 2613 2523 2657 est
2551 2602 2603 2656 in
2635 2613 2686 2656 te
2707 2600 3108 2672 qualiscumque
3131 2600 3366 2665 castitas,
3387 2615 3502 2670 qua:
3529 2609 3577 2654 te
3607 2600 3758 2654 faciat
3775 2616 3868 2654 ex-

2297 2708 2532 2764 pugnare
2560 2691 2701 2763 quod
2733 2691 2936 2746 laudas.

2367 2782 2549 2839 ων.
2569 2782 2689 2838 Jun.
2711 2782 2824 2850 Qua
2854 2783 3011 2853 igitur
3037 2781 3212 2838 fronte
3233 2779 3541 2851 subiungis:
3570 2798 3589 2832 ι
3617 2779 3744 2839 Sed.
3773 2778 3865 2833 Per

2294 2891 2450 2929 totum
2475 2874 2724 2928 hominem
2748 2883 3005 2945 percolunt
3024 2873 3076 2927 in
3095 2871 3337 2926 mundum
3354 2871 3572 2938 intravit,
3589 2881 3636 2924 et
3653 2889 3742 2939 per
3765 2887 3868 2940 per-

2289 2979 2463 3020 catum
2484 2982 2657 3030 mors;
2682 2975 2729 3019 et
2758 2966 2830 3018 ita
2852 2966 2904 3018 in
2924 2981 3097 3017 omnes
3120 2961 3345 3017 homines
3366 2961 3664 3031 pertransiit,
3689 2963 3744 3014 in
3770 2977 3866 3031 quo

2291 3073 2465 3112 omnes
2490 3065 2815 3126 peccaverunt
2845 3075 2865 3109 ι
2891 3054 2993 3127 (De
3021 3053 3226 3126 Nuptiis
3251 3061 3296 3108 et
3323 3052 3755 3120 Concupisceutia,
3781 3053 3864 3104 lib.

2295 3150 2348 3214 Ι,
2382 3166 2436 3203 ιι.
2465 3149 2599 3219 45)?
2625 3148 2767 3218 quod
2799 3149 3166 3219 interpretaris
3191 3147 3292 3201 hoc
3317 3146 3495 3211 modo,
3522 3154 3578 3199 ut
3600 3138 3866 3215 peccatum

2292 3241 2363 3296 ab
2398 3241 2487 3295 illo
2511 3241 2652 3295 dicat
2680 3239 2966 3310 Apostolus
2991 3239 3332 3309 generatione
3357 3239 3408 3291 in
3438 3245 3678 3307 posteros
3713 3236 3869 3290 fuisse

2296 3334 2688 3388 transmissum.
2729 3330 2902 3400 Supra
2925 3344 3270 3385 concesseras
3295 3329 3592 3399 Magistrum
3625 3327 3868 3383 Gentium

2296 3422 2528 3493 nuptias,
2551 3423 2742 3494 quibus
2769 3422 2912 3477 Deus
2931 3421 3294 3488 benedixcrat,
3323 3421 3450 3475 nihil
3479 3435 3758 3486 accusare;
3784 3434 3867 3472 ro-

2295 3518 2550 3572 Iuntatem
2579 3515 2643 3570 ad
2669 3515 2992 3585 peccandmn
3024 3513 3076 3569 in
3095 3507 3360 3569 "nascente
3381 3529 3482 3568 non
3509 3527 3657 3585 esse;
3682 3528 3870 3581 parcn-

2299 3619 2379 3664 tes
2403 3617 2579 3662 autem
2598 3650 2613 3675 ,
2644 3607 2694 3661 in
2721 3616 2973 3677 quantum
3016 3610 3265 3674 parentes
3294 3614 3411 3658 sunt
3433 3645 3449 3669 ,
3481 3581 3621 3657 licite
3663 3602 3763 3656 sibi
3794 3603 3868 3656 1ο·-

2298 3700 2586 3769 gitimeque
2616 3697 2681 3751 ad
2730 3695 3090 3766 procreamlos
3120 3695 3256 3748 ﬁlios
3297 3693 3564 3764 coniugari
3598 3710 3610 3744 :
3643 3700 3697 3746 et
3725 3693 3875 3745 addis

2299 3791 2441 3845 illico
2471 3832 2484 3853 ,
2516 3791 2666 3860 quasi
2695 3788 2969 3844 dormiens
2995 3787 3169 3857 priora
3197 3785 3441 3849 dixisses,
3463 3786 3660 3840 crimen
3687 3785 3756 3838 ad
3783 3803 3874 3855 po-

2300 3894 2473 3938 steros
2493 3882 2838 3953 generatione
2865 3878 3170 3935 transmitti.
3201 3878 3258 3935 Si
3295 3877 3434 3933 enim
3460 3875 3510 3931 in
3542 3887 3741 3930 tantum
3784 3893 3876 3946 ge~

2303 3982 2510 4038 nerant,
2544 3974 2596 4027 in
2618 3982 2874 4042 quantum
2902 3979 3150 4041 parentes
3177 3978 3329 4034 sunt;
3354 3969 3405 4022 in
3427 3977 3674 4037 quantum
3699 3977 3878 4020 autem

2302 4073 2550 4136 parentes
2574 4073 2716 4128 sunt,
2736 4063 2880 4117 licite
2907 4061 3004 4116 sibi
3023 4069 3077 4116 et
3103 4059 3338 4131 legitime
3354 4059 3668 4128 junguntur;
3691 4066 3748 4111 et
3770 4057 3882 4110 lure

2302 4156 2606 4227 coniunctio
2621 4155 2688 4209 ab
2706 4153 2962 4224 Apostolo
2979 4168 3084 4206 non
3103 4150 3446 4221 improbatur,
3467 4149 3584 4219 quia
3602 4165 3630 4201 ιι
3650 4147 3764 4202 Deo
3781 4164 3882 4201 nm

2302 4249 2475 4304 solum
2506 4247 2764 4312 instituta,
2791 4260 2975 4300 verum
3007 4242 3166 4299 etiam
3197 4240 3468 4297 benedicta
3497 4249 3605 4304 est;
3628 4254 3739 4309 quo
3767 4254 3882 4299 ore,

2303 4357 2406 4411 qua
2444 4340 2580 4411 lege,
2607 4354 2709 4409 qua
2742 4338 2936 4402 fronte,
2968 4335 3104 4389 hanc
3127 4332 3520 4404 generationem
3549 4338 3728 4383 reatus
3755 4345 3885 4383 cau-

2304 4447 2417 4486 sam
2441 4472 2459 4499 ,
2490 4429 2722 4484 radicem
2750 4427 3031 4483 criminum
3057 4467 3074 4494 ,
3104 4438 3313 4480 serram
3342 4421 3533 4478 diaboli
3555 4461 3570 4484 ,
3602 4433 3723 4474 esse
3752 4435 3887 4474 con-

2307 4521 2487 4577 ﬁrmas
2507 4520 2532 4576 ?

2376 4615 2512 4670 Anc.
2541 4612 2659 4668 1am
2681 4609 2864 4666 nescio
2883 4609 3092 4680 quoties
3118 4605 3236 4662 πει-ο
3258 4604 3398 4659 dicta
3425 4611 3568 4667 sunt,
3596 4601 3789 4670 eisque
3809 4616 3891 4653 re-

2307 4721 2562 4778 sponsum
2589 4713 2691 4759 est.
2721 4700 3050 4770 Multiloquio
3079 4697 3170 4752 tibi
3200 4697 3403 4751 excitas
3430 4694 3704 4764 caliginem
3723 4732 3741 4754 ,
3774 4707 3894 4761 qme

2308 4807 2362 4853 te
2387 4813 2492 4852 non
2518 4794 2774 4866 permittit
2799 4791 3054 4846 malitiam
3086 4789 3332 4844 vitiorum
3364 4803 3394 4841 a
3422 4796 3620 4841 natura:
3650 4782 3896 4838 bonitate

2307 4891 2653 4946 discernere:
2682 4895 2738 4941 et
2781 4899 2947 4956 usque
2991 4881 3056 4936 ad
3103 4881 3344 4936 odiosum
3389 4876 3654 4933 fastidium
3697 4876 3896 4930 eadem

2309 4999 2406 5054 per
2432 4980 2619 5036 eadem
2646 4987 2913 5050 repetens,
2945 4973 3179 5030 nondum
3206 4971 3340 5027 dicis
3363 4967 3623 5041 quomodo
3651 4967 3722 5022 sit
3750 4969 3900 5020 acci-

2312 5071 2595 5143 piendum,
2625 5066 2768 5139 quod
2799 5083 2888 5138 per
2917 5081 3074 5120 unum
3116 5063 3367 5118 hominem
3395 5067 3648 5131 peccatum
3684 5058 3900 5112 intrarit

2311 5163 2364 5216 in
2390 5159 2654 5214 mundum.

2383 5250 2542 5306 XLV.
2565 5249 2685 5303 Jun.
2707 5245 2820 5300 Non
2844 5259 2971 5315 ergo
2987 5243 3130 5314 argui
3147 5249 3382 5298 meretur
3403 5239 3469 5293 ab
3489 5236 3769 5308 Apostolo,
3797 5247 3850 5290 et
3877 5253 3904 5286 a

2313 5343 2526 5399 diabolo
2551 5339 2878 5412 possidetur;
2901 5354 2928 5391 a
2954 5338 3062 5392 Deo
3085 5335 3392 5398 instituitur,
3410 5331 3759 5388 etcriminum
3785 5331 3903 5382 fons

2379 5485 2398 5516 ί
2434 5479 2579 5532 alorci
2601 5477 2864 5542 legendum
2886 5481 3077 5542 censet,
3231 5484 3374 5542 mane,

2315 5529 2796 5619 Middilangliqu
2816 5529 3286 5619 nudatus-moliamur
3301 5529 3508 5596 ingenia.
3527 5529 3643 5578 Vide
3661 5529 3912 5576 Meno-rt.

2314 5603 2491 5661 (ante,
2523 5617 2630 5666 με.
2658 5603 2763 5650 156.
3013 5605 3070 5646 tt.

2380 5672 2400 5700 ²
2432 5667 2568 5726 aditi,
2603 5669 2929 5720 structuram;
2960 5667 3014 5710 et
3041 5658 3178 5716 ln'ra,
3201 5659 3250 5706 in
3279 5655 3598 5726 responsione
3631 5651 3918 5726 awiai.

2317 5713 2781 5790 omissam».
2813 5713 2969 5774 soccis.
3005 5729 3060 5771 Al.
3097 5713 3201 5770 uss.
3239 5713 3447 5780 utroque
3484 5714 3609 5772 loco,
3645 5713 3922 5766 instructa-

2348 5803 2446 5839 mn.
3693 5811 3704 5818 .

2319 5807 2346 5840 τ
2389 5854 2408 5882 ³
2445 5849 2687 5899 \tenardus
2712 5855 2759 5896 et
2787 5855 2910 5905 uss,
2929 5844 3010 5894 ibi.
