4118 6512
549 399 690 456 1185

549 495 694 548 tione
732 483 976 559 peccari?
1021 481 1125 539 Sed
1169 490 1453 553 quzcrttur,
1502 488 1660 552 quale
1704 488 1980 552 peccatum
2033 490 2130 546 per

549 596 715 639 unum
765 576 1034 633 hominem
1077 573 1288 630 intrarit
1335 573 1389 628 in
1434 571 1720 635 mundum;
1768 579 1944 624 utrum
1993 565 2136 637 quod

550 670 807 731 imitando
837 668 1281 729 committeretur,
1312 679 1378 719 an
1408 663 1550 735 quod
1589 660 1858 718 nascendo
1893 657 2138 714 trahere-

553 780 658 821 tur.
688 764 821 834 Quia
849 760 976 835 illud
1005 760 1233 831 primum
1253 799 1266 822 ,
1299 756 1351 812 id
1389 765 1469 811 est
1491 798 1505 820 ,
1537 753 1676 825 quod
1706 752 1965 808 imitando
1989 765 2138 806 com-

553 859 875 920 mitteretur,
910 853 1119 909 nonnisi
1144 867 1236 922 pcr
1256 865 1378 907 eum
1411 847 1625 904 intravit
1655 847 1707 902 in
1735 845 2014 910 mundum,
2046 843 2136 914 qui

552 949 756 1020 primus
781 947 1047 1003 neminem
1077 945 1311 999 inuitatus
1337 940 1547 996 cteteris
1571 937 1858 994 imitaturis
1880 934 2138 1007 peccandi

549 1039 844 1096 introduxit
867 1036 1195 1108 exemplum,
1239 1034 1338 1088 hoc
1367 1043 1447 1088 est
1467 1075 1482 1099 ,
1514 1031 1758 1087 diabolus
1783 1049 1797 1086 :
1828 1029 1932 1085 hoc
1958 1039 2136 1084 autem

550 1136 801 1198 alterum,
834 1131 886 1187 id
929 1140 1041 1196 est,
1081 1128 1221 1200 quod
1265 1126 1533 1182 nascendo
1562 1124 1884 1188 traheretur,
1927 1121 2138 1179 nonnisi

554 1241 650 1294 per
674 1239 795 1279 eum
835 1221 1051 1278 intravit
1077 1220 1129 1274 in
1172 1217 1459 1283 mundum,
1500 1217 1590 1288 qui
1622 1216 1828 1286 primus
1865 1230 1896 1270 a
1928 1214 2138 1270 nemine

549 1323 872 1388 generatus,
918 1309 1236 1383 generandis
1279 1307 1487 1363 caeteris
1515 1306 1734 1377 originis
1778 1304 1996 1376 ingessit
2035 1303 2140 1359 ini-

551 1408 721 1470 tium;
753 1403 839 1459 hic
866 1412 948 1458 est
975 1400 1168 1456 Adam.
1204 1399 1277 1453 De
1306 1396 1601 1452 imitatione
1628 1396 1788 1466 igitur
1816 1394 2135 1466 Angelorum

548 1506 604 1552 et
632 1495 907 1552 hominum
936 1492 1168 1563 intelligo
1199 1501 1251 1546 te
1272 1489 1403 1544 nihil
1434 1489 1499 1544 ad
1526 1501 1741 1544 causam
1765 1487 2038 1558 pertinens
2060 1483 2140 1540 di-

548 1602 706 1650 ccre;
738 1584 833 1642 sed
858 1593 1059 1639 tantum
1093 1591 1268 1636 tacere
1294 1579 1546 1635 noluisse.
1581 1579 1927 1650 Disputamus
1952 1576 2095 1632 enim
2117 1615 2133 1641 ,

551 1695 656 1732 non
703 1676 770 1731 de
813 1690 1149 1746 quocumque
1195 1682 1513 1743 peccatore,
1563 1671 1651 1741 qui
1695 1669 2138 1741 quandocumque

551 1771 788 1838 peccavit
817 1764 1116 1830 inmundo;
1147 1763 1241 1819 sed
1267 1763 1336 1820 de
1358 1764 1447 1818 illo
1469 1778 1566 1835 per
1584 1777 1742 1833 quem
1762 1769 2036 1832 peccatum
2059 1761 2139 1815 in-

553 1860 709 1914 travit
735 1859 785 1913 in
814 1856 1103 1912 mundum:
1137 1855 1225 1930 ubi
1263 1855 1308 1910 si
1337 1863 1608 1926 qua-ratur
1631 1853 1935 1924 exemplum
1965 1852 2139 1906 imita-

551 1952 733 2019 tionis,
761 1952 1004 2008 diabolus
1033 1951 1329 2014 invenitur;
1359 1948 1403 2004 si
1427 1944 1728 2019 contagium
1755 1945 2136 2017 generationis,

548 2046 740 2102 Adam.
773 2044 1035 2107 Proinde,
1076 2041 1262 2097 dicens
1296 2039 1585 2111 Apostolus
1605 2081 1619 2106 ,
1663 2037 1767 2092 Per
1792 2053 1946 2092 unum
1978 2035 2142 2090 homi-

549 2155 666 2194 nem
696 2147 955 2209 peccatum
981 2135 1186 2189 intravit
1211 2132 1265 2187 in
1294 2130 1540 2186 mundum
1561 2173 1575 2197 ,
1607 2138 1883 2200 peccatum
1911 2142 2138 2198 genera-

549 2232 711 2287 tionis
741 2229 962 2300 intelligi
989 2227 1172 2282 voluit.
1204 2223 1520 2281 lmitationis
1541 2221 1683 2278 enim
1706 2227 2004 2291 peccatum,
2033 2234 2138 2273 non

550 2339 650 2394 per
689 2338 849 2377 unum
881 2319 1187 2385 hominem,
1232 2315 1328 2374 sed
1372 2331 1468 2388 per
1509 2313 1781 2371 diabolum
1827 2311 2046 2367 intravit
2085 2311 2140 2366 in

549 2415 811 2472 tuttudutu
822 2455 835 2468 .

621 2509 686 2564 L.
716 2507 836 2564 Jun.
864 2505 998 2562 Nam
1024 2517 1146 2559 cum
1189 2512 1472 2572 utrumque
1505 2514 1573 2555 ex
1613 2514 1763 2554 more
1791 2496 2017 2564 dicatur,
2045 2494 2142 2550 ali-

547 2600 766 2673 quando
795 2597 937 2670 quod
978 2595 1250 2652 diabolum
1291 2595 1411 2665 quis
1438 2593 1700 2657 imitatus,
1739 2589 2005 2656 invideat;
2044 2587 2143 2644 ali-

546 2691 763 2764 quando
801 2687 941 2761 quod
983 2687 1254 2743 hominem
1301 2685 1617 2750 mmulatus,
1669 2690 1761 2737 aut
1789 2679 2021 2749 invidia,
2051 2689 2143 2735 aut

549 2783 936 2855 ﬂagitiosorum
963 2781 981 2813 ι
1012 2777 1263 2835 sordibus
1299 2776 1601 2842 oblinatur;
1643 2773 1747 2829 hoc
1774 2788 1988 2844 quoque
2022 2770 2145 2827 imi-

551 2875 768 2933 tationis
803 2885 997 2930 nomen
1026 2872 1238 2940 utrique
1268 2869 1431 2940 possit
1462 2868 1750 2922 convenire
1784 2880 2058 2936 personat,
2087 2862 2141 2919 id

547 2975 654 3035 est,
681 2974 875 3021 etcum
906 2963 974 3019 de
1000 2963 1242 3028 homine,
1274 2971 1468 3016 etcum
1489 2958 1556 3015 de
1587 2957 1800 3014 diabolo
1819 2957 2052 3012 dicitur:
2086 2963 2141 3010 tu

549 3057 872 3132 perridicule
910 3055 1139 3127 ineptire
1170 3053 1417 3121 voluisti,
1465 3067 1561 3123 per
1599 3051 1910 3107 imitationis
1936 3049 2144 3106 intelle-

546 3161 692 3208 ctum
727 3149 894 3204 Adam
923 3163 1029 3203 non
1056 3147 1293 3219 potuisse
1319 3145 1628 3218 monstrari.

621 3243 755 3298 Auc.
799 3238 1067 3310 Numquid
1097 3255 1196 3310 per
1230 3251 1619 3309 quemcumque
1647 3235 1952 3301 hominem,
1980 3249 2138 3306 quem

539 3333 820 3406 peccando
848 3333 985 3389 alius
1021 3333 1276 3394 imitatur,
1312 3337 1589 3401 peccatum
1625 3328 1843 3384 intravit
1883 3327 1935 3382 in
1977 3343 2137 3382 mun-

551 3425 716 3482 dum?
746 3425 858 3490 Dic,
892 3425 935 3480 si
963 3433 1136 3496 poles,
1165 3423 1291 3495 quid
1321 3424 1412 3490 sit,
1443 3421 1544 3477 Per
1566 3438 1724 3475 unum
1745 3421 1998 3475 hominem
2027 3437 2143 3491 pec-

550 3530 717 3573 catum
746 3517 949 3572 intravit
988 3515 1042 3570 in
1071 3514 1316 3570 mundum
1334 3555 1348 3579 ,
1381 3523 1428 3567 et
1473 3529 1562 3584 per
1589 3521 1850 3586 peccatum
1879 3527 2054 3576 mors;
2095 3520 2143 3565 et

549 3615 621 3667 ita
653 3611 706 3664 in
733 3625 904 3664 omnes
931 3607 1158 3661 homines
1187 3603 1508 3676 pertransiit,
1539 3603 1651 3659 sive
1676 3617 1844 3669 mors,
1876 3601 1989 3658 sive
2012 3617 2138 3673 pec-

551 3712 750 3770 ratum,
779 3700 891 3757 sive
921 3699 1096 3771 potius
1122 3711 1242 3752 cum
1275 3705 1446 3751 morte
1473 3703 1769 3766 peccatum.
1796 3692 1927 3748 Nam
1955 3707 2144 3763 pecca-

551 3805 684 3864 tum,
713 3779 868 3864 cujns
897 3789 1193 3847 imitatione
1213 3796 1484 3860 peccatur,
1514 3787 1725 3843 nonnisi
1751 3801 1848 3857 per
1867 3785 2140 3840 diabolum

550 3884 769 3941 intravit
804 3883 857 3938 in
897 3879 1154 3936 mundum
1175 3921 1190 3946 ,
1221 3878 1311 3948 qni
1339 3879 1542 3949 primus
1567 3893 1675 3934 non
1702 3875 1959 3933 imitando
1985 3873 2138 3944 fecit,

554 3974 694 4048 quod
721 3973 812 4029 alii
839 3971 1076 4031 facerent
1097 3969 1373 4025 imitando.

560 4119 566 4126 .
622 4065 709 4123 LI.
751 4063 869 4120 ιω..
911 4061 993 4119 Ad
1033 4061 1232 4132 reliqua
1272 4061 1487 4117 festinat
1519 4060 1728 4115 oratio:
1762 4056 1857 4114 sed
1893 4070 2141 4129 premen-

552 4159 652 4215 dus
680 4155 856 4213 adhuc
883 4150 1034 4211 locus
1059 4161 1160 4222 est,
1191 4161 1248 4208 ut
1288 4151 1644 4208 divisionibus
1672 4165 1831 4222 quam
1857 4164 2140 4222 possumus

551 4249 842 4318 brevibus,
894 4247 1084 4306 lectori
1136 4256 1192 4303 et
1241 4244 1589 4316 intelligentia
1642 4243 1722 4299 rei
1775 4252 1829 4299 et
1881 4215 2138 4298 chnoria

511 4349 886 4416 “suggeratur.
919 4339 977 4395 ln
1013 4337 1262 4395 omnibus
1303 4335 1518 4407 quidem
1564 4349 1702 4404 pene
1746 4333 1906 4389 rebus
1948 4333 2138 4388 homo-

481 4421 486 4426 ’
551 4449 857 4507 nymorum,
889 4446 1008 4504 quae
1033 4429 1305 4500 :cquivoca
1330 4426 1681 4498 appellamus,
1711 4425 1948 4482 conditio
1973 4441 2135 4498 repe-

549 4527 708 4583 ritur.

621 4617 760 4674 Auc.
785 4613 1116 4671 Promiseras
1131 4619 1182 4667 te
1203 4609 1606 4683 intelligentiam
1627 4619 1996 4682 suggesturum
2017 4625 2139 4666 esse

547 4710 757 4778 lcetori,
783 4717 840 4766 et
867 4707 1102 4780 loqueris
1129 4707 1198 4763 de
1220 4704 1558 4777 bomonymis
1582 4715 1634 4761 et
1655 4705 1940 4776 azquivocis
1966 4724 1977 4759 :
2006 4721 2139 4776 quo-

548 4800 712 4858 modo
739 4815 868 4871 ergo
905 4807 958 4854 te
988 4797 1088 4868 ipsi
1118 4797 1309 4854 saltem
1334 4795 1605 4867 Pelagiani
1634 4795 1950 4851 intellecturi
1981 4804 2134 4862 sunt,

545 4893 650 4949 nisi
677 4892 827 4962 prius
851 4889 917 4944 ad
940 4887 1152 4945 scholas
1172 4886 1593 4952 dialecticorum,
1617 4885 1936 4957 ubicumque
1963 4895 2135 4941 terra-

469 5065 471 5067 _
545 5001 664 5046 rum
709 4983 978 5056 potuerint
1008 4981 1261 5050 inveniri,
1301 4990 1522 5054 propter
1552 4979 1667 5036 haec
1693 4979 1915 5036 dicenda
1947 4981 1970 5014 ¹
2013 4981 2137 5036 utit-

545 5079 767 5136 tantur?
795 5079 874 5134 An
911 5076 1047 5134 forte
1079 5086 1130 5132 et
1158 5077 1454 5148 categorias
1484 5074 1786 5130 Aristotelis
1805 5117 1820 5140 ,
1849 5085 2132 5145 antequam

546 5183 665 5226 tuos
687 5168 855 5226 libros
876 5169 1070 5240 legant,
1100 5169 1180 5224 eis
1203 5159 1477 5238 exponens
1513 5165 1626 5234 ipse
1652 5164 1884 5221 lecturus
1912 5166 2007 5221 es?
2025 5166 2135 5221 Cur

545 5277 647 5315 non
681 5269 736 5317 et
758 5261 862 5317 hoc
887 5259 1069 5328 facias,
1101 5258 1265 5314 homo
1287 5255 1766 5327 ingeniosissimus,
1796 5255 2130 5327 quandoqui-

545 5353 666 5406 dem
700 5366 729 5406 a
757 5350 995 5425 deceptis
1023 5347 1239 5405 miseris
1267 5347 1502 5416 pasceris
1529 5347 1766 5403 otiosus?

621 5445 731 5502 LII.
760 5445 878 5500 Jun.
907 5441 1012 5499 Sed
1039 5449 1098 5495 ut
1125 5453 1267 5495 nunc
1295 5440 1449 5494 nobis
1479 5453 1660 5498 sentio
1683 5437 1751 5494 de
1781 5440 2131 5508 prmseutibus

552 5539 641 5606 sit,
665 5535 942 5609 generatio
973 5531 1186 5603 proprie
1208 5531 1428 5587 sentibus
1451 5531 1759 5601 imputatur,
1787 5529 2012 5586 imitatio
2031 5547 2131 5587 au-

519 5716 532 5735 .
607 5693 630 5784 ζ
659 5685 1240 5811 'lengtqaumda.
1259 5747 1374 5798 \ide
1409 5745 1645 5798 Element.
1679 5749 1860 5812 Critic.,
1883 5763 1993 5862 pag.
2018 5749 2126 5801 312.

1195 387 1438 446 OPERIS
1477 386 1886 446 IMPERFECTI
1922 382 2192 441 CONTRA
2223 381 2587 454 JULIANUM,
2624 387 2682 444 S.
2723 386 3090 446 AUGUSTINI
3685 394 3795 450 ll“

2246 485 2352 530 tem
2382 492 2594 550 semper
2616 478 2912 536 animorum
2940 490 3040 536 est.
3089 480 3184 536 llic
3213 495 3340 553 ergo
3380 481 3600 540 affectus
3625 487 3794 548 animi.

2243 567 2386 638 quod
2413 569 2735 639 possibiliter
2761 571 2986 626 voluerit
3016 572 3290 638 imitantis,
3319 572 3585 630 hominem
3618 591 3704 646 pro
3723 577 3790 630 di.

2244 661 2496 717 versitate
2521 677 2800 717 causarum
2826 673 2917 718 aut
2945 673 3190 732 accusat,
3231 671 3321 720 aut
3347 665 3587 736 provehit
3612 686 3624 722 :
3657 668 3716 722 ita
3743 669 3791 723 nt

2245 763 2302 808 ut
2329 753 2380 809 in
2408 754 2548 808 bono
2571 763 2623 810 et
2649 755 2833 821 Deum,
2863 764 2917 811 et
2946 756 3197 825 Angelos,
3233 766 3287 812 et
3311 759 3592 829 Apostolus
3617 760 3796 815 dicatur

2245 846 2436 902 imitari
2464 865 2475 901 :
2511 847 2699 912 Deum,
2730 846 2901 903 Estote
2925 848 3152 919 perfecti,
3184 849 3309 904 sicut
3337 848 3494 905 Pater
3517 862 3672 905 vester
3697 870 3795 922 prr-

2244 941 2403 1009 fectns
2431 946 2504 993 est
2534 937 2745 1009 (Matth.
2773 954 2827 1003 v,
2855 937 2946 1011 48)
2977 956 2989 994 :
3023 938 3274 1010 Angelos,
3308 938 3428 994 Fiat
3456 941 3680 994 voluntas
3704 954 3792 1002 tua,

2243 1030 2371 1083 sicut
2407 1030 2458 1084 in
2487 1030 2610 1085 caelo
2639 1039 2683 1083 et
2709 1029 2762 1084 in
2793 1040 2924 1083 terra
2955 1029 3066 1099 (Id.
3096 1047 3168 1096 γι,
3197 1030 3284 1101 10)
3310 1049 3324 1086 :
3354 1032 3653 1102 Apostolos,
3685 1032 3795 1086 lmi-

2242 1129 2429 1174 tatores
2458 1120 2555 1174 mei
2580 1129 2753 1187 estote,
2781 1121 2908 1174 sicut
2932 1130 2978 1174 et
3007 1137 3096 1192 ego
3128 1119 3316 1176 Christi
3342 1121 3382 1192 (l
3411 1122 3528 1176 Cor.
3553 1138 3624 1186 xt,
3658 1121 3723 1192 Ι).
3750 1123 3796 1176 In

2243 1213 2385 1269 malo
2414 1228 2542 1268 vero
2569 1213 2806 1268 imitatur
2826 1213 3116 1280 diabolum,
3148 1214 3286 1268 sicut
3307 1213 3517 1281 dicitur,
3547 1214 3798 1267 Imitantur

2243 1321 2378 1373 eum,
2409 1305 2498 1377 qui
2521 1314 2641 1359 sunt
2666 1321 2731 1360 ea:
2756 1316 2900 1378 parte
2923 1306 3082 1374 ipsius
3121 1305 3271 1377 (Sap.
3301 1321 3358 1372 tt,
3384 1301 3476 1375 25)
3504 1323 3517 1357 :
3552 1306 3800 1360 imitantur

2244 1394 2518 1461 homines,
2555 1394 2729 1450 Nolite
2769 1414 2877 1451 esse
2906 1398 3070 1450 tristes
3103 1397 3231 1450 sicut
3258 1397 3564 1467 Itypocritte,
3592 1400 3800 1452 extermi-

2242 1496 2418 1543 nantes
2440 1488 2596 1558 [acies
2617 1504 2734 1543 suas
2756 1487 2966 1560 (Matth.
2995 1503 3069 1551 vt,
3099 1488 3188 1555 l6)
3217 1505 3231 1543 :
3259 1489 3531 1543 imitantur
3551 1490 3797 1554 animalia,

2242 1594 2367 1634 cum
2397 1577 2698 1643 mandatur,
2732 1577 2908 1633 Nolite
2937 1579 3046 1648 ﬁeri
3076 1582 3205 1634 sicut
3233 1596 3388 1650 equus
3416 1589 3462 1634 et
3489 1581 3673 1645 mulus,
3700 1582 3799 1651 qni-

2243 1668 2335 1724 lms
2363 1685 2464 1723 non
2490 1679 2562 1724 est
2595 1668 2878 1725 intellectus
2909 1669 3092 1741 (I’sal.
3133 1686 3290 1737 xxxi,
3322 1669 3399 1742 9).
3431 1670 3521 1726 llis
3549 1687 3671 1742 ergo
3693 1688 3800 1727 ver-

2243 1763 2345 1828 bis,
2367 1773 2472 1818 tam
2493 1762 2899 1818 adhortantibus
2919 1779 3074 1834 quam
3097 1763 3505 1833 deterrentibus,
3525 1766 3800 1821 ostenditur

2243 1856 2553 1912 imitationis
2579 1855 2817 1921 allectus,
2845 1857 2930 1926 qui
2960 1857 3139 1928 utique
3161 1857 3204 1912 si
3225 1872 3346 1914 esse
3368 1873 3470 1914 non
3494 1870 3685 1931 posset,
3707 1877 3800 1916 non

2244 1948 2570 2004 indiceretur
2598 1947 2887 2004 cavendus.

2315 2043 2451 2098 Auc.
2485 2040 2594 2097 Sed
2624 2049 2898 2109 peccatum
2929 2041 3239 2098 imitationis
3259 2084 3276 2110 ,
3309 2041 3360 2098 id
3389 2052 3499 2112 est,
3529 2045 3662 2116 quod
3695 2046 3804 2100 inti-

2245 2137 2447 2192 tatione
2475 2137 2646 2204 fieret,
2681 2152 2786 2192 non
2815 2137 3028 2191 intravit
3052 2135 3104 2191 in
3131 2136 3405 2202 tnundum,
3433 2139 3531 2193 nisi
3559 2155 3649 2209 per
3671 2155 3803 2202 etnn,

2243 2230 2333 2300 qui
2357 2239 2415 2284 ut
2435 2229 2730 2285 imitatione
2753 2238 3082 2300 peccaretur,
3105 2230 3221 2286 sine
3244 2229 3534 2285 imitatione
3557 2232 3805 2302 peccavit:

2244 2330 2300 2380 et
2327 2337 2434 2378 non
2464 2331 2547 2378 est
2575 2323 2744 2377 Adam
2773 2331 2921 2377 certe
2950 2320 3084 2388 iste,
3115 2319 3211 2376 sed
3244 2320 3509 2377 diabolus.
3548 2320 3644 2390 Qui
3677 2323 3808 2378 enim

2243 2417 2397 2492 dixit,
2423 2417 2625 2471 intravit
2649 2415 2701 2469 in
2723 2414 2989 2479 mundum,
3018 2415 3223 2470 initium
3247 2415 3446 2486 peccati
3472 2414 3624 2484 hujus
3644 2424 3810 2470 osten-

2244 2509 2321 2566 dit
2350 2527 2364 2564 :
2391 2507 2534 2579 quod
2565 2507 2771 2563 initium
2804 2505 3142 2562 manifestum
3181 2513 3297 2573 est,
3330 2519 3434 2560 non
3471 2519 3588 2560 esse
3629 2505 3811 2559 factum

2246 2617 2341 2672 per
2367 2599 2674 2666 hominem,
2707 2597 2802 2654 sed
2832 2613 2927 2668 per
2953 2596 3260 2663 diabolum;
3301 2597 3344 2650 si
3387 2604 3654 2666 peceatum
3680 2596 3811 2666 quod

2246 2691 2580 2747 imitarentur
2611 2698 2911 2760 peccantes,
2938 2687 3164 2742 velimus
3189 2684 3483 2742 attendere.
3512 2685 3693 2739 Restat
3721 2686 3812 2755 igi-

2247 2791 2334 2839 tur
2360 2792 2420 2839 ut
2448 2789 2722 2854 peccatum
2751 2778 2891 2851 quod
2922 2795 3018 2850 per
3046 2793 3206 2834 unum
3235 2777 3500 2832 hominem
3531 2777 3735 2831 intravit
3763 2778 3812 2832 in

2246 2875 2525 2942 mundum,
2561 2889 2664 2928 non
2693 2871 2995 2937 imitationi,
3024 2870 3118 2926 sed
3145 2871 3470 2942 generationi
3494 2881 3632 2924 recte
3655 2876 3816 2941 possit

2245 2966 2479 3022 attribui.
2511 2965 2731 3037 Agimus
2770 2979 2902 3020 sane
2943 2963 3052 3019 Deo
3090 2962 3319 3034 gratias,
3351 2962 3596 3034 quoniam
3638 2971 3814 3017 contra

2246 3068 2484 3117 vestrum
2507 3058 2716 3114 locutus
2735 3071 2996 3122 errorem,
3020 3055 3344 3110 voluntatem
3371 3054 3560 3110 bonam
3587 3070 3683 3124 qua
3705 3054 3816 3107 inti-

2247 3166 2423 3210 tamur
2447 3153 2653 3219 bonos,
2683 3166 2788 3206 non
2817 3149 3018 3206 viribus
3059 3148 3228 3203 nostri
3274 3146 3422 3202 liberi
3465 3145 3692 3210 arbitrii,
3725 3145 3815 3199 sed

2246 3247 2446 3303 auxilio
2474 3245 2570 3301 Dei
2611 3259 2731 3301 esse
2772 3240 3141 3306 tribuendam,
3189 3238 3334 3295 velut
3381 3249 3686 3294 coruscante
3726 3238 3818 3292 tibi

2247 3337 2475 3397 veritate
2499 3335 2777 3393 confessus
2800 3349 2859 3390 es
2889 3351 2902 3388 :
2930 3331 3356 3406 quandoquidem
3379 3338 3437 3384 ut
3456 3329 3679 3400 Angelos
3701 3328 3819 3382 imi-

2248 3442 2440 3495 temur,
2471 3446 2576 3485 non
2604 3424 3029 3499 praesumendqu
3057 3439 3086 3478 a
3113 3423 3287 3489 nobis,
3315 3419 3407 3477 sed
3431 3436 3460 3475 a
3483 3420 3704 3475 Domino
3726 3413 3820 3473 de-

2247 3509 2554 3580 monstrasti
2583 3535 2703 3576 esse
2730 3516 3053 3591 poscendum
3073 3557 3088 3583 ,
3119 3516 3198 3572 sic
3222 3528 3494 3586 exponens
3529 3513 3665 3584 quod
3695 3527 3818 3565 ora-

2247 3632 2365 3672 mus
2395 3625 2449 3672 et
2477 3614 2726 3679 dicimus,
2761 3610 2882 3665 Fiat
2907 3609 3137 3665 voluntas
3164 3618 3251 3662 tua
3270 3648 3286 3676 ,
3315 3606 3441 3664 sicut
3469 3607 3521 3662 in
3549 3606 3669 3661 caelo
3697 3614 3743 3658 ct
3768 3604 3822 3658 in

2246 3720 2402 3764 terra.

2314 3797 2446 3854 Llll.
2475 3797 2595 3853 Jun.
2631 3793 2736 3853 Sed
2776 3803 2835 3849 ut
2874 3790 3186 3849 imitationis
3216 3789 3524 3846 vocabulum
3553 3787 3707 3843 rebus
3736 3785 3824 3841 dt-

2248 3889 2420 3946 versis
2468 3887 2806 3944 manifestum
2851 3892 2934 3940 est
2980 3881 3335 3938 communiter
3383 3879 3695 3943 convenire;
3751 3879 3822 3932 ita

2245 3979 2518 4054 generatio
2562 3993 2686 4034 vere
2726 3986 2781 4032 et
2819 3974 3068 4046 proprie‘
3100 3980 3441 4043 generantem
3478 3969 3826 4050 substantiam

2246 4045 2444 4128 indicat
2472 4087 2486 4125 :
2520 4085 2627 4125 non
2658 4045 2872 4140 proprie
2899 4075 3076 4120 autem
3097 4106 3112 4131 ,
3143 4063 3237 4120 sed
3267 4063 3483 4118 abusive
3510 4045 3694 4117 studiis
3721 4076 3822 4130 ap-

2246 4166 2491 4238 plicatur.
2522 4165 2589 4220 Et
2618 4173 2792 4219 tamen
2817 4161 2936 4234 quia
2966 4160 3054 4216 hic
3083 4168 3165 4216 est
3185 4159 3294 4229 jam
3325 4173 3452 4213 usus
3477 4156 3743 4228 loquendi,
3773 4169 3836 4218 st

2245 4259 2389 4332 quod
2419 4258 2663 4314 indicarit
2689 4255 3022 4328 agnoscitur,
3055 4263 3106 4310 et
3132 4253 3541 4324 pr0prietatibus
3569 4250 3828 4320 prmjudio

2245 4353 2385 4408 cium
2412 4351 2606 4407 alTerre
2635 4364 2740 4405 non
2771 4348 2980 4404 sinitur.
3013 4346 3214 4401 Dicitur
3241 4359 3368 4416 ergo
3392 4342 3627 4398 diabolus
3659 4357 3833 4412 gene-

2245 4457 2367 4498 rare
2395 4449 2708 4513 peccantes,
2732 4438 3020 4494 secundum
3050 4435 3192 4508 quod
3217 4435 3472 4490 Dominus
3499 4434 3551 4488 in
3576 4431 3834 4502 Evange-

2247 4535 2319 4590 lio
2347 4551 2360 4588 :
2401 4532 2500 4588 Vas
2519 4573 2534 4596 ,
2580 4533 2673 4597 ait,
2703 4548 2766 4586 ex
2806 4539 2945 4600 patre
2984 4528 3184 4582 diabolo
3210 4527 3328 4582 estis
3359 4523 3533 4598 (Joan.
3562 4539 3671 4590 vin,
3696 4522 3831 4591 44).

2243 4613 2359 4694 Quo
2381 4639 2652 4689 sermone,
2678 4636 2799 4678 eum
2832 4620 2964 4674 dixit
2988 4618 3392 4674 criminosorum
3419 4624 3638 4686 patrem,
3666 4613 3840 4682 cujus

2243 4717 2621 4786 malignitatem
2645 4712 3098 4770 convincebantur
3120 4709 3312 4765 imitari
3338 4725 3351 4762 :
3378 4715 3431 4763 et
3455 4716 3621 4762 tamen
3651 4705 3701 4758 iu
3727 4706 3840 4759 ab-

2243 4812 2418 4867 soluto
2441 4817 2525 4866 est
2551 4807 2918 4875 intelligentia,
2944 4804 3067 4875 quia
3097 4818 3190 4873 per
3212 4802 3313 4857 hoc
3335 4804 3545 4866 no‘mcn,
3570 4796 3844 4853 videlicet

2245 4903 2439 4974 patris,
2467 4916 2568 4957 nec
2593 4899 2806 4956 diabolo
2834 4911 3028 4963 sexus,
3060 4911 3158 4952 nec
3197 4893 3498 4949 hominibus
3535 4890 3638 4946 illis
3673 4890 3842 4945 aeria
3905 4935 3910 4938 _

2242 4997 2313 5054 sit
2339 4994 2605 5065 adscripta
2634 4991 2946 5048 substantia.
2978 4989 3094 5044 Jam
3136 4989 3292 5058 igitur
3329 4985 3452 5058 quid
3477 4981 3662 5040 ccnlici
3691 4983 3844 5039 hinc

2242 5088 2567 5144 voluerimus
2596 5092 2868 5156 appareat.
2910 5081 2966 5138 Si
3007 5079 3216 5152 proprie
3254 5090 3520 5148 nunquam
3549 5073 3842 5128 hominem

2243 5185 2404 5241 homo
2423 5183 2752 5254 judicaretur
2778 5177 2992 5242 imitari,
3017 5187 3072 5232 et
3090 5174 3375 5246 Apostolus
3401 5187 3492 5242 per
3510 5169 3678 5225 Adam
3706 5184 3847 5222 am-

2241 5292 2338 5334 nes
2370 5289 2616 5347 peccasse
2641 5272 2866 5329 dixisset
2906 5287 2921 5324 :
2961 5285 3060 5340 ego
3099 5267 3262 5321 libere
3295 5261 3688 5334 pracscri‘terem
3728 5276 3850 5315 usu

2240 5369 2634 5440 Scripturarum
2665 5379 2786 5420 esse
2813 5362 3123 5436 Apostolum
3157 5355 3558 5421 vindicandum,
3586 5363 3645 5408 ιιι
3679 5369 3848 5424 quo-

2223 5447 2401 5518 modo
2424 5459 2678 5515 Dominus
2696 5455 2966 5511 diabolum
2988 5453 3193 5507 dixerat
3216 5457 3441 5522 patrem,
3462 5447 3550 5519 qui
3575 5446 3851 5502 substan-

2241 5557 2312 5611 tia
2355 5566 2616 5625 generare
2664 5564 2769 5605 non
2819 5556 3059 5620 poterat;
3104 5545 3176 5598 ita
3221 5541 3508 5612 Apostolus
3553 5539 3854 5595 hominem

2240 5647 2542 5719 scripsisset
2569 5641 2901 5707 imitabilem,
2935 5651 3003 5694 ne
3026 5636 3152 5710 quid
3179 5635 3426 5714 docuisse
3451 5642 3638 5691 contra
3669 5631 3860 5688 ratio-

2306 5811 2321 5842 ³
2357 5810 2429 5861 Sic
2448 5811 2555 5857 tttss.
2592 5809 2646 5853 At
2669 5800 2804 5863 editi,
2827 5809 2940 5850 vero
2961 5802 3005 5848 et
3028 5786 3240 5860 propria.
