2059 3262
166 230 195 258 Η
201 229 233 258 65
798 225 897 254 LIBER
917 225 1107 255 SECUNDUS.
1321 258 1325 260 _
1740 238 1808 268 “66

164 297 225 317 nem
240 287 406 324 perspicuam
421 287 584 316 crederetur.

201 335 270 362 Ave.
285 333 419 369 Numquid
440 333 525 360 Adam
546 331 619 367 prior
642 330 669 358 in
690 334 800 366 peccato
823 329 958 357 imitabilis

165 381 232 414 fuit,
247 385 273 407 ut
289 379 385 407 merito
400 386 446 414 per
461 379 534 406 illum
551 377 602 405 hoc
619 377 718 413 peccati
738 384 822 412 genus
844 376 958 403 intrasse

163 425 299 454 (liceretur
313 426 339 452 in
353 424 500 453 mundum?
512 423 607 451 Nonne
620 422 742 451 diabolus
756 422 829 457 prior
842 421 956 449 imitabi-

163 472 197 499 lis
208 472 234 499 iu
247 476 357 507 peccato
367 470 490 499 exstitit?
499 470 551 498 Per
561 470 634 497 illum
646 476 709 505 ergo
719 469 832 496 intrasse
842 468 868 495 in
879 476 957 495 mun-

163 517 224 543 ilum
241 520 388 551 peccatum,
405 516 551 551 Apostolus
562 515 680 547 diceret,
696 514 718 541 si
733 518 869 549 peccatum
883 513 954 549 quod

166 561 290 589 imitando
303 561 348 588 alii
363 560 498 593 facerent,
514 567 546 587 co
561 560 619 588 loco
633 559 711 587 vellet
727 559 847 594 intelligi.

196 606 263 635 LIV.
278 606 339 634 Jun.
349 606 425 634 Nunc
437 614 500 634 vero
513 606 535 633 si
545 606 679 641 colligam,
691 613 750 641 qua:
760 609 822 633 sunt
832 606 858 632 in
867 605 955 633 Evan-

162 650 357 686 gelio'abusive
376 651 477 687 prolata
489 651 509 685 ¹,
528 659 582 679 non
602 651 756 679 sustinent:
772 651 856 678 multo
869 651 953 686 magis

157 697 296 732 apostolus
310 697 407 725 Paulus
422 697 522 725 nullam
543 697 628 725 errori
646 697 812 725 occasionem
828 697 951 732 praebuit,

158 742 203 778 qui
216 743 282 771 nihil
295 742 361 770 dixit
376 743 560 778 improprium,
577 743 600 770 si
616 742 810 777 pronuntiavit,
827 747 951 777 peccato-

158 796 213 816 rem
225 788 339 823 primum
351 787 486 816 hominem
497 788 670 823 sequentibus
681 788 855 823 peccantibus
865 787 951 816 ex'em-

158 836 228 871 plum
244 835 336 863 fuisse.

192 882 258 909 Auo.
275 880 332 908 Non
347 888 411 917 ergo
423 881 514 909 debuit
528 880 593 909 istos
605 880 673 909 duos
685 888 851 916 proponere,
866 888 948 909 unum

156 927 189 954 ad
205 931 342 962 peccatum
353 948 360 960 ,
373 927 486 955 alterum
499 926 533 955 ad
544 927 684 962 justitiam,
699 926 784 954 Adam
797 927 907 960 scilicet,
922 931 950 955 et

155 972 302 1000 Christum.
316 972 344 1000 Si
357 973 427 1000 enim
441 973 554 1008 primum
568 977 747 1008 peceatorem,
762 977 872 1008 propter
884 980 947 1008 pec.

154 1025 243 1045 cauam
265 1018 336 1053 quod
359 1018 452 1046 imitati
474 1023 537 1046 sunt
559 1018 668 1052 caeteri,
692 1019 825 1054 posuisset
844 1018 946 1050 Adam:

155 1062 275 1098 profecto
297 1064 412 1099 primum
431 1063 532 1098 justum
542 1084 550 1097 ,
574 1069 683 1099 propter
695 1064 826 1099 justitiam
841 1064 948 1093 cmteris

154 1109 321 1143 innitendum,
338 1117 390 1137 non
402 1109 537 1138 Christum
551 1114 673 1146 poneret,
685 1110 733 1139 sed
745 1111 815 1139 Abel
826 1119 834 1138 :
845 1111 947 1147 primus

151 1156 250 1191 quippe
263 1156 342 1188 Abel,
360 1156 461 1184 nullum
482 1156 621 1184 hominum
643 1156 764 1190 imitans,
781 1156 827 1184 sed
841 1157 946 1185 caeteris

152 1201 311 1235 imitandus,
325 1202 414 1236 justus
427 1202 484 1230 fuit.
501 1202 594 1231 Sciens
607 1207 696 1230 autem
715 1203 778 1239 quid
793 1203 946 1238 loqueretur

150 1248 310 1282 Apostolus,
325 1248 409 1276 Adam
424 1249 513 1284 posuit
534 1249 568 1276 ad
591 1253 728 1284 peccatum
738 1269 746 1282 ,
760 1248 897 1277 Christum
910 1249 943 1277 ad

148 1293 295 1328 justitiam;
310 1294 370 1329 quia
384 1294 457 1322 illum
473 1299 584 1322 noverat
598 1294 789 1330 generationis,
806 1295 884 1322 istum
898 1302 943 1323 re-

149 1339 328 1375 generationis
342 1345 489 1368 auctorem.

184 1385 240 1414 LV.
256 1386 316 1414 Jun.
335 1386 375 1414 Ae
389 1393 437 1422 per
451 1387 502 1414 hoc
515 1386 674 1415 bardissime
687 1390 887 1422 argumentatus
900 1395 941 1421 es,

148 1431 219 1466 quod
233 1431 256 1459 si
275 1431 413 1466 apostolus
432 1431 529 1460 Paulus
552 1439 601 1467 per
619 1431 794 1460 imitationem
813 1433 942 1461 transisse

149 1482 285 1512 peccatum
299 1478 427 1506 voluisset
442 1478 570 1514 intelligi,
586 1478 723 1506 diabolum
745 1480 846 1515 magis,
861 1487 940 1516 quam

148 1523 233 1551 Adam
255 1523 420 1551 nominasset
434 1532 440 1551 :
455 1531 515 1551 cum
537 1523 652 1558 clareat,
669 1530 695 1552 et
708 1524 823 1553 hominis
841 1530 869 1554 et
881 1525 941 1554 dia-

147 1569 201 1596 boli
215 1569 312 1596 malum
327 1577 379 1597 non
393 1569 443 1597 n’si
459 1569 607 1597 imitatione
619 1571 732 1598 transire
745 1570 874 1606 potuisse.
887 1571 941 1600 Ve-

146 1622 204 1642 rum
217 1615 328 1650 disjecto
338 1611 409 1650 quod
421 1619 447 1643 tu
459 1619 640 1650 exstruxeras,
652 1623 704 1643 non
718 1620 770 1644 tam
781 1616 850 1644 meis
859 1624 938 1652 quam

147 1661 229 1696 ipsius
251 1655 361 1689 rationis
380 1661 517 1696 manibus,
533 1661 595 1697 quid
610 1669 681 1689 nunc
694 1669 710 1689 a
723 1661 800 1690 nobis
812 1661 939 1691 afferetur

144 1707 262 1736 attende.

180 1755 247 1781 Auc.
263 1753 320 1781 Non
341 1757 368 1781 te
383 1752 521 1788 disjeeisse
535 1753 605 1790 quod
620 1757 786 1788 struxeram,
802 1761 852 1782 nec
864 1761 937 1783 same

144 1800 265 1833 rationis,
279 1800 327 1828 sed
340 1807 415 1828 vana:
429 1804 480 1828 tua:
494 1799 627 1836 opinionis
641 1808 737 1828 manus
749 1804 775 1829 te
787 1800 882 1829 fmstra
896 1802 937 1829 in-

144 1845 235 1872 tulisse
245 1849 387 1872 structuraz
397 1850 506 1879 nostrze,
519 1845 656 1882 utriusque
667 1850 787 1874 nostrum
798 1846 878 1874 verba
889 1846 934 1882 qui

143 1891 253 1926 legerint
264 1891 431 1927 judicabant.

174 1936 243 1964 LVI.
258 1937 318 1965 .IUL.
332 1937 455 1965 Ostendit
465 1938 609 1973 Apostolus
621 1945 674 1966 non
684 1946 699 1966 a
710 1946 739 1967 se
749 1938 849 1967 dictum
862 1946 932 1973 esse,

141 1988 277 2017 peccatum
297 1984 487 2018 generatioue’
509 1984 652 2022 transisse,
671 1985 778 2020 quando
792 1985 933 2013 nominans

140 2028 291 2062 hominem,
307 2028 404 2064 adjecit
417 2037 514 2063 unum;
529 2037 599 2057 unus
617 2030 687 2058 enim
708 2031 812 2059 numeri
831 2032 932 2067 princi-

139 2075 212 2108 pium
224 2079 266 2101 est
280 2082 286 2101 :
300 2079 327 2102 et
339 2074 383 2102 ille
394 2075 535 2109 explicans
550 2082 598 2110 per
612 2083 690 2110 quem
704 2075 806 2104 diceret
819 2077 932 2105 intrasse

139 2123 292 2153 peccatum,
315 2127 367 2147 non
382 2120 468 2148 solum
483 2128 544 2149 eum
560 2121 722 2155 nominavit,
744 2130 835 2150 verum
850 2123 930 2151 etiam

138 2165 307 2193 numeravit:
326 2165 376 2193 Per
389 2174 483 2199 unum,
499 2166 600 2202 inquit,
617 2167 742 2195 hominem
761 2173 890 2202 peccatum
903 2169 930 2196 in

137 2211 203 2237 hunc
213 2210 336 2237 inundant
346 2212 453 2239 transiit.
469 2211 517 2239 I-Iic
526 2216 615 2240 autem
628 2220 697 2240 unus
708 2213 858 2248 pratbendre
869 2214 930 2242 imi-

137 2256 230 2282 tationi
254 2256 368 2291 sufficit,
390 2257 555 2292 generationi
577 2257 719 2294 implenda:
743 2267 796 2287 non
818 2260 926 2300 sufficit.

136 2301 277 2328 Peccatum
292 2306 379 2328 autem
393 2302 513 2335 transiit;
529 2303 576 2330 sed
590 2311 638 2338 per
651 2311 743 2331 unum.
760 2304 926 2333 Manifestum

133 2351 192 2380 est,
206 2346 381 2374 imitationem
393 2347 445 2380 hic,
460 2355 512 2375 non
526 2349 722 2383 generationem
735 2351 854 2386 coargui,
867 2359 927 2387 qua:

134 2393 185 2419 nisi
199 2401 248 2428 per
259 2393 327 2420 duos
340 2393 396 2421 fieri
410 2400 462 2421 non
475 2398 572 2429 potest.
586 2394 639 2421 Aut
653 2395 731 2430 igitur
743 2396 864 2430 ostende,
878 2405 926 2431 per

133 2437 218 2465 Adam
238 2438 324 2465 solum
345 2438 403 2466 sine
425 2439 536 2466 muliere
556 2440 754 2474 generationem
773 2442 923 2475 exstitisse;

132 2490 183 2510 nec
202 2483 255 2511 hoc
268 2483 339 2511 enim
354 2483 388 2511 ab
401 2484 531 2518 elegantia
550 2485 585 2512 tui
603 2485 729 2514 abhorret
744 2486 841 2522 ingenii
856 2496 863 2514 :
878 2493 925 2516 aut

132 2533 206 2556 certe
218 2528 343 2563 quoniam
356 2530 430 2557 vides
441 2530 640 2565 generationem
656 2532 705 2559 nisi
718 2539 766 2568 per
776 2533 844 2561 duos
856 2541 922 2561 con-

131 2578 204 2601 stare
226 2581 278 2602 non
299 2582 392 2610 posse,
408 2577 538 2604 assentire
553 2577 593 2605 vel
609 2585 685 2611 sero,
700 2585 852 2607 accusatum
868 2588 921 2608 non

130 2627 192 2646 esse
206 2627 253 2654 per
266 2627 346 2647 unum
366 2629 505 2649 numerum
528 2630 595 2658 opus
617 2623 740 2651 duorum.
762 2624 813 2651 Per
832 2634 919 2659 unum,

129 2665 230 2699 inquit,
252 2665 378 2693 hominem
392 2671 519 2697 peccatum
538 2668 639 2696 intravit
658 2669 684 2696 in
705 2671 826 2697 mundum
845 2679 854 2697 :
874 2672 920 2707 qui

126 2712 196 2740 dixit
210 2721 255 2747 per
265 2721 343 2739 unum
352 2733 359 2747 ,
376 2713 486 2750 intelligi
498 2722 547 2750 per
557 2715 625 2744 duos
638 2717 733 2745 noluit.
749 2717 828 2752 Quid,
843 2726 917 2753 rogo,

126 2759 266 2794 qumrebat
280 2759 348 2787 inter
361 2759 418 2788 haec
433 2759 556 2796 dogmata
576 2769 716 2796 numerus,
733 2768 761 2790 ut
776 2764 918 2799 Apostolus

126 2809 201 2832 tanta
214 2812 292 2838 cura,
307 2812 360 2833 non
374 2804 459 2832 solum
474 2805 622 2839 hominem,
640 2807 686 2835 sed
702 2815 778 2835 unum
793 2808 917 2836 hominem

166 2884 174 2898 ³
178 2883 252 2922 gitti,
257 2874 431 2922 si‘caluntnios,
440 2891 495 2917 qua
502 2889 556 2911 sunt
565 2885 589 2911 in
599 2885 723 2920 Evangelia
730 2886 825 2914 nomine
832 2889 914 2922 prola~

122 2917 165 2938 ta.
178 2916 324 2949 cstigantur
336 2922 367 2940 ex
380 2919 432 2950 atas.
447 2916 451 2917 ⁷

158 2944 168 2959 ²
184 2947 247 2976 “55.,
258 2951 283 2970 tu
293 2949 452 2978 gaterattoue.

1014 284 1185 314 nominaret?
1214 285 1312 318 Verum
1337 292 1449 323 apparet
1471 294 1564 318 cautus
1587 294 1692 328 augusti
1715 303 1807 325 sermo

1011 330 1131 364 consilii,
1144 331 1190 367 qui
1204 332 1342 361 revelante
1355 333 1454 369 Spiritu
1467 341 1561 365 sancto
1569 357 1577 371 ,
1590 342 1739 374 temporum
1755 351 1805 370 no-

1010 380 1127 405 strorum
1142 378 1267 413 prmcavit
1285 383 1313 407 et
1328 381 1476 409 exarmavit
1489 390 1596 412 errores
1610 394 1616 412 :
1631 393 1664 414 ne
1688 387 1714 414 in
1737 389 1806 417 infa-

1010 423 1155 469 matloncm
1172 425 1270 460 quippe
1283 425 1383 462 aliquid
1398 427 1510 457 instituti
1525 437 1541 457 a
1556 430 1611 459 Deo
1629 432 1745 469 conjugii
1762 436 1804 464 vel

1008 468 1156 497 benedicta:
1175 469 1344 500 fecunditatis
1363 472 1464 502 dixisse
1478 479 1633 511 putaretur;
1648 468 1803 508 comicausa

1008 519 1130 548 posceret
1148 520 1177 543 ut
1191 517 1292 551 peccati
1306 517 1448 553 replicaret
1461 521 1585 554 exordia,
1601 530 1650 558 per
1662 531 1722 552 eum
1738 525 1805 554 dixit

1008 567 1147 588 numerum
1161 561 1291 590 transisse
1301 567 1452 598 peceatum,
1465 565 1513 600 qui
1523 565 1621 595 fetibus
1633 576 1685 596 non
1699 575 1804 605 poterat

1006 606 1160 634 convenire.
1175 606 1209 634 Et
1220 612 1295 636 certe
1308 609 1385 643 primi
1398 609 1521 639 homines
1533 612 1612 640 ambo
1623 614 1801 650 deliquerant,

1006 650 1056 696 qui
1066 651 1145 679 ambo
1158 653 1255 680 merito
1268 658 1399 682 vocantur
1412 655 1496 683 forma
1512 659 1626 692 posteris
1644 659 1727 688 fuisse
1742 669 1802 696 pec-

1006 695 1058 723 cati
1075 705 1081 723 :
1098 703 1148 724 cur
1159 704 1213 725 non
1227 697 1307 733 igitur
1319 699 1464 735 Apostolus
1481 709 1528 737 per
1541 703 1609 731 duos
1622 705 1660 732 ait
1674 695 1802 735 transisse

1005 747 1160 787 peccatum;
1175 743 1246 779 quod
1258 748 1286 772 et
1297 744 1330 772 ad
1345 744 1424 774 fidem
1439 748 1525 783 magis
1538 749 1656 778 historia:
1669 759 1802 787 congrue-

1004 785 1068 814 bat?
1081 787 1181 816 Verum
1194 789 1261 817 nihil
1274 791 1361 825 potuit
1374 791 1408 819 ab
1421 799 1454 820 eo
1468 793 1625 828 prudentius
1639 796 1696 824 fieri
1712 785 1801 826 :—vidit

964 841 968 843 γ
1002 833 1075 860 enim
1087 833 1111 861 si
1129 833 1196 862 duos
1215 836 1395 871 nominasset,
1409 838 1454 874 qui
1469 840 1680 874 praevaricationi
1694 843 1798 871 iuitiutn

1002 879 1209 916 exemplumque
1229 882 1424 917 praestiterant,
1447 888 1475 912 et
1499 892 1547 920 per
1568 893 1616 914 eos
1637 885 1800 917 afﬁrmasset

1002 925 1132 954 transisse
1146 931 1297 962 peceatum,
1311 929 1396 957 errori
1409 932 1577 960 occisionem
1590 939 1692 968 petere,
1707 939 1735 962 ut
1746 943 1798 971 pu-

1001 974 1102 999 taretur
1116 978 1164 1007 per
1179 971 1293 1000 duorum
1313 974 1420 1003 nomina
1439 976 1655 1012 coniunctionum
1675 979 1798 1008 fecundi-

1000 1019 1135 1052 tatemque
1156 1017 1299 1047 damnasse
1312 1020 1331 1047 '.
1347 1020 1462 1056 Ideoque
1484 1022 1692 1057 prudentissime
1714 1034 1796 1054 unum

1001 1061 1094 1089 maluit
1107 1063 1262 1097 nominare,
1277 1064 1322 1100 qui
1337 1072 1389 1093 non
1410 1066 1546 1096 sufficiens
1563 1068 1597 1097 ad
1615 1072 1796 1105 gent-rationis

999 1106 1126 1135 indicium
1136 1129 1143 1142 ,
1157 1109 1191 1137 ad
1207 1110 1312 1146 signum
1325 1110 1474 1140 abundaret
1491 1114 1625 1149 exempli;
1639 1120 1719 1151 atque
1733 1117 1795 1144 imi-

1000 1153 1126 1181 tationem
1139 1160 1282 1184 accusatus
1295 1163 1428 1192 gravaret,
1440 1166 1490 1186 nec
1501 1159 1689 1188 fecunditatem
1700 1170 1796 1191 nurne-

998 1203 1072 1227 ratus
1085 1205 1220 1236 argueret.
1235 1201 1269 1229 Et
1281 1208 1308 1229 ut
1318 1202 1437 1231 breviter
1449 1205 1519 1239 quod
1529 1205 1634 1241 egimus
1642 1208 1791 1243 colligatur,

997 1246 1146 1275 fecunditas
1156 1247 1182 1275 in
1193 1248 1287 1284 primis
1299 1248 1452 1278 hominibus
1463 1251 1594 1286 instituta,
1607 1253 1658 1281 nisi
1669 1261 1717 1289 per
1725 1254 1794 1282 duos

995 1292 1038 1327 agi
1058 1300 1110 1321 non
1127 1299 1212 1329 potest
1226 1303 1234 1322 :
1249 1300 1386 1335 peccatum
1404 1301 1493 1325 autem
1514 1299 1658 1334 Apostolus
1675 1300 1790 1330 intrasse

996 1340 1159 1374 pronuntiat,
1174 1341 1221 1369 sed
1236 1349 1285 1377 per
1297 1350 1389 1371 unum.

1030 1385 1098 1413 Auc.
1123 1385 1301 1415 Pmdixeram
1321 1392 1348 1416 te
1368 1388 1434 1416 nihil
1454 1397 1515 1418 esse
1537 1390 1686 1425 dicturum;
1707 1399 1734 1421 et
1755 1394 1791 1422 ita

994 1437 1072 1464 esse,
1095 1431 1182 1459 cuivis
1203 1432 1357 1461 tardissimo
1379 1434 1481 1462 clarum
1503 1440 1554 1463 est.
1571 1436 1704 1473 Numquid
1719 1441 1790 1467 enim

994 1477 1077 1505 Evam
1091 1485 1144 1506 non
1157 1478 1295 1507 imitantur
1306 1486 1459 1515 peccantes,
1475 1486 1519 1510 aut
1534 1489 1671 1518 peceatum
1683 1488 1791 1520 generis

994 1524 1104 1552 humani
1118 1531 1173 1553 non
1187 1525 1272 1561 magis
1291 1534 1325 1554 ex
1345 1527 1402 1563 ipsa
1423 1529 1537 1564 sumpsit
1557 1529 1681 1559 initium?
1695 1532 1716 1558 Λ
1731 1540 1790 1560 ntu-

993 1569 1054 1598 liere
1070 1570 1170 1598 initium
1182 1572 1278 1607 factum
1290 1577 1327 1600 est
1339 1574 1449 1608 peccati,
1463 1580 1487 1602 et
1502 1580 1604 1611 propter
1619 1577 1705 1609 iflltm,
1720 1578 1790 1607 sicut

991 1617 1120 1652 scriptum
1140 1622 1200 1651 est,
1222 1618 1345 1646 morimur
1366 1627 1452 1647 omnes
1474 1619 1568 1655 (Ereti.
1583 1629 1647 1654 xxv,
1661 1623 1718 1658 55).
1734 1624 1806 1651 Curi

990 1670 1055 1698 ergo
1067 1670 1120 1691 non
1133 1663 1175 1691 vis
1187 1663 1343 1698 attendere,
1359 1671 1499 1701 propterea
1522 1669 1610 1702 potius
1631 1669 1789 1704 Apostolum
1807 1685 1809 1688 -

990 1717 1072 1737 unum
1087 1709 1187 1739 dixisse
1200 1710 1334 1739 hominem
1345 1732 1352 1745 ,
1369 1719 1417 1747 per
1430 1717 1509 1747 quem
1525 1719 1662 1748 peccaturo
1679 1715 1787 1745 intravit
1804 1728 1806 1730 ·

989 1756 1016 1783 in
1030 1757 1170 1790 mundum,
1183 1757 1243 1793 quia
1257 1765 1312 1786 non
1326 1757 1512 1792 imitationem,
1527 1760 1573 1788 sed
1586 1763 1785 1795 generationem

988 1802 1096 1830 volebat
1109 1802 1238 1839 intelligi?
1251 1802 1326 1831 Sicut
1338 1804 1410 1832 enim
1423 1811 1438 1832 a
1449 1805 1560 1833 muliere
1571 1805 1784 1842 initium:peeeati

987 1846 1054 1882 fuit,
1073 1848 1113 1876 sic
1131 1848 1234 1876 initium
1255 1849 1434 1884 generatitmis
1447 1857 1462 1877 a
1477 1850 1535 1878 viro
1548 1855 1590 1878 est
1605 1859 1612 1878 τ
1628 1852 1702 1887 prior
1711 1854 1785 1881 enim

987 1893 1028 1921 vir
1039 1893 1169 1926 seminat,
1186 1898 1214 1922 ut
1227 1893 1324 1922 femina
1340 1895 1424 1930 pariat
1439 1904 1447 1923 :
1462 1894 1523 1923 ideo
1536 1902 1585 1932 per
1600 1901 1679 1925 unum
1696 1898 1780 1926 homi-

986 1947 1047 1967 nem
1062 1944 1199 1975 peceatum
1214 1940 1322 1968 intravit
1342 1941 1368 1968 in
1390 1941 1517 1969 mundum
1527 1963 1536 1976 ,
1550 1943 1610 1978 quia
1626 1950 1675 1979 per
1689 1952 1782 1974 senm

985 1985 1166 2019 generationis
1181 1986 1306 2020 intravit,
1321 1986 1392 2023 quod
1407 1994 1421 2014 τι
1436 1987 1494 2015 viro
1507 1988 1646 2023 excipiens
1659 1991 1781 2026 concepit

985 2031 1082 2059 femina
1099 2040 1106 2059 :
1121 2039 1175 2067 quo
1189 2040 1265 2060 more
1279 2033 1352 2060 nasci
1367 2033 1451 2061 noluit
1461 2053 1469 2067 ,
1484 2034 1529 2070 qui
1549 2034 1623 2062 solus
1641 2036 1701 2064 sine
1717 2045 1781 2072 pec-

984 2081 1044 2104 cato
1057 2081 1098 2104 est
1112 2081 1189 2104 natus
1202 2085 1234 2105 ex
1249 2077 1358 2107 femina.
1772 2082 1774 2084 ’

1019 2121 1097 2149 LVII.
1111 2122 1171 2150 JUL.
1193 2122 1392 2151 Irrefutabiliter
1404 2123 1553 2152 confectum
1568 2131 1607 2153 est
1617 2146 1625 2159 ,
1639 2133 1778 2162 peccatum

983 2167 1046 2194 illud
1061 2167 1165 2195 ostendi
1179 2168 1214 2195 ab
1228 2168 1357 2203 Apostolo
1374 2169 1493 2196 moribus
1511 2171 1544 2198 atl
1566 2176 1686 2206 posteros
1696 2193 1702 2204 ,
1724 2180 1777 2201 non

981 2213 1128 2240 seminibus
1149 2213 1231 2241 fuiss:
1251 2213 1402 2242 devectum.
1423 2215 1526 2248 Quanta
1546 2223 1610 2252 ergo
1624 2217 1657 2245 de
1672 2226 1719 2245 ore
1733 2224 1779 2246 tuo

981 2257 1114 2286 effluxerit
1129 2258 1245 2291 falsitas,
1261 2259 1366 2288 intuere
1380 2268 1387 2287 :
1404 2269 1414 2286 ι
1431 2260 1482 2289 Sed
1505 2262 1566 2290 ideo
1583 2271 1628 2298 per
1641 2265 1778 2292 unum/to-

980 2304 1072 2331 minem
1087 2304 1230 2339 Apostolus
1242 2305 1308 2333 dixit
1317 2325 1325 2337 ,
1338 2312 1353 2332 a
1367 2313 1421 2341 quo
1434 2308 1571 2341 generatio
1585 2309 1679 2343 utique
1690 2309 1778 2338 homi-

980 2358 1042 2377 num
1056 2351 1154 2385 empit,
1176 2355 1204 2377 ut
1223 2357 1272 2385 per
1291 2352 1489 2385 generationem
1511 2351 1620 2381 doceret
1642 2355 1706 2383 iisse
1727 2362 1777 2391 per

978 2404 1072 2424 omnes
1079 2396 1206 2432 originale
1214 2402 1349 2431 peccatum
1362 2406 1372 2423 ι
1381 2397 1432 2433 (De
1442 2397 1548 2433 Nuptiis
1556 2403 1580 2425 el
1589 2398 1775 2434 Concupiscet:-

978 2444 1030 2476 tia,
1051 2443 1095 2470 lib.
1108 2442 1142 2476 2,
1166 2451 1193 2470 ιι.
1214 2442 1282 2479 45):
1306 2450 1367 2470 cum
1387 2443 1447 2471 ideo
1467 2445 1611 2479 Apostolus
1632 2454 1678 2480 per
1695 2455 1774 2475 etiam

977 2488 1102 2515 hominem
1120 2487 1234 2520 dixerit,
1250 2495 1284 2515 uc
1297 2492 1435 2523 putaretur
1448 2489 1501 2517 lsse
1521 2497 1568 2524 per
1585 2498 1679 2519 omnes
1691 2493 1774 2528 origi-

976 2534 1037 2561 nale
1048 2538 1196 2568 peeeatum.
1212 2533 1310 2569 Ineptis
1323 2534 1370 2567 ita,
1386 2539 1415 2562 ut
1429 2535 1469 2562 ris
1479 2538 1587 2563 teneant
1598 2537 1770 2570 cachinnum,

975 2580 1020 2614 qui
1034 2579 1101 2607 dicis
1115 2579 1312 2615 generationem
1328 2580 1362 2607 ab
1376 2588 1429 2608 uno
1442 2581 1550 2609 homine
1562 2583 1694 2618 cwpisse;
1707 2592 1770 2613 cum

974 2630 1002 2652 et
1015 2625 1155 2653 diversitas
1170 2632 1291 2658 sexuum,
1305 2630 1332 2653 et
1346 2625 1425 2654 lectio
1436 2626 1524 2654 divina
1541 2632 1670 2663 testetur,
1685 2637 1769 2666 gene-

977 2672 1103 2699 rationem
1117 2679 1169 2699 nott
1183 2679 1244 2699 esse
1258 2672 1392 2707 potuisse,
1414 2673 1464 2701 nisi
1478 2673 1532 2702 duo
1547 2675 1619 2710 prius
1634 2675 1767 2711 homlncs,

974 2717 999 2745 id
1011 2721 1053 2745 est
1064 2718 1104 2744 vir
1117 2722 1144 2745 et
1158 2718 1261 2749 mulier,
1275 2718 1447 2746 exstitissent.

1007 2763 1074 2791 Avo.
1095 2762 1145 2796 Qui
1166 2762 1218 2790 hoc
1241 2763 1347 2799 legunt,
1371 2764 1459 2799 legant
1481 2765 1577 2802 iterum
1599 2767 1765 2804 superiorem

972 2808 1172 2843 responsionem
1187 2815 1292 2842 meam;
1314 2814 1360 2837 aut
1379 2809 1401 2837 si
1421 2811 1478 2845 ejus
1493 2812 1562 2841 bene
1576 2813 1767 2856 mcminengu,

970 2854 1144 2882 deliramenta
1159 2854 1235 2889 hujus
1251 2855 1387 2883 irrideant.
1403 2857 1529 2890 Quainvis
1544 2865 1649 2893 possem
1663 2854 1766 2892 dicere,

1001 2923 1008 2937 ¹
1027 2922 1094 2957 editi,
1116 2928 1158 2949 ver
1171 2922 1273 2948 duorum
1291 2923 1412 2950 nominum
1427 2923 1615 2956 (administth
1627 2923 1760 2957 thdite-

968 2956 1015 2978 tem
1027 2953 1161 2978 damnasse.
