4126 6492
574 285 702 343 “7|

1245 267 1489 341 OP'ERIS
1526 283 1937 342 IMPERFECTI
1972 285 2246 342 CONTRA
2287 286 2650 358 δυωκωι,
2688 298 2745 362 S.
2788 301 3154 364 AUCUSTINI

3700 333 3838 391 1172

641 397 872 516 ωξνιιι.
912 398 1028 455 Jun.
1072 396 1212 516 blors
1254 408 1432 456 autem
1463 399 1735 516 Ijt'id'icialis
1765 402 1974 516 transi-it
2013 401 2066 458 in
2091 417 2158 459 eo
2263 415 2383 516 rat,
2415 409 2517 514 vel.
2542 429 2682 516 nunc
2723 417 2964 490 intimet,
2995 426 3397 496 expendendum
3421 446 3522 493 est.
3564 442 3732 516 Usque
3767 453 3837 505 αα

568 507 675 564 quo
703 494 719 525 ¹
751 500 1104 564 peccaverunt
1131 505 1350 606 omnaes,
1382 491 1476 548 sed
1506 491 1671 549 libera
1703 493 1974 606 voluntate
2003 511 2018 550 :
2048 509 2156 606 quo
2260 496 2418 570 legem
2440 541 2457 568 ,
2502 502 2690 575 inquit,
2719 521 2975 578 peccatum
3013 491 3296 577 inmundo.
3327 523 3407 581 Tu
3429 491 3832 606 dicis‘q'iii—a-ti;

568 600 598 606 __
621 584 727 606 ,μμ
798 583 845 606 ε]
873 593 944 606 υ,
1007 599 1172 606 μω--
1282 583 1628 606 ηεΜη-,ηημ
1660 599 1806 606 ___-_-
1834 599 1921 606 μ--
2089 600 2112 606 -
2261 605 2313 606 ρ
2425 603 2435 606 -
2577 597 2590 606 .
2768 601 2779 606 -

568 584 732 639 verbo
752 624 768 646 .
797 583 846 638 id
869 593 947 638 est
963 625 977 649 ,
1001 599 1172 640 omnes
1196 624 1209 647 ,
1238 583 1629 654 Scripturarum
1659 599 1809 640 more
1834 583 2116 641 multitudo
2135 625 2150 652 ,

566 691 673 730 non
705 676 1022 732 universitas
1053 675 1334 731 indicatur.

635 769 772 826 Avo.
803 767 1017 826 Frustra
1047 776 1190 823 recta
1218 769 1373 823 verba
1401 777 1645 840 torquere
1669 811 1684 838 ,
1715 779 1768 828 et
1792 771 1934 826 clara
1953 771 2148 828 obscu-

563 873 685 916 rare
710 860 939 914 conaris.
967 859 1022 914 lu
1053 875 1117 914 eo
1157 871 1511 930 peccaverunt
1533 875 1752 930 omnes,
1791 861 1844 916 in
1881 878 1987 933 quo
2027 878 2148 918 mo-

562 951 773 1006 riuntur
815 965 1000 1007 omnes
1039 969 1054 1006 :
1087 951 1199 1022 ipse
1243 960 1325 1007 est
1353 952 1560 1019 Adam,
1606 953 1659 1008 in
1703 968 1810 1024 quo
1854 954 1899 1008 si
1943 954 2146 1024 parvuli

560 1058 668 1102 non
699 1043 1001 1098 moriuntur
1023 1086 1036 1110 ,
1071 1043 1308 1114 profecto
1345 1059 1446 1100 nec
1473 1045 1527 1099 in
1563 1043 1775 1101 Christo
1803 1045 2146 1103 vivificabun-

558 1147 646 1191 tur
676 1156 691 1194 :
719 1137 812 1193 sed
835 1138 1082 1209 quoniam
1116 1139 1244 1192 sicut
1267 1139 1318 1192 in
1341 1139 1504 1193 Adam
1526 1155 1696 1194 omnes
1718 1142 2031 1208 moriuntur,
2073 1143 2145 1198 ita

555 1239 604 1284 et
639 1231 692 1284 in
737 1229 938 1289 Christo
975 1248 1145 1286 onmes
1184 1231 1566 1302 vivificabuntur
1595 1230 1659 1308 (Ι
1686 1232 1803 1290 Cor.
1841 1251 1911 1290 xv
1933 1277 1949 1302 ,
1981 1235 2090 1308 21)
2123 1254 2139 1305 ;

555 1320 677 1376 ideo
716 1321 806 1393 qui
845 1323 1026 1377 volunt
1051 1322 1165 1378 hace
1197 1323 1356 1379 verba
1390 1333 1729 1396 pervertere,
1770 1326 1870 1397 ipsi
1906 1327 1986 1383 eis
2023 1344 2141 1384 nia-

552 1412 801 1471 ncntibus
831 1424 1162 1470 evertuntur.

623 1503 810 1560 LXIX.
851 1505 969 1560 Jun.
1011 1505 1116 1562 Sed
1145 1505 1256 1578 jam
1286 1522 1566 1578 pergamus
1593 1508 1660 1564 ad
1699 1509 1900 1582 reliqua
1925 1553 1938 1578 ,
1967 1521 2026 1567 ut
2053 1513 2138 1568 cui

550 1591 786 1667 dogmati
838 1597 1124 1671 Apostolus
1167 1599 1456 1668 conciliat,
1493 1599 1632 1658 sicut
1669 1616 1734 1657 cx
1780 1601 1944 1656 multa
1989 1613 2138 1674 parte

549 1685 764 1755 claruit,
792 1689 1129 1758 processibus
1149 1690 1171 1721 ’
1196 1691 1333 1749 sacri
1360 1692 1622 1749 sermonis
1651 1693 1913 1748 ostendat.
1942 1711 1962 1746 ι
1999 1694 2136 1764 Quid

542 1784 720 1832 autem
750 1777 896 1834 aliud
936 1779 1165 1840 indicant
1210 1780 1370 1836 etiam
1417 1783 1693 1852 sequentia
1731 1783 1892 1838 verba
1921 1795 2136 1856 aposto-

540 1867 639 1921 lica
665 1867 842 1924 ?Cum
871 1871 1012 1924 enim
1038 1870 1142 1926 hoc
1169 1871 1422 1938 dixisset,
1457 1873 1696 1942 adjunxit
1720 1914 1736 1941 ,
1768 1873 1936 1945 Usque
1967 1876 2035 1929 ad
2060 1876 2134 1933 le-

538 1976 651 2030 gem
677 1973 937 2032 peccatum
956 1963 1008 2019 in
1029 1965 1216 2020 mundo
1245 1965 1340 2036 fuit
1369 1984 1387 2018 ι
1424 1966 1442 2037 (
1468 1966 1612 2021 Rom.
1636 1983 1689 2035 v,
1721 1969 1826 2038 15)
1856 1986 1868 2022 :
1908 1988 1928 2022 ι
1951 1969 2003 2025 id
2025 1979 2128 2039 est,

535 2053 659 2129 quia
692 2071 788 2111 nec
815 2053 901 2116 lex
930 2057 1100 2127 potuit
1124 2056 1336 2114 auferre
1366 2069 1666 2128 peccatum.
1713 2059 1989 2118 Peccatum
2031 2079 2129 2118 au-

537 2157 634 2201 tem
661 2163 762 2204 non
797 2146 1132 2219 deputabatur
1159 2189 1174 2216 ,
1219 2151 1435 2207 cumlea:
1476 2168 1575 2208 non
1614 2164 1759 2207 esset.
1802 2154 1930 2210 Erat
1965 2171 2124 2227 ergo,

531 2235 628 2294 sed
673 2253 781 2293 non
822 2238 1212 2311 deputabatur,
1251 2243 1371 2314 quia
1415 2259 1521 2298 non
1562 2244 1947 2302 ostendebatur
1982 2248 2123 2319 quod

537 2328 885 2400 deputaretur
913 2349 927 2388 :
961 2332 1096 2388 sicut
1125 2334 1268 2392 enim
1293 2334 1418 2390 alibi
1443 2334 1604 2402 dicit,
1637 2335 1740 2391 Per
1766 2338 1925 2409 legem
1952 2341 2125 2412 cogni-

531 2420 603 2475 tio
624 2423 812 2492 pcccati
840 2439 860 2474 ›
892 2419 1008 2492 (Id.
1039 2438 1114 2489 tu,
1143 2421 1270 2494 20).
1299 2441 1318 2475 ι
1349 2423 1454 2480 Sed
1474 2427 1718 2496 regnavit,
1755 2427 1955 2498 inquit,
1989 2447 2124 2486 mors

529 2511 595 2565 ab
623 2511 787 2568 Adam
811 2529 966 2584 usque
985 2513 1052 2569 ad
1075 2513 1286 2586 Moysen
1308 2531 1329 2580 ;
1372 2515 1472 2570 hoc
1497 2524 1578 2572 est
1604 2517 1744 2587 quod
1782 2533 1941 2590 supra
1967 2520 2121 2578 dixe-

529 2611 651 2671 rat,
679 2620 836 2674 usque
857 2604 926 2658 ad
955 2604 1114 2677 legem
1135 2621 1156 2660 :
1182 2621 1290 2660 non
1317 2594 1484 2677 usque
1517 2606 1586 2664 ad
1609 2607 1823 2681 Moysen
1847 2650 1861 2675 ,
1893 2618 1950 2666 ut
1971 2610 2124 2669 dein-

527 2711 654 2767 ceps
681 2713 784 2752 non
815 2709 956 2753 esset
983 2710 1258 2768 peccatum
1288 2717 1302 2767 ;
1331 2699 1424 2755 sed
1450 2700 1572 2772 quia
1613 2715 1712 2756 nec
1738 2701 1821 2758 lex
1849 2718 1946 2774 per
1967 2704 2118 2777 Moy-

528 2804 625 2844 sen
654 2788 777 2844 data
807 2805 1028 2860 regnum
1059 2791 1227 2860 potuit
1254 2791 1441 2846 mortis
1462 2791 1672 2847 auferre
1694 2833 1710 2860 ,
1751 2809 1871 2864 qua:
1899 2810 2006 2850 non
2032 2811 2119 2852 re-

524 2889 654 2954 gnat
697 2881 879 2952 utique
916 2883 1018 2938 nisi
1059 2899 1156 2955 per
1187 2892 1486 2954 peccatum.
1518 2885 1760 2958 Regnum
1803 2903 1963 2958 porro
1999 2888 2117 2960 ejus

523 2983 636 3041 est,
668 2986 726 3030 ut
753 2975 1021 3034 hominem
1051 2977 1326 3034 mortalem
1359 2979 1413 3034 in
1439 2978 1724 3035 secundam
1767 2981 1958 3046 etiam,
1996 2997 2117 3053 qua:

522 3068 846 3140 sempiterna
886 3078 968 3129 est
993 3110 1012 3134 ,
1042 3070 1336 3140 praecipitet
1366 3079 1610 3126 mortem.
1647 3069 1887 3143 Regnavit
1923 3083 2112 3131 autent.

520 3161 578 3216 ln
609 3162 800 3233 quibus
824 3163 849 3217 ?
876 3162 1044 3222 Etiam
1072 3164 1123 3218 in
1151 3163 1248 3231 his,
1280 3163 1471 3235 inquit,
1511 3165 1597 3235 qui
1625 3181 1726 3219 non
1753 3177 2110 3237 peccaverunt,

517 3256 574 3309 in
618 3253 994 3310 similitudinem
1038 3255 1465 3328 prwvaricationis
1502 3255 1658 3319 Adat,
1711 3257 1798 3327 qui
1838 3269 1910 3312 est
1945 3258 2113 3327 [arma

518 3347 680 3415 futuri
704 3364 722 3398 ι
751 3345 860 3417 (Id.
887 3362 940 3413 ν,
965 3344 1076 3420 14).
1107 3365 1126 3400 ι
1150 3346 1311 3418 Cujus
1329 3347 1511 3414 futuri,
1535 3346 1884 3404 nisiCbristi?
1911 3357 1962 3404 et
1982 3365 2112 3421 qua-

515 3440 582 3494 lis
613 3440 778 3494 forina
803 3481 820 3508 ,
850 3441 947 3502 nisi
987 3456 1018 3500 a
1046 3441 1363 3500 contrario?
1400 3440 1550 3510 Quod
1598 3441 1722 3497 alibi
1753 3442 1912 3498 etiam
1938 3440 2108 3500 dicit:

517 3533 668 3592 Sicut
693 3534 744 3588 in
773 3531 938 3592 Adam
971 3550 1142 3588 omnes
1167 3533 1451 3590 moriuntur
1472 3574 1490 3601 ,
1517 3533 1589 3588 ita
1616 3532 1669 3588 in
1704 3533 1904 3590 Christo
1937 3551 2112 3591 omnes

514 3627 900 3697 viviﬁcabuntur
923 3645 946 3681 ι
972 3625 990 3698 (
1005 3624 1028 3685 Ι
1047 3625 1162 3681 Cor.
1188 3641 1278 3689 xv,
1301 3624 1415 3696 22).
1451 3643 1468 3677 ι
1494 3624 1639 3682 Sicut
1672 3625 1725 3680 in
1749 3625 1839 3682 illo
1864 3625 2014 3696 illud,
2039 3627 2114 3697 ita

517 3719 572 3773 in
621 3715 723 3778 isto
767 3717 904 3776 istud
941 3736 955 3773 :
999 3718 1108 3790 ipsa
1152 3725 1236 3775 cst
1278 3715 1468 3776 forma.
1515 3716 1621 3773 Sed
1648 3717 1762 3775 haze
1788 3718 1956 3774 forma
1999 3735 2107 3776 non

512 3810 660 3872 οηὶυί
685 3825 752 3870 ex
791 3818 940 3880 parte
969 3808 1256 3864 conformis
1281 3817 1363 3865 est
1391 3825 1405 3862 :
1438 3807 1577 3866 unde
1599 3807 1685 3863 hic
1710 3810 1998 3878 Apostolus
2017 3825 2110 3866 se-

445 3969 448 3972 _
512 3910 669 3962 cutus
693 3899 966 3970 adjuuxit,
995 3899 1102 3958 Sed
1126 3917 1227 3960 non
1263 3900 1391 3955 sicut
1420 3900 1656 3954 delictum
1680 3942 1696 3969 ,
1719 3901 1790 3955 ita
1809 3911 1855 3956 et
1877 3902 2104 3960 donatio.

443 3975 454 3982 Ἃ
514 3992 577 4047 Si
601 3991 732 4045 enim
759 3992 819 4050 ob
841 3990 990 4049 unius
1009 3990 1244 4047 delictum
1269 3991 1413 4044 multi
1434 3991 1619 4044 mortui
1636 4001 1756 4048 sunt
1779 4033 1792 4058 ,
1817 3994 1975 4049 multo
1997 4013 2108 4050 ma-

510 4087 590 4157 gis
627 4077 791 4155 gratia
823 4085 919 4146 Dei
956 4095 1002 4145 et
1044 4085 1234 4140 donum
1271 4086 1325 4141 in
1349 4087 1516 4158 gratia
1546 4087 1697 4141 unius
1729 4087 1946 4143 hominis
1979 4087 2106 4146 Jesu

512 4176 700 4231 Christi
733 4177 786 4234 in
812 4179 996 4234 multos
1034 4177 1306 4234 abundavit
1348 4178 1541 4251 (Rom.
1568 4194 1621 4245 v,
1655 4176 1777 4252 l5).
1817 4179 1954 4258 Quid
1979 4189 2100 4250 est,

511 4268 673 4322 multa
696 4269 857 4342 magis
881 4270 1157 4324 abundavit
1185 4269 1211 4323 .9
1234 4269 1366 4342 Quia
1388 4284 1574 4325 omnes
1599 4270 1687 4338 qui
1717 4285 1810 4341 per
1835 4270 2100 4328 Christum

511 4357 840 4426 liberantur,
890 4359 1258 4432 temporaliter
1297 4367 1515 4429 promer
1552 4359 1721 4416 Adam
1761 4361 2098 4431 moriuntur,

513 4458 730 4522 propter
759 4450 928 4522 ipsum
956 4458 1132 4506 autem
1150 4447 1424 4508 Christum
1445 4449 1561 4504 sine
1580 4449 1683 4504 line
1709 4451 1896 4507 victuri
1922 4460 2049 4506 sunt
2076 4472 2095 4505 ι

512 4541 531 4614 (
556 4540 632 4595 De
674 4541 884 4614 Nuptiis
913 4553 956 4596 et
986 4543 1404 4614 Concupiscentia
1428 4585 1443 4609 ,
1482 4542 1569 4598 lib.
1619 4543 1675 4610 2,
1700 4561 1752 4598 η.
1775 4544 1846 4600 46
1869 4544 1909 4616 ).
1958 4545 2098 4603 Nihil

508 4634 656 4697 aliud
703 4636 1154 4708 consequentibus
1196 4635 1436 4706 Apostoli
1487 4636 1825 4692 sermonibus
1876 4637 2099 4694 indicari

508 4730 780 4800 professus
803 4745 862 4786 es
890 4745 1048 4800 quam
1069 4728 1324 4800 originale
1345 4736 1620 4799 peccatum
1648 4746 1661 4785 :
1692 4729 1830 4800 quod
1867 4745 1964 4784 nos
1999 4745 2098 4801 ap-

506 4822 848 4892 probaviinus
902 4823 1018 4898 ipso
1066 4822 1148 4878 sui
1193 4820 1414 4878 exordio
1461 4837 1568 4880 non
1606 4821 1674 4876 ab
1711 4838 1777 4877 eo
1824 4829 2097 4877 ostensum

505 4916 688 4981 fuisse,
709 4916 831 4986 quia
862 4931 956 4986 per
985 4931 1169 4984 unum,
1202 4931 1308 4969 non
1331 4929 1426 4984 per
1449 4913 1604 4982 duos,
1634 4924 1907 4984 peccatum
1933 4921 2097 4970 trans-

507 5007 616 5066 isse
645 5007 963 5076 signaverat.

578 5100 715 5157 Aue.
754 5098 871 5154 Jam
901 5113 1214 5170 responsum
1237 5106 1318 5155 est
1337 5138 1352 5165 ,
1383 5106 1439 5152 et
1464 5096 1638 5152 adhuc
1663 5106 1718 5152 tu
1744 5112 1878 5152 vana
1913 5096 2098 5169 loque-

501 5189 615 5246 ris:
643 5205 816 5261 neque
845 5189 988 5249 enim
1009 5189 1029 5220 ³
1055 5191 1158 5246 hoc
1195 5189 1389 5248 mirum
1432 5197 1552 5256 cst;
1579 5188 1754 5244 adhuc
1792 5190 1934 5246 enim
1967 5189 2097 5260 quid

501 5280 870 5350 responderim
911 5281 1084 5337 neseis
1121 5299 1134 5336 :
1183 5291 1306 5336 tunc
1339 5281 1444 5336 eris
1477 5281 1835 5352 impudentior
1872 5281 2090 5352 quando

501 5373 690 5428 scieris
711 5415 728 5439 ,
761 5372 804 5430 si
845 5373 996 5430 vanis
1021 5373 1223 5430 relictis
1249 5387 1373 5430 vera
1412 5382 1594 5429 tenere
1621 5374 1876 5432 nolueris.

576 5461 740 5518 LXX.
781 5462 902 5522 ιω..
945 5463 1322 5521 Verumtamen
1350 5472 1526 5520 utrum
1563 5463 1614 5520 id
1649 5463 1790 5535 quod
1816 5465 2093 5538 praeterieo

563 5601 579 5630 ³
617 5598 751 5658 mliti,
772 5596 822 5648 in
843 5611 918 5662 eo,
936 5596 986 5646 in
1003 5610 1112 5662 quo.

560 5663 580 5726 ξ
614 5663 687 5726 sic
709 5668 814 5726 Mss.
838 5661 972 5726 l-‘xlili,
995 5657 1059 5710 ea:
1082 5657 1232 5726 multa
1251 5665 1388 5726 parte
1411 5658 1558 5726 claris
1579 5659 1893 5726 processibus.

564 5724 583 5753 ³
617 5725 750 5785 Eiliti,
775 5736 924 5786 neque
948 5721 1034 5772 hoc
1059 5721 1236 5772 mirmn
1252 5720 1342 5784 est,
1375 5720 1738 5786 omisso,'enim.
1756 5723 1846 5773 Sed
1866 5725 1914 5773 in
1937 5725 2090 5775 omni.

497 5786 590 5839 bus
609 5785 941 5849 manuscriptis
965 5793 1140 5838 exstat.

2259 603 2533 659 peccatum
2561 597 2848 700 apostolus
2871 608 3111 664 naturale
3135 611 3359 671 voluerit
3393 597 3656 694 intelligi:
3683 597 3830 700 qua;

2255 695 2318 736 ro
2353 698 2516 781 ergo,
2547 689 2594 744 si
2639 706 2806 763 usque
2845 696 2912 750 ad
2939 697 3112 770 legem
3156 703 3287 770 fuit,
3319 723 3416 765 cur
3451 689 3668 773 desierit
3700 689 3829 781 esse

2253 783 2373 844 post
2407 776 2600 848 legem.
2634 781 2819 876 Neque
2855 788 2997 843 enim
3027 793 3306 864 acquiesco
3327 839 3342 864 ,
3385 810 3441 856 ut
3466 819 3628 876 usque
3654 776 3827 869 adle:

2250 878 2402 970 gem,
2436 882 2602 970 usque
2753 874 2914 932 tinem
2954 879 3103 950 ejus,
3150 889 3324 954 potius
3363 906 3518 962 quam
3542 873 3721 970 vasque
3758 905 3825 962 ad

2249 967 2516 1060 exortum-
2537 961 2845 1036 intelligam.
2876 969 3082 1030 Mecum
3120 975 3246 1035 facit
3291 961 3437 1040 verbi
3483 961 3774 1060 proprietas
3803 1013 3819 1052 :

2247 1050 2390 1120 quod
2408 1051 2544 1146 dicit
2569 1071 2738 1130 usque
2761 1061 2827 1116 ad
2855 1062 3024 1135 legem
3066 1067 3233 1128 fuisse
3257 1116 3273 1142 ,
3304 1050 3530 1135 ostendit
3554 1050 3658 1141 non
3703 1050 3823 1146 esse

2245 1151 2368 1250 post
2407 1143 2577 1250 legem
2608 1164 2624 1214 ;
2665 1154 3125 1250 (ft-quodcumque
3155 1171 3389 1236 tempore
3429 1170 3656 1231 ablatum
3697 1143 3819 1250 est;

2244 1236 2486 1340 naturale
2522 1254 2636 1340 non
2665 1241 2782 1298 fuit.
2816 1244 2968 1314 Quod
2994 1265 3120 1322 ergo
3156 1254 3369 1327 infregit
3409 1276 3628 1320 censura
3655 1236 3816 1340 legis;

2243 1333 2298 1380 et
2340 1326 2673 1401 infringenda
2711 1350 2778 1391 ex
2805 1339 2970 1411 multa
3000 1354 3148 1413 parte
3174 1326 3416 1410 restinxit
3450 1357 3488 1424 ¹,
3530 1326 3818 1420 imitatione

2242 1430 2481 1490 apparet,
2507 1439 2613 1480 non
2639 1431 2984 1497 generatione
3011 1449 3336 1510 susceptum.

2313 1515 2447 1612 duo.
2489 1515 2901 1612 ‘Oﬁintellectum
2921 1565 2938 1592 ,
2969 1527 3094 1597 quid
3122 1532 3265 1588 aliud
3291 1535 3461 1592 dicam
3485 1581 3502 1604 ,
3531 1557 3683 1612 quam
3715 1545 3815 1601 ha:-

2238 1604 2460 1662 reticum
2491 1609 2503 1662 ε
2533 1607 2588 1665 Si
2618 1626 2744 1683 ergo
2771 1614 2854 1671 lex
2881 1617 3099 1676 abstulit
3128 1637 3396 1692 peccatum
3422 1672 3437 1697 ,
3467 1604 3588 1701 quia
3619 1637 3695 1692 sic
3730 1641 3812 1696 vis

2238 1696 2472 1806 intelligi.
2489 1718 2653 1806 usque
2674 1707 2754 1806 ad.
2773 1708 2932 1806 legem
2957 1728 2980 1779 ;
3005 1714 3101 1806 fuit
3121 1732 3249 1788 ergo
3277 1736 3373 1791 per
3403 1696 3566 1806 legem
3588 1728 3810 1799 justitia.

2236 1787 2414 1882 Sihper
2451 1793 2609 1864 legem
2621 1797 2826 1867 jastitia
2850 1816 2871 1866 ;
2893 1817 3012 1873 ergo
3040 1787 3266 1864 Christus
3278 1787 3702 1882 gratisqmoriuus
3738 1787 3814 1878 est

2239 1879 2259 1950 (
2282 1879 2450 1937 Galat.
2474 1900 2535 1953 ιι,
2558 1887 2620 1944 21
2643 1890 2685 1961 ).
2710 1889 2768 1946 Si
2795 1904 2972 1950 autem
3016 1879 3308 1967 peceatum-
3328 1905 3410 1962 lex
3452 1924 3556 1965 non
3598 1913 3814 1973 abstulit

2234 1980 2290 2028 ut
2316 1988 2420 2028 non
2449 1987 2611 2069 esset,
2638 1982 2778 2051 quod
2801 1985 2945 2054 prius
2967 2003 3084 2046 eam
3113 1991 3306 2051 fecisse
3326 1995 3533 2056 dixeras
3553 2042 3569 2068 ,
3592 2013 3649 2069 et
3683 2022 3806 2063 mox

2232 2071 2284 2118 te
2327 2067 2572 2136 poenituit
2603 2086 2618 2137 ;
2645 2073 2760 2165 sed
2793 2085 2966 2133 tamen
3013 2093 3287 2149 peccatum
3331 2087 3416 2142 lex
3463 2067 3705 2165 infregit,
3745 2110 3806 2154 ut

2229 2164 2410 2223 postea
2450 2162 2765 2235 cori-existi,
2807 2175 2860 2222 et
2883 2183 2946 2224 ex
2973 2173 3136 2228 multa
3170 2185 3316 2244 parte
3342 2182 3584 2239 restinxit
3602 2162 3627 2240 τε
3654 2162 3805 2244 nien-

2229 2246 2355 2338 titus
2380 2252 2576 2322 estqui
2600 2255 2695 2323 ait,
2722 2256 2834 2313 Lex
2853 2261 3148 2320 subintravit
3176 2278 3232 2322 ut
3266 2271 3542 2330 abundaret
3569 2278 3802 2338 delictum

2227 2337 2405 2429 (nam.
2425 2357 2477 2408 ν,
2506 2343 2631 2418 eo).
2658 2346 2761 2403 Sed
2790 2351 2914 2420 quia
2943 2353 3032 2411 ille
3064 2372 3248 2414 verum
3269 2362 3430 2429 dixit,
3481 2375 3532 2421 tu
3559 2369 3682 2426 nihil
3719 2337 3803 2428 di.

2224 2426 2302 2482 cis
2343 2447 2358 2496 ;
2414 2439 2468 2529 et
2507 2442 2684 2492 tamen
2734 2439 2863 2498 nihil
2909 2442 3169 2517 dicendo,
3222 2426 3471 2512 haeretica
3517 2461 3800 2529 pertinacis

2222 2523 2562 2583 contradicis.
3517 2523 3534 2529 ⁷
3630 2597 3634 2601 ,

2291 2611 2478 2717 ωςΧΙ.
2502 2615 2620 2673 Jun.
2647 2619 2846 2717 iterum
2870 2641 2940 2683 ne
2959 2628 3142 2686 videar
3164 2632 3252 2690 hic
3271 2635 3430 2694 nimis
3450 2648 3618 2699 tecum
3637 2659 3796 2717 agere

2220 2706 2498 2807 tepere-iter,
2527 2713 2948 2807 acquieseamus,
2980 2721 3123 2791 quod
3150 2740 3306 2802 usque
3341 2730 3410 2782 ad
3434 2731 3606 2803 legem,
3635 2706 3830 2807 usque.

2218 2793 2286 2892 ad
2315 2794 2585 2856 Christum
2612 2806 2779 2873 possit
2803 2807 3024 2881 intelligi
3054 2830 3070 2869 :
3095 2793 3344 2873 concedis
3369 2793 3501 2891 ergti
3521 2793 3789 2892 peceatum

2218 2886 2322 2945 hoc
2361 2891 2502 2962 quod
2530 2892 2666 2951 dicis
2693 2898 2982 2970 originale,
3015 2919 3120 2960 non
3161 2922 3280 2964 esse
3319 2886 3454 2980 post'
3480 2886 3744 2972 Christum
3770 2918 3795 2971 2

2218 2982 2284 3037 Et
2309 2986 2607 3056 quomodo,
2650 2999 2707 3045 et
2730 2990 2784 3046 in
2810 2993 3186 3063 Apostolorum
3211 3002 3462 3058 membris
3481 3043 3497 3069 ,
3524 3014 3577 3060 et
3601 3010 3652 3061 in
3678 3023 3795 3063 om-

2213 3075 2372 3131 nibus
2397 3076 2707 3149 haptizatis,
2737 3089 2792 3138 et
2820 3099 2989 3155 usque
3017 3085 3176 3144 hodie
3212 3100 3332 3158 post
3372 3101 3448 3147 tot
3481 3097 3669 3152 saecula
3696 3099 3796 3154 ad-

2214 3178 2406 3224 ventus
2451 3169 2689 3241 Cbristi,
2731 3188 2866 3244 Opus
2913 3176 3144 3246 diaboli,
3194 3181 3435 3240 fruticem
3477 3187 3794 3246 adversaria)

2213 3263 2490 3331 potestatis
2508 3305 2525 3333 ,
2555 3265 2832 3340 legemque
2860 3271 3064 3340 peccati
3092 3288 3308 3331 manere
3326 3315 3340 3344 ,
3376 3279 3548 3350 vigere
3567 3319 3584 3347 ,
3615 3282 3795 3340 vivere

2212 3350 2345 3408 dicis
2365 3352 2387 3408 ?
3666 3388 3692 3405 κ

2281 3443 2418 3501 Ave.
2448 3444 2564 3502 Non
2594 3446 2696 3504 hoc
2725 3448 2843 3507 dico
2871 3468 2889 3507 :
2916 3452 3050 3511 nihil
3091 3455 3243 3512 dicis.
3286 3459 3442 3516 Aliud
3483 3471 3563 3520 est
3597 3479 3787 3534 pecca-

2211 3543 2358 3604 tum,
2400 3538 2543 3594 aliud
2579 3543 3008 3612 concupiscentia
3036 3549 3236 3617 peccati
3255 3591 3271 3617 ,
3300 3551 3382 3606 cui
3411 3568 3514 3608 non
3558 3570 3788 3612 consen-

2211 3625 2275 3680 tit
2299 3627 2386 3698 qui
2427 3643 2522 3700 per
2547 3633 2770 3700 gratiam
2797 3633 2888 3688 Dei
2913 3650 3019 3690 non
3050 3647 3236 3707 peccat
3279 3658 3294 3695 :
3332 3645 3568 3711 quamvis
3593 3655 3646 3700 et
3673 3646 3788 3715 ipsa

2209 3720 2638 3790 concupiscentia
2669 3726 2870 3792 peccati
2903 3737 3124 3784 vocetur
3150 3741 3423 3799 peccatum
3446 3775 3460 3798 ,
3508 3736 3627 3804 quia
3665 3751 3788 3806 pee-

2207 3817 2329 3868 eato
2357 3808 2496 3868 facta
2519 3821 2620 3868 est.
2652 3812 2802 3871 Sicut
2841 3817 3101 3888 scriptura
3146 3821 3392 3890 quaelibet
3414 3863 3430 3889 ,
3460 3839 3641 3881 manus
3667 3826 3786 3896 ejus

2206 3903 2399 3960 dicitur
2430 3905 2581 3976 cujus
2624 3922 2786 3963 manu
2825 3908 2959 3964 facta
2990 3920 3092 3966 est.
3126 3912 3201 3967 De
3228 3928 3332 3983 quo
3374 3925 3550 3972 autem
3585 3918 3782 3974 dictum

2205 4003 2289 4052 est
2309 4035 2324 4060 ,
2362 3993 2494 4053 Ecce
2529 3997 2703 4068 Agnus
2751 3998 2870 4067 Dei,
2924 4016 3034 4055 ecce
3069 4004 3159 4072 qui
3203 4004 3333 4058 tollit
3375 4017 3575 4075 peccata
3611 4008 3786 4063 mandi

2209 4082 2399 4155 (Joan.
2428 4101 2466 4152 ι,
2495 4085 2564 4141 29
2589 4087 2650 4152 );
2692 4088 2806 4158 ipse
2850 4100 3053 4146 reatum
3097 4093 3336 4162 peccati,
3381 4095 3520 4164 quod
3565 4112 3784 4166 genera-

2207 4175 2350 4231 tione
2390 4176 2635 4246 trabitur,
2664 4181 3066 4250 regeneratione
3093 4183 3334 4241 dissolvit
3361 4201 3376 4249 ;
3407 4185 3518 4256 ipse
3542 4187 3780 4256 spiritum

2204 4266 2410 4323 donans
2435 4268 2562 4325 facit
2591 4285 2696 4326 non
2725 4287 2950 4342 regnare
2981 4285 3253 4344 peccatum
3286 4276 3339 4334 in
3365 4288 3544 4333 nostro
3573 4281 3780 4336 mortali

2203 4375 2430 4432 corpore
2454 4363 2520 4418 ad
2559 4363 2916 4421 obedientium
2959 4357 3403 4438 concupiscentiis
3429 4369 3542 4441 ejus
3579 4372 3596 4442 (
3628 4371 3777 4428 Rom.

2203 4469 2280 4519 vi,
2310 4452 2416 4525 12)
2450 4471 2465 4521 ;
2499 4455 2612 4523 ipse
2641 4457 2944 4527 quotidiana
2977 4459 3297 4530 indulgentia
3320 4501 3336 4528 ,
3377 4475 3592 4533 propter
3624 4479 3778 4534 quam

2201 4545 2438 4616 quotidie
2463 4546 2688 4603 dicimus
2711 4589 2727 4614 ,
2771 4548 2980 4605 Dimitte
3007 4550 3148 4607 nobis
3171 4552 3335 4607 debita
3354 4564 3525 4608 nostra
3557 4553 3772 4627 (Matth.

2201 4652 2289 4704 vi,
2333 4636 2438 4708 12)
2463 4680 2481 4704 ,
2521 4639 2565 4692 si
2608 4639 2734 4709 quid
2772 4642 3201 4710 concupiscentia
3245 4645 3447 4714 peccati
3491 4646 3649 4701 etiam
3687 4645 3780 4700 be-

2201 4743 2270 4784 ne
2313 4728 2614 4784 resistendo
2656 4732 2983 4788 certantibus
3021 4735 3158 4790 male
3198 4736 3554 4805 persuaserit,
3604 4737 3770 4792 mise-

2201 4820 2371 4876 ricors
2396 4820 2539 4876 delet
2569 4837 2586 4886 ;
2629 4821 2742 4892 ipse
2781 4824 2929 4894 gravi
2968 4824 3118 4880 ruina
3159 4826 3322 4882 elisos
3345 4827 3496 4896 erigit
3525 4827 3782 4896 paeniten-

2201 4920 2325 4978 tes;
2369 4911 2483 4981 ipse
2526 4911 2617 4967 ubi
2653 4928 2758 4969 non
2796 4914 2964 4984 possit
2990 4915 3208 4972 omnino
3244 4916 3448 4986 peccari
3473 4958 3489 4983 ,
3530 4916 3814 4986 perducetl

2197 5001 2591 5072 eonstituetque
2637 5013 2921 5073 regnantes
2943 5005 2994 5071 ³,
3040 5005 3254 5076 quando
3279 5007 3500 5073 dicitur,
3535 5003 3632 5062 Ubi
3665 5015 3739 5061 est
3761 5003 3810 5073 ,‘

2198 5110 2356 5162 mors,
2378 5095 2628 5151 contentio
2651 5104 2738 5149 tua
2755 5096 2783 5153 Ρ
2803 5095 2890 5152 ubi
2910 5104 2985 5153 est
3003 5137 3019 5162 ,
3045 5113 3180 5152 mars
3206 5137 3222 5163 ,
3247 5098 3449 5152 aculeus
3469 5108 3582 5152 tuus
3601 5099 3628 5152 .7
3647 5099 3779 5151 Acuv
3808 5120 3817 5180 ἰ

2197 5185 2306 5240 leus
2331 5195 2498 5240 autem
2525 5185 2700 5240 mortis
2738 5195 2812 5240 est
2850 5195 3111 5257 peccatum
3141 5185 3201 5260 (Ι
3225 5186 3342 5242 Cor.
3368 5204 3462 5248 xv.
3495 5189 3563 5244 55
3585 5197 3630 5241 et
3654 5187 3778 5258 56).

2199 5275 2337 5330 Ecce
2360 5275 2631 5346 quomodo
2658 5285 2930 5346 peccatum
2961 5277 3144 5332 mundi
3172 5279 3352 5349 Agnus
3392 5279 3482 5335 ille
3508 5279 3598 5334 Dei
3627 5279 3648 5311 ³
3679 5279 3782 5333 tol-

2197 5368 2276 5433 lit,
2306 5368 2445 5438 quod
2469 5369 2552 5424 lex
2580 5368 2791 5424 auferre
2818 5385 2922 5424 non
2954 5369 3142 5438 potuit.

2267 5457 2478 5514 LXXII.
2519 5457 2638 5515 Jun.
2681 5457 2876 5515 Verum
2918 5460 3193 5515 videamus
3231 5469 3285 5515 et
3320 5461 3542 5531 reliqua.
3585 5458 3782 5514 Pecca-

2261 5661 2278 5693 ί
2312 5661 2385 5710 sic
2405 5667 2513 5710 Mss.
2542 5667 2596 5710 At
2617 5659 2751 5721 editi,
2776 5659 3042 5710 restrinxit.

2257 5726 2278 5788 ξ
2310 5729 2440 5788 uss,
2463 5722 2686 5785 perducit
2714 5722 3042 5785 constituitque
3065 5729 3339 5788 regmmtes.
3465 5733 3496 5788 ς,
3536 5781 3545 5788 .

2259 5787 2280 5818 ³
2312 5782 2618 5839 Εάὶιὶ.ὀοειδ.
2646 5793 2860 5837 Attamen
3018 5782 3141 5836 t‘ort.
3164 5791 3272 5834 Mar.
3294 5782 3437 5845 dan,
3457 5782 3564 5835 Dei.
