4126 6510
351 498 459 541 nun
498 490 668 537 autem
706 495 808 536 non
844 475 1196 550 deputabatur,
1243 470 1319 528 ait
1351 469 1669 542 Apostolus,
1706 484 1823 524 cum
1857 467 1941 524 lex

292 614 299 621 .
356 592 461 630 sum
489 581 617 628 esset
646 572 664 643 (
689 571 841 627 Rom.
871 582 927 636 v,
948 564 1053 638 I3)
1084 571 1245 636 :post
1267 560 1409 633 quod
1434 570 1492 617 tu
1514 558 1723 626 subdis,
1754 575 1775 612 ι
1808 557 1941 614 Erat

351 682 515 739 ergo,
559 664 653 721 sed
699 677 808 720 non
848 659 1206 732 deputabatur
1229 698 1246 723 ,
1293 656 1431 713 sicut
1466 653 1592 710 alibi
1630 652 1791 721 dicit,
1836 649 1941 709 Per

350 762 510 830 tegent
537 756 758 833 cognitio
782 753 972 824 peccati
1008 771 1027 806 ι
1054 749 1184 822 (Id.
1226 765 1305 817 ut,
1340 747 1469 819 ιο).
1499 746 1555 804 Si
1585 761 1713 818 ergo
1740 761 1836 817 per
1859 745 1939 801 lc-

349 865 470 922 gem
497 847 701 920 peccati
731 853 817 902 est
840 845 977 900 facta
1005 842 1270 915 cognitio,
1300 850 1356 897 ct
1388 848 1667 912 peccatum
1705 837 1939 894 traducis

345 952 472 999 ante
498 941 683 1013 legem
713 952 820 995 non
851 935 1251 1008 imputabatur;
1297 932 1520 991 ostende
1558 932 1661 989 hoc
1703 933 1938 1003 imputa-

348 1045 462 1089 tum
486 1032 649 1088 fuisse
683 1028 787 1086 sub
808 1028 945 1099 lege.
972 1027 1104 1084 Nam
1140 1028 1185 1083 si
1214 1043 1309 1097 per
1336 1027 1505 1098 legem
1530 1022 1735 1097 peccati
1760 1024 1942 1096 cogni-

345 1125 456 1189 tio,
480 1132 606 1179 ante
627 1123 800 1193 legem
819 1119 1081 1193 ignoratio
1105 1119 1346 1192 peccati;
1387 1116 1585 1188 ambigi
1614 1131 1720 1171 non
1762 1123 1942 1187 potest

346 1211 488 1270 bam
531 1212 696 1269 fuisse
729 1225 946 1268 causam
995 1211 1282 1266 maximam
1329 1207 1729 1281 promulgandm
1769 1206 1939 1278 legis,

346 1314 407 1362 ut
435 1302 751 1376 proderetur
771 1311 829 1360 et
849 1309 1133 1359 caveretur
1159 1344 1176 1371 ,
1204 1300 1346 1373 quod
1386 1302 1535 1373 prius
1573 1300 1795 1355 latebat.

420 1399 556 1453 Mc.
601 1395 668 1453 Ut
707 1393 1026 1467 proderetur
1049 1436 1065 1462 ,
1100 1408 1287 1450 verum
1316 1391 1451 1448 dicis
1480 1407 1496 1458 ;
1524 1390 1628 1447 hoc
1657 1399 1709 1448 et
1736 1406 1834 1446 nos
1859 1388 1941 1446 di-

336 1490 521 1545 cimus
560 1506 578 1544 :
609 1498 669 1543 ut
692 1497 873 1543 autem
911 1494 1233 1551 caveretur,
1276 1499 1384 1540 non
1421 1483 1509 1540 lex
1534 1526 1550 1552 ,
1597 1481 1691 1540 sed
1729 1483 1939 1555 gratia;

348 1580 669 1637 nou‘littera
686 1620 704 1646 ,
736 1579 833 1635 sed
858 1578 1078 1649 Spiritus
1108 1577 1253 1634 fecit.
1280 1577 1391 1633 Lex
1416 1575 1561 1633 enim
1587 1576 1906 1632 subintravit
1923 1618 1940 1643 ,

349 1687 457 1728 non
504 1679 565 1726 ut
600 1678 920 1737 caveretur,
963 1668 1059 1725 sed
1103 1677 1161 1725 ut
1197 1666 1494 1724 abundaret
1536 1676 1845 1739 peccatum,
1888 1674 1944 1722 et

346 1763 812 1835 superahmdaret
857 1762 1051 1835 gratia,
1099 1777 1204 1833 qua
1254 1770 1530 1832 peccatum
1566 1771 1619 1818 et
1666 1759 1945 1818 deleretur

347 1857 546 1915 iactum
569 1898 585 1923 ,
616 1867 766 1914 etne
792 1855 946 1912 tier-et
970 1864 1268 1912 caveretur.

330 1972 333 1975 -
422 1947 661 2004 LXXIII.
699 1947 821 2004 Jun.
861 1946 961 2002 llic
982 1946 1054 2004 sit
1076 1960 1207 2018 ergo
1231 1960 1441 2002 summa
1464 1945 1776 2002 certaminis
1803 1959 1820 2001 :
1852 1954 1946 2002 aut

347 2041 578 2097 ostende
603 2041 918 2111 imputatum
947 2038 1048 2095 sub
1064 2038 1184 2109 lege
1210 2037 1379 2094 fuisse
1403 2038 1652 2110 cuiquam
1679 2037 1940 2109 originale

350 2143 629 2204 peccatum
653 2172 670 2201 ,
711 2131 938 2189 ostende
975 2131 1138 2188 fuisse
1175 2141 1529 2188 monstratum
1558 2149 1575 2198 ;
1620 2140 1677 2189 et
1711 2146 1942 2189 consen-

351 2226 480 2279 tiam
508 2223 701 2281 deboc
733 2233 952 2295 peccato
977 2224 1292 2295 Apostolum
1314 2223 1549 2280 locutum
1579 2222 1764 2280 fuisse.

423 2318 564 2373 Anc.
597 2315 838 2372 Ostende
869 2315 1087 2387 quidem
1111 2356 1129 2383 ,
1169 2314 1313 2387 quod
1350 2330 1613 2387 provocas
1662 2323 1720 2370 ut
1759 2325 1943 2373 osten-

332 2405 476 2460 tdam
517 2422 533 2460 :
578 2404 673 2461 sed
711 2406 757 2461 si
781 2405 965 2461 oculos
994 2406 1248 2475 operiatis
1274 2405 1343 2461 ad
1370 2420 1432 2461 ea
1460 2421 1580 2477 qua:
1618 2406 1802 2464 videre
1839 2424 1944 2463 non

351 2496 512 2552 vultis
536 2497 555 2528 ι
574 2538 592 2562 ,
622 2504 680 2567 et
713 2511 782 2553 nc
802 2496 872 2552 ab
895 2496 1016 2552 aliis
1042 2496 1344 2565 videantur,
1388 2497 1611 2553 nebulas
1649 2499 1948 2554 contentio-

346 2587 437 2643 nis
474 2586 768 2643 oll'unditis.
814 2587 1163 2643 Circumcisio
1200 2586 1378 2644 carnis
1407 2590 1430 2621 ²
1454 2629 1471 2656 ,
1517 2588 1637 2660 lege
1681 2597 1945 2661 prmcepta

345 2686 434 2734 est
473 2677 642 2749 (Gen.
669 2693 809 2747 xvu,
840 2676 949 2750 l2)
982 2695 998 2745 ;
1029 2693 1131 2750 qua
1168 2694 1275 2735 non
1305 2688 1487 2751 posset
1522 2680 1713 2736 melius
1747 2680 1948 2753 signin-

308 2760 331 2780 '
349 2768 495 2835 cari,
527 2784 623 2839 per
646 2769 919 2825 Christum
945 2770 1365 2840 regenerationis
1391 2778 1663 2827 auctorem
1694 2771 1803 2827 tolli
1833 2773 1947 2828 ori-

347 2860 532 2930 giuale
560 2868 859 2930 peceatum.
889 2859 1021 2915 Cum
1051 2860 1317 2931 praeputio
1353 2861 1549 2933 quippe
1578 2863 1755 2918 omnis
1782 2854 1947 2919 homo

352 2952 596 3009 nascitur
623 2995 640 3020 ,
681 2952 1130 3024 quemadmodum
1168 2968 1291 3009 cum
1328 2953 1571 3024 originali
1604 2964 1864 3025 peccato:
1895 2966 1950 3012 et

353 3053 547 3100 octavo
570 3043 659 3099 die
686 3044 770 3099 les
789 3043 1100 3099 circumcidi
1120 3058 1338 3099 carnem
1364 3044 1636 3116 praecepit,
1661 3045 1784 3117 quia
1803 3036 1947 3102 Chri-

354 3143 475 3190 stus
499 3133 589 3190 die
609 3133 878 3190 dominico
902 3135 1216 3197 resurrexit.
1245 3134 1336 3205 qui
1364 3144 1484 3206 post
1506 3136 1792 3208 septimum
1820 3138 1948 3192 sah-

352 3228 465 3283 ιηιί
488 3236 713 3284 octavus
740 3228 820 3284 est
849 3237 946 3284 :'et
968 3228 1318 3284 circumcisus
1359 3230 1729 3301 praeputiatum
1758 3231 1947 3302 gignit,

355 3319 630 3389 trajiciens
668 3319 721 3375 in
750 3319 897 3375 illum
922 3334 1031 3392 quo
1058 3319 1173 3391 ipse
1193 3319 1305 3390 jam
1339 3320 1511 3377 caruit
1542 3338 1558 3388 ;
1603 3320 1744 3377 sicut
1776 3322 1951 3393 bapti-

354 3421 506 3468 zatus
546 3413 601 3468 in
643 3411 809 3469 lilium
837 3427 997 3484 quem
1032 3422 1250 3483 generat
1272 3427 1471 3480 carne,
1500 3422 1712 3470 reatum
1762 3421 1946 3470 tamen

356 3504 554 3574 trajicit
575 3504 798 3575 originis
822 3546 838 3571 ,
866 3519 974 3574 quo
997 3503 1274 3559 absolutus
1296 3512 1381 3559 est
1407 3504 1543 3574 ipse.
1582 3503 1863 3562 Postremo
1895 3505 1949 3562 in

357 3595 477 3665 lege
510 3595 744 3666 scriptus
769 3604 856 3651 est
881 3595 1129 3651 Psalmus
1158 3613 1173 3650 :
1217 3594 1329 3667 Ego
1365 3596 1418 3650 in
1454 3595 1798 3668 iniquitatibus
1830 3616 1952 3654 con-

355 3695 531 3754 ceptus
555 3701 669 3741 sunt
690 3726 705 3751 ,
742 3695 795 3741 ct
815 3686 868 3741 in
896 3686 1112 3755 peccatis
1149 3695 1308 3741 mater
1331 3703 1443 3741 mea
1467 3688 1521 3742 in
1548 3697 1692 3744 utero
1719 3705 1800 3744 me
1825 3682 1953 3745 aluit

356 3778 381 3849 (
404 3779 549 3835 Ptol.
576 3796 630 3848 ι,
660 3780 754 3851 7).
779 3780 934 3849 Quod
979 3780 1230 3837 videretis
1272 3781 1513 3852 profecto
1531 3822 1548 3851 ,
1595 3798 1697 3839 nec
1719 3782 1949 3839 audere-

356 3874 429 3929 tis
468 3874 666 3945 aliquid
705 3874 1108 3941 contradicere,
1136 3875 1182 3931 si
1210 3874 1512 3947 Cypriane,
1540 3883 1596 3932 et
1634 3877 1943 3944 Ambrosio,

356 3965 672 4035 caeterisque
702 3958 901 4021 talib'us
941 3964 1198 4022 Ecclesiae
1235 3964 1580 4037 doctoribus,
1617 3965 1741 4024 lidei
1765 3966 1951 4025 oculos

357 4054 560 4109 similes
599 4054 885 4111 haberetis.

429 4144 665 4201 LXXIV.
703 4146 824 4202 Jun.
856 4148 964 4202 Aut
988 4156 1136 4204 certe
1163 4148 1288 4219 quia
1330 4146 1436 4206 hoc
1475 4149 1529 4205 in
1566 4148 1683 4222 lege
1720 4164 1826 4206 non
1866 4165 1955 4223 po-

359 4247 463 4294 test
485 4239 708 4295 inveniri
730 4280 746 4306 ,
774 4240 1076 4311 acquiesco,
1108 4239 1573 4312 impudentissime
1591 4282 1608 4309 ,
1636 4240 1705 4299 de
1727 4257 1794 4298 eo
1822 4258 1950 4315 pec-

357 4338 479 4385 cato
506 4331 647 4402 loqui
672 4332 987 4404 Apostolum
1007 4374 1023 4401 ,
1053 4332 1195 4404 quod
1231 4333 1532 4390 imitatione
1563 4332 1814 4399 trahitur,
1852 4349 1951 4390 vo-

362 4422 564 4479 luntate
603 4424 987 4492 committitur,
1035 4424 1245 4481 ratione
1286 4426 1528 4497 arguitur:
1551 4466 1570 4494 ,
1621 4424 1741 4497 lege
1769 4434 1954 4482 osten-

360 4511 526 4577 ditur,
554 4514 805 4582 :rquitate
833 4514 1071 4584 punitur.

433 4604 571 4658 Anc.
614 4603 691 4659 De
711 4603 856 4659 omni
879 4617 1102 4677 peccato
1129 4605 1269 4677 quod
1299 4622 1395 4678 per
1416 4607 1689 4665 Christum
1715 4610 1916 4666 tollitur
1933 4653 1951 4678 ,

361 4694 559 4750 dictum
579 4704 697 4762 est,
730 4697 901 4767 Usque
930 4698 999 4750 ad
1017 4699 1178 4768 legem
1216 4707 1477 4769 peccatum
1513 4700 1567 4754 in
1606 4702 1797 4756 mundo
1816 4702 1954 4772 fuit:

360 4787 610 4856 quoniam
633 4789 749 4860 lege
773 4804 881 4845 non
930 4789 1156 4857 tollitur,
1199 4790 1314 4847 sive
1341 4791 1629 4862 originale,
1658 4793 1773 4849 sive
1797 4793 1953 4848 addi-

362 4889 495 4943 tum.
525 4880 639 4936 sive
660 4880 807 4952 quod
848 4889 966 4938 erat
995 4890 1052 4937 et
1088 4889 1214 4937 ante
1253 4881 1457 4953 legem,
1482 4882 1598 4939 sive
1624 4883 1765 4954 quod
1791 4884 1951 4940 etiam

361 4970 480 5042 lege
516 4972 854 5029 subintrantc
897 4972 1209 5029 abundavit.
1256 4973 1391 5030 Cum
1434 4984 1614 5030 autem
1643 4976 1752 5039 ais,
1785 4975 1853 5031 de
1888 4992 1955 5031 eo

364 5072 583 5131 peccato
629 5064 774 5136 loqui
823 5065 1183 5136 Apostolum,
1227 5063 1372 5136 quod
1422 5065 1673 5137 aequitate
1700 5067 1953 5138 punitur;

365 5156 766 5226 expergiscere,
800 5165 857 5214 et
881 5157 1004 5214 vide
1032 5157 1103 5213 ibi
1132 5172 1255 5214 esse
1283 5167 1337 5215 et
1365 5159 1625 5231 originale
1655 5171 1953 5232 peccatum.

365 5244 483 5301 Non
505 5246 647 5300 enim
689 5248 845 5303 aliter
868 5248 1093 5319 :equitas
1117 5248 1213 5304 Dei
1239 5264 1401 5320 grave
1423 5250 1611 5323 jugum
1656 5251 1956 5322 imponeret

367 5336 502 5409 ipsis
521 5352 734 5408 quoque
761 5338 995 5395 exordiis
1034 5339 1373 5410 parvulorum
1398 5358 1413 5395 :
1445 5341 1587 5412 quod
1613 5342 1798 5414 jugum
1827 5358 1954 5400 cura

367 5435 549 5482 nostra
585 5442 731 5499 stupe
750 5439 1169 5498 commemorat,
1196 5441 1257 5489 ut
1274 5432 1539 5490 cervicem
1568 5443 1744 5499 tuam,
1775 5437 1819 5492 si
1846 5452 1953 5493 non

370 5520 637 5577 intlexerit
662 5561 679 5586 ,
709 5520 937 5593 frangat.
986 5521 1120 5579 Nam
1164 5522 1269 5581 hoc
1313 5535 1591 5598 peccatum
1630 5529 1792 5586 etiam
1837 5529 1955 5602 lege

427 5705 457 5771 ξ
472 5707 532 5771 ’1η
550 5706 635 5771 _u.,
665 5699 753 5771 sed
794 5698 838 5752 si
866 5698 1028 5771 oculos
1070 5701 1300 5765 aperiam
1328 5702 1395 5755 ad
1429 5718 1490 5756 ea
1528 5719 1638 5771 qua
1666 5707 1830 5763 ridere
1860 5722 1954 5762 non

364 5760 522 5827 cultis.
549 5764 759 5827 Menard.
786 5771 838 5814 et
861 5766 999 5827 \‘ign.
1023 5760 1179 5827 secuti
1202 5779 1387 5819 sumus.
1451 5775 1510 5819 ιι.

430 5826 449 5857 ⁸
614 5824 734 5876 Clar.
761 5833 814 5878 et
828 5824 960 5889 Mar},
985 5824 1213 5878 carnalis.

1656 353 1863 413 LIBER
1900 349 2280 412 SECUNDUS.

3495 354 3635 415 "7|

2045 464 2368 533 monstrari,
2401 472 2669 537 praecepto
2687 460 3111 523 circumcisionis
3136 468 3367 525 ostendi.
3408 470 3562 541 Quod
3590 475 3635 528 si

2046 574 2211 632 negas
2237 567 2293 615 tu
2316 601 2331 624 ,
2362 558 2496 616 doce
2521 574 2628 632 quo
2666 569 2887 631 peccato
2916 560 3168 632 preprio,
3200 562 3245 618 si
3272 578 3379 619 non
3408 565 3636 621 circnm-

2045 651 2335 718 cideretur,
2360 651 2610 708 interibat
2634 650 2813 708 anima
2844 653 3046 724 parvuli
3063 651 3132 708 de
3148 655 3345 726 populo
3360 669 3460 711 suo
3478 652 3634 728 (Gen.

1990 756 1997 767 '
2045 757 2179 808 xm,
2215 740 2327 816 l4).
2355 742 2500 812 Scio,
2548 757 2654 799 non
2682 742 2847 800 doces
2876 761 2891 801 :
2917 742 3011 800 sed
3034 744 3218 805 volens
3239 760 3337 803 nos
3381 745 3634 818 fatigare,

2046 846 2470 985 Μὶὲῗῗιυι.
2498 928 2766 986 Cmtcrum
2795 929 2939 1002 quod
2969 929 3188 1002 ﬁngitis,
3219 930 3481 1005 originale
3508 947 3632 1004 pec-

2000 1022 2005 1025 ’
2043 1031 2245 1090 catum,
2276 1037 2377 1079 nec
2397 1036 2496 1095 per
2519 1039 2685 1078 unum
2714 1024 2999 1081 transmitti
3028 1033 3237 1096 potest,
3268 1025 3520 1098 quoniam
3542 1039 3640 1097 ge—

2045 1113 2254 1170 neratio
2281 1131 2374 1185 per
2400 1114 2535 1170 duos
2554 1115 2747 1186 agitur.

2038 1214 2041 1217 '
2116 1206 2252 1263 Anc.
2272 1205 2389 1261 Jam
2418 1221 2737 1278 reSpousum
2766 1218 2850 1266 est
2872 1226 2885 1263 :
2913 1209 3032 1281 lege
3046 1226 3168 1283 qua:
3185 1209 3313 1268 hinc
3327 1224 3360 1267 a
3384 1226 3472 1269 me
3494 1210 3636 1269 dicta

2044 1305 2191 1362 sunt,
2222 1306 2279 1355 et
2309 1299 2550 1355 invenies
2579 1308 2632 1355 te
2659 1315 2793 1356 vana
2820 1301 3040 1357 dixisse.

2125 1388 2364 1447 LXXVI.
2385 1389 2506 1448 IUL.
2534 1389 2646 1448 Nec
2672 1392 2845 1464 potuit
2883 1383 3172 1464 aliquando
3198 1409 3347 1463 esse,
3394 1395 3440 1452 si
3468 1405 3640 1467 potest

2046 1481 2331 1553 aliquando
2362 1498 2467 1539 non
2492 1497 2645 1539 esse:
2668 1483 2790 1556 quia
2814 1485 3077 1541 naturalia
3102 1484 3171 1542 ab
3199 1486 3352 1543 initio
3385 1486 3639 1545 substano

2046 1573 2135 1629 the
2165 1588 2335 1646 usque
2360 1573 2429 1629 ad
2455 1575 2740 1631 terminum
2762 1574 2904 1632 illius
2929 1587 3299 1649 perseverant.

2118 1664 2257 1722 Anc.
2290 1664 2406 1721 lloc
2432 1675 2488 1722 et
2536 1666 2605 1724 de
2644 1676 2818 1724 morte
2845 1682 3035 1740 posses
3062 1668 3278 1738 dicere;
3326 1685 3451 1726 nam
3479 1670 3641 1726 etiam

2047 1773 2170 1814 cum
2191 1758 2305 1828 ipsa
2331 1757 2640 1815 nascimur:
2663 1757 2860 1833 Corpus
2885 1761 3028 1817 enim
3057 1770 3315 1818 mortuum
3332 1773 3406 1819 est
3432 1773 3645 1835 propter

2049 1859 2312 1920 peccatum
2334 1850 2514 1923 (Rom.
2532 1868 2643 1920 vui,
2675 1852 2766 1925 l0)
2786 1870 2799 1908 :
2822 1852 2917 1910 sed
2937 1854 3056 1910 etsi
3078 1870 3184 1913 non
3211 1865 3431 1928 propter
3450 1872 3645 1928 pecca-

2047 1951 2182 2009 tum,
2213 1943 2352 2000 sicut
2379 1944 2649 2017 desipitis;
2671 1944 2939 2003 nascimur
2962 1955 3138 2004 tamen
3159 1947 3275 2004 sine
3300 1946 3633 2006 dubitatione

2047 2036 2343 2092 mortales:
2371 2045 2429 2093 et
2465 2046 2641 2093 tamen
2686 2053 2833 2095 mors
2867 2046 3028 2110 atque
3063 2038 3361 2095 mortalitas
3400 2054 3507 2098 non
3534 2041 3639 2097 erit

2048 2126 2427 2184 immortaliter
2450 2126 2749 2185 viventibus
2776 2128 2951 2186 nobis.
2969 2129 3122 2186 Sicut
3148 2145 3279 2204 ergo
3300 2146 3449 2189 mors
3473 2132 3641 2204 origi-

2047 2219 2184 2275 nalis
2206 2228 2309 2286 cst,
2332 2226 2388 2275 ct
2411 2227 2586 2275 tamen
2617 2220 2791 2291 potuit
2812 2234 2938 2277 esse
2961 2261 2978 2290 ,
3007 2230 3184 2292 potest
3211 2237 3317 2279 non
3341 2237 3466 2280 esse
3484 2263 3501 2291 ,
3522 2238 3641 2289 me-

2049 2310 2152 2366 lius
2175 2319 2358 2367 nostra
2400 2318 2654 2367 manente
2691 2306 2881 2367 natura
2914 2328 2927 2366 :
2956 2311 3035 2367 sic
3058 2320 3115 2369 ct
3144 2313 3405 2384 originale
3450 2328 3643 2385 pecca-

2048 2410 2184 2469 tum,
2213 2410 2268 2457 ct
2291 2402 2464 2473 potuit
2488 2418 2639 2469 esse,
2690 2404 3037 2474 generatione
3087 2414 3349 2475 tractum;
3391 2416 3447 2465 et
3470 2418 3646 2489 potest

2049 2506 2154 2547 non
2180 2505 2323 2558 esse,
2352 2491 2758 2563 regeneratione
2781 2491 3082 2550 detractum
3110 2496 3151 2548 ¹.

2120 2579 2381 2638 LXXVII.
2409 2581 2528 2639 Jun.
2560 2581 2673 2639 Nec
2691 2599 2719 2637 a
2739 2582 2859 2655 lege
2886 2595 3163 2641 ostensam
3193 2594 3299 2655 est,
3318 2587 3404 2645 vel
3432 2584 3644 2648 ostendi

2050 2674 2255 2746 potuit;
2281 2675 2404 2746 quia
2435 2690 2706 2748 nunquam
2740 2675 3017 2749 legislator
3041 2693 3209 2750 usque
3232 2679 3300 2735 ad
3329 2678 3469 2740 banc
3493 2683 3645 2745 vesti-

2032 2770 2133 2821 °ret
2153 2767 2466 2835 amentiam,
2495 2775 2553 2822 ut
2574 2768 2889 2840 praeciperet
2907 2770 3179 2842 cuiquam,
3198 2771 3316 2830 Noli
3343 2773 3436 2843 ita,
3464 2774 3549 2833 vel
3571 2778 3643 2833 ita

2051 2856 2200 2913 nasci
2221 2875 2234 2912 :
2259 2866 2313 2915 et
2339 2859 2481 2931 quod
2498 2859 2777 2917 admoueri
2798 2878 2905 2916 non
2926 2862 3107 2920 decuit
3121 2866 3513 2940 utcorrigatur,
3525 2866 3641 2941 jus-

2051 2958 2163 3004 tum
2187 2963 2313 3006 esse
2339 2965 2445 3006 non
2479 2959 2656 3022 potest
2682 2961 2737 3008 ut
2765 2954 3074 3023 puniatur”.

2122 3041 2261 3099 Anc.
2295 3041 2410 3098 Non
2439 3044 2748 3116 prtecipitur
2769 3044 2972 3102 homini
3021 3064 3131 3121 quo
3159 3050 3322 3108 modo
3350 3062 3599 3125 nascatur
3628 3072 3644 3109 :

2049 3131 2146 3188 sed
2179 3144 2505 3206 prmeeptum
2522 3145 2605 3191 est
2620 3152 2726 3207 quo
2751 3136 2911 3194 modo
2937 3137 3031 3195 ille
3051 3139 3273 3210 viveret,
3289 3154 3645 3215 prmeeptumc-

2051 3240 2157 3297 que
2181 3226 2434 3295 violavit;
2457 3244 2487 3284 a
2515 3244 2625 3300 quo
2654 3239 2874 3300 parente
2895 3242 3174 3303 peccatum
3198 3234 3459 3307 originale
3472 3235 3647 3294 dedu-

2057 3317 2218 3375 citur.
2274 3318 2587 3391 l’raccipitur
2636 3321 2797 3376 etiam
2853 3332 2912 3378 ut
2965 3321 3140 3381 infans
3194 3325 3648 3397 circumeidatur,

2048 3408 2387 3467 damnandus
2416 3411 2519 3467 nisi
2542 3410 2960 3470 circumcidatur
2991 3432 3005 3470 :
3036 3418 3121 3473 cui
3145 3426 3323 3475 tamen
3343 3435 3451 3477 non
3472 3421 3647 3485 solum

2051 3500 2251 3572 aliquid
2274 3500 2442 3570 aliud,
2473 3502 2567 3559 sed
2597 3519 2698 3559 nec
2728 3504 2921 3562 saltem
2946 3506 3287 3567 circumcisio
3323 3509 3436 3582 ipsa
3460 3513 3649 3582 praeir-

2052 3593 2215 3666 pitur.
2236 3593 2314 3650 Ac
2340 3609 2437 3666 per
2466 3593 2566 3650 hoc
2582 3637 2597 3664 ,
2622 3611 2730 3651 non
2758 3595 2973 3667 qttidem
2996 3586 3304 3670 prmcipitur
3323 3601 3648 3675 hominique

2054 3683 2217 3740 modo
2242 3694 2493 3741 nascatur
2522 3702 2536 3739 :
2570 3686 2800 3743 mundus
2832 3696 3009 3744 tamen
3037 3704 3144 3764 non
3172 3701 3256 3747 est
3277 3708 3310 3746 a
3335 3692 3498 3763 sorde
3517 3707 3647 3764 pec-

2054 3776 2198 3841 cati,
2223 3792 2314 3833 nec
2338 3777 2509 3849 infans
2538 3780 2685 3852 cujus
2709 3787 2784 3833 est
2816 3779 2966 3835 unius
2990 3762 3091 3835 diei
3130 3782 3233 3836 vita
3271 3799 3425 3855 super
3461 3762 3651 3840 terram

2059 3866 2180 3939 (Job
2205 3884 2315 3937 XIV,
2340 3869 2394 3934 ι,
2424 3886 2525 3925 sec.
2553 3869 2738 3943 LXX).
2768 3870 2909 3944 Lege
2934 3873 3094 3929 verba
3115 3875 3287 3933 sancti
3312 3875 3447 3944 Job,
3481 3886 3532 3934 et
3560 3876 3645 3933 in-

2062 3960 2247 4016 venies
2269 3968 2321 4016 te
2345 3976 2467 4019 esse
2516 3962 2831 4020 mendacem
2853 3952 2879 4034 ,'
2900 3964 3154 4038 loquente
3178 3967 3272 4026 illo
3304 3984 3467 4042 quem
3505 3970 3654 4029 Deus

2055 4052 2192 4108 dixit
2210 4068 2332 4110 esse
2356 4069 2622 4112 veracem.
3468 4124 3471 4129 ν

2129 4143 2412 4203 LXXVIII.
2443 4146 2566 4203 ιω..
2594 4147 2662 4203 Et
2683 4148 2824 4220 quod
2851 4164 3019 4222 usque
3042 4150 3110 4207 ad
3134 4152 3305 4225 legem
3326 4163 3431 4223 est,
3457 4163 3646 4215 osten-

2056 4236 2203 4293 ditur
2223 4254 2327 4293 non
2371 4254 2494 4296 esse
2518 4248 2643 4313 post
2679 4241 2874 4314 legem,
2901 4243 3202 4302 ostenditur
3238 4255 3515 4320 postremo
3541 4264 3648 4307 non

2059 4342 2180 4384 esse
2207 4337 2330 4400 post
2357 4328 2651 4387 Christum.

2130 4421 2265 4477 Anc.
2309 4420 2383 4477 lta
2407 4432 2590 4479 reatus
2616 4422 2779 4494 hujus
2802 4427 3004 4496 peccati
3033 4427 3334 4486 ostenditur
3378 4445 3488 4488 non
3526 4446 3652 4489 esse

2058 4519 2180 4581 post
2206 4521 2548 4582 peccatorum
2582 4513 2951 4586 abolitionem,
2983 4518 3124 4576 sicut
3147 4536 3296 4578 mors
3320 4533 3443 4596 post
3472 4526 3655 4583 carnis

2059 4617 2533 4661 τρειιιιεοιιοιιοιιι.

2130 4694 2368 4750 LXXIX.
2393 4696 2514 4752 Jun.
2546 4697 2623 4754 Ac
2663 4714 2758 4769 per
2786 4698 2919 4771 hoc,
2965 4703 3262 4761 secundum
3309 4718 3651 4777 argumenta-

2059 4787 2259 4843 tionem
2281 4803 2492 4861 quoque
2516 4778 2681 4859 tuam,
2712 4792 2839 4850 olim
2869 4810 2977 4852 nou
2996 4805 3081 4853 est
3106 4814 3122 4851 :
3152 4799 3450 4861 secundum
3467 4801 3488 4833 ³
3503 4804 3657 4861 testi~

2062 4880 2295 4936 monium
2318 4883 2577 4950 veritatis,
2610 4900 2886 4958 nunquam
2914 4886 3034 4945 fuit.

2131 4971 2265 5029 Anc.
2291 4970 2335 5028 Ο
2363 4973 2406 5027 si
2430 4990 2524 5043 vos
2551 4991 2658 5030 non
2700 4979 2914 5045 essetis,
2942 4980 3252 5055 quieontra
3283 4983 3659 5046 testimonium

2063 5061 2299 5119 veritatis
2348 5065 2541 5122 falsum
2595 5068 2958 5147 testimonium
3005 5083 3243 5133 vestrum
3270 5083 3328 5132 et
3352 5075 3575 5147 dicitis.
3600 5092 3661 5139 et

2060 5153 2281 5224 insuper
2309 5155 2541 5212 scribitis
2569 5158 2583 5212 l
3298 5153 3303 5156 ’
3436 5216 3439 5219 .

2137 5244 2353 5302 LXXX.
2383 5247 2503 5305 ιυι..
2535 5249 2602 5305 Ει
2632 5259 2688 5306 ιιι
2716 5250 2858 5323 quod
2885 5254 3113 5327 egimus,
3127 5255 3423 5317 inculcetur
3451 5277 3659 5319 memo-

2061 5330 2155 5392 rim
2206 5337 2465 5402 lectoris;
2512 5339 2747 5399 deﬁnisti
2804 5345 3074 5415 quondam
3120 5367 3141 5402 ι
3175 5361 3492 5421 peccatum,
3530 5372 3548 5406 ι
3599 5362 3657 5409 et

2060 5431 2295 5503 optime,
2326 5451 2346 5487 ι
2376 5432 2509 5490 nihil
2533 5449 2655 5493 esse
2679 5436 2823 5494 aliud
2871 5455 3032 5513 quam
3081 5444 3411 5503 voluntatem
3446 5446 3645 5504 stituit-

2057 5590 2160 5700 da;
2176 5589 2328 5704 ειεξτιίιν
2366 5590 2671 5656 generatione
2691 5595 2979 5649 detractum.
3000 5601 3302 5666 castigantur
3326 5602 3386 5653 ad
3410 5610 3513 5655 uss.
3530 5608 3653 5653 Mar.

2271 5721 2376 5791 glss.
2404 5722 2461 5791 st
2488 5717 2626 5788 editi,
2671 5726 2718 5791 et
2748 5721 2878 5791 quod
2915 5723 3165 5791 admoneri
3202 5737 3295 5775 non
3327 5732 3474 5791 potest
3498 5732 3546 5775 ut
3569 5736 3651 5775 cae

2061 5782 2244 5848 teritur“.
2267 5782 2498 5848 imputari
2518 5793 2610 5830 non
2630 5782 2780 5844 potest
2809 5791 2859 5834 ut
2879 5784 3125 5848 puniatur.

2127 5837 2149 5871 ³
2181 5840 2280 5905 Hic,
2308 5837 2589 5908 secundum,
2616 5837 2917 5899 restinximus
2943 5859 3005 5899 es
3031 5849 3385 5912 manusa‘iplls.
