4126 6496
356 316 493 387 H77

353 433 616 508 quirctur.

758 512 883 595 βω..
898 510 970 593 Si
988 510 1131 573 enim
1154 508 1329 568 Adam
1349 551 1367 579 ,
1397 516 1456 565 ut
1483 505 1659 564 dicitis
1679 548 1694 575 ,
1722 514 1944 579 peccato

352 588 582 670 naturali
624 588 1122 689 generavit'omnes
1148 602 1216 658 in
1256 599 1792 689 cbndemuatiouem,
1826 607 1944 653 tan-

356 715 576 777 tumque
602 687 671 760 de
706 700 818 758 suis
854 697 1152 770 visceribus
1182 695 1244 753 iu
1274 691 1514 750 sobolem
1536 692 1686 748 virus
1720 687 1940 759 eﬁ'udit,

352 806 413 855 ut
447 797 503 853 in
532 803 720 851 natura
742 788 983 847 hominis
1019 795 1212 845 cuncta
1246 783 1344 842 Dei
1384 783 1622 841 instituta
1661 782 1938 849 turbaret;

422 889 558 963 huc.
582 883 809 956 Quando
848 881 1129 961 parvulum
1154 879 1372 951 spiritus
1396 884 1553 934 vexat
1592 873 1896 932 immundus
1919 913 1939 944 ,

350 984 690 1054 animmque
717 976 834 1050 ejus
853 986 908 1033 et
928 989 1126 1051 corpus
1152 970 1369 1044 afﬂigit,
1404 982 1594 1027 sensus
1624 967 1939 1024 sanitatem-

347 1080 455 1148 que
478 1071 769 1151 pervertit;
791 1083 970 1125 nonne
997 1066 1246 1124 universa
1273 1064 1410 1134 eius,
1432 1077 1590 1139 quam
1622 1060 1761 1117 Deus
1788 1059 1942 1151 insti-

348 1166 451 1223 tuit
469 1150 701 1235 ,Vnatura
731 1158 1001 1218 turbatur!
1027 1171 1131 1214 nec
1158 1154 1410 1213 invenitis
1435 1153 1655 1209 omnino
1670 1151 1809 1208 tanti
1832 1150 1943 1207 ‘hu—

350 1260 433 1335 ius
450 1258 583 1333 ‘maii
611 1255 862 1314 meritum
879 1296 897 1323 ,
928 1259 1191 1326 negantes
1214 1247 1477 1328 originale
1502 1252 1804 1335 peccatum.

346 1332 490 1409 enim
516 1365 622 1406 non
640 1346 738 1403 hic
762 1340 1034 1413 attendis',
1060 1343 1116 1400 in
1144 1348 1335 1417 natura
1359 1336 1594 1395 hominis
1622 1351 1719 1408 per
1740 1332 1939 1391 diaboli

346 1442 496 1517 virus
512 1422 707 1515 cuncta
734 1437 832 1495 Dei
863 1435 1104 1511 instituta
1144 1429 1392 1490 turbari?
1424 1428 1525 1486 Die
1551 1440 1769 1517 causam
1810 1440 1939 1497 par-

347 1532 476 1621 vuli,
504 1531 592 1587 die
611 1538 816 1587 reatum
836 1525 952 1598 eius
964 1523 1053 1582 cui
1288 1526 1415 1621 nato
1435 1518 1455 1552 ⁸
1472 1519 1577 1576 ista
1602 1516 1937 1621 contingunt,

345 1624 440 1696 qui
453 1607 571 1678 ’non
588 1621 673 1676 vis
695 1618 858 1676 verba
876 1614 1168 1689 apostoiiea
1187 1613 1266 1671 sic
1291 1611 1535 1683 accipere
1548 1651 1566 1678 ,
1592 1607 1941 1682 quemadmo-

346 1716 474 1773 dum
494 1712 689 1785 accipit
702 1726 770 1767 ex
795 1723 902 1793 quo
920 1716 1004 1764 est
1026 1705 1266 1762 instituta
1292 1701 1558 1759 catholica
1592 1698 1856 1765 Ecclesia,
1878 1706 1939 1755 et

347 1802 795 1881 quemadmodum
816 1791 950 1858 suis
985 1808 1099 1854 tam
1136 1795 1436 1868 perspicuis
1463 1793 1619 1850 malis
1650 1791 1940 1849 conﬁtetur

349 1898 461 1972 ipsa
479 1907 687 1954 natura.
711 1894 779 1950 Et
802 1903 980 1949 tamen
999 1890 1045 1947 si
1061 1890 1205 1946 bene
1224 1883 1762 1953 consideremusmei
1787 1882 1938 1939 nullo

348 1989 510 2048 modo
535 1987 771 2044 instituta
818 1984 1136 2041 turbantur:
1159 1979 1409 2052 quoniam
1450 1976 1708 2050 praiseius
1728 1975 1941 2032 futuro-

349 2097 466 2139 rum
496 2087 685 2137 cuneta
711 2074 988 2133 constituit
1015 2092 1029 2129 :
1060 2086 1161 2129 nee
1180 2080 1355 2128 totum
1381 2069 1523 2142 quod
1544 2078 1788 2126 meretur
1808 2081 1941 2140 apo-

347 2156 535 2228 stat'lea
567 2177 847 2234 creatura,
878 2164 1103 2238 singulis
1126 2163 1334 2230 reddit;
1363 2161 1459 2219 sed
1487 2163 1541 2218 in
1580 2175 1855 2225 mensura,
1883 2167 1939 2217 et

348 2281 603 2333 numero,
640 2272 699 2321 et
725 2261 962 2334 pondere
984 2258 1278 2345 disponens
1295 2256 1473 2313 omnia
1501 2255 1660 2345 (sup.
1690 2269 1747 2310 χι
1765 2297 1782 2323 ,
1798 2251 1895 2326 2i)
1917 2291 1934 2321 ,

347 2358 615 2433 neminem
644 2355 772 2412 sinit
795 2352 917 2409 maii
938 2348 1139 2433 aliquid
1164 2347 1407 2430 perpeti,
1446 2344 1592 2429 quod
1622 2359 1731 2401 non
1756 2358 1938 2400 mere-

348 2430 466 2513 tur;
492 2446 735 2520 quamvis
775 2458 883 2500 non
922 2430 1163 2508 tantum,
1188 2445 1448 2511 quantum
1484 2449 1678 2492 massa:
1713 2433 1940 2492 debetur

346 2541 606 2598 universa:
624 2580 641 2604 ,
671 2535 911 2607 singulus
933 2531 1158 2605 quisque
1188 2529 1436 2601 patiatur.

415 2627 749 2688 LXXX'VHI.
786 2626 908 2683 ιυι.
937 2623 1011 2681 Ut
1045 2624 1163 2680 sine
1188 2620 1333 2679 dono
1358 2618 1593 2689 diaboli,
1629 2618 1697 2675 ad
1740 2615 1884 2690 quod
1907 2617 1936 2651 ⁸

344 2723 479 2780 dicis
504 2720 778 2778 libidinem
802 2730 1027 2774 seruum
1067 2714 1339 2787 pertinere
1362 2754 1379 2782 ,
1404 2710 1607 2783 nuptias
1631 2725 1765 2783 quas
1792 2709 1936 2767 Deus

342 2822 649 2880 creaverat,
679 2825 801 2868 esse
827 2825 935 2866 non
962 2813 1202 2880 possent;
1242 2805 1353 2861 imo
1379 2804 1485 2861 illis
1509 2817 1644 2876 quas
1663 2802 1938 2860 ordinave-

316 2962 321 2967 ,
345 2914 448 2971 rat,
471 2900 818 2959 institutionis
835 2913 950 2955 sua:
973 2897 1183 2953 honore
1201 2893 1561 2961 avolantibus,
1587 2893 1685 2949 has
1709 2906 1937 2963 quantum

344 2994 479 3051 ordo
506 2991 833 3067 permansit,
861 3002 986 3044 eum
1021 2984 1261 3042 motione
1284 2982 1596 3056 genitalium
1618 3022 1635 3049 ,
1678 2996 1802 3038 cum
1837 2997 1939 3054 pu-

343 3087 476 3143 dore
499 3083 805 3142 coeuntium
825 3122 841 3149 ,
866 3095 988 3138 cum
1014 3078 1194 3135 calore
1216 3085 1272 3134 et
1294 3074 1729 3133 consternatione
1765 3087 1940 3130 mem-

345 3176 604 3243 brorum,
654 3188 777 3230 eum
810 3169 1144 3244 iucunditate
1166 3180 1420 3225 sensuum
1445 3207 1462 3236 ,
1506 3180 1629 3223 eum
1658 3164 1937 3237 iniquitate

343 3269 697 3335 nascentium,
719 3264 938 3332 diaboli,
960 3278 1068 3321 non
1092 3260 1214 3330 Dei,
1236 3274 1373 3334 opus
1392 3273 1515 3317 esse
1536 3267 1753 3332 cogeret
1774 3266 1937 3331 atque

339 3361 681 3420 convinceret
708 3376 723 3414 :
946 3380 951 3385 ·

412 3452 547 3508 Atto.
580 3450 637 3505 Si
667 3448 865 3504 malum
888 3445 1141 3502 vitiorum
1164 3484 1181 3512 ,
1210 3441 1354 3515 quod
1374 3440 1477 3499 nisi
1502 3440 1556 3497 in
1586 3439 1766 3514 aliquo
1790 3438 1938 3497 bono

341 3522 595 3600 essenon
626 3547 824 3612 potest,
853 3554 883 3594 a
909 3545 1222 3594 naturarum
1247 3535 1491 3592 bonitate
1509 3534 1814 3602 diseernas;
1837 3548 1939 3591 nec

341 3631 628 3691 excnsahis
652 3630 944 3698 diabolum,
971 3643 1072 3685 nec
1097 3625 1374 3683 accusabis
1398 3626 1565 3681 Deum
1600 3642 1616 3680 :
1646 3638 1937 3681 uec'exctt-

340 3722 485 3779 sabis
529 3720 764 3778 libidinis
792 3720 989 3797 maium
1009 3760 1027 3788 ,
1064 3731 1167 3774 nec
1192 3716 1471 3773 accusabis
1500 3714 1809 3788 nuptiarum
1838 3716 1938 3772 bo-

320 3902 347 3927 ⁸
406 3904 699 3964 LXXXIX.
729 3904 849 3962 ιω..
876 3903 1051 3976 Ipsam
1092 3910 1369 3979 postremo
1394 3899 1603 3957 arbitrii
1632 3898 1934 3956 libertatem

340 3999 724 4071 unius‘peocati
754 3996 1075 4069 impulsione
1101 3994 1384 4051 subrueret
1410 3991 1463 4055 ’ς
1494 3999 1553 4047 ut
1584 4005 1745 4048 nemo
1777 3991 1936 4048 dein-

338 4107 467 4162 ccps
495 4090 549 4147 in
576 4097 842 4162 potestate
874 4087 1097 4143 haberet
1120 4095 1304 4142 vetera
1322 4082 1547 4153 crimina
1573 4081 1789 4137 virtutis
1816 4081 1932 4138 ele-

340 4185 521 4241 ctione
562 4197 846 4254 respuere,
877 4179 973 4235 sed
997 4193 1105 4234 uno
1131 4182 1321 4233 omnes
1359 4175 1414 4231 in
1438 4174 1937 4233 condemnationem

312 4277 542 4332 'eversa:
578 4272 925 4330 humanitatis
954 4277 1195 4326 torrente
1221 4273 1558 4338 raperentur.

412 4367 547 4422 Anc.
569 4364 680 4420 Cur
704 4380 809 4419 non
839 4363 1014 4434 potius
1038 4359 1252 4417 miraris
1276 4400 1293 4426 ,
1323 4357 1559 4415 universi
1589 4358 1805 4431 generis
1831 4356 1936 4413 hu-

342 4458 483 4531 mani
504 4458 573 4512 ab
592 4458 812 4513 exordio
831 4457 1123 4512 nativitatis
1143 4461 1347 4510 tantam
1371 4452 1664 4520 miseriam,
1690 4462 1748 4508 ut
1775 4467 1936 4509 nemo

342 4549 531 4606 beatus
557 4548 658 4604 nisi
686 4564 752 4604 ex
780 4548 977 4603 misero
1006 4546 1119 4613 ﬁat,
1151 4560 1326 4617 neque
1344 4532 1446 4599 nisi
1467 4543 1589 4615 post
1614 4544 1753 4600 hanc
1771 4544 1936 4601 vitam

341 4642 497 4698 malis
516 4641 768 4697 omnibus
793 4648 1012 4706 careat,
1042 4639 1127 4695 cui
1156 4653 1251 4710 per
1275 4637 1369 4693 Dei
1393 4638 1619 4708 gratiam
1651 4648 1939 4708 praistatur

343 4746 401 4809 ut
432 4733 655 4791 careat?
682 4734 794 4791 Hoc
817 4732 1063 4789 mirando
1083 4774 1099 4799 ,
1135 4739 1192 4789 te
1209 4731 1486 4807 corriges;
1530 4739 1584 4787 et
1608 4726 1810 4802 justum
1841 4732 1937 4790 Dei

336 4826 593 4898 judicium
618 4824 890 4897 (quoniam
923 4837 1019 4901 per
1041 4836 1210 4877 unum
1238 4818 1511 4875 hominem
1543 4829 1822 4891 peccatum
1848 4823 1933 4876 iu-

339 4916 497 4973 travit
546 4917 599 4972 in
629 4913 911 4988 mundum)
950 4915 1003 4970 in
1032 4912 1248 4986 generis
1276 4911 1497 4968 humani
1540 4926 1648 4968 non
1691 4911 1888 4984 injusta
1912 4911 1938 4945 ⁸

338 5007 629 5065 aiﬁictione
652 5022 965 5080 cognosces.

410 5101 526 5158 XC.
552 5096 672 5158 Jun.
693 5101 755 5159 Si
779 5101 924 5168 haec,
953 5100 1201 5172 inquam,
1229 5103 1417 5155 cuncta
1439 5095 1492 5152 in
1525 5095 1619 5153 Dei
1651 5095 1935 5168 ituaginem

341 5192 501 5263 primi
528 5192 758 5263 hominis
787 5191 988 5267 invexit
1014 5190 1297 5267 iniquitas;
1338 5187 1680 5245 manifestum
1718 5197 1804 5245 est
1842 5190 1931 5244 ni-

341 5284 445 5340 mis
474 5297 595 5340 esse
622 5283 945 5340 imbeciltam
968 5282 1177 5340 Christi
1198 5281 1423 5355 gratiam
1463 5280 1517 5336 in
1549 5279 1663 5337 suis
1699 5279 1939 5337 muneri-

406 5438 429 5485 ε
456 5438 661 5513 θῆναι.
682 5437 803 5499 uno
822 5451 961 5499 vero.
985 5436 1069 5497 die
1091 5443 1472 5499 reclinatae
1494 5450 1662 5496 rem
1683 5443 1810 5495 nato.

405 5502 429 5535 ³
459 5501 598 5551 Edttt.
621 5512 778 5551 auem
808 5508 936 5551 atas.
959 5500 1105 5551 quod.

405 5502 429 5535 θ
459 5501 598 5560 editi.
621 5512 778 5565 quan.
808 5508 936 5563 ius.
959 5501 1105 5565 quod.

385 5560 432 5614 ,⁸
458 5563 595 5623 aliti,
618 5560 887 5613 suorum.
922 5556 979 5612 At
997 5564 1127 5625 κει,
1152 5560 1422 5614 meruerat.
1450 5560 1757 5613 anademata
1775 5559 1935 5615 reter-

341 5629 660 5801 221%?
686 5691 741 5737 Αι
766 5676 1022 5739 ttenardus
1043 5691 1096 5737 et
1117 5685 1269 5751 prima
1294 5685 1521 5751 \‘iguierii
1546 5685 1716 5753 editio,
1740 5699 1835 5741 non
1845 5687 1934 5754 ju-

1657 300 1861 358 LIBER
1899 301 2278 373 SECUNDUS.

3495 311 3598 373 117

2051 313 2278 373 mnus.
3495 313 3636 397 11η

2051 417 2183 485 bus,
2213 433 2333 490 quae
2363 417 2494 474 nihil
2523 416 2664 495 quod
2694 418 2777 476 his
2799 428 2875 476 tot
2900 421 3190 482 trabalibus
3217 423 3370 479 malis
3390 425 3638 485 medere-

2050 520 2135 567 tur
2150 511 2358 568 invenit
2380 522 2498 572 :aut
2521 514 2564 568 si
2592 513 2811 581 invenit,
2837 514 3065 570 a‘fﬁrma.
3087 514 3305 588 Singula
3328 518 3470 579 enim
3495 535 3635 575 nunc
3743 564 3750 571 .

2047 603 2272 675 singulis
2284 604 2642 661 conferamus.
2660 603 2715 661 Si
2735 604 2905 663 Adam
2935 616 3130 677 praeter
3144 607 3429 665 voluntatis
3448 626 3633 681 opera,

2046 690 2215 764 ipsius
2250 703 2452 751 naturae
2478 695 2718 752 instituta
2745 697 3033 764 subvertit;
3071 699 3202 754 nihil
3245 700 3430 756 debuit
3468 703 3638 773 magis

2047 783 2294 841 Christus
2329 785 2382 854 ί,
2408 801 2566 857 quam
2593 802 2655 842 ea
2683 803 2801 860 qua:
2830 788 2898 844 ab
2926 788 3019 845 illo
3049 787 3259 845 fuerant
3284 791 3413 845 elisa
3435 832 3449 856 ,
3485 804 3640 862 repa-

2046 889 2167 931 rare
2185 916 2202 943 ,
2235 874 2318 930 his
2347 875 2592 933 videlicet
2620 879 2857 961 vestigiis
2882 879 3071 950 quibus
3094 880 3183 935 ille
3203 881 3504 936 subruerat.

2058 1036 2098 1050 ὦ
2116 965 2251 1022 Anc.
2276 965 2389 1022 Hoc
2414 964 2558 1034 facit,
2588 968 2682 1024 sed
2705 983 2810 1025 non
2840 968 3107 1041 quomodo
3132 977 3185 1026 tu
3207 970 3306 1028 vis.
3331 970 3463 1041 Quis
3490 969 3633 1027 enim

2044 1056 2293 1127 cognovit
2321 1067 2554 1114 mentem
2582 1059 2831 1134 Domini?
2857 1068 2953 1116 aut
2980 1061 3099 1133 quis
3140 1061 3477 1118 consiliarius
3516 1060 3637 1132 ejus

2045 1144 2145 1203 fuit
2175 1144 2325 1218 (Iani.
2354 1164 2456 1216 XL,
2487 1149 2589 1215 1'5;
2615 1149 2764 1205 Rom.
2797 1167 2887 1219 ιι,
2910 1151 3043 1222 διγρ

2109 1235 2251 1293 'XCI.
2277 1238 2397 1295 In.
2422 1236 2485 1295 ιιι
2513 1249 2628 1307 est,
2658 1250 2716 1298 ttt
2746 1241 2798 1297 in
2821 1243 3020 1314 nuptiis
3044 1242 3436 1316 baptizatorum
3464 1242 3641 1299 neuti-

2042 1341 2202 1399 quam
2227 1330 2513 1386 sentiretur
2534 1330 2733 1403 libido;
2762 1348 2860 1395 uec
2887 1333 3077 1390 eodem
3116 1333 3305 1404 modo,
3335 1350 3441 1407 quo
3469 1334 3633 1391 etiam

2043 1428 2356 1477 exterarum
2381 1422 2616 1494 gentium
2638 1465 2654 1492 ,
2685 1424 2934 1496 genitalia
2962 1435 3324 1485 moverentur.

2113 1512 2248 1569 Ave.
2273 1511 2390 1569 Non
2410 1528 2538 1586 ergo
2557 1514 2856 1575 debuerunt
2876 1518 3293 1590 baptizatmcunt
3308 1520 3516 1595 gemitu
3530 1534 3635 1592 pa-

2041 1614 2183 1669 rcre;
2212 1602 2464 1672 quoniam
2486 1604 2588 1661 hoc
2613 1604 2778 1677 (quod
2801 1622 2997 1680 negare
3026 1624 3133 1665 non
3164 1607 3339 1683 potes)
3365 1624 3520 1681 pinna
3549 1617 3636 1669 est

2041 1691 2256 1763 (emiua:
2282 1696 2614 1765 peccatricis.

2058 1778 2063 1784 ’
2110 1782 2271 1842 'XCll.
2294 1785 2413 1842 ιω
2436 1786 2737 1855 Βοοεᾶρτοι
2765 1797 3038 1863 postremo
3066 1799 3186 1866 post
3221 1791 3418 1848 donum
3444 1794 3635 1869 gratiae

2041 1877 2343 1934 coeuntium
2366 1878 2569 1961 pudor,
2586 1894 2698 1937 nec
2724 1880 2827 1937 iret
2858 1896 2952 1955 per
2978 1884 3216 1942 membra
3237 1884 3432 1954 quietis
3457 1884 3635 1940 imita-

2043 1969 2148 2039 tio,
2175 1987 2275 2028 nec
2302 1981 2610 2043 paterentur
2629 1987 2818 2029 sensus
2843 1990 3006 2033 onera
3037 1975 3335 2035 dulcedinis
3362 1994 3376 2033 :
3404 1977 3630 2035 liberum

2041 2071 2312 2134 postremo
2341 2064 2621 2135 baptizatis
2646 2066 2958 2125 redderetur
2976 2068 3276 2139 arbitrium,
3300 2078 3361 2129 ut
3386 2083 3484 2141 per
3503 2084 3630 2124 cor-

2040 2157 2329 2217 rectionem
2350 2168 2575 2227 naturae,
2602 2158 2822 2230 expulsa
2840 2160 2957 2233 lege
2984 2160 3208 2232 peccati,
3240 2170 3345 2216 tam
3373 2161 3632 2232 possibile

2038 2247 2373 2306 conﬁtereris
2401 2265 2520 2307 esse
2547 2251 2860 2308 mortalibus
2880 2293 2898 2323 ,
2939 2253 3112 2308 nitere
3150 2252 3436 2324 splendore
3459 2254 3630 2308 virtu-

2040 2347 2152 2405 tum
2178 2382 2194 2409 ,
2224 2355 2386 2421 quam
2429 2340 2676 2399 sordibus
2704 2339 2926 2399 horrere
2952 2343 3206 2407 vitiorum
3231 2360 3244 2396 :
3270 2343 3378 2399 imo
3418 2343 3631 2413 penitus

2039 2443 2143 2486 nec
2168 2431 2442 2505 mortales,
2464 2431 2554 2503 qui
2577 2430 2937 2507 Sacrameutis
2963 2432 3293 2502 imbuuntur,
3317 2448 3438 2497 esse
3462 2433 3632 2491 debe-

2036 2520 2178 2578 rem.

2108 2610 2246 2668 Anc.
2271 2610 2342 2667 Et
2368 2619 2546 2669 tamen
2566 2654 2583 2685 ,
2610 2611 2819 2675 Iuliane
2838 2654 2853 2679 ,
2883 2613 3014 2669 tales
3058 2614 3270 2690 nuptias
3299 2614 3352 2669 in
3383 2613 3634 2689 paradiso

2038 2702 2363 2781 constituere
2392 2719 2497 2759 non
2543 2712 2596 2762 te
2639 2704 2841 2781 pudet,
2890 2703 2979 2760 ubi
3008 2706 3313 2763 coeuntium
3355 2706 3631 2763 conﬁteris

2037 2792 2318 2864 pudorem.
2351 2792 2565 2866 Ergone
2604 2792 2802 2867 aliquid
2832 2794 3136 2866 pudendum
3177 2804 3324 2864 erat,
3364 2795 3454 2853 ubi
3500 2796 3633 2855 nihil

2038 2885 2142 2955 nisi
2165 2885 2514 2961 laudandum,
2541 2887 2630 2959 qui
2652 2901 2813 2965 supra
2833 2898 3023 2945 cuncta
3045 2889 3340 2949 laudandus
3360 2900 3462 2960 cst,
3484 2889 3631 2949 Con-

2035 2975 2181 3033 ditor
2204 2976 2542 3033 instituerat“!
2582 2976 2709 3047 Sed,
2731 2978 2851 3053 quis
2890 2988 3064 3057 potest
3107 2979 3210 3038 hoc
3234 2996 3422 3054 sapere
3448 2991 3503 3038 et
3542 2982 3631 3039 di-

2035 3083 2164 3128 cere
2181 3111 2199 3138 ,
2226 3070 2514 3145 nisipquem
2544 3084 2649 3133 non
2677 3071 2841 3144 pudet
2866 3071 2920 3127 id
2946 3071 3166 3129 laudare
3192 3073 3330 3145 quod
3359 3074 3561 3146 pudet?

2107 3158 2291 3217 XCIII.
2321 3159 2442 3218 ιω..
2463 3161 2520 3218 Si
2541 3160 2685 3218 enim
2713 3171 2909 3234 pugnat
2930 3163 3191 3219 medicina
3221 3179 3343 3219 cum
3372 3164 3591 3222 vulnere
3610 3207 3630 3234 ,

2034 3259 2094 3317 et
2115 3265 2263 3311 mors
2284 3262 2506 3329 peccato
2533 3251 2729 3315 dicitur
2759 3252 3021 3311 accidisse
3038 3296 3055 3323 ,
3083 3253 3411 3315 ablationem
3440 3255 3631 3313 mortis

2036 3344 2238 3409 amotio
2262 3345 2467 3418 peccati
2497 3344 2659 3403 debet
2680 3344 2915 3419 operari.

2107 3436 2246 3494 Anc.
2277 3435 2468 3493 Adhuc
2512 3436 2729 3509 quidem
2777 3436 2988 3503 dicitis,
3028 3436 3198 3493 Adam
3224 3437 3302 3495 sic
3349 3438 3509 3496 fuisse
3546 3439 3631 3496 fa-

2036 3535 2181 3585 ctum
2206 3570 2222 3596 ,
2249 3535 2309 3583 ut
2334 3527 2446 3585 sive
2470 3536 2738 3599 peccaret,
2760 3526 2875 3585 sive
2899 3542 3005 3583 non
3035 3536 3315 3599 peccaret,
3341 3530 3633 3585 moriturus

2038 3630 2183 3677 esset
2214 3638 2229 3676 :
2274 3620 2369 3677 sed
2399 3620 2500 3676 ista
2525 3620 2766 3678 dicentes
2800 3621 2911 3692 jam
2941 3635 3038 3683 vos
3078 3622 3331 3694 magister
3358 3631 3537 3679 vester
3575 3623 3631 3679 in

2037 3700 2328 3786 e'pisc0pali
2367 3711 2567 3785 judicio
2607 3713 2923 3781 Palaestino,
2965 3729 3067 3769 nec
3094 3714 3212 3771 sine
3239 3730 3297 3769 se
3327 3714 3444 3786 ipso
3462 3756 3479 3785 ,
3509 3716 3631 3793 quia

2039 3818 2145 3862 non
2173 3819 2233 3862 se
2270 3804 2538 3879 correxit,
2582 3804 2828 3877 Pelagius
2867 3806 2984 3881 ipse
3023 3805 3297 3865 damnavit
3332 3805 3407 3880 (τι)
3442 3825 3456 3862 :
3491 3806 3633 3865 Dens

2038 3908 2368 3955 autemnon
2413 3899 2467 3954 in
2514 3898 2616 3955 isto
2651 3897 2848 3954 saeculo
2892 3898 3127 3970 maligno
3174 3898 3442 3955 beatiﬁcat
3468 3914 3631 3966 suos,

2037 3990 2233 4063 quibus
2253 3990 2342 4047 hic
2366 3999 2586 4064 peccata
2615 3990 2866 4058 dimittit,
2907 4000 2962 4051 et
2986 3992 3206 4063 spiritus
3232 3991 3416 4060 gratiae
3444 3993 3636 4064 pignus

2039 4083 2299 4156 impertit.
2345 4082 2470 4139 Ideo
2510 4082 2589 4138 eis
2631 4082 2723 4155 qui
2767 4084 2927 4139 etiam
2968 4085 3122 4141 malis
3151 4085 3331 4143 smeuli
3360 4085 3517 4158 hujus
3547 4085 3632 4142 vel

2038 4174 2479 4244 delectabilibus,
2511 4176 2594 4233 vel
2619 4177 2777 4234 saivis
2804 4186 2963 4250 atque
3002 4178 3244 4250 asperis,
3290 4180 3481 4250 partim
3523 4197 3633 4236 non

2038 4277 2289 4337 utuntur,
2332 4268 2524 4340 partim
2549 4267 2688 4325 bene
2720 4277 2944 4327 utuntur
2963 4311 2977 4336 ,
3005 4268 3237 4325 futurum
3267 4272 3507 4341 promisit
3530 4288 3632 4328 sa:-

2037 4362 2216 4418 culnm
2238 4403 2254 4429 ,
2283 4360 2336 4415 iu
2366 4375 2473 4431 quo
2498 4359 2635 4416 mala
2664 4359 2805 4415 nulla
2837 4358 3135 4433 patiantur;
3167 4360 3254 4416 ubi
3288 4362 3422 4416 tales
3452 4371 3637 4419 essent

2039 4463 2094 4511 et
2122 4453 2341 4524 nuptias,
2374 4452 2561 4525 quales
2588 4451 2643 4509 in
2664 4452 2758 4511 illo
2780 4451 3043 4523 paradiso,
3076 4453 3121 4508 si
3148 4468 3308 4509 nemo
3334 4462 3632 4527 peccasset,

2038 4560 2160 4602 esse
2183 4545 2503 4618 potuissent,
2532 4544 2586 4600 in
2611 4545 2802 4617 quibus
2832 4545 2965 4601 nihil
2995 4544 3302 4618 pudendum
3324 4557 3467 4602 esset
3495 4564 3507 4601 :
3536 4547 3632 4605 sed

2040 4652 2139 4694 nee
2167 4637 2306 4695 tales
2329 4645 2514 4703 erunt,
2546 4636 2794 4706 quoniam
2820 4636 3098 4695 beatorum
3126 4653 3351 4691 numero
3378 4636 3630 4709 impleto,

2041 4730 2129 4786 cui
2160 4731 2269 4785 sint
2302 4730 2501 4799 nuptiae
2529 4728 2846 4785 necessariae
2865 4770 2892 4796 ι
2922 4730 3195 4800 generatio
3235 4729 3349 4801 ipsa
3377 4745 3480 4786 non
3508 4731 3631 4791 erit.

2112 4817 2297 4876 XCIV.
2325 4818 2446 4875 JUL.
2476 4818 2674 4888 Yernm
2700 4834 2821 4875 cum
2843 4818 2975 4874 nihil
3003 4818 3191 4874 horum
3213 4836 3332 4891 quae
3361 4820 3593 4878 diximus
3613 4865 3630 4891 ,

2038 4912 2426 4984 baptizatorum
2469 4919 2679 4968 constet
2722 4912 2937 4969 evenire
2986 4913 3331 4987 corporibus;
3383 4932 3487 4975 non
3535 4933 3634 4987 po-

2041 5003 2206 5060 tuisse
2231 5011 2411 5060 autem
2436 5003 2625 5071 aliter,
2654 5003 2707 5061 id
2744 5011 2861 5071 est,
2906 5019 3011 5061 non
3046 5004 3297 5064 debuisse
3317 5049 3331 5073 ,
3358 5024 3517 5080 quam
3549 5009 3635 5068 his

2039 5092 2320 5153 medicina:
2347 5093 2522 5153 modis
2543 5101 2710 5152 totum
2737 5094 2876 5161 ﬁeri,
2904 5094 3104 5152 veritas
3127 5090 3323 5154 clarior
3340 5099 3455 5156 sole
3476 5116 3634 5157 mon-

2040 5185 2290 5242 straverit
2319 5202 2333 5241 :
2362 5184 2723 5245 conﬁtendum
2774 5187 2868 5242 tibi
2910 5196 3032 5260 est,
3085 5198 3177 5244 aut
3213 5190 3298 5246 illa
3342 5208 3461 5264 qua:
3488 5193 3635 5263 prius

2041 5278 2476 5334 enumeravituus
2500 5319 2515 5343 ,
2556 5294 2663 5334 non
2709 5279 2968 5339 accidisse
2997 5292 3217 5352 peccato
3240 5324 3254 5347 ,
3301 5292 3355 5338 et
3385 5283 3503 5339 ideo
3534 5300 3633 5340 nec

2039 5369 2262 5437 vulnera
2289 5368 2454 5425 fuisse
2480 5377 2717 5436 naturae;
2751 5382 2808 5426 ut
2840 5381 3049 5428 constet
3094 5374 3229 5429 ratio
3272 5376 3488 5446 gratim,
3538 5390 3632 5446 per

2040 5474 2199 5533 quam
2239 5460 2576 5517 manifestqu
2619 5471 2730 5529 est,
2775 5461 2862 5518 illa
2909 5463 2977 5519 de
3016 5464 3128 5521 suis
3169 5464 3446 5522 ordinibus
3486 5473 3629 5521 mota

2040 5568 2150 5610 non
2173 5567 2299 5623 esse
2332 5562 2466 5611 :aut
2491 5564 2638 5613 certe
2674 5556 2976 5629 negandum
3000 5598 3018 5626 ,
3050 5560 3104 5615 iu
3135 5561 3403 5632 mysteriis
3426 5559 3626 5617 Christi

2235 5691 2309 5771 te:
2329 5691 3104 5771 avensauesemaos
3120 5694 3378 5746 ινιτεειαυι-

2107 5753 2180 5817 (α)
2202 5752 2299 5814 ιιι).
2324 5750 2391 5805 de
2412 5754 2569 5809 cestu
2584 5746 2786 5823 'relasii,
2815 5768 2897 5808 un.
2923 5756 3003 5818 π,
3024 5746 3100 5807 57.
