4126 6556
451 396 590 456 H79

449 510 737 583 quidquam
766 522 888 566 esse
925 505 1238 573 medicinae,
1278 519 1399 576 quae
1436 501 1505 559 de
1537 509 1616 558 tot
1653 497 1946 556 secundum
1989 505 2041 553 te

450 584 654 659 morbis
684 602 702 634 ³
730 616 799 657 ne
828 614 991 656 unum
1014 596 1228 670 quidem
1257 609 1447 651 sanare
1468 591 1759 665 potuerint.

523 695 660 750 Anc.
687 689 801 748 lmo
824 706 953 747 vero
981 688 1104 745 hinc
1132 687 1401 744 deberetis
1426 698 1749 757 agnoscere,
1786 683 1831 738 si
1862 688 2044 737 mente

452 784 633 840 sobria
654 783 925 850 viveretis,
952 796 1110 853 quam
1141 794 1390 852 magnum
1413 775 1542 832 illud
1563 783 1838 849 peccatum
1865 772 2042 839 fuerit,

453 875 598 945 quod
640 891 737 948 per
765 890 929 930 tinum
972 872 1243 928 hominem
1288 868 1506 926 intravit
1546 869 1601 924 in
1645 867 1943 933 mundutn,
1991 873 2048 922 et

454 980 576 1023 enin
608 974 779 1021 morte
822 964 875 1019 in
921 977 1110 1019 omnes
1146 961 1390 1017 homines
1418 958 1725 1031 pertransiit
1753 974 1767 1012 :
1801 955 2046 1028 quando-

458 1056 673 1129 quidem
716 1056 871 1112 malis
914 1055 1072 1126 hujus
1122 1054 1338 1119 saeculi,
1391 1066 1513 1108 cum
1562 1051 1756 1123 quibus
1804 1048 2048 1106 homines

457 1149 759 1205 moriuntur
785 1148 829 1214 ',
859 1162 957 1202 nec
983 1144 1252 1216 baptizati,
1277 1145 1387 1215 jam
1408 1153 1558 1199 reatu
1577 1143 1776 1209 ablato,
1800 1142 2051 1197 omnibus

458 1246 737 1305 eruuntur,
769 1237 870 1293 nisi
897 1245 1017 1308 post
1049 1235 1186 1291 hanc
1209 1233 1410 1301 vitam;
1456 1233 1511 1288 in
1531 1248 1635 1304 qua
1668 1247 1768 1288 nos
1793 1241 2047 1303 oportet,

460 1331 623 1387 etiam
650 1329 926 1401 promissis
950 1327 1105 1384 bonis
1122 1368 1139 1395 ,
1171 1325 1407 1383 exerceri
1431 1323 1607 1381 adhuc
1637 1323 1813 1380 malis.
1841 1322 1981 1379 Nam
2003 1323 2052 1378 si

459 1437 668 1478 merces
694 1418 816 1476 ﬁdei
843 1418 1099 1475 continuo
1142 1416 1458 1474 redderetur
1476 1456 1492 1483 ,
1514 1415 1626 1486 jam
1653 1430 1752 1471 nec
1779 1412 1911 1470 ﬁdes
1934 1411 2053 1485 ipsa

460 1525 638 1582 esset;
676 1528 796 1585 qua:
821 1511 960 1568 mala
987 1510 1268 1583 praesentia
1300 1509 1489 1566 videns
1510 1551 1527 1576 ,
1554 1507 1675 1564 ideo
1704 1508 1793 1578 pie
1820 1506 2050 1575 tolerat,

461 1604 587 1678 quia
612 1603 751 1660 bona
776 1603 1037 1674 promissa
1067 1616 1173 1657 non
1197 1599 1385 1657 videns
1408 1641 1425 1668 ,
1456 1598 1688 1655 ﬁdeliter
1713 1606 1770 1656 et
1792 1596 2055 1669 patienter

463 1703 758 1766 exspectat.

484 1860 487 1865 Α
535 1786 695 1843 XCV.
723 1784 842 1841 Jun.
870 1783 962 1840 Sic
986 1783 1068 1856 egi
1104 1783 1361 1839 hactenus
1382 1821 1398 1848 ,
1428 1778 1583 1852 quasi
1606 1776 1715 1835 vim
1742 1777 2005 1853 donorum
2032 1775 2055 1810 ³

464 1887 523 1935 et
548 1878 859 1946 vulnerum,
902 1878 955 1932 in
985 1876 1267 1933 contrariis
1291 1874 1421 1931 licet
1454 1871 1730 1930 eﬁ‘ectibus
1748 1914 1764 1940 ,
1794 1870 2067 1943 aequalem,

464 1978 645 2025 tamen
683 1968 972 2041 Apostolus
1001 1966 1320 2023 :rstimasset
1370 1983 1385 2020 :
1427 1963 1622 2021 crescit
1667 1972 1845 2018 autem
1894 1961 2058 2019 dubio

466 2059 652 2131 procul
672 2058 972 2115 sublimitas
999 2073 1145 2114 sana:
1166 2055 1309 2124 lidei,
1330 2071 1491 2128 quam
1519 2065 1758 2119 tuemur;
1782 2069 1909 2110 cum
1938 2068 2058 2111 con-

465 2152 731 2208 sideratur
764 2151 986 2215 Paulus,
1021 2165 1126 2205 non
1154 2149 1327 2204 solum
1358 2144 1607 2204 remediis
1632 2144 1817 2218 gratiae
1840 2144 2059 2216 aegritu-

467 2242 649 2300 dinem
678 2257 784 2298 non
815 2240 1116 2312 praetulisse
1148 2240 1423 2309 culparum
1445 2279 1461 2305 ,
1489 2250 1672 2291 verum
1701 2234 1863 2291 etiam
1886 2233 2064 2306 copio-

466 2337 611 2393 siora
638 2333 895 2391 beneﬁcia
912 2332 1184 2405 iudicasse
1208 2328 1526 2402 dispendiis.

538 2429 674 2482 Auc.
699 2424 898 2481 Verum
926 2434 1010 2480 est
1037 2441 1050 2476 :
1079 2422 1390 2494 temporalia
1412 2421 1610 2492 quippe
1636 2427 1761 2474 sunt
1784 2415 2062 2490 dispendia

467 2524 942 2589 regeneratorum;
970 2512 1229 2578 beneﬁcia
1253 2529 1385 2568 vero
1408 2519 1569 2567 erunt
1591 2511 1710 2566 sine
1729 2509 1891 2566 dubio
1916 2524 2062 2565 sem-

470 2613 675 2684 piterna
700 2629 713 2665 :
743 2608 838 2665 sed
866 2607 1166 2680 dispendia,
1196 2622 1316 2678 qua:
1336 2611 1624 2662 nascentes
1653 2602 1831 2659 ﬂendo
1865 2609 2066 2659 testan-

471 2714 592 2769 tur,
636 2700 797 2758 dicite
823 2716 929 2772 quo
961 2701 1153 2756 merito
1178 2699 1278 2755 sub
1302 2697 1599 2770 iustissimo
1636 2706 1692 2753 et
1727 2695 2066 2767 omnipoten-

471 2790 680 2850 tissimo
707 2790 894 2849 Judice
938 2792 1049 2861 eis,
1093 2791 1140 2847 si
1189 2789 1393 2846 nullum
1439 2797 1714 2860 peccatum
1754 2785 2062 2856 attrahunt,

473 2886 796 2956 irrogentnr.

545 2975 728 3034 XCVI.
756 2976 876 3032 Jun.
905 2973 1041 3044 Quid
1072 2990 1200 3047 ergo
1242 2974 1403 3030 etiam
1446 2970 1562 3029 haec
1589 2970 1878 3043 disputatio
1902 2968 2068 3027 colle-

473 3068 632 3140 gerit,
660 3067 898 3141 prudens
925 3068 1094 3123 lector
1111 3065 1371 3122 attendat.
1398 3062 1688 3134 Apostolus
1710 3062 1846 3129 dixit
1874 3063 1925 3117 in
1956 3060 2070 3132 plu-

476 3177 566 3217 res
594 3158 895 3216 abundasse
923 3158 1262 3214 donationem
1292 3154 1493 3214 Christi
1518 3155 1586 3211 ad
1609 3154 1834 3213 salutem
1854 3193 1873 3221 ,
1908 3167 2068 3224 quam

473 3250 607 3307 Adae
633 3251 787 3321 culpa
814 3249 1102 3306 nocuisset.

548 3344 686 3399 Auc.
710 3339 824 3397 Non
856 3340 962 3396 hoc
998 3339 1132 3396 dixit
1169 3358 1183 3395 :
1219 3338 1356 3396 sed:
1391 3336 1558 3394 linito
1600 3335 1760 3409 magis
1797 3333 2073 3389 abundavit

475 3436 641 3510 gratia
669 3435 721 3489 in
741 3432 925 3489 multos
955 3431 1132 3504 (Rom.
1152 3448 1206 3501 v,
1235 3430 1350 3504 15);
1381 3430 1484 3487 hoc
1506 3438 1610 3496 est,
1638 3427 1805 3498 magis
1829 3425 2072 3483 abunda-

478 3530 576 3596 vit,
609 3544 713 3584 non
741 3528 795 3583 in
819 3528 987 3600 magis
1015 3527 1235 3596 multos,
1259 3526 1314 3583 id
1335 3534 1418 3584 est
1436 3567 1452 3593 ,
1482 3541 1589 3582 non
1620 3525 1672 3581 in
1694 3524 1875 3595 plures
1893 3565 1908 3592 ,
1936 3522 2074 3580 sicut

472 3621 585 3694 jam
608 3634 922 3692 responsum
951 3628 1055 3676 est.

549 3712 760 3769 XCVII.
787 3712 908 3769 ιω..
944 3712 1056 3780 Qua
1083 3712 1238 3784 culpa
1266 3721 1322 3767 tu
1362 3710 1480 3767 illas
1504 3709 1717 3776 clades,
1747 3723 1879 3780 quas
1913 3722 2074 3779 supra

480 3805 933 3870 enumeravimus,
957 3803 1091 3861 dicis
1115 3803 1375 3861 accidisse
1399 3812 1626 3869 naturae,
1655 3817 1724 3856 cx
1753 3800 1948 3872 quibus
1976 3814 2076 3857 nec

483 3911 643 3950 unam
672 3896 724 3950 in
751 3895 834 3950 his
862 3895 949 3967 qui
975 3894 1041 3949 ad
1070 3893 1270 3951 Christi
1302 3892 1619 3965 perveniunt
1645 3888 1990 3948 Sacramenta
2016 3886 2039 3919 ⁸
2057 3929 2074 3958 ,

486 3996 702 4045 constat
742 3986 957 4055 sanari;
1004 4002 1068 4043 ac
1114 4001 1210 4058 per
1237 3984 1344 4042 hoc
1388 3983 1556 4040 multo
1581 3981 1699 4054 plus
1743 3980 2077 4052 iniquitatem

495 4079 653 4153 primi
680 4077 912 4135 hominis
931 4079 997 4134 ad
1023 4077 1321 4135 nocendum
1346 4078 1544 4133 asseris
1566 4074 1816 4131 habuisse
1843 4074 2075 4139 virtutis,

486 4187 645 4243 quam
676 4172 844 4244 gratia
875 4171 1076 4228 Christi
1104 4169 1311 4226 obtinet
1332 4169 1401 4224 ad
1429 4166 1749 4224 medendum
1781 4184 1795 4222 :
1823 4181 1931 4239 quo
1963 4166 2079 4222 col-

485 4264 646 4330 lecto,
675 4270 950 4318 ostensum
981 4270 1086 4325 est,
1116 4268 1368 4332 quantam
1396 4258 1534 4314 inter
1557 4254 1864 4314 Catholicos
1887 4263 1942 4311 et
1968 4254 2079 4310 Ma-

486 4352 726 4408 niehzeos
748 4395 765 4421 ,
796 4362 995 4408 tantam
1021 4350 1162 4409 inter
1201 4360 1253 4407 te
1289 4359 1344 4406 et
1370 4348 1685 4421 Apostolum
1708 4347 1931 4403 Paulum
1961 4359 2083 4402 esse

486 4444 833 4501 discordiam.

562 4539 697 4594 Auc.
724 4535 887 4592 Tollit
907 4535 1078 4607 gratia
1105 4534 1299 4592 Christi
1324 4534 1599 4608 originalis
1620 4533 1822 4605 peccati
1851 4542 2083 4599 reatum,

490 4627 588 4684 sed
611 4643 722 4685 rem
751 4627 1070 4684 invisibilem
1102 4627 1435 4684 invisibiliter
1461 4627 1599 4682 tollit
1632 4643 1647 4681 :
1678 4625 1899 4681 dimittit
1925 4623 2087 4680 etiam

491 4731 687 4778 cuncta
714 4731 963 4793 peccata,
998 4737 1118 4792 qua:
1146 4721 1390 4777 homines
1432 4720 1569 4776 male
1605 4718 1835 4775 vivendo
1870 4718 2089 4789 insuper

490 4815 830 4873 addiderunt.
867 4813 1134 4871 Iudicium
1163 4814 1359 4885 quippe
1384 4828 1452 4869 ex
1495 4829 1603 4868 uno
1632 4810 1828 4867 delicto
1865 4810 1919 4865 in
1959 4824 2089 4865 con-

497 4909 910 4975 demnationem;
941 4907 1063 4980 quia
1090 4918 1145 4964 et
1169 4923 1331 4963 unum
1361 4904 1489 4962 illud
1515 4905 1656 4978 quod
1684 4924 1715 4963 a
1748 4904 2093 4961 nascentibus

496 4999 751 5066 trahitur,
778 4998 940 5055 trahit
966 4998 1032 5054 ad
1052 5008 1308 5055 aeternam
1337 4996 1878 5063 condemnationem,
1911 4994 1959 5051 si
1984 4984 2090 5050 non

496 5090 797 5145 remittatur
847 5106 861 5144 :
907 5104 1007 5145 nec
1056 5096 1234 5145 tamen
1283 5089 1387 5145 hoc
1431 5087 1605 5144 solum
1631 5085 1802 5158 gratia
1835 5076 2109 5149 dimittits

493 5181 733 5253 alioquin
764 5189 968 5236 tantum
1000 5181 1230 5249 valeret;
1259 5181 1354 5238 sed
1373 5196 1494 5236 cum
1526 5179 1643 5251 ipso
1662 5176 1882 5234 dimittit
1907 5187 1962 5234 et
1980 5192 2092 5232 cae-

501 5284 633 5339 tera;
661 5289 790 5345 ergo
820 5273 937 5346 plus
962 5274 1100 5331 valet
1127 5293 1141 5330 :
1171 5283 1389 5346 propter
1407 5272 1547 5345 quod
1566 5270 1767 5327 dictum
1794 5278 1910 5340 est,
1933 5269 2093 5325 ludi-

499 5369 630 5421 rium
673 5368 875 5438 quidem
907 5384 970 5424 ea:
997 5386 1097 5424 uno
1123 5368 1175 5423 in
1203 5365 1670 5423 condemnationem
1693 5406 1708 5429 ,
1733 5364 1900 5437 gratia
1925 5374 2096 5419 autent

498 5475 562 5513 ex
590 5460 758 5516 multis
790 5459 985 5517 delictis
1019 5462 1073 5516 in
1108 5460 1524 5533 justi/irationem
1552 5457 1740 5529 (Μήτι,
1784 5458 1890 5530 16).
1925 5458 2098 5515 Donat

564 5613 579 5641 '
617 5611 892 5674 Vignierins
913 5619 966 5663 et
986 5610 1144 5661 codex
1164 5617 1300 5674 Nam,
1323 5610 1385 5661 de
1398 5615 1471 5674 tot
1486 5609 1653 5674 senarii
1672 5609 1868 5662 morbis.

563 5674 583 5703 ε
618 5646 1800 5732 ὡές.’ἷιῖιῖῖἰῖεἶιοῖ“’ἓῖιῗοῗὶἷζ’Ῑιᾶἴὴῗιὲἔὶῖιϊὲἒὶάὶὶῖιὲἶ

567 5737 588 5768 ⁸
621 5737 754 5796 aliti,
781 5736 1019 5788 dolorum.
1040 5735 1206 5798 Aptius
1229 5742 1371 5786 vetus
1386 5733 1544 5798 codex
1570 5741 1717 5792 νυνι,
1737 5734 1987 5798 donorum.

565 5800 585 5829 δ
618 5800 684 5849 Sir
709 5793 816 5848 uss.
832 5806 964 5869 rqri.
986 5793 1095 5845 Mai-2
1115 5797 1233 5869 (:lnr.
1262 5805 1315 5848 ,ιιι
1338 5795 1475 5859 editi,
1497 5809 1583 5848 nec
1606 5807 1752 5849 uitam
1769 5806 1863 5861 quo
1885 5795 1951 5847 ad
1964 5793 2100 5849 chri-

508 5866 628 5911 ttum
651 5866 925 5924 rerumth
948 5867 1265 5913 Sttcrttmcruo.
1444 5879 1453 5884 ·

1127 386 1374 449 OPERIS
1409 379 1826 443 IMPERFECTI
1862 374 2138 437 CONTRA
2174 374 2538 446 ιυιιΑΝυιι,
2578 375 2638 433 S.
2681 370 3045 432 AUGUSTINI

3594 371 3732 432 ιιθο

2150 495 2311 555 etiam
2336 496 2505 568 gratia
2521 535 2541 562 ,
2564 504 2837 553 utcontra
2860 491 3345 568 concupiscentiam
3373 493 3555 550 carnis
3577 495 3732 564 spiri-

2150 597 2237 645 tus
2276 588 2616 661 concupiscat
2646 605 2661 643 :
2691 597 2749 644 et
2781 588 2829 647 si
2864 587 3078 660 quando
3111 585 3284 643 ﬁdelis
3322 585 3484 643 homo
3529 587 3584 643 in
3629 586 3733 645 hoc

2148 682 2441 763 certamine
2474 680 2754 737 venialiter
2780 680 3036 745 vincitur,
3067 677 3247 753 debita
3274 678 3491 734 dimittit
3518 680 3728 745 oranti;

2148 781 2203 829 et
2222 771 2436 853 quando
2462 770 2833 828 damnabiliter
2856 770 3106 835 vincitur,
3135 769 3228 825 dat
3251 769 3584 827 humiliorem
3611 787 3731 844 pos-

2149 866 2427 923 niteotiam
2450 907 2466 934 ,
2493 866 2580 921 cui
2610 866 2807 922 tribuat
2841 864 3242 937 indulgentiam.
3267 864 3439 921 Donat
3464 875 3733 938 postremo

2150 959 2317 1016 vitam
2335 967 2587 1017 aeternam
2617 968 2673 1014 et
2713 958 2905 1033 anima:
2942 967 2998 1014 et
3034 956 3282 1028 corpori,
3332 957 3421 1013 ubi
3465 957 3639 1029 qualia
3678 966 3734 1015 et

2150 1062 2347 1124 quanta
2374 1052 2514 1109 bona
2537 1050 2642 1107 sint
2664 1050 2900 1122 cogitare
2923 1051 3045 1121 quis
3073 1049 3282 1122 possit?
3308 1049 3585 1120 Quomodo
3608 1066 3733 1122 ergo

2151 1145 2272 1216 plus
2301 1144 2483 1201 nocuit
2510 1143 2666 1214 primi
2689 1142 2919 1199 hominis
2944 1141 3216 1215 iniquitas,
3246 1158 3404 1214 quam
3435 1136 3627 1216 profuit
3643 1158 3735 1199 se-

2152 1215 2313 1294 eundi
2341 1235 2594 1304 hominis,
2612 1234 2715 1292 hoc
2737 1243 2821 1292 est
2843 1234 3059 1301 Christi,
3082 1233 3312 1302 bonitas;
3339 1250 3459 1301 cum
3482 1235 3572 1292 ille
3596 1215 3734 1293 om-

2152 1328 2409 1401 poraliter
2449 1327 2725 1392 nocuerit,
2770 1325 3017 1395 Christus
3055 1334 3234 1381 autem
3273 1334 3330 1381 et
3380 1325 3734 1397 temporaliter

2156 1419 2397 1490 adjuvet,
2441 1426 2498 1475 et
2535 1418 2726 1475 liberet
2770 1432 2836 1475 ac
2877 1417 3146 1473 heatiﬁcet
3180 1416 3235 1471 in
3274 1417 3568 1475 aiternum?
3606 1415 3737 1485 Quas

2153 1528 2278 1569 cum
2305 1511 2378 1567 ita
2413 1510 2558 1578 sint,
2596 1508 2863 1565 sententia
2900 1516 3082 1565 nostra
3128 1506 3414 1573 catholica,
3440 1521 3544 1562 non
3572 1505 3734 1564 Mani-

2155 1605 2305 1664 cbaza
2331 1613 2454 1672 est;
2484 1612 2537 1660 et
2566 1588 2689 1660 ideo
2723 1616 2823 1659 nec
2854 1601 3137 1683 Pelagiana
3163 1610 3279 1667 est,
3320 1600 3445 1672 quia
3479 1598 3735 1657 catholica

2157 1708 2259 1756 est.

2230 1788 2459 1847 XCVIII.
2498 1788 2618 1846 Jun.
2658 1788 2926 1845 Frivolam
2955 1803 3087 1845 sane
3110 1787 3497 1859 expositionem
3537 1787 3590 1843 in
3634 1785 3738 1844 hoc

2160 1882 2281 1939 loco
2307 1890 2452 1939 tuam
2480 1882 2686 1951 Optimo
2706 1879 2828 1951 iure
2853 1879 3211 1949 despicerem,
3235 1887 3290 1935 et
3328 1878 3738 1948 irrepercussatn

2158 1976 2511 2047 prmterirem,
2531 1972 2685 2044 quasi
2706 1972 2867 2028 nimis
2885 1973 3048 2028 humo
3069 1971 3448 2036 cohaerentem,
3466 1969 3568 2024 nisi
3584 1984 3738 2026 vere-

2161 2082 2272 2136 rer,
2296 2082 2365 2124 ne
2390 2066 2627 2137 pellacia:
2662 2065 2832 2137 magis
2870 2068 3031 2136 quam
3059 2064 3373 2121 constantiae
3412 2060 3740 2118 crederetur.

2161 2158 2422 2231 Loqueris
2462 2173 2595 2229 ergo
2637 2158 2741 2213 hoc
2774 2158 2970 2214 modo:
3004 2176 3029 2212 ι
3056 2155 3197 2226 Quid
3233 2165 3315 2212 est
3338 2195 3355 2221 ,
3406 2155 3559 2210 multo
3582 2154 3744 2226 magis

2162 2247 2470 2313 abundavit;
2493 2248 2595 2305 nisi
2619 2248 2742 2319 quia
2767 2261 2956 2304 omnes
2983 2247 3072 2317 qui
3100 2261 3195 2319 per
3213 2244 3479 2307 Christum
3508 2244 3742 2311 liberan-

2165 2348 2272 2407 tur,
2308 2341 2673 2412 temporaliter
2707 2349 2926 2412 propter
2965 2338 3137 2397 Adam
3168 2338 3484 2403 moriuntur,
3530 2328 3745 2408 propter

2166 2431 2339 2503 ipsum
2380 2439 2561 2487 autem
2597 2429 2868 2487 Christum
2904 2429 3023 2487 sine
3056 2430 3165 2487 ﬁne
3202 2429 3395 2495 victuri,
3435 2439 3595 2487 sunt:
3642 2427 3747 2500 (De

2167 2521 2378 2594 Nuptiis
2405 2532 2452 2577 et
2481 2520 2928 2593 Concupiscentia,
2967 2520 3148 2588 ίαν-2,
3192 2538 3248 2577 n.
3286 2520 3432 2592 46)?
3471 2521 3585 2588 Quo
3624 2536 3743 2575 ser-

2165 2629 2327 2670 mone
2348 2655 2366 2683 ,
2411 2614 2458 2669 si
2499 2613 2626 2687 quid
2673 2622 3064 2685 consequenter
3103 2611 3373 2669 diceretur
3412 2610 3745 2679 attenderes,

2167 2722 2384 2764 omnem
2407 2722 2588 2764 arcem
2614 2716 2781 2772 tuam,
2809 2706 2864 2763 id
2891 2715 2979 2763 est
3005 2705 3302 2772 traducem,
3333 2704 3590 2762 cecidisse
3615 2702 3749 2761 fate-

2167 2814 2311 2856 rere.
2342 2798 2486 2855 Dicis
2513 2785 2660 2855 enim
2678 2839 2697 2864 ,
2729 2797 2849 2855 ideo
2886 2797 3057 2854 multo
3084 2797 3255 2869 magis
3278 2795 3576 2853 abundasse
3598 2794 3751 2852 Chri-

2167 2890 2239 2945 sti
2275 2889 2526 2961 gratiam,
2563 2888 2688 2961 quia
2734 2904 2831 2960 per
2864 2903 2986 2946 eam
3032 2889 3142 2946 vita
3178 2886 3487 2945 conferatur
3527 2897 3746 2952 interna,

2169 2996 2293 3047 cum
2320 2995 2416 3051 per
2438 2980 2568 3037 Atla:
2596 2988 2877 3053 peccatum
2905 2979 3182 3041 subeunda
3211 2982 3281 3037 sit
3316 2981 3583 3050 corruptio
3619 2990 3752 3036 tem-

2170 3072 2391 3144 poralis.
2416 3071 2476 3130 Si
2503 3087 2632 3145 ergo
2665 3071 2801 3128 nihil
2824 3071 2970 3128 aliud
2999 3062 3370 3131 intulit‘Adam
3412 3082 3601 3142 praeter
3627 3085 3752 3129 cor.

2171 3164 2319 3235 poris
2346 3172 2601 3233 mortem,
2639 3172 2826 3227 contra
2854 3178 3016 3236 quem
3058 3162 3302 3221 Christus
3337 3162 3633 3233 copiosiore
3659 3159 3753 3216 be-

2172 3244 2367 3314 neﬁcio
2396 3256 2561 3312 vitam
2604 3256 2831 3317 contulit
2870 3256 2990 3329 sine
3032 3255 3141 3312 ﬁne
3179 3253 3493 3321 durantem;
3535 3261 3755 3324 apparet

2174 3367 2282 3407 non
2310 3359 2582 3422 peccatum
2607 3349 2739 3406 Adae
2762 3348 2830 3406 ad
2865 3357 3112 3420 posteros
3148 3346 3405 3404 transisse
3424 3388 3441 3416 ,
3477 3345 3574 3402 sed
3613 3359 3756 3401 mor-

2177 3453 2309 3506 ιθω.

2247 3538 2389 3591 Anc.
2428 3533 2675 3604 Apparet
2713 3540 2766 3589 te
2809 3539 3093 3603 propterea
3138 3528 3369 3601 irrisisse
3422 3524 3566 3599 quod
3605 3523 3712 3582 dixi
3735 3564 3755 3589 ,

2176 3625 2266 3682 vel
2293 3623 2470 3696 potius
2498 3633 2550 3679 te
2576 3621 2804 3695 irridere
2827 3620 3066 3687 ﬁnxisse,
3093 3614 3152 3676 ut
3176 3618 3260 3675 his
3280 3618 3370 3689 qui
3394 3626 3446 3674 te
3471 3632 3576 3672 non
3606 3616 3760 3671 inter

2177 3719 2368 3792 ligauit,
2395 3717 2659 3774 videreris
2684 3715 2866 3772 dicere
2900 3711 3137 3785 aliquid,
3176 3727 3299 3768 cum
3342 3709 3548 3766 diceres
3587 3706 3753 3767 nihil:

2179 3811 2411 3882 primum
2436 3808 2558 3879 quia
2588 3807 2668 3863 eis
2696 3804 2805 3862 dixi
2833 3803 3003 3861 Adam
3031 3801 3309 3873 temporali
3346 3808 3519 3857 morte
3552 3799 3760 3854 nocuis-

2179 3918 2271 3966 se,
2308 3915 2448 3974 quos
2481 3898 2683 3956 Christi
2724 3898 2920 3954 liberat
2962 3895 3169 3968 gratia;
3211 3908 3345 3966 quos
3384 3893 3527 3967 enim
3570 3890 3760 3947 occulti
3794 3907 3807 3925 -

2179 3995 2418 4067 quidem,
2448 3992 2544 4049 sed
2567 3991 2754 4063 judicii
2774 3990 2907 4062 justi
2933 3987 3161 4045 veritate
3176 4003 3291 4057 non
3319 3986 3529 4052 liberat,
3556 3982 3761 4039 etiamsi

2183 4086 2387 4160 parvuli
2425 4084 2747 4151 moriantur,
2764 4092 2965 4138 acterna
2985 4089 3157 4137 morte
3182 4078 3512 4149 plectuntur.
3533 4075 3762 4144 Quomo-

2182 4180 2255 4239 do
2277 4193 2407 4250 ergo
2431 4177 2557 4233 hinc
2577 4184 2817 4247 apparet,
2851 4189 2957 4230 non
2988 4180 3265 4243 peccatum
3288 4169 3417 4226 Adae
3436 4168 3504 4224 ad
3526 4176 3765 4238 posteros

2186 4270 2460 4336 transisse,
2491 4268 2595 4333 sed,
2610 4277 2873 4332 mortem;
2901 4265 3002 4320 nisi
3028 4263 3150 4334 quia
3177 4261 3281 4317 hoc
3304 4262 3384 4317 vis
3409 4259 3604 4332 putari,
3624 4255 3787 4327 quod,
3814 4282 3817 4285 ι

2186 4369 2532 4434 perstrepunt
2553 4359 2717 4415 verba
2739 4367 2846 4422 tua,
2875 4372 2983 4412 non
3005 4353 3152 4426 quod
3177 4353 3418 4424 sequitur
3438 4349 3594 4407 verba
3618 4348 3767 4404 mea?

2187 4456 2297 4513 Nos
2332 4454 2476 4511 enim
2508 4453 2739 4509 dicimus
2781 4458 3067 4520 utrumque
3107 4446 3383 4515 transisse,
3414 4451 3469 4500 et
3492 4458 3524 4499 a
3560 4440 3768 4500 Christo

2192 4556 2481 4617 utrumque
2523 4544 2816 4598 clamamus
2844 4539 3065 4606 auferri,
3105 4546 3312 4594 reatum
3341 4535 3546 4591 scilicet
3573 4530 3770 4605 peccati

2192 4639 2498 4711 plenissima
2525 4634 2841 4692 remissione
2865 4642 3229 4703 peccatorum,
3256 4636 3482 4684 mortem
3505 4639 3629 4684 vero
3651 4624 3769 4679 bea-

2195 4732 2397 4788 tissima
2422 4724 2817 4784 resurrectione
2842 4731 3181 4789 sanctorum;
3208 4737 3328 4793 quin
3362 4727 3639 4790 propterea
3667 4729 3773 4769 non

2193 4823 2378 4879 statim
2405 4818 2735 4891 regeneratis
2758 4816 2951 4880 datur,
2991 4823 3051 4870 ut
3085 4821 3400 4870 exerceatur
3436 4809 3602 4876 ﬁdes,
3636 4805 3771 4876 qua‘

2194 4916 2246 4971 id
2275 4913 2419 4987 quod
2465 4927 2571 4968 non
2612 4910 2821 4967 videtur
2866 4918 3113 4979 speratur
3146 4923 3160 4962 :
3200 4906 3302 4961 hoc
3345 4904 3489 4960 enim
3531 4911 3586 4957 et
3627 4900 3679 4956 in
3719 4914 3781 4953 sc

2198 5008 2327 5080 ipsis
2356 5015 2407 5062 et
2440 5005 2491 5060 in
2520 5004 2757 5076 parvulis
2785 5002 2896 5058 suis
2921 5015 3044 5057 cum
3081 5007 3301 5073 sperant
3341 4995 3559 5060 ﬁdeles,
3601 4992 3782 5061 utique

2196 5109 2320 5159 sunt
2348 5097 2555 5155 ﬁdeles.
2583 5095 2724 5153 Ecce
2751 5092 2896 5166 quod
2918 5091 3176 5154 dicimus,
3217 5103 3347 5145 ecce
3387 5086 3472 5143 cui
3511 5082 3782 5141 catholica:

2198 5190 2413 5249 veritati
2443 5186 2812 5245 contradicitis
2844 5200 2859 5239 :
2900 5182 2997 5240 sed
3034 5181 3202 5253 magis
3246 5189 3432 5236 contra
3471 5191 3585 5242 vos,
3623 5188 3784 5244 quam

2199 5295 2386 5343 contra
2412 5283 2559 5339 illam
2589 5280 2789 5346 dicitis,
2826 5275 3082 5353 quidquid
3117 5271 3386 5331 haereticis
3418 5263 3788 5341 disputationi-

2200 5379 2303 5433 bus
2326 5374 2521 5431 dicitis.

2273 5469 2462 5526 XCIX.
2501 5467 2624 5522 Jun.
2683 5461 2967 5520 Constabit
3010 5468 3189 5515 autem
3232 5448 3786 5526 consequentissime,

2104 5628 2111 5633 ,
2204 5571 2432 5635 mortem
2465 5566 2801 5632 perpetuam,
2828 5554 2882 5611 id
2920 5563 3004 5610 est
3033 5556 3245 5626 pinnam
3273 5548 3692 5623 sempiternam,
3721 5539 3790 5621 ad

2206 5670 2305 5711 nos
2331 5668 2436 5733 non
2463 5651 2627 5708 fuisse
2646 5647 3037 5715 transmissam,
3062 5660 3126 5700 ac
3151 5660 3244 5715 per
3266 5642 3367 5698 hoc
3392 5648 3664 5714 peccatum
3691 5644 3801 5689 tra-

2277 5857 2293 5889 ³
2330 5856 2467 5916 Edtli,
2491 5857 2619 5918 quia.
2647 5862 2751 5906 Mss.
2777 5852 2909 5904 Colb.
2935 5858 2989 5903 et
3011 5856 3160 5908 Port.,
3184 5858 3297 5904 qua.
