2070 3256
198 191 262 221 tisi
856 185 958 215 LIBER
971 184 1160 214 SECUNDUS.
1767 190 1839 218 ηε,

197 250 274 278 ducis
284 255 345 278 esse
357 255 412 276 non
423 253 513 283 posse.
530 245 566 276 Ut
580 245 652 274 enim
670 246 797 280 breviter,
817 246 880 281 quid
894 250 988 274 tenen-

196 296 262 324 dum
273 299 389 328 constet,
397 297 525 329 appareat
534 301 542 320 :
550 292 585 320 ab
593 292 723 328 Apostolo
733 291 906 320 donaChristi
921 299 986 327 pec-

197 346 258 368 cato
272 340 350 376 primi
365 338 482 367 hominis
499 337 690 373 praeferuntur;
709 342 736 365 tu
759 345 807 372 per
826 338 878 366 hoe
897 345 990 373 pecca-

199 392 257 413 tum
269 390 355 417 tuum,
367 384 394 412 id
405 388 447 412 est
460 383 588 417 traducis,
599 390 679 410 unam
690 382 758 410 dicis
767 390 801 410 an
817 382 892 416 duas,
903 387 990 410 trans-

198 431 252 459 isse
269 429 390 458 mortch
403 429 432 458 Si
445 437 536 463 unam,
550 433 578 457 et
590 429 769 464 corporalem,
784 433 813 456 ut
826 428 870 456 hic
883 429 989 456 confes-

197 484 246 505 sus
264 484 312 509 es;
326 480 432 504 constat
451 476 564 510 gratiam
583 475 683 503 Christi
703 475 864 503 anteeellere
879 479 988 510 pectatto

197 521 276 556 primi
290 521 421 549 hominis:
434 526 462 549 et
472 521 528 555 jam
541 521 660 548 nascitur
671 528 749 549 nemo
762 526 901 556 peccator;
916 522 987 556 quia,

197 567 232 600 si,
246 571 276 594 ut
285 567 294 583 ¹
306 574 387 602 supra
399 566 500 600 dixisti,
511 574 621 602 regnum
635 567 736 602 peccati
747 572 799 601 est,
816 572 846 595 ut
858 568 884 595 in
898 575 990 595 secun-

197 612 259 639 dam
273 611 353 640 homo
363 616 487 645 mortem,
499 612 527 639 id
539 616 589 645 est,
601 612 627 639 in
641 620 746 647 pinnam
758 616 914 647 perpetuam
924 621 991 648 pra:-

196 659 321 694 cipitetur
329 679 339 693 ,
351 665 379 688 et
392 667 440 695 per
451 659 537 687 Adam
549 665 663 688 mortem
679 661 800 696 corporis
814 662 900 689 solum
912 662 991 690 adve-

195 710 266 732 ctam
279 706 362 738 dicis;
375 713 426 733 nec
439 710 578 741 peccatum
592 714 641 742 per
650 707 734 734 Adam
749 707 784 735 ad
795 712 928 742 posteros,
940 715 990 736 nec

197 757 270 778 mors
284 755 383 778 aiterna
398 752 597 780 transmittitur.

232 796 299 824 Anc.
322 796 382 824 .Iam
403 804 564 832 responsum
586 802 629 837 est
648 806 656 826 :
681 798 746 826 nihil
767 798 845 827 dicis.
866 799 988 834 Regnum

195 841 266 868 enim
282 842 384 876 peccati
397 842 478 870 etiam
498 843 525 870 in
539 841 667 870 mternam
688 844 836 879 prmcipitat
857 849 988 878 mortem,

198 886 248 913 nisi
261 894 310 921 per
321 886 420 914 Christi
433 888 547 922 gratiam
559 888 728 916 remittatur:
742 894 926 917 verumtamen
940 890 990 917 ista

196 939 302 966 quoque
317 939 390 959 mors
405 932 562 966 temporalis
575 933 647 960 nulla
665 938 748 966 esset,
765 934 816 961 nisi
828 934 914 962 Adam
935 942 988 963 non

197 977 326 1004 moriendi
349 977 553 1012 possibilitatem
573 979 675 1013 peccati
695 980 792 1007 merito
806 980 988 1014 perdidisset:

198 1022 267 1050 hanc
279 1023 350 1050 enim
366 1023 498 1057 peccatori
520 1023 686 1051 denuntiavit
700 1025 771 1052 Deus
784 1025 888 1060 dicens,
908 1025 990 1054 Terra

197 1077 234 1101 es,
248 1073 271 1094 et
284 1069 311 1095 iu
325 1073 418 1095 terram
432 1069 480 1096 ibis
493 1068 568 1105 (Gen.
588 1077 636 1102 ιιι,
657 1070 719 1105 19).
736 1070 811 1098 llane
823 1072 882 1099 sine
894 1072 990 1100 merito

196 1114 297 1148 peccati
313 1114 450 1149 suscipere
461 1114 585 1149 dignatus
597 1119 640 1143 est
651 1115 783 1149 Christus,
807 1121 836 1144 ut
849 1124 898 1152 per
916 1117 989 1144 illam

196 1158 303 1193 quidem
318 1159 457 1186 moriendo
471 1159 522 1186 iret
535 1160 562 1187 in
577 1164 684 1193 terram,
698 1161 745 1188 sed
760 1161 923 1197 resurgendo
937 1166 990 1190 ter-

196 1212 252 1231 ram
272 1205 374 1232 levaret
387 1205 414 1232 in
430 1206 527 1233 caelum
545 1215 552 1233 :
573 1213 604 1233 ac
618 1206 657 1234 sic
669 1212 769 1235 acterna
783 1211 870 1235 morte
883 1207 990 1235 destru-

195 1254 247 1282 t-ta,
262 1250 434 1284 temporalem
448 1250 572 1278 ﬁdelibus
586 1251 645 1278 ideo
655 1258 707 1279 non
720 1252 844 1285 auferret,
856 1257 885 1280 ut
895 1253 990 1281 adver-

195 1302 241 1321 sus
256 1302 314 1322 eam
329 1296 534 1324 resurrectionis
549 1296 615 1325 ﬁdes
626 1296 653 1324 in
668 1296 747 1333 hujus
757 1297 819 1326 vita:
831 1305 917 1334 agone
930 1306 989 1327 cer-

195 1345 273 1368 taret.

230 1385 261 1413 C.
270 1385 329 1413 Ιυι..
339 1386 386 1414 Sin
399 1391 488 1415 autem
499 1387 609 1422 dixeris,
616 1396 664 1424 per
673 1393 814 1425 peccatum
828 1389 893 1417 Adae
908 1394 988 1418 natu-

194 1431 278 1459 ralem
301 1431 398 1459 factam
421 1440 481 1460 esse
505 1433 689 1468 iniquitatem,
715 1435 835 1470 duasque
857 1435 988 1464 accidisse

195 1481 305 1509 mortes,
327 1485 405 1504 unam
425 1482 573 1512 aeternam,
597 1479 708 1507 alteram
727 1480 918 1515 temporalem;
938 1488 988 1516 per

194 1522 292 1550 Christi
306 1528 395 1550 autent
409 1524 521 1558 gratiam
536 1532 616 1552 unam
637 1525 743 1552 interim
765 1525 864 1553 auferri
886 1533 902 1553 a
924 1533 988 1562 per-

194 1576 260 1594 sona
272 1588 280 1602 ,
294 1576 347 1596 non
363 1577 377 1595 a
392 1574 497 1603 natura,
509 1569 535 1597 id
554 1574 606 1603 est,
622 1574 777 1606 perpetuam
788 1592 797 1603 .
813 1571 987 1606 temporalem

193 1621 258 1641 vero
271 1623 410 1643 remanere
427 1624 434 1642 :
449 1616 593 1651 Apostolus
607 1617 773 1644 convincitur
787 1616 910 1646 falsitatis
919 1638 928 1651 ,
941 1618 987 1653 qui

192 1659 260 1686 dixit
275 1661 359 1688 nutlto
378 1661 463 1695 magis
486 1661 618 1696 profuisse
631 1663 753 1697 gratiam,
768 1670 848 1698 quam
861 1663 987 1692 nocuisse

193 1709 350 1739 peceatum:
376 1706 523 1741 Apostolus
541 1711 630 1735 autem
653 1708 729 1742 argui
750 1715 804 1735 non
829 1712 934 1744 potest;
958 1713 987 1736 tu

193 1750 273 1784 igitur
281 1749 343 1784 jure
356 1750 517 1785 rcprobaris.

227 1796 296 1824 Atta.
317 1796 373 1830 Ego
385 1796 451 1829 dixi,
466 1804 517 1824 una
533 1798 729 1826 resurrectione
743 1798 881 1826 beatorum
893 1799 987 1829 ambas

193 1845 293 1868 mortes
308 1842 382 1874 tolli;
396 1846 424 1870 et
437 1842 526 1876 istam,
539 1851 572 1871 ne
585 1844 620 1872 sit
631 1845 719 1872 anima
731 1845 788 1872 sine
800 1853 913 1881 corpore
924 1854 985 1880 suo;

193 1891 222 1915 et
235 1887 319 1919 illam,
334 1895 368 1915 ne
387 1894 555 1922 aggravetur,
579 1889 774 1925 veiafﬁigatur
793 1892 882 1919 anima
905 1893 985 1921 etiam

192 1941 304 1968 corpore
320 1941 379 1962 suo.
400 1933 445 1962 Sic
457 1939 547 1964 autem
561 1936 611 1963 ista
626 1936 749 1964 ﬁdelibus
767 1937 802 1964 ad
813 1942 929 1973 tempus
943 1946 988 1967 re-

192 1979 332 2013 linquitur,
357 1984 386 2006 ιιι
412 1979 506 2008 habeat
530 1988 578 2015 per
598 1981 670 2009 illam
694 1982 761 2010 ﬁdes
784 1982 984 2018 adjumentum;

190 2024 415 2059 quemadmodum
436 2031 529 2061 postea
548 2026 600 2054 rcis
620 2027 735 2061 tollitur,
750 2032 779 2055 ut
796 2028 867 2063 quod
888 2029 923 2057 de
936 2036 986 2058 suo

190 2079 305 2106 Corpore
318 2080 369 2099 non
384 2072 521 2106 recedunt,
542 2072 658 2100 miseria:
672 2074 707 2101 sit
722 2074 926 2103 incrementum.
947 2077 985 2104 Ac

192 2124 240 2151 per
258 2117 309 2144 hoc
328 2118 367 2145 eis
382 2118 427 2153 qui
443 2122 635 2153 regenerantur
653 2118 681 2146 in
700 2118 807 2146 Christo
819 2140 826 2152 ,
842 2124 870 2147 et
882 2120 917 2148 de
932 2120 984 2148 isto

189 2162 288 2190 sacculo
307 2163 424 2198 maligno
446 2163 524 2191 electi
545 2168 662 2197 exeunt,
684 2163 854 2192 manifestum
869 2170 910 2193 est
924 2166 984 2200 plus

191 2207 320 2241 prodesse
331 2209 453 2243 gratiam,
465 2217 545 2244 quam
557 2210 682 2238 nocuisse
693 2215 842 2246 peccatum,
853 2211 924 2247 quod
938 2219 985 2247 per

192 2260 273 2279 unum
296 2252 432 2282 hominem
446 2255 473 2282 in
488 2255 616 2283 mundum
631 2256 749 2290 intravit,
771 2262 799 2284 et
817 2265 878 2285 cum
898 2263 986 2287 morte

192 2305 240 2330 per
252 2305 345 2326 omnes
358 2298 481 2328 homines
495 2301 659 2336 pertransiit.
674 2302 819 2338 Apostolus
833 2304 922 2339 itaque
931 2294 985 2333 're-

190 2343 284 2378 dargui
299 2352 351 2371 non
368 2349 464 2379 potest,
486 2346 547 2380 quia
559 2354 652 2374 verum
664 2346 748 2375 dixit:
762 2348 809 2376 sed
825 2353 852 2376 tu
867 2356 920 2377 non
941 2349 985 2377 in-

145 2394 152 2398 ‘
191 2390 302 2425 telligis,
323 2396 369 2418 aut
383 2395 475 2418 contra
493 2391 519 2419 id
531 2392 602 2426 quod
615 2392 754 2428 intelligis,
775 2401 897 2422 asserere
913 2396 984 2430 quod

190 2435 286 2464 falsum
300 2440 351 2470 est,
368 2436 491 2464 haeretica
507 2437 677 2466 contentione
691 2439 807 2466 conaris.

225 2481 269 2509 CI.
289 2481 350 2510 ⁴Ιιιι..
370 2483 515 2517 Apostolus
529 2482 612 2517 dixit,
627 2483 711 2518 magis
732 2484 844 2518 gratiam
866 2484 982 2519 Christi,

190 2535 270 2562 quam
284 2527 350 2556 Adae
363 2529 514 2557 abundasse
527 2529 632 2564 culpam
646 2538 653 2556 :
674 2537 727 2557 non
743 2530 823 2565 igitur
836 2536 929 2559 natura
950 2532 984 2560 ab

190 2578 236 2605 eo,
250 2580 303 2600 non
318 2574 466 2608 generatio,
481 2582 534 2602 non
549 2574 708 2607 fecunditas,
721 2575 769 2603 sed
783 2576 914 2611 voluntas,
926 2577 983 2605 ele—

189 2616 243 2644 ctio
256 2617 329 2651 mali,
341 2626 445 2646 morum
458 2620 573 2654 pravitas
584 2621 594 2636 ²
606 2625 758 2648 accusatur.
914 2648 917 2651 _

225 2663 294 2690 Aue.
313 2663 342 2691 Si
355 2664 422 2691 nihil
438 2665 530 2692 nocuit
543 2666 690 2701 generatio,
707 2667 771 2694 nihil
786 2672 895 2702 praestat
908 2676 985 2704 rege-

190 2708 309 2735 neratio:
325 2709 349 2736 si
362 2716 414 2736 non
428 2715 470 2737 est
483 2715 575 2738 natura
597 2712 699 2745 vitiata,
719 2720 772 2740 non
791 2713 890 2741 habent
908 2714 985 2742 Chri-

189 2759 259 2780 stum
274 2754 378 2788 parvuli
393 2755 572 2783 salvatorem:
585 2756 607 2784 si
620 2757 719 2785 malum
729 2757 740 2774 ³
753 2763 780 2786 et
793 2758 892 2787 bonum
904 2760 984 2788 meri-

222 2827 227 2840 ¹
248 2826 315 2854 illiti,
327 2825 396 2851 sicut.
410 2826 491 2852 Melius
507 2831 570 2856 Mss,
581 2828 612 2856 si.
627 2832 661 2855 ut.

220 2857 230 2893 ξ
247 2857 283 2893 sie
295 2860 347 2892 tms.
364 2861 386 2881 ιι
398 2857 465 2887 editi,
478 2859 520 2893 sed
533 2859 658 2893 voluntatis
665 2859 756 2891 elerﬂo,
765 2868 857 2887 mormn
868 2863 982 2893 praritas.

220 2887 230 2904 ³
246 2888 314 2919 λαλεῖ)
327 2887 361 2913 δίε
379 2895 447 2915 cum
457 2889 556 2916 malum.
575 2891 656 2924 Abest,
668 2887 777 2924 onntc,'a
789 2887 965 2928 mnugcmg;

1044 247 1099 270 tum
1108 243 1273 279 singulorum
1283 245 1309 271 in
1317 250 1409 272 eorum
1417 244 1569 280 propriaest
1576 245 1778 282 voluntate,quo
1785 253 1837 274 me:

1043 289 1096 317 rito
1103 289 1227 317 Christus
1233 297 1343 326 regnum
1354 291 1400 319 Dei
1409 291 1525 327 parvulis
1534 292 1638 321 confert
1647 313 1656 326 ,
1669 293 1715 329 qui
1729 294 1757 322 in
1769 301 1837 321 neu-

1044 341 1111 364 tram
1121 341 1225 372 partem
1233 344 1281 365 sua
1289 338 1427 366 voluntate
1439 339 1480 366 usi
1492 339 1572 367 sunt?
1593 339 1734 368 Postremo
1744 360 1753 374 ,
1767 347 1837 375 quo-

1043 383 1115 410 niam
1124 383 1193 411 duos
1203 384 1291 419 posuit
1305 384 1460 420 Apostolus,
1474 393 1555 414 unum
1570 387 1603 414 ad
1618 391 1768 422 peccatum,
1781 395 1835 415 non

1041 428 1188 461 diabolum,
1201 429 1248 457 sed
1258 429 1343 457 Adam
1351 438 1359 463 ;
1367 435 1395 458 et
1407 438 1490 458 unum
1501 431 1535 459 ad
1543 431 1684 467 justitiam,
1696 439 1749 460 non
1756 431 1835 466 Abel,

1042 473 1090 501 sed
1096 473 1242 508 Christum;
1250 478 1279 502 ut
1285 482 1338 503 non
1346 482 1422 504 axem
1426 475 1477 511 piis
1483 476 1595 504 imitatio
1602 498 1610 510 ,
1617 476 1664 505 sed
1671 478 1837 512 generationt

1042 519 1210 553 rcgeneratio
1223 519 1389 554 referretur;
1415 521 1438 548 si
1461 528 1513 549 non
1537 522 1635 559 trajieit
1654 527 1794 557 peccatum
1810 522 1838 550 in

1043 564 1165 593 homines
1172 571 1313 601 generatos
1323 565 1408 594 Adam
1419 587 1427 601 ,
1437 575 1490 595 non
1498 567 1580 595 donat
1590 568 1713 596 Christus
1721 569 1837 603 parvulis

1043 612 1208 646 regeneratis
1225 611 1370 647 justitiam;
1391 613 1452 648 quia
1467 621 1518 642 nee
1530 614 1672 649 generati,
1688 622 1738 643 nee
1759 623 1837 651 rege-

1043 656 1128 683 nerati
1150 657 1250 692 parvuli
1263 658 1304 684 usi
1319 661 1381 685 sunt
1397 659 1504 694 propria
1517 659 1649 687 libertate.
1665 659 1704 688 lte
1725 668 1797 688 nunc
1814 661 1837 688 si

1045 701 1136 734 vultis,
1149 706 1177 729 et
1189 702 1302 731 clamate
1316 703 1339 730 si
1360 703 1475 738 audetis,
1495 705 1627 739 justitiam
1642 706 1761 741 parvulis
1783 713 1837 734 non

1043 746 1155 781 donari;
1170 755 1220 776 nec
1231 755 1278 776 eos
1293 748 1432 778 habituros
1446 757 1506 778 esse
1514 751 1655 786 justitiam,
1669 752 1776 787 quando
1788 751 1837 780 ha-

1042 792 1166 820 bilabunt
1180 793 1207 821 in
1222 793 1268 821 illo
1281 801 1374 830 regno,
1389 795 1436 823 ubi
1449 800 1538 829 erunt,
1551 798 1620 825 sicut
1633 798 1762 833 scriptum
1778 803 1836 832 est,

1043 838 1105 866 coeli
1118 838 1189 871 novi,
1203 844 1230 866 et
1244 843 1315 867 terra
1330 847 1410 873 nova,
1427 841 1454 868 in
1469 841 1568 876 quibus
1584 842 1687 877 justitia
1706 843 1838 873 inhabitat

1043 882 1085 919 (II
1099 883 1172 911 Patr.
1186 892 1231 917 ιιι,
1243 885 1299 920 15)
1315 893 1323 913 :
1336 890 1382 913 aut
1394 893 1429 914 ex
1442 891 1541 921 vestro,
1555 894 1608 923 quo
1622 888 1745 917 inebriati
1757 891 1835 924 estis,

1042 929 1226 957 meraeiSsimo
1236 929 1370 965 dogmate,
1383 931 1503 966 delirate,
1518 933 1545 960 in
1557 933 1603 961 illo
1613 941 1695 969 regno
1705 934 1836 970 justitiam

1042 974 1168 1009 parvulos
1183 974 1321 1004 habituros
1341 976 1448 1012 quidem
1461 998 1468 1010 ,
1492 977 1540 1005 sed
1562 979 1678 1014 propria:
1692 979 1838 1009 voluntatis

1042 1020 1156 1053 meritis,
1171 1028 1225 1049 non
1237 1021 1334 1049 divina:
1348 1023 1440 1057 gratiae
1454 1023 1584 1058 largitate.
1606 1025 1683 1059 Quod
1703 1025 1726 1054 si
1746 1025 1837 1054 dicere

1041 1073 1096 1093 non
1109 1066 1213 1094 audetis
1226 1067 1282 1103 (hic
1294 1068 1365 1095 enim
1385 1069 1479 1097 merita
1497 1071 1666 1106 comparari,
1688 1071 1726 1099 ibi
1745 1075 1836 1100 autem

1041 1112 1151 1146 praemia
1165 1112 1241 1140 reddi
1255 1112 1406 1150 fatemini),
1419 1122 1468 1142 cur
1479 1115 1556 1143 fateri
1568 1115 1694 1144 dubitatis
1707 1117 1763 1145 sive
1777 1124 1833 1144 non

1040 1157 1130 1191 vultis,
1153 1158 1192 1186 sic
1210 1166 1257 1186 eos
1275 1166 1309 1186 ex
1328 1159 1415 1187 Adam
1439 1160 1558 1195 potuisse
1578 1161 1678 1190 habere
1697 1167 1835 1197 peccatum

1040 1202 1100 1230 sine
1113 1203 1216 1231 meritis
1229 1204 1343 1239 propria:
1355 1205 1500 1233 voluntatis
1513 1206 1600 1239 malai,
1611 1207 1836 1242 quemadmodum

1040 1255 1056 1275 a
1070 1248 1176 1276 Christo
1195 1250 1330 1285 recepturi
1349 1255 1413 1278 sunt
1429 1251 1558 1286 justitiam
1578 1252 1638 1281 sine
1656 1253 1712 1281 suis
1733 1252 1836 1283 meritis

1041 1295 1253 1330 praecedentibus
1267 1297 1410 1325 voluntatis
1422 1298 1517 1326 boum?

1076 1340 1131 1369 CII.
1150 1341 1211 1370 Jun.
1231 1343 1270 1370 Ae
1284 1350 1332 1378 per
1345 1343 1406 1377 hoc,
1421 1344 1444 1371 si
1457 1352 1536 1379 quem
1552 1344 1578 1372 in
1596 1345 1677 1373 rebus
1688 1346 1775 1374 adhuc
1786 1346 1836 1375 hu-

1041 1387 1129 1414 manis
1141 1386 1230 1415 Ioeum
1243 1389 1343 1416 veritas
1355 1388 1446 1422 habet,
1459 1394 1487 1418 et
1499 1398 1553 1418 non
1566 1391 1679 1427 strepitu
1693 1392 1701 1407 ί
1714 1392 1836 1428 iniquita-

1040 1433 1075 1460 tis
1089 1437 1160 1461 totus
1173 1434 1283 1461 omnino
1297 1434 1412 1462 mundus
1425 1436 1575 1470 obsurduit,
1589 1438 1703 1472 ratione,
1717 1439 1837 1475 disputa-

1040 1478 1121 1511 tione,
1131 1483 1159 1507 et
1168 1479 1289 1515 Apostoli
1303 1480 1365 1514 ﬁde,
1377 1486 1457 1517 atque
1470 1482 1526 1517 ipsa
1538 1482 1741 1518 ejus.scntentia
1755 1489 1834 1519 teste,

1039 1524 1195 1560 perdoctam
1208 1533 1268 1554 esse
1280 1526 1415 1561 fatebitur,
1427 1528 1497 1556 inter
1507 1529 1689 1558 Traducianos
1700 1535 1728 1559 et
1736 1531 1836 1560 Catho-

1039 1571 1106 1600 licos
1128 1577 1229 1600 tantum
1244 1581 1304 1602 esse
1318 1574 1473 1609 discrimen,
1489 1582 1616 1610 quantum
1639 1576 1709 1605 inter
1723 1577 1834 1606 Paulum

1039 1622 1066 1645 et
1079 1617 1269 1651 Manichtcum,
1282 1624 1410 1655 quantum
1433 1621 1502 1649 inter
1524 1623 1682 1658 sapientiam
1701 1628 1728 1652 et
1747 1625 1835 1653 stulti-

1040 1662 1112 1696 tiam,
1127 1668 1254 1698 quantum
1269 1664 1340 1692 inter
1355 1665 1486 1694 rationem
1501 1671 1528 1695 et
1541 1667 1670 1696 insaniam
1680 1689 1688 1703 ,
1703 1674 1835 1705 quantum

1038 1708 1109 1736 inter
1120 1710 1298 1738 constantiam
1319 1710 1481 1746 dictorum’,
1504 1716 1532 1740 et
1551 1721 1611 1742 eam
1635 1714 1834 1745 fluctuationem

1038 1762 1117 1789 quam
1137 1763 1206 1783 nova
1226 1755 1346 1784 foeditate
1369 1758 1527 1792 perpeteris,
1553 1763 1581 1786 ut
1602 1759 1629 1787 in
1650 1760 1744 1788 iisdem
1766 1769 1834 1797 pene

1038 1800 1161 1828 versibus
1183 1801 1254 1836 quod
1275 1801 1376 1830 dixeris
1397 1811 1488 1839 neges,
1512 1805 1582 1840 quod
1603 1807 1742 1842 negaveris
1761 1815 1836 1837 asse-

1039 1853 1114 1874 veres
1117 1866 1124 1873 α

1073 1893 1142 1921 Auo.
1162 1892 1221 1921 Jam
1234 1901 1393 1929 responsum
1407 1899 1466 1923 est:
1485 1903 1550 1932 rogo
1564 1901 1600 1930 te,
1624 1898 1646 1925 si
1669 1899 1768 1935 aliquid
1790 1900 1834 1931 di-

1037 1944 1100 1965 cere
1111 1945 1163 1965 non
1176 1943 1262 1973 potes,
1280 1943 1339 1969 tace
1351 1940 1374 1968 si
1387 1944 1477 1977 potes;
1491 1942 1538 1970 sed
1552 1943 1623 1979 quod
1636 1944 1711 1980 pejus
1723 1949 1774 1980 cst,
1785 1954 1832 1975 nec

1038 1984 1091 2011 hoc
1106 1989 1191 2019 potes.

1072 2029 1138 2058 CIII.
1158 2030 1219 2060 «Ιιιι.
1237 2041 1246 2058 ι
1264 2032 1299 2060 Et
1310 2041 1371 2067 non,
1386 2034 1482 2070 inquit,
1499 2036 1563 2063 sicut
1581 2045 1626 2072 per
1639 2046 1717 2065 unum
1732 2048 1832 2075 peccat)

1038 2081 1101 2110 tem,
1116 2076 1151 2103 ita
1164 2081 1201 2105 est
1213 2082 1237 2105 et
1249 2078 1354 2106 donum.
1376 2079 1446 2108 Nam
1460 2081 1589 2116 judicium
1607 2091 1639 2111 ea:
1652 2092 1703 2111 uno
1722 2085 1749 2112 in
1770 2094 1833 2113 eou-

1037 2122 1243 2156 demnationem;
1255 2125 1340 2161 gratia
1352 2131 1437 2154 autent
1451 2136 1483 2155 ea;
1494 2129 1582 2156 multis
1595 2129 1693 2159 delictis
1705 2131 1731 2158 in
1740 2132 1834 2167 justi/ie

1037 2168 1162 2196 catiouem
1179 2178 1188 2195 ι
1207 2169 1295 2204 (Rom.
1310 2178 1339 2205 v,
1357 2171 1419 2208 ιϐ).
1434 2172 1535 2206 Quibus
1548 2174 1670 2210 Apestoli
1682 2177 1771 2205 verbis
1784 2178 1834 2205 ad-

1037 2221 1132 2243 moves
1151 2216 1345 2251 expositionem
1367 2223 1440 2246 tuam
1461 2226 1497 2247 tta
1520 2227 1550 2248 se
1569 2221 1732 2251 habentem:
1756 2233 1765 2250 ι
1790 2223 1834 2252 Ea:

1037 2267 1089 2286 uno
1102 2267 1175 2296 ergo,
1191 2261 1266 2297 quid,
1279 2271 1289 2289 ι
1302 2262 1400 2299 inquis,
1412 2274 1422 2291 ‹
1435 2265 1485 2292 nisi
1496 2265 1612 2295 delicto?
1624 2268 1691 2302 Quia
1699 2270 1833 2305 sequitur,

1038 2305 1128 2334 Gratia
1141 2312 1225 2334 autent
1242 2316 1274 2335 ea:
1286 2309 1373 2336 multis
1384 2310 1491 2338 delictis.
1509 2311 1603 2340 Dicant
1623 2313 1677 2346 isti,
1697 2315 1834 2350 quomodo

1037 2357 1072 2379 ex
1080 2358 1135 2379 uno
1142 2351 1240 2380 delicto
1250 2353 1278 2380 in
1286 2354 1548 2390 condemnationem,
1560 2357 1610 2385 nisi
1619 2359 1680 2393 quia
1690 2359 1790 2388 sufﬁcit
1797 2361 1833 2389 ad

1037 2396 1288 2426 condemnationem
1311 2399 1391 2427 etiam
1412 2408 1494 2428 unum
1520 2401 1649 2438 originale
1674 2410 1829 2440 peccatum,

1036 2441 1108 2476 quod
1121 2441 1148 2469 in
1161 2450 1256 2471 omnes
1268 2443 1391 2472 homines
1405 2447 1568 2480 pertransiit.
1587 2448 1678 2478 Gratia
1694 2458 1758 2478 vero
1772 2451 1834 2480 idco

1037 2493 1072 2514 ex
1085 2487 1177 2515 multis
1189 2487 1294 2517 delictis
1308 2489 1334 2517 in
1344 2489 1577 2526 justiﬁcationem,
1592 2495 1652 2529 quia
1678 2503 1731 2523 non
1745 2497 1829 2525 solum

1036 2540 1120 2561 unum
1142 2533 1207 2562 illud
1229 2534 1326 2569 solvit,
1347 2536 1419 2571 quod
1442 2537 1608 2573 originaliter
1629 2540 1760 2575 trahitur;
1784 2545 1834 2571 sed

1036 2578 1118 2606 etiam
1131 2583 1241 2614 caetera,
1257 2588 1317 2617 qute
1331 2581 1358 2609 in
1374 2590 1535 2620 unoquoque
1554 2584 1662 2615 homine
1675 2593 1750 2616 motu
1772 2597 1834 2624 pro-

1036 2625 1103 2660 pria:
1115 2626 1261 2655 voluntatis
1272 2627 1417 2656 adduntur.
1434 2629 1466 2658 Si
1479 2630 1545 2658 enim
1567 2632 1596 2659 ob
1617 2634 1693 2662 unius
1714 2635 1834 2663 delictum

1037 2679 1105 2699 more
1118 2672 1231 2708 regnavit
1244 2681 1290 2708 per
1303 2682 1393 2709 unum,
1408 2676 1488 2703 multo
1501 2678 1581 2713 magis
1596 2679 1639 2713 qui
1651 2679 1833 2709 abundantiam
1854 2682 1856 2694 τ

1036 2717 1126 2752 gratire
1138 2723 1161 2745 et
1171 2719 1280 2753 justitite
1292 2720 1429 2755 accipiunt,
1441 2722 1468 2749 in
1479 2723 1530 2749 vita
1543 2725 1685 2758 regnabqu
1697 2735 1742 2761 per
1752 2735 1829 2755 unum

1035 2762 1053 2789 J
1055 2771 1123 2790 esum
1132 2763 1270 2791 Christum.
1280 2764 1370 2800 Itaque
1376 2767 1441 2794 sicut
1448 2776 1493 2803 per
1501 2769 1575 2796 unius
1582 2769 1703 2798 delictum
1712 2772 1738 2799 iu
1746 2781 1831 2801 omnes

1036 2808 1150 2837 homines
1164 2811 1199 2837 ad
1210 2810 1459 2848 cottdanutatt'ouem,
1471 2815 1507 2842 ita
1526 2820 1548 2843 et
1561 2824 1606 2852 per
1618 2816 1694 2845 unius
1703 2818 1831 2853 justitim

1069 2866 1078 2901 ξ
1088 2865 1125 2901 sic
1135 2869 1186 2901 uss.
1201 2870 1228 2891 At
1239 2867 1306 2898 editi,
1319 2868 1494 2901 obstrepitur».

1068 2897 1078 2913 ²
1152 2896 1213 2922 clar.
1227 2902 1253 2924 et
1264 2896 1330 2932 Man,
1340 2896 1474 2928 doctoi‘um.
1596 2932 1640 2947 ω,
