4126 6566
363 2593 394 2606 α

403 391 552 453 MSS

407 508 464 568 in
489 517 662 560 manes
681 500 909 556 homines
932 497 1000 554 ad
1017 493 1439 568 jwiﬁcationetn
1459 489 1572 547 rita:
1589 507 1609 542 ι
1643 486 1819 558 (Rom.
1838 499 1871 538 v
1888 523 1905 551 ,
1938 481 2006 539 l8

411 607 458 652 et
481 593 740 666 l9).-Post
762 606 881 664 qua:
896 585 1137 660 Apostoli
1157 585 1340 653 verba,
1371 582 1522 655 quasi
1543 577 1740 650 aliquid
1763 575 2008 641 confece—

417 690 515 751 ris,
536 683 842 742 insultando
861 681 930 740 de
951 681 1104 736 nobis
1118 679 1354 750 loqueris
1374 694 1387 730 :
1409 695 1434 730 ς
1449 673 1644 732 Adhuc
1659 676 2010 743 permaneant

417 781 474 837 in
497 765 730 838 vanitate
751 775 950 832 mentis
974 787 1108 840 sum,
1135 779 1191 828 ct
1209 770 1388 826 dicant
1415 781 1578 826 unum
1603 763 1874 822 hominem
1900 775 2006 830 non

415 871 766 944 propaginem
839 866 1110 938 trajecisse
1133 903 1150 930 ,
1194 861 1293 918 sed
1343 857 1644 928 exemplum
1717 853 2010 926 praebuisse

411 963 646 1037 peccati.
701 959 980 1028 Quomodo
1007 970 1138 1029 ergo
1174 971 1264 1024 per
1290 951 1441 1008 unius
1478 947 1719 1004 delictum
1745 947 1798 1002 in
1835 960 2007 1010 omne;

421 1057 648 1114 homines
673 1052 741 1110 ad
769 1050 1256 1114 condemnationem,
1279 1055 1336 1102 et
1358 1057 1470 1100 non
1504 1041 1686 1112 potius
1713 1053 1808 1110 per
1843 1037 2012 1098 multa

421 1164 518 1205 sua
543 1146 801 1218 cujusque
829 1142 1026 1200 delicta
1051 1158 1064 1196 :
1089 1139 1190 1195 nisi
1217 1137 1339 1211 quia
1355 1133 1570 1192 etiamsi
1597 1130 1726 1188 illud
1755 1143 1922 1215 unum
1941 1127 2014 1192 sit

422 1211 653 1305 tantum,
679 1211 930 1290 idoneum
957 1239 1042 1288 est
1065 1227 1360 1302 perducere
1386 1225 1454 1282 ad
1479 1211 2011 1286 condemnationem,

422 1332 589 1386 etiam
618 1327 780 1386 nullis
809 1325 1005 1382 additis
1037 1321 1285 1386 cancris;
1323 1319 1463 1374 sicut
1500 1315 1744 1388 perducit
1768 1311 2016 1384 parvulos

421 1419 736 1483 morientes,
769 1415 860 1488 qui
887 1430 955 1470 ex
981 1412 1152 1468 Adam
1180 1417 1490 1472 nascuntur,
1514 1406 1558 1462 si
1586 1405 1642 1460 in
1666 1403 1882 1460 Christo
1908 1414 2016 1458 non

423 1505 814 1566 renascantur?
834 1491 971 1574 Quid
996 1518 1126 1574 ergo
1149 1517 1180 1557 a
1205 1500 1360 1556 nobis
1379 1497 1577 1569 quaerit
1601 1497 1723 1560 iste,
1745 1492 1886 1565 quod
1909 1507 2015 1554 non

427 1603 543 1658 vult
575 1599 644 1656 ab
669 1598 929 1671 Apostolo
963 1595 1170 1660 audire,
1204 1607 1300 1663 per
1323 1589 1451 1662 quid
1479 1596 1752 1660 peceatum
1783 1584 2021 1643 invenia-

429 1703 522 1768 tur
545 1693 598 1748 in
627 1689 877 1766 parvulo;
905 1697 1088 1744 utrum
1120 1701 1216 1756 per
1253 1683 1620 1742 voluntatem.
1670 1695 1738 1734 an
1779 1693 1876 1748 per
1915 1693 2018 1734 nu—

428 1783 590 1854 ptias,
621 1796 690 1838 an
717 1795 814 1852 per
841 1777 1126 1850 parentes?
1157 1775 1296 1832 Ecce
1315 1816 1331 1842 ,
1367 1771 1552 1829 audiat
1585 1786 1685 1844 per
1709 1768 1884 1840 quid,
1920 1783 2021 1830 au-

429 1874 542 1930 diat
565 1883 622 1930 et
649 1879 841 1940 taceat,
869 1885 966 1941 per
999 1867 1126 1942 quid
1156 1875 1436 1940 peccatum
1467 1863 1768 1920 inveniatur
1794 1861 1852 1916 in
1895 1875 2022 1930 par:-

429 1960 557 2022 vulo
581 1981 595 2019 :
623 1963 938 2034 Apostolus,
967 1959 1072 2016 Per
1095 1960 1248 2014 unius
1273 1957 1533 2020 delictum,
1559 1953 1747 2025 inquit,
1772 1952 1826 2007 in
1847 1967 2024 2009 orum

428 2053 656 2108 homines
685 2051 753 2108 ad
781 2049 1248 2106 condemnationem
1281 2066 1300 2100 ι
1327 2045 1427 2119 (De
1457 2043 1668 2114 Nuptiis
1693 2053 1742 2098 et
1769 2041 2022 2112 Cattcupig-

426 2143 638 2211 scentia,
669 2141 756 2198 lib.
784 2142 840 2208 2,
870 2159 924 2196 η.
955 2141 1072 2212 46).
1109 2139 1254 2194 Nihil
1299 2147 1352 2193 te
1395 2135 1612 2208 quidem
1635 2135 1804 2206 magis
1833 2135 2024 2196 timere

427 2225 588 2311 quam
632 2236 1104 2307 interrogationem
1152 2231 1620 2303 perscrutatricem
1653 2226 1818 2284 animi
1857 2225 1932 2280 tui
1971 2234 2022 2282 et

433 2329 700 2401 dogmatis
729 2327 976 2382 novimus
1001 2344 1016 2381 :
1049 2324 1172 2380 inde
1199 2332 1282 2380 est
1313 2323 1514 2394 quippe
1537 2361 1552 2388 ,
1600 2319 1744 2391 quod
1779 2318 2028 2380 omnibus

434 2420 628 2492 opibus
667 2418 1008 2490 negationem
1053 2413 1318 2471 examinis
1363 2429 1394 2470 a
1443 2411 1628 2467 mundi
1675 2408 2029 2482 potestatibus

435 2509 796 2582 comparatis;
829 2505 1120 2577 intelligitis
1147 2507 1292 2561 enim
1318 2501 1584 2580 agendum
1611 2500 1765 2558 vobis
1793 2501 1845 2556 vi
1883 2514 2024 2566 esse,

435 2620 560 2660 cum
591 2597 898 2658 deserimini
926 2599 1148 2655 rationis
1175 2597 1391 2653 auxilio.

508 2696 642 2752 Auc.
675 2693 766 2749 Vis
791 2707 896 2747 non
920 2691 1110 2746 timere
1135 2686 1488 2762 potestatem?
1510 2687 1715 2742 Bonum
1743 2684 1828 2742 fac
1849 2683 2031 2754 (Rom.

437 2803 552 2855 xttt,
581 2777 614 2841 3
634 2783 678 2860 ).
707 2777 828 2852 Non
853 2791 936 2838 est
962 2791 1140 2838 autem
1179 2780 1380 2836 bonum
1406 2820 1422 2846 ,
1449 2787 1636 2834 contra
1672 2775 2028 2848 apostolicum

439 2888 658 2933 sensum
685 2888 933 2930 exserere
957 2882 1010 2929 et
1033 2885 1277 2928 asserere
1305 2869 1614 2925 hmrcticum
1636 2865 2034 2936 sensum.Quid

439 2967 616 3023 adhuc
631 2965 826 3038 quaeris
851 2979 1096 3028 examen,
1115 2961 1256 3033 quod
1273 2961 1384 3032 jam
1409 2961 1604 3015 factum
1631 2966 1714 3014 est
1738 2955 1878 3027 apud
1902 2971 2037 3028 apo,-

439 3057 683 3114 stolicam
727 3053 958 3122 Sedem;
1002 3051 1144 3124 quod
1192 3049 1424 3122 denique
1459 3049 1572 3121 jam
1619 3047 1816 3105 factum
1850 3055 1936 3104 est
1980 3045 2034 3102 in

441 3149 727 3224 episcopali
770 3147 973 3222 judicio
1021 3145 1344 3210 Palaestino,
1398 3141 1489 3198 ubi
1539 3141 1820 3212 Pelagius,
1870 3125 2038 3197 vestri

441 3251 628 3300 auctor
647 3241 866 3308 erroris,
889 3237 1072 3312 procul
1095 3234 1257 3294 dubio
1277 3236 1562 3292 damnatus
1582 3243 1748 3299 esset,
1781 3231 1884 3288 nisi
1905 3231 2034 3296 ista,

441 3349 562 3408 qua:
593 3343 648 3390 tu
677 3331 940 3401 defendis,
967 3331 1214 3402 dogmata
1238 3337 1416 3385 vestra
1443 3325 1786 3384 damnasset?
1809 3325 2040 3380 Damna-

443 3418 496 3482 ta
514 3427 531 3459 '
558 3439 686 3498 ergo
701 3423 924 3480 haeresis
943 3422 1012 3477 ab
1032 3420 1298 3494 episcopis
1325 3434 1430 3475 non
1452 3418 1631 3475 adhuc
1651 3415 2038 3480 examinanda,

443 3515 539 3574 sed
567 3514 863 3580 coercenda
893 3524 972 3570 est
1003 3529 1034 3568 a
1067 3512 1420 3586 potestatibus
1439 3509 1774 3568 christianis.

515 3604 652 3665 CW.
679 3607 800 3664 Jun.
829 3605 936 3662 Sed
967 3621 1073 3662 non
1103 3613 1191 3660 tua
1219 3603 1400 3675 opinio
1429 3602 1571 3673 apud
1611 3600 1898 3674 prudentes
1926 3607 2044 3656 tan-

446 3707 559 3756 tum
589 3699 807 3765 valebit,
837 3704 895 3753 ut
921 3713 1043 3752 eum
1069 3702 1125 3752 tu
1153 3695 1228 3750 sis
1255 3703 1414 3765 caput
1439 3693 1631 3749 horum
1657 3701 1712 3748 et
1737 3705 1895 3747 causa
1919 3705 2040 3745 ma-

445 3791 654 3858 lorum,
703 3789 772 3844 de
819 3786 1073 3844 conﬂictu
1119 3785 1298 3842 medio
1345 3785 1588 3855 Apostoli
1633 3793 1686 3838 te
1735 3782 2044 3852 objectione

445 3882 746 3946 subducas;
776 3889 831 3936 et
857 3884 1011 3950 putes
1033 3879 1180 3934 illum
1201 3893 1301 3949 pro
1331 3885 1385 3931 te
1413 3891 1534 3932 esse
1562 3873 1870 3933 feriendum
1893 3890 1907 3926 :
1930 3887 2040 3944 quo

447 3974 788 4046 potissimum
811 3980 996 4026 contra
1027 3986 1122 4024 vos
1149 3977 1481 4039 prmeeptore
1507 3982 1784 4022 armamur
1810 3981 1874 4024 ac
1897 3965 2046 4036 prin-

447 4065 589 4134 cipe.
619 4061 690 4118 Ut
713 4077 843 4131 ergo
871 4059 996 4131 quid
1036 4059 1130 4114 tibi
1175 4058 1458 4114 dicendum
1505 4057 1608 4122 sit,
1653 4065 2046 4126 consequenter

448 4165 708 4226 agnoscas
732 4171 745 4206 :
769 4153 812 4206 si
851 4150 980 4206 mihi
1024 4159 1080 4206 et
1129 4149 1224 4206 tibi
1269 4163 1432 4216 super
1457 4145 1561 4204 hoc
1585 4138 1730 4205 esset
1759 4149 1902 4204 nulla
1930 4148 2045 4204 dis-

450 4247 650 4318 scnsio,
667 4245 808 4318 quod
827 4243 1113 4316 Apostolus
1131 4240 1358 4298 naturali
1387 4251 1606 4312 peccato
1622 4240 2044 4302 Manichaeorum

451 4339 646 4410 dogma
674 4337 931 4412 ﬁrmaret,
965 4346 1092 4390 tunc
1117 4341 1264 4390 tuum
1295 4344 1454 4404 caput
1478 4335 1703 4406 petenti,
1735 4334 1885 4390 illum
1912 4349 2044 4390 con-

453 4439 658 4488 stanter
689 4439 991 4502 opponeres
1019 4447 1032 4482 :
1057 4443 1202 4483 nunc
1231 4438 1360 4482 vero
1391 4443 1513 4484 cum
1551 4417 1872 4485 inviolabilis
1903 4427 2044 4497 apud

453 4538 542 4580 me
583 4519 816 4593 Magistri
853 4517 1102 4576 Gentium
1145 4516 1376 4588 dignitas
1422 4528 1772 4590 perseveret,
1823 4517 2048 4590 ejusque

455 4613 617 4670 verba
647 4620 733 4668 tua
763 4611 884 4667 lzedi
922 4609 1259 4681 expositione
1289 4625 1396 4665 non
1437 4609 1628 4681 patiar,
1659 4625 1782 4681 quae
1802 4650 1818 4676 ,
1849 4623 2044 4666 secun-

453 4707 580 4764 dum
607 4705 842 4778 regulam
869 4705 1132 4776 prolatam
1175 4701 1396 4758 rationis
1417 4744 1432 4770 ,
1463 4703 1663 4770 stulto,
1707 4701 1924 4772 impuro
1943 4740 1960 4768 ,
1991 4707 2050 4756 et

456 4801 620 4872 impio
643 4811 828 4855 assero
856 4797 1100 4868 dogmati
1122 4799 1458 4868 rcpngnare’
1476 4838 1492 4864 ,
1521 4795 1762 4866 nihilque
1791 4809 1914 4850 eum
1947 4808 2044 4865 pro

456 4899 676 4966 peccato
701 4889 926 4946 naturali
953 4876 1154 4944 dixisse
1178 4887 1474 4954 convinco;
1496 4901 1602 4957 qua
1626 4895 1683 4940 tu
1713 4882 2049 4954 impudentia

458 4981 658 5052 ingeris
677 5023 691 5044 ,
721 4989 778 5034 ttt
799 4980 886 5035 vel
916 4994 1016 5049 pro
1049 4989 1099 5034 te
1140 4977 1270 5032 mihi
1305 4978 1396 5034 ille
1437 4975 1795 5047 respondeat,
1823 4975 1916 5046 qui
1943 4991 2053 5032 non

461 5075 838 5144 interrogatur,
863 5070 1115 5142 quoniam
1155 5085 1255 5125 nec
1283 5069 1353 5126 de
1391 5068 1508 5140 ejus
1541 5067 1801 5138 sapientia
1833 5066 2050 5122 dubita-

468 5175 550 5222 tur
569 5183 582 5231 ;
603 5155 789 5220 velut;
802 5162 1118 5219 vociferaris
1143 5161 1286 5217 nolle
1313 5160 1499 5216 audire
1513 5160 1588 5214 ab
1603 5159 1884 5230 Apostolo,
1907 5157 2052 5229 quod
2077 5175 2080 5178 ’

463 5257 526 5312 ἰη·
560 5267 612 5312 te
649 5255 718 5311 ab
757 5255 1007 5330 Aposmlo
1033 5255 1188 5314 nobis
1219 5251 1410 5311 tradita
1439 5249 1802 5322 intelligentiae
1829 5248 2054 5304 sanitate

463 5347 706 5405 detestor
717 5349 743 5402 τ

532 5505 656 5554 'ttiu
709 5504 913 5553 velitum
932 5535 948 5561 ,
1002 5503 1247 5550 Wa
1271 5534 1286 5560 ,
1345 5497 1624 5550 restituimr
1673 5507 1739 5548 ex
1789 5495 2057 5546 manuscri-

470 5581 714 5697 imi'wm,
737 5625 820 5697 qui
841 5622 1105 5697 εεςιιηςιηρι
1136 5619 1368 5697 ,τεςιυιετηξ
1389 5619 1632 5697 Prolati"!
1656 5616 1874 5697 νφιὲοηίςν
1897 5618 2058 5678 ειπιιον

469 5687 688 5750 impuro,
705 5681 761 5737 ἐἰ
795 5685 945 5750 inepto
979 5690 1028 5733 te
1048 5683 1168 5740 (Vel;
1184 5681 1305 5750 "om
1345 5681 1508 5750 assero
1531 5681 1742 5750 dognrrti
1765 5693 2056 5750 repugnare.

473 5741 640 5800 Melius
664 5741 805 5808 'ttss.,
848 5741 976 5803 (iure,
1001 5741 1522 5808 Ascctutrlmn'rcgqlmu
1560 5741 1797 5808 uolutant
1820 5741 2058 5808 rationis,

471 5812 631 5866 stulto,
646 5871 652 5874 Α
669 5801 898 5874 impuro,
915 5801 971 5856 et
994 5803 1150 5874 impio,
1185 5815 1352 5874 assero
1361 5801 1904 5874 "dogiitrttifepugimrc.
1933 5803 2054 5869 mni,

472 5865 747 5925 acciendum
761 5865 980 5935 regulam
995 5865 1234 5932 prolatam
1244 5865 1471 5927 'ratt'onis,
1499 5868 1615 5929 etc]

1082 379 1326 438 OPERIS
1362 371 1783 434 liiPERFECTl
1819 369 2033 430 ΩΟΗΤΙ

2135 367 2495 438 HlLlANUM,
2535 370 2597 426 S.‘
2635 368 3006 428 AUGUSTINI

2095 521 2109 538 .
2179 482 2318 540 Aac.
2347 481 2616 554 Numquid
2638 492 2898 554 unum
2917 484 3340 555 auom-ventu
3365 473 3725 547 amotum:

2101 577 2282 658 posita
2325 576 2458 634 nihil
2493 576 2647 646 aliud
2682 593 2848 648 quam
2890 585 3069 634 tacere
3107 577 3481 636 debilistﬁ'Et
3503 593 3695 638 tamen

2111 677 2296 726 contra
2317 669 2412 728 illa
2441 669 2574 728 nihil
2595 669 2801 737 dicen,
2826 685 2928 726 nec
2953 668 3246 728 secundum
3275 669 3368 727 illa
3389 672 3588 744 aliquid
3615 675 3698 730 di-

2095 777 2279 828 ωε..
2317 761 2452 819 mihi
2487 776 2598 818 non
2647 769 2812 830 taces,
2858 771 2913 820 et
2949 762 3120 834 iactas
3156 765 3296 820 inter
3321 773 3536 834 eam,
3553 766 3696 836 quod

2113 869 2214 925 ego
2261 855 2362 912 sim
2408 863 2576 924 caput
2616 854 2810 910 iurum
2859 865 2916 912 et
2954 870 3114 912 causa
3177 857 3438 912 malorum
3488 874 3503 911 :
3547 859 3697 929 quasi

2115 960 2217 1016 ego
2267 945 2416 1016 prior
2467 946 2554 1002 vel
2603 945 2925 1002 crediderim
2946 985 2964 1015 ,
3018 947 3105 1003 vel
3149 961 3270 1004 esse
3319 947 3698 1018 disputaverim

2115 1037 2373 1110 originale
2413 1046 2710 1108 peccatum.
2742 1038 2874 1094 Tam
2917 1039 3114 1109 quippe
3153 1040 3424 1109 imperitos
3460 1039 3572 1095 haec
3611 1049 3698 1094 tua

2116 1129 2292 1188 credis
2317 1143 2440 1186 esse
2467 1129 2736 1197 lacuum,
2775 1129 2870 1200 qui
2909 1130 3150 1188 nesciant
3186 1143 3346 1200 quam
3377 1131 3525 1185 multi
3573 1141 3699 1186 ante

2100 1233 2218 1276 .nos
2256 1218 2516 1278 Emissis;
2562 1219 2800 1291 clarique
2846 1219 3098 1278 doctores
3120 1261 3136 1286 ,
3187 1221 3267 1276 sic
3315 1223 3413 1276 ista
3459 1221 3698 1291 Apostoli

2117 1313 2279 1372 verba
2325 1313 2688 1371 intellexerint
2727 1322 2784 1370 et
2830 1313 3172 1384 exposuisti
3197 1357 3213 1380 ,
3261 1315 3700 1386 quemadmodum

2119 1415 2231 1464 tota
2269 1423 2338 1464 ex
2381 1407 2501 1477 ipso
2541 1407 2696 1465 initio
2725 1407 2812 1464 sui
2846 1407 3110 1465 catholica
3155 1407 3510 1478 iotetligitvei
3535 1407 3703 1464 credit

2122 1499 2399 1555 Ecclesia:
2428 1515 2548 1570 qua:
2587 1499 2864 1556 doctorum
2910 1499 3072 1556 verba
3116 1501 3163 1555 ei
3201 1501 3337 1555 mala
3378 1509 3534 1568 sunt,
3563 1501 3705 1556 sicut

2121 1604 2218 1646 vos
2261 1588 2442 1646 dicere
2489 1605 2600 1646 non
2643 1587 2876 1655 timetis;
2925 1589 3194 1660 quomodo
3232 1603 3334 1662 ego
3373 1605 3512 1656 sum,
3551 1607 3704 1662 que-

2121 1694 2184 1735 so
2211 1689 2285 1744 te,
2311 1688 2472 1752 caput
2498 1681 2688 1738 horum
2716 1689 2772 1736 et
2795 1693 2957 1736 came
2980 1681 3272 1748 malorum;
3305 1681 3404 1737 nisi
3425 1683 3547 1753 quia
3567 1690 3622 1737 tu
3641 1697 3705 1738 es

2117 1781 2283 1843 caput
2307 1771 2498 1828 harum
2516 1813 2532 1836 ,
2557 1787 2694 1843 quas
2717 1772 2850 1828 mihi
2882 1773 3128 1829 rabiosus
3156 1773 3382 1844 ingeris,
3406 1774 3706 1829 calumnia-

2119 1865 2278 1933 rum?
2301 1863 2432 1920 Nam
2455 1864 2500 1922 si
2529 1878 2664 1920 sano
2678 1864 2901 1920 cerebro
2925 1864 3296 1922 considerares
3314 1864 3558 1920 immane
3581 1865 3707 1920 vita:

2123 1955 2394 2020 miserias.
2423 1969 2456 2010 a
2485 1955 2674 2025 primis
2691 1953 2910 2011 ﬂetibus
2933 1953 3217 2013 infantium
3244 1969 3412 2027 usque
3435 1955 3502 2012 ad
3525 1963 3708 2013 extre-

2119 2062 2245 2102 mos
2259 2047 2496 2118 gemitus
2515 2046 2892 2112 tuorimtinm;
2915 2046 3130 2103 videres
3156 2047 3422 2118 profecto,
3447 2048 3585 2119 quod
3603 2062 3710 2105 nec

2125 2153 2250 2210 ego,
2274 2154 2373 2194 nec
2395 2147 2472 2206 tu,
2495 2138 2592 2194 sed
2613 2139 2704 2194 ille
2720 2138 2889 2194 Adam
2910 2137 3242 2208 iueritcaput
3265 2139 3453 2194 iterum
3477 2147 3531 2195 et
3547 2153 3711 2194 musa

2127 2231 2390 2293 malorum
2417 2229 2594 2300 :quod
2623 2230 2814 2286 nolens
2842 2229 3022 2286 videre
3039 2271 3056 2297 ,
3087 2228 3284 2286 clausis
3320 2229 3486 2286 oculis
3509 2230 3712 2286 clamas

2124 2336 2184 2380 et
2191 2325 2396 2394 justum
2418 2323 2514 2380 Dei
2537 2337 2658 2379 esse
2676 2323 2952 2394 judicium,
2971 2333 3026 2379 et
3039 2337 3150 2378 non
3171 2336 3292 2378 esse
3315 2323 3566 2392 originale
3583 2337 3712 2393 pec—

2129 2425 2330 2476 catum.
2353 2415 2482 2484 Qum
2505 2415 2616 2475 duo
2643 2415 2780 2470 inter
2803 2429 2864 2470 se
2883 2429 3038 2484 quam
3065 2415 3174 2468 sint
3197 2413 3460 2468 contraria
3477 2451 3493 2478 ,
3529 2412 3714 2484 procul

2129 2507 2296 2568 dubio
2311 2521 2582 2572 cerneres,
2597 2521 2705 2562 non
2721 2503 2842 2560 dico
2865 2505 2911 2560 si
2940 2505 3127 2560 horum
3155 2505 3414 2560 malorum
3433 2512 3588 2574 caput
3604 2517 3714 2558 non

2133 2615 2302 2666 esses,
2325 2601 2445 2671 quia
2463 2600 2645 2670 utique
2659 2613 2768 2655 non
2791 2613 2851 2656 es
2869 2615 2886 2664 ;
2904 2596 2998 2654 sed
3018 2599 3062 2654 si
3087 2611 3274 2654 sanum
3296 2604 3451 2668 caput
3471 2595 3716 2663 haberes,

2135 2692 2276 2764 quod
2301 2693 2498 2748 habere
2521 2705 2708 2762 posses
2726 2731 2743 2758 ,
2772 2691 2816 2746 si
2849 2690 3098 2747 doctores
3123 2688 3394 2760 sequendo
3425 2687 3718 2744 catholicos

2135 2791 2297 2852 caput
2323 2782 2592 2853 Pelagium
2613 2796 2718 2838 nou
2743 2780 2992 2840 haberes.

2205 2875 2318 2935 CV.
2343 2875 2462 2932 ιω..
2489 2875 2833 2946 Exprimatur
2847 2857 3014 2946 igitur
3039 2873 3122 2930 vis
3147 2882 3573 2945 rgumentorum
3599 2880 3720 2928 tuo.

2138 2987 2278 3028 tum.
2312 2971 2600 3040 Postquam
2627 2967 2764 3025 dixit
2781 2967 2998 3033 Pontus,
3027 2969 3150 3038 quia
3176 2966 3343 3021 multo
3367 2967 3533 3036 magis
3555 2964 3722 3020 abun-

2139 3061 2322 3121 dasset
2348 3060 2516 3132 gratia
2537 3058 2834 3116 Salvatoris
2854 3056 2926 3112 ad
2945 3055 3294 3121 medendum,
3332 3071 3490 3127 quam
3518 3070 3721 3124 pratva-

2140 3154 2328 3212 ricatio
2357 3153 2512 3225 primi
2539 3151 2770 3208 [nominis
2787 3151 2854 3206 ad
2881 3149 3202 3216 nocendum,
3222 3149 3459 3220 sequitur
3487 3165 3502 3202 :
3531 3143 3596 3201 Et
3620 3164 3723 3202 non

2141 3247 2272 3306 sicut
2297 3262 2387 3317 per
2412 3261 2572 3300 unum
2594 3232 2904 3315 peccantem
2931 3242 3006 3296 ita
3023 3251 3099 3297 est
3116 3250 3163 3296 et
3179 3241 3374 3295 donum
3393 3257 3415 3295 :
3441 3253 3558 3294 nam
3575 3238 3725 3312 judi-
3807 3305 3810 3310 _

2140 3339 2277 3396 ciam
2302 3353 2364 3392 ea:
2381 3353 2482 3392 uno
2501 3337 2556 3390 in
2573 3335 3062 3400 condemnationem,
3091 3333 3257 3404 gratia
3279 3341 3449 3387 autem
3473 3347 3536 3386 ea:
3553 3329 3726 3385 multis

2143 3431 2340 3488 delictis
2361 3431 2418 3485 in
2433 3429 2872 3502 jubtiﬁca'tionem.
2887 3425 3042 3494 Quod
3064 3435 3118 3482 tu
3145 3444 3166 3478 t
3193 3425 3442 3482 delictum
3469 3439 3630 3480 unum
3655 3420 3723 3478 ad

2143 3520 2650 3578 condemnationem
2680 3517 2951 3574 sufﬁciens
2969 3559 2986 3586 ,
3017 3517 3274 3589 originale
3300 3530 3421 3572 esse
3451 3533 3472 3568 ι
3500 3522 3724 3570 conten-

2143 3612 2230 3672 dis
2249 3653 2266 3680 ,
2301 3630 2320 3664 ι
2351 3611 2406 3666 in
2433 3623 2624 3665 annos
2651 3628 2671 3662 ι
2705 3606 2954 3664 videlicet
2996 3623 3018 3659 ι
3044 3605 3288 3662 homines
3325 3603 3684 3677 pertransle
3708 3621 3724 3658 :

2145 3703 2370 3776 gratiam
2395 3710 2575 3760 omni
2603 3700 2728 3756 ideo
2761 3715 2829 3755 ex
2855 3697 3041 3754 multis
3072 3697 3283 3754 delictis
3309 3696 3366 3752 in
3389 3695 3726 3766 iustiﬁcatio-

2146 3808 2268 3856 nem
2293 3793 2433 3858 dici,
2463 3791 2586 3862 quia
2614 3806 2722 3846 non
2747 3791 2921 3846 solum
2964 3787 3098 3844 illud
3142 3802 3306 3843 unum
3350 3787 3540 3851 solvit,
3587 3785 3730 3858 quod

2146 3887 2478 3958 originaliter.
2513 3883 2760 3949 trahitur,
2789 3881 2882 3938 sed
2909 3882 3070 3938 etiam
3106 3890 3300 3936 caetera
3331 3895 3449 3950 qua:
3489 3879 3543 3934 in
3586 3893 3727 3933 uno-

2147 3993 2362 4050 quoque
2385 3976 2604 4032 homine
2627 3981 2776 4029 motu
2813 3973 3042 4043 propriae
3059 3971 3347 4028 voluntatis
3375 3969 3658 4026 adduntur.
3698 3987 3720 4022 ι

2149 4069 2229 4128 Ad
2244 4067 2387 4140 quod
2403 4065 2827 4124 conﬁrmandum
2856 4063 3012 4134 paulo
3031 4072 3151 4134 post
3173 4061 3578 4134 argumentaris,
3601 4060 3727 4130 quia

2149 4163 2193 4220 si
2217 4161 2322 4216 hoc
2349 4175 2516 4216 uittam
2539 4159 2792 4214 delictum
2822 4157 2899 4213 ad
2927 4157 3430 4213 condemnationem
3455 4153 3733 4210 sufﬁciens

2150 4251 2436 4323 Apostolus
2459 4249 2686 4306 dixisset
2721 4248 3018 4304 imitatione
3044 4255 3352 4316 susceptura
3375 4287 3388 4312 ,
3419 4245 3613 4300 addere
3635 4242 3734 4298 de-

2149 4347 2372 4412 buisset,
2401 4357 2592 4398 omnes
2613 4343 2860 4399 homines
2883 4342 2952 4397 ad
2981 4340 3479 4397 condemnationem
3501 4353 3606 4393 non
3636 4351 3734 4406 per

2150 4453 2321 4496 mutu
2337 4439 2418 4494 ire
2444 4436 2699 4493 dolium
2715 4477 2731 4502 ,
2759 4435 2852 4492 sed
2871 4446 2978 4506 per
2994 4434 3163 4489 multa
3185 4449 3281 4489 sua
3301 4447 3522 4504 qumque
3543 4428 3738 4484 volun-5

2153 4540 2262 4588 tute
2296 4529 2602 4586 commissa.
2644 4527 2702 4584 ln
2727 4526 2920 4597 quibus
2942 4527 2958 4559 ¹
2988 4526 3240 4596 quoniam
3268 4518 3624 4594 elaqu‘eandus
3651 4529 3736 4576 est

2153 4605 2394 4693 Apostoli
2412 4626 2592 4675 sermo
2610 4633 2641 4672 a
2663 4618 2902 4673 caseibus
2923 4616 3368 4681 Mauicltmorum;
3393 4622 3452 4669 ut
3477 4614 3546 4668 sit
3562 4620 3740 4668 atten-

2159 4723 2258 4770 ωε-
2291 4712 2480 4776 lector,
2521 4709 2805 4766 sdmomo.
2849 4709 2944 4764 Ais
2985 4720 3112 4777 ergo
3163 4705 3454 4762 secundum
3491 4711 3730 4760 nostrum

2153 4819 2390 4870 sensum,
2413 4817 2520 4873 quo
2541 4801 2798 4857 asseritur
2815 4800 2984 4871 prima
3005 4799 3090 4857 cui
3097 4814 3161 4868 pa
3188 4797 3414 4854 formam
3441 4796 3732 4868 praebuisse

2157 4895 2530 4968 peccantibus,
2558 4893 2814 4950 debuisse
2852 4892 3166 4962 Apostolum
3187 4933 3202 4956 ,
3233 4891 3372 4946 sicut
3410 4889 3628 4962 gratiam
3668 4903 3736 4942 ex

2155 4988 2338 5046 multis
2363 4986 2575 5042 delictis.
2592 4985 2648 5041 in
2667 4987 2689 5018 ²
2711 4983 3148 5054 justiticationem
3167 4983 3302 5039 dixit
3323 4980 3552 5053 operari,
3575 4982 3642 5035 ita
3663 4993 3734 5034 ex

2155 5079 2338 5136 multis
2361 5077 2594 5150 peccatis
2631 5076 2812 5132 dicere
2850 5087 3106 5146 regnasse
3145 5083 3396 5129 mortem.
3424 5073 3588 5129 Porro
3633 5069 3738 5126 hoc

2157 5179 2470 5243 argumento
2491 5178 2678 5226 contra
2699 5177 2754 5224 te
2781 5167 3000 5224 omnino
3025 5164 3246 5220 iactaris
3268 5181 3282 5218 :
3309 5163 3568 5220 convinco
3591 5162 3736 5217 enim

2159 5263 2452 5326 secundum
2487 5261 2680 5334 dogma
2722 5270 2904 5326 tuum,
2947 5260 3392 5328 inconsequenter
3428 5256 3737 5328 Apostol‘um

2161 5357 2526 5428 pronuntiare,
2555 5353 2738 5414 Gratia
2749 5363 2916 5408 autem
2933 5366 2994 5408 ea:
3013 5351 3187 5407 multis
3209 5351 3400 5406 delictis
3419 5350 3471 5404 in
3482 5348 3739 5422 justiﬁed-

2161 5453 2365 5519 ιὶοιιωιι,
2397 5449 2494 5521 qui
2515 5448 2749 5512 dixerat,
2782 5445 2868 5501 Eat
2891 5459 2992 5500 uno
3019 5454 3223 5515 peccato
3249 5443 3505 5516 judicium
3538 5443 3592 5496 in
3617 5456 3740 5494 can-

2163 5542 2552 5598 demnationem.
2583 5539 2653 5596 Ut
2676 5539 2820 5596 enim
2839 5535 3172 5610 egredientes
3199 5535 3266 5590 de
3289 5533 3484 5590 nostris
3515 5531 3737 5596 ﬁnibus,

2203 5680 2249 5748 ,ι
2275 5677 2426 5740 Editi,
2459 5677 2511 5728 in
2553 5675 2724 5743 quibus
2769 5675 2904 5728 locis.
2944 5673 3246 5736 lanusu'ipti
3293 5683 3392 5722 non
3429 5669 3640 5728 habent,
3673 5665 3744 5718 lc-

2167 5753 2241 5791 αδ

2172 5777 2532 5914 ζᾷἷρηὶωιδ,
2559 5797 2608 5854 in
2625 5839 2638 5864 ,
2663 5802 2891 5853 carebant
2916 5798 3060 5862 editi;
3085 5797 3172 5848 sed
3198 5807 3304 5848 eam
3342 5789 3642 5856 animum“
3664 5792 3745 5840 “3'
