4126 6544
476 391 612 446 1187

477 504 604 560 Iesu
627 503 844 569 Christi,
878 517 1097 574 scparas
1123 501 1192 557 ah
1229 517 1291 558 ea
1321 502 1587 572 parvulos,
1617 513 1752 571 quos
1790 513 1853 554 ea
1878 498 2062 554 salvos

477 596 591 651 Iieri
619 610 814 666 negas:
840 603 896 651 ut
915 595 1119 650 scilicet
1145 594 1297 649 vobis
1327 594 1442 665 ipsa
1468 592 1727 648 vocabula
1754 606 1852 662 pro
1880 599 2063 647 vestro

475 687 699 743 arbitrio
726 686 1109 751 dividentihus,
1140 685 1384 740 Christus
1413 685 1478 739 ad
1521 685 1770 754 parvulos
1797 684 2073 753 pertinere

472 779 719 834 videatur
749 787 964 848 preptcr
993 793 1212 848 regnum
1256 777 1370 842 Dei,
1401 792 1506 847 quo
1536 776 1745 831 nonnisi
1772 775 2068 846 baptizatos

476 884 636 940 posse
675 871 954 941 pervenire
997 870 1324 934 comeditis;
1375 868 1532 924 Jesus
1575 877 1753 923 autem
1793 869 1866 923 sit
1894 868 1963 923 ab
1989 868 2069 923 eis

477 975 695 1030 prorsus
722 962 946 1028 alienus,
980 962 1229 1031 quoniam
1271 976 1376 1015 non
1418 961 1470 1014 in
1500 960 1604 1015 illis
1629 971 1899 1032 operatur,
1926 960 2069 1015 unde

477 1052 581 1106 huc
610 1061 847 1107 vocatur.
877 1053 1140 1122 Scriptum
1178 1059 1261 1107 cst
1289 1051 1452 1115 enim,
1492 1049 1706 1105 Vocabis
1734 1067 1916 1104 nomen
1961 1051 2070 1122 ejus

479 1141 686 1209 Iesum;
708 1145 1068 1214 continuoque
1087 1159 1301 1198 causam
1329 1143 1637 1212 subjiciens,
1657 1157 1822 1214 quare
1839 1142 2026 1198 Jesum
2054 1161 2068 1195 :

481 1233 601 1304 Ipse
625 1237 759 1289 enim
781 1237 973 1290 salvum
1011 1237 1177 1307 faciet,
1203 1235 1392 1305 inquit,
1424 1233 1668 1306 populant
1703 1251 1852 1288 suum
1890 1251 1922 1287 a
1952 1249 2070 1304 pec-

477 1328 602 1381 catis
629 1345 804 1382 eorum
825 1327 1037 1397 (Matth.
1081 1345 1097 1383 ι
1149 1328 1262 1400 21).
1296 1328 1446 1397 Quod
1479 1329 1530 1383 in
1560 1329 1794 1398 parvulis
1821 1327 1934 1383 ﬁeri
1975 1343 2066 1383 ne-

475 1430 682 1488 gantes,
713 1428 767 1474 et
799 1434 828 1473 a
856 1420 1070 1474 nomine
1095 1419 1220 1474 Jcsu
1252 1420 1391 1483 illos,
1421 1427 1476 1474 et
1501 1419 1568 1473 ab
1603 1419 1720 1488 ejus
1760 1420 1955 1490 populo
1985 1433 2072 1473 θος

475 1512 677 1580 paratis
701 1529 714 1565 :
742 1520 798 1564 et
819 1511 1028 1566 audetis
1055 1510 1336 1581 indignari,
1368 1511 1508 1582 quod
1538 1525 1632 1566 vos
1660 1511 1836 1580 potius
1861 1511 1930 1566 ab
1969 1524 2068 1565 eo-

475 1602 598 1657 dem
635 1603 831 1672 pepulo
860 1605 1216 1672 separamini?
1242 1604 1507 1671 Quantum
1551 1611 1730 1657 autem
1769 1602 1960 1656 attinet
1999 1601 2067 1656 ad

474 1692 668 1748 delicta
699 1693 1022 1758 voluntaria,
1055 1693 1190 1747 sicut
1220 1708 1288 1748 ex
1325 1694 1509 1748 multis
1539 1693 1796 1764 judicium
1823 1695 1986 1748 mittit
2013 1694 2066 1748 in

473 1784 996 1848 condemnationem,
1023 1784 1100 1838 sic
1135 1800 1201 1838 ex
1245 1785 1425 1839 multis
1450 1786 1621 1855 gratia
1653 1785 1705 1838 in
1731 1785 2069 1854 justillcatio-

474 1891 618 1930 nem.
651 1875 827 1944 Quare
857 1891 986 1946 ergo
1011 1876 1212 1930 dictum
1243 1885 1346 1941 est,
1381 1875 1646 1930 Iudicium
1668 1893 1731 1929 ea:
1749 1893 1850 1931 uno
1870 1877 1923 1931 in
1947 1893 2070 1931 con-

471 1966 863 2032 demnationem,
893 1967 1061 2038 gratia
1102 1977 1270 2021 autem
1309 1982 1372 2021 ea:
1411 1966 1584 2020 multis
1612 1965 1809 2020 delictis
1835 1966 1888 2020 in
1908 1966 2068 2036 justi-

470 2057 786 2125 ﬁcationem;
817 2057 916 2112 nisi
945 2057 1067 2127 quia
1113 2057 1214 2112 hoc
1255 2058 1373 2112 loco
1413 2072 1518 2111 non
1565 2064 1650 2111 est
1686 2057 1930 2126 opposita
1969 2072 2068 2110 vo-

471 2148 662 2204 luntati
691 2149 958 2214 voluntas,
989 2158 1078 2204 aut
1117 2149 1399 2204 imitationi
1437 2149 1698 2214 imitatio;
1726 2148 1822 2205 sed
1846 2164 2070 2220 genera-

472 2240 604 2294 tioni
630 2240 999 2311 regeneratio?
1027 2241 1175 2296 Sicut
1198 2242 1343 2296 enim
1378 2242 1652 2311 generatio
1675 2239 1932 2310 judicium
1975 2241 2070 2296 ha-

471 2329 566 2386 bet
589 2345 657 2385 ex
683 2347 789 2386 uno
825 2332 877 2385 in
906 2332 1442 2397 condemnationem;
1477 2333 1547 2386 ita
1589 2332 1926 2402 regeneratio
1948 2347 2070 2402 gra-

473 2423 602 2478 tiam
629 2439 696 2478 ex
731 2423 910 2478 multis
935 2423 1148 2481 delictis
1175 2424 1228 2478 in
1252 2423 1708 2494 justificationem.
1743 2425 1956 2480 Clarum
1984 2432 2068 2480 est

472 2514 616 2583 quod
645 2515 812 2569 voluit
839 2515 1056 2585 intelligi
1100 2515 1388 2585 Apostolus
1413 2534 1426 2569 :
1456 2531 1553 2571 vos
1581 2515 1625 2571 si
1651 2516 1892 2572 subditas
1910 2531 2072 2574 aures

474 2605 750 2675 aperiatis,
779 2605 1113 2660 contentiosa
1141 2620 1234 2660 ora
1262 2604 1544 2661 claudetis.

543 2694 681 2750 CIX.
714 2695 834 2750 Jun.
864 2695 1160 2752 Prudenter
1188 2712 1336 2769 ergo,
1365 2711 1487 2752 cum
1513 2697 1581 2752 de
1610 2697 1780 2753 Adam
1819 2698 2068 2770 loquere-

475 2798 584 2856 tur,
612 2789 909 2846 nominavit
939 2806 1102 2844 unum
1133 2799 1430 2861 peccatum,
1465 2791 1608 2861 quod
1647 2792 1814 2846 voluit
1844 2793 2064 2864 intelligi

473 2879 703 2937 formam
733 2882 1182 2951 prtevaricationis
1208 2883 1370 2937 fuisse
1401 2902 1415 2938 :
1460 2883 1600 2950 ideo,
1633 2885 1867 2955 inquam,
1899 2901 2064 2942 unum

473 2982 662 3029 etnon
701 2972 867 3028 multa
906 2975 1243 3040 memoravit,
1272 2975 1393 3046 quia
1437 2975 1638 3030 sciebat
1672 2991 1833 3031 unum
1862 2986 2065 3033 tantum

472 3065 606 3122 Adae
655 3076 930 3137 peccatum
972 3067 1024 3121 in
1068 3067 1202 3138 legis
1250 3067 1469 3123 historia
1513 3069 1796 3125 contineri.
1827 3070 2064 3126 Gratiam

471 3172 604 3212 vero
629 3172 695 3213 ex
731 3157 915 3213 multis
953 3157 1160 3214 delictis
1185 3159 1238 3214 in
1273 3157 1730 3229 justiticationetn,
1775 3161 2008 3218 imbutos
2032 3179 2063 3218 a

471 3263 532 3305 se
565 3249 803 3306 laudavit
843 3250 1108 3318 emittere,
1152 3266 1220 3306 ne
1260 3251 1503 3308 beneﬁcii
1549 3254 1796 3324 pauperis
1831 3257 2066 3325 suspicio

471 3351 784 3397 nasceretur
815 3359 828 3396 :
859 3350 913 3397 et
939 3342 984 3397 si
1015 3342 1259 3410 dixisset,
1283 3342 1462 3400 Gratia
1492 3359 1561 3398 ex
1591 3360 1697 3398 uno
1726 3346 1777 3400 in
1802 3345 2065 3416 justitica-

471 3433 670 3488 tionem
695 3449 711 3498 ;
742 3448 847 3488 nou
875 3442 982 3488 tam
1009 3435 1186 3488 omnia
1217 3434 1490 3490 videretur
1509 3435 1746 3501 abolere,
1775 3453 1932 3504 quam
1955 3439 2066 3493 sin-

468 3524 610 3595 gula.
637 3524 787 3592 Quod
809 3540 939 3595 ergo
967 3527 1223 3596 praemisit
1251 3542 1415 3581 unum
1447 3537 1744 3598 peccatum,
1777 3529 1936 3584 fidem
1959 3545 2066 3585 ser-

469 3617 611 3671 vavit
639 3618 874 3673 historiae
897 3635 910 3670 :
943 3619 1085 3688 quod
1105 3619 1357 3684 subdidit,
1385 3635 1450 3674 ex
1479 3620 1658 3677 multis
1680 3622 1848 3691 gratia
1877 3623 1927 3678 in
1944 3623 2064 3694 jus-

469 3709 831 3777 tiiicationem,
866 3709 1282 3766 munificentiam
1325 3712 1568 3783 mysterii
1591 3713 1982 3770 commendavit
2009 3724 2065 3773 et

468 3801 700 3871 copiam.

538 3892 674 3947 Anc.
703 3889 842 3958 Quid
865 3900 1043 3946 autent
1075 3906 1212 3962 opus
1229 3901 1346 3948 erat
1369 3902 1428 3946 ut
1453 3891 1521 3947 de
1536 3892 1704 3948 Adam
1730 3894 2056 3964 loqueretur,

466 3997 591 4036 cum
619 3981 818 4036 Christi
857 3985 1080 4054 gratiant
1119 3983 1550 4049 commendaret;
1592 3985 1692 4040 nisi
1720 3986 1843 4056 quia
1873 4002 1967 4057 per
1993 3988 2062 4044 il-

467 4074 579 4130 lum
608 4075 902 4143 generatio,
934 4089 1027 4144 per
1047 4075 1208 4130 istum
1236 4075 1567 4144 regeneratio
1594 4076 1714 4131 est?

538 4169 654 4227 CX.
685 4169 806 4225 ιῐυι..
835 4169 966 4237 Qua:
991 4167 1276 4238 expositio,
1295 4176 1353 4223 ut
1381 4168 1572 4224 rationi
1597 4170 1850 4237 concinit,
1872 4171 1944 4228 ita
1965 4188 2060 4229 vos

465 4260 696 4316 destruit
725 4277 740 4314 :
770 4259 872 4314 hoc
901 4259 1044 4314 enim
1075 4258 1191 4326 ipso
1220 4258 1460 4313 conliteri
1495 4259 1588 4314 tibi
1617 4275 1837 4316 necesse
1864 4271 1964 4329 cst,
2003 4265 2055 4320 in

465 4352 714 4407 omnibus
742 4350 1105 4421 superioribus
1147 4349 1326 4406 verbis
1367 4351 1679 4420 Apostolum
1728 4352 1794 4407 de
1834 4364 2055 4424 peccato

467 4444 772 4500 Manicharzc
803 4443 1034 4498 traducis
1060 4459 1166 4499 non
1197 4445 1452 4512 locutum,
1481 4448 1695 4516 quando
1739 4448 1792 4503 in
1817 4463 2056 4505 comme-

465 4536 764 4592 moratione
786 4536 970 4606 gratia:
997 4537 1158 4590 multa
1185 4537 1384 4592 absolvi
1409 4546 1629 4607 peccata
1659 4541 1997 4596 monstravit.

535 4631 672 4686 Anc.
697 4629 1017 4685 Manichmos
1044 4638 1096 4684 tu
1122 4630 1362 4700 adjuvas,
1385 4632 1576 4702 quibus
1597 4633 1879 4688 inducendi
1897 4634 2053 4690 aliam

465 4733 705 4779 naturam
737 4724 929 4779 malam
952 4723 1047 4778 das
1076 4723 1271 4790 locum,
1290 4724 1536 4795 negando
1564 4726 1615 4780 in
1641 4726 1881 4796 originali
1911 4727 2054 4782 malo

461 4831 584 4873 esse
606 4829 819 4872 causam
847 4816 1076 4870 miseria:
1102 4816 1438 4886 parvulorum
1471 4832 1483 4846 ’
1515 4831 1672 4886 quam
1700 4817 1966 4873 miseriam
1998 4819 2052 4873 in

462 4911 710 4982 paradiso
735 4911 917 4982 utique
939 4927 1043 4965 non
1072 4910 1351 4978 haberent,
1381 4910 1424 4964 si
1453 4920 1830 4980 perseverante
1856 4911 1926 4966 ibi
1951 4927 2051 4966 na-

465 5013 596 5057 tura:
648 5002 895 5057 humana:
944 5001 1260 5056 rectitudine
1305 5015 1369 5056 ac
1419 5000 1744 5056 beatitudine
1790 5004 1807 5034 ί
1860 5017 2051 5058 nasce-

461 5103 666 5150 rentur.

532 5185 672 5241 CXI.
699 5184 816 5240 Juc.
868 5184 944 5239 De
991 5184 1211 5239 istorum
1251 5185 1394 5240 enim
1443 5192 1782 5252 peccatorqu
1826 5199 2044 5254 genere,

460 5294 580 5348 qua:
621 5278 786 5331 multa
824 5290 964 5340 esse,
995 5285 1051 5330 et
1085 5276 1277 5331 dimitti
1316 5275 1492 5330 omnia
1521 5291 1616 5345 per
1643 5276 1866 5346 gratiam
1895 5291 2046 5331 com-

461 5369 752 5434 mendavit,
782 5367 1015 5424 ostendit
1051 5382 1110 5422 se
1135 5368 1295 5423 etiam
1327 5367 1454 5422 illud
1497 5383 1659 5426 unum
1696 5368 1942 5438 superius
1969 5368 2050 5423 di-

462 5463 607 5516 xisse
644 5468 921 5531 peccatum
957 5475 972 5512 :
1015 5468 1072 5512 tu
1105 5469 1281 5514 autem
1322 5458 1440 5514 hrc
1477 5458 1640 5513 multa
1675 5473 1738 5515 ea
1776 5459 2048 5514 censentis

459 5565 600 5619 esse,
624 5567 742 5623 qua:
766 5550 1168 5606 committuntur
1187 5551 1253 5604 ab
1291 5565 1607 5621 unoquoque
1649 5550 1863 5607 homine
1900 5559 2045 5607 motu

525 5770 538 5799 ¹
566 5768 638 5818 sic
661 5775 764 5818 ttss.
791 5775 898 5816 ναι-ι
941 5773 1052 5816 tur.
1077 5768 1196 5816 dar.
1217 5773 1270 5817 At
1287 5767 1422 5828 editi,
1447 5774 1633 5820 natura:
1657 5783 1711 5821 ac
1737 5768 2042 5822 batitudinis

464 5829 684 5882 Itum-at:
701 5827 1007 5881 rcctitudt'ne.

1149 388 1396 448 OPERIS
1434 385 1846 447 IMPERFECTI
1885 384 2157 442 CONTRA
2194 383 2556 454 JULIANUM,
2597 390 2657 447 S.
2705 389 3072 450 AUGUSTI?"

2176 501 2406 566 proprltc
2432 500 2716 556 voluntatis
2741 511 2826 558 :ct
2855 501 2984 559 illud
3009 518 3136 576 ergo
3166 520 3327 564 unum
3355 508 3423 566 de
3449 512 3637 570 eodem
3661 531 3759 590 ge-

2175 601 2304 643 nere
2333 597 2435 642 081..
3048 608 3055 614 “

2243 681 2379 736 Anc.
2407 681 2578 736 Simul
2604 697 2724 740 cum
2746 686 2840 740 illo
2860 701 2987 753 uno,
3009 686 3130 743 dico
3149 704 3269 746 esse
3295 692 3478 759 multa,
3497 709 3600 749 non
3623 712 3757 767 prte-

2175 779 2258 827 ter
2283 772 2411 829 illud
2441 792 2456 829 :
2489 784 2666 845 potest
2692 788 2870 834 autem
2909 789 2964 835 et
3007 780 3109 838 hoc
3148 792 3294 840 recte
3333 785 3436 842 dici
3474 787 3543 844 de
3567 791 3756 848 eodem

2172 878 2368 934 genere
2390 881 2534 936 esse,
2566 869 2611 925 si
2639 870 2706 926 ad
2742 871 3001 943 originem
3029 875 3322 943 referatur;
3364 881 3484 950 quia
3506 892 3559 938 et
3584 883 3755 954 ipsum

2173 971 2239 1012 ex
2288 959 2444 1029 primi
2501 960 2731 1018 hominis
2772 965 3048 1023 voluntate
3076 971 3325 1036 manavit,
3374 975 3581 1043 quando
3617 979 3757 1035 illius

2174 1061 2449 1119 peccatum
2476 1053 2686 1112 intravit
2709 1057 2762 1112 in
2788 1060 3066 1128 mundum,
3097 1070 3151 1118 ct
3175 1079 3270 1134 per
3297 1080 3483 1122 omnes
3515 1067 3765 1128 homines“

2175 1145 2498 1212 pertransiit.
2578 1182 2588 1192 .

2243 1235 2401 1291 CXII.
2432 1238 2552 1294 Jun.
2587 1239 2654 1297 Ut
2695 1240 3019 1316 intelligatur
3044 1247 3112 1303 ab
3139 1264 3459 1322 unoquoque
3484 1249 3624 1311 metti
3643 1273 3760 1326 [τινος

2172 1328 2303 1397 pria:
2330 1330 2618 1386 voluntatis
2642 1341 2959 1403 attractum;
2989 1347 3043 1394 et
3065 1339 3176 1410 jam
3218 1357 3321 1397 non
3353 1343 3640 1402 fecunditas
3669 1364 3760 1404 sed

2171 1419 2398 1486 minum,
2427 1422 2521 1476 sed
2546 1425 2844 1482 studiorum
2873 1429 3106 1497 pravitas
3129 1443 3397 1504 arguetur.
3428 1438 3683 1493 Caeterum
3707 1442 3753 1497 si

2173 1507 2305 1564 illud
2331 1526 2493 1566 unum
2515 1515 2773 1586 originale
2801 1518 3054 1576 voluisset
3077 1522 3320 1595 intelligi,
3358 1541 3463 1582 non
3486 1529 3662 1599 utique
3697 1531 3751 1586 in

2171 1603 2520 1692 sequentibus
2546 1617 2760 1674 peccata
2786 1611 2952 1667 multa
2979 1611 3224 1683 dixisset,
3253 1631 3370 1687 quze
3405 1634 3499 1690 per
3533 1625 3751 1692 gratiam

2170 1691 2390 1750 dimissa
2415 1704 2659 1754 testatur.

2241 1787 2376 1845 Anc.
2404 1789 2580 1858 Quare
2603 1808 2709 1848 non
2738 1794 2982 1863 dixisset,
3015 1799 3117 1854 nisi
3146 1801 3267 1872 quia
3310 1801 3411 1859 hoc
3438 1805 3618 1862 volunt
3654 1808 3754 1866 Pe-

2170 1876 2405 1948 lagiani?
2432 1881 2528 1937 sed
2571 1900 2674 1939 non
2704 1887 2819 1942 vult
2851 1889 3068 1958 veritas,
3115 1908 3218 1962 qua
3262 1893 3538 1966 Pelagiana
3567 1899 3751 1956 redar-

2170 1971 2350 2042 guitur
2371 1974 2599 2041 novitas,
2618 1985 2674 2031 et
2692 1979 2919 2034 vincitur
2938 1983 3164 2038 vanitas.
3189 1983 3346 2041 Multa
3372 1987 3512 2042 enim
3538 1989 3747 2056 delicta,

2169 2078 2236 2120 ex
2260 2065 2452 2135 quibus
2477 2070 2646 2139 gratia
2680 2071 2838 2127 mittit
2864 2073 2917 2128 in
2949 2074 3403 2146 justiticationem,
3448 2082 3601 2137 simul
3629 2099 3748 2138 cum

2171 2157 2262 2213 illo
2301 2174 2408 2215 uno
2434 2162 2599 2217 multa
2639 2173 2796 2232 sunt;
2828 2181 2894 2221 ex
2924 2183 3032 2238 quo
3059 2185 3163 2224 uno
3183 2170 3441 2240 judicium
3469 2175 3509 2243 ³,
3544 2177 3749 2232 etiamsi

2169 2248 2270 2303 alia
2289 2265 2393 2305 non
2420 2252 2700 2321 addantur,
2725 2257 2887 2312 mittit
2907 2259 2958 2314 in
2981 2260 3498 2320 condemnationem.
3519 2265 3605 2322 Sic
3623 2283 3752 2340 ergo

2169 2340 2338 2396 Adam
2368 2359 2530 2398 unum
2555 2345 2808 2403 delictum
2837 2352 3003 2420 potuit
3025 2355 3292 2424 generatis
3317 2356 3568 2427 inserere,
3597 2359 3752 2416 Chri-

2169 2442 2284 2488 stus
2331 2443 2509 2490 autem
2559 2443 2886 2509 regeneratis
2937 2445 3102 2500 multa
3144 2446 3448 2518 dimittere;
3502 2455 3748 2524 quoniam

2169 2525 2290 2594 plus
2319 2526 2420 2582 iste
2447 2528 2730 2599 profuisse,
2756 2549 2913 2603 quam
2945 2535 3032 2591 ille
3059 2539 3309 2596 nocuisse
3333 2552 3675 2600 monstratur.

2239 2615 2423 2680 CXIII,
2452 2619 2574 2675 Jun.
2603 2619 2671 2676 Et
2694 2627 2941 2694 quamvis
2973 2644 3090 2699 qutc
3115 2639 3234 2687 acta
3277 2644 3418 2703 sunt,
3461 2635 3527 2692 ad
3564 2638 3749 2695 defen-

2168 2708 2374 2765 sionem
2406 2711 2646 2768 veritatis
2670 2715 3001 2773 exuberent:
3032 2729 3206 2777 tamen
3233 2723 3299 2779 ad
3325 2740 3386 2781 ea
3425 2743 3540 2798 qua:
3567 2729 3748 2786 inferi-

2169 2817 2308 2869 mus,
2337 2811 2396 2857 ut
2422 2803 2491 2858 sit
2516 2804 2685 2860 lector
2709 2806 2962 2877 iutenttﬁ,
2989 2811 3269 2870 admoneo.
3303 2817 3744 2888 Apparebitenim

2169 2893 2583 2964 irrefutabilitcr,
2614 2897 2744 2953 nihil
2773 2900 2825 2955 in
2853 2899 2935 2958 his
2955 2902 3087 2960 locis
3111 2908 3405 2976 apostolum
3436 2911 3649 2968 Paulum
3679 2914 3749 2970 de

2168 2993 2377 3053 natura,
2406 2987 2501 3042 sed
2529 2987 2596 3044 de
2631 2993 3038 3050 conversatione
3077 2999 3378 3055 mortalium
3404 3001 3697 3072 disputasse
3728 3023 3743 3060 :

2168 3076 2274 3132 vim
2307 3095 2498 3150 nempe
2543 3083 2724 3152 gratia:
2749 3083 2950 3141 Christi
2978 3095 3032 3143 et
3069 3092 3268 3158 peccati
3296 3093 3449 3162 primi
3475 3110 3506 3150 e
3534 3097 3747 3166 regione

2166 3170 2514 3239 constituens,
2562 3189 2984 3248 comparatisque
3021 3178 3239 3237 effectus
3266 3184 3568 3257 .utriusque,
3600 3187 3748 3243 labo-

2165 3263 2303 3318 ravit
2329 3265 2646 3332 ostendere,
2687 3271 2854 3340 magis
2888 3271 3083 3328 Christi
3125 3276 3389 3345 profuisse
3415 3282 3741 3351 mysterium,

2166 3368 2321 3424 quam
2352 3356 2506 3426 primi
2533 3357 2764 3416 hominis
2787 3363 3032 3419 nocuisse
3062 3376 3352 3435 peccatum.
3383 3370 3436 3425 ld
3460 3382 3630 3428 autem
3657 3374 3746 3430 do-

2167 3445 2374 3502 cuimus
2401 3447 2452 3502 in
2475 3463 2634 3503 sensu
2663 3451 2896 3507 traducis
2923 3469 3027 3509 non
3057 3471 3213 3526 posse
3237 3469 3499 3516 constare.
3525 3461 3591 3518 Ut
3618 3479 3744 3534 ergo

2165 3538 2331 3592 multa
2359 3555 2476 3609 qua:
2497 3545 2848 3611 enumeravit,
2874 3547 2942 3602 ita
2965 3547 3068 3604 hoc
3094 3551 3426 3620 peculiariter
3449 3554 3512 3610 ad
3536 3556 3742 3612 laudem

2167 3629 2330 3683 voluit
2351 3632 2538 3701 gratia:
2569 3635 2858 3704 pertinere,
2884 3639 3024 3708 quod
3051 3640 3142 3708 ait,
3188 3641 3447 3699 Jndicium
3471 3663 3533 3702 ea:
3568 3665 3664 3703 uno
3691 3653 3743 3704 in

2165 3719 2646 3792 condemnationem,
2681 3729 2846 3796 gratia
2885 3739 3052 3785 autem
3083 3749 3146 3787 ea:
3167 3735 3338 3790 multis
3357 3737 3548 3793 delictis
3579 3741 3628 3794 in
3646 3743 3741 3813 ju-

2163 3812 2514 3879 stiﬁcationem
2540 3817 2673 3873 vine.
2703 3819 2856 3886 Quod
2889 3822 2990 3879 hoc
3019 3825 3178 3882 modo
3203 3830 3462 3886 naturalis
3477 3833 3598 3888 mali
3623 3812 3745 3890 ’ras-

2165 3911 2339 3958 sertor
2355 3909 2601 3975 exposuit
2628 3925 2641 3963 :
2671 3927 2691 3961 ¢
2719 3910 2864 3979 Ideo,
2896 3931 2914 3965 ι
2950 3913 3138 3984 inquit,
3170 3935 3188 3968 ι
3212 3933 3275 3972 ea:
3301 3936 3400 3974 uno
3427 3921 3478 3975 in
3507 3924 3742 3979 condem-

2164 3995 2432 4062 nationem,
2457 3999 2577 4069 quia
2591 3999 2863 4058 sufficiens
2879 4013 2958 4059 est
2970 4005 3098 4061 illud
3115 4023 3274 4063 unum
3293 4020 3580 4081 peccatum,
3601 4015 3741 4086 quod

2162 4087 2492 4158 originaliter
2515 4091 2763 4159 trahitur,
2787 4095 2853 4150 ad
2881 4098 3374 4158 condemnationem
3399 4104 3608 4174 ducere,
3639 4109 3743 4164 sic-

2163 4188 2220 4231 ut
2262 4178 2408 4234 ducit
2452 4184 2736 4252 parvulos,
2781 4188 2870 4256 qui
2920 4203 2985 4243 ex
3028 4191 3197 4245 Adam
3239 4204 3555 4264 nascuntur,
3599 4199 3642 4253 si
3687 4202 3742 4255 in

2161 4267 2375 4326 Christo
2400 4287 2503 4328 non
2547 4287 2921 4346 renascantur;
2955 4282 3161 4356 etiamsi
3198 4284 3297 4339 alia
3347 4297 3556 4356 peccata
3602 4293 3741 4346 nulla

2161 4359 2288 4414 sint.
2321 4360 2498 4416 Gratia
2520 4375 2685 4419 autem
2715 4383 2779 4422 ea:
2802 4370 2971 4424 multis
2994 4371 3189 4427 delictis
3226 4375 3278 4428 in
3295 4377 3742 4447 jnstiﬁcationcm;

2161 4450 2282 4521 quia
2309 4467 2415 4508 non
2441 4455 2612 4509 solum
2659 4457 2788 4513 illud
2819 4459 3056 4527 dimittit,
3095 4464 3236 4533 quod
3279 4468 3596 4538 originaliter
3635 4481 3742 4526 ιω-

2161 4541 2323 4606 hitur,
2352 4544 2444 4598 sed
2469 4546 2628 4600 etiam
2655 4557 2845 4604 caetera
2867 4567 2985 4620 qua:
3005 4553 3072 4607 ab
3091 4569 3427 4628 unoquoque,
3456 4571 3596 4616 motu
3617 4577 3743 4632 pro-

2158 4633 2289 4702 pria:
2314 4634 2599 4692 voluntatis
2619 4638 2885 4695 adduntur
2903 4660 2922 4694 ι
2965 4642 3064 4713 (De
3082 4643 3290 4716 Nuptiis
3315 4657 3358 4701 et
3373 4648 3740 4721 Concupiscet:-

2159 4725 2250 4793 tia,
2273 4725 2360 4779 lib.
2385 4727 2442 4793 2,
2472 4744 2525 4780 η.
2558 4729 2673 4798 46).
2705 4730 2844 4785 Ecce
2873 4732 3145 4802 professus
3169 4751 3226 4791 es
3253 4779 3267 4803 ,
3297 4738 3420 4794 licet
3470 4741 3741 4811 impietate

2156 4817 2442 4874 Manichaaa
2467 4863 2480 4886 ,
2511 4836 2629 4876 esse
2665 4823 2876 4892 quidem
2918 4827 3158 4884 naturale
3201 4842 3492 4900 peccatum,
3537 4850 3744 4890 verum-

2158 4907 2336 4965 tamen
2388 4928 2595 4981 unum,
2648 4913 2719 4969 ob
2757 4916 2898 4986 quod
2948 4919 3028 4973 ais
3075 4933 3354 4978 nascentes
3398 4925 3589 4982 debere
3636 4927 3738 4982 da-

2155 5006 2345 5060 mnari.

2225 5097 2362 5152 Are.
2405 5097 2503 5166 Qui
2533 5097 2696 5163 dixit,
2732 5118 2751 5152 ι
2785 5100 2984 5159 Omnes
3013 5104 3115 5160 sub
3151 5115 3370 5176 peccato
3412 5109 3675 5166 nascimur
3706 5129 3731 5165 ι

2155 5190 2408 5259 (Aittbros.
2441 5191 2528 5245 lib.
2564 5191 2600 5246 2
2642 5192 2706 5247 de
2748 5193 2956 5262 Pontia,
2990 5213 3104 5268 cap.
3131 5198 3166 5252 2
3193 5201 3270 5255 vel
3295 5201 3373 5274 5),
3414 5202 3737 5259 Manichacus

2154 5295 2260 5335 non
2285 5290 2420 5336 erat.
2450 5281 2556 5338 Sed
2585 5297 2702 5350 vos,
2732 5286 2999 5356 responde
3025 5289 3149 5358 quid
3177 5291 3314 5360 sitis,
3335 5293 3424 5364 qui
3457 5303 3530 5348 tot
3555 5294 3737 5365 imagt-

2154 5387 2248 5428 nes
2275 5372 2389 5440 Dei,
2419 5373 2534 5428 sine
2562 5374 2719 5431 ullius
2748 5377 2950 5446 peccati
2975 5379 3185 5446 merito,
3225 5385 3480 5453 separatis
3503 5400 3532 5438 a
3566 5400 3735 5454 regno

2154 5463 2267 5529 Dei,
2299 5466 2503 5536 negatis
2527 5466 2768 5523 damnari
2791 5469 2990 5540 judicio
3019 5471 3131 5537 Dei,
3161 5481 3217 5528 et
3239 5473 3408 5530 facitis
3432 5475 3563 5531 duas
3583 5486 3730 5531 acter-

2150 5571 2246 5610 nas
2269 5556 2566 5626 felicitates,
2596 5575 2753 5616 uuam
2782 5577 2902 5633 qua:
2929 5563 2998 5620 sit
3038 5564 3091 5620 in
3138 5581 3306 5638 regno
3347 5568 3462 5636 Dei,
3508 5569 3728 5624 alteram

2204 5715 2227 5783 f
2257 5712 2393 5773 Editi,
2415 5726 2480 5764 ea:
2501 5727 2596 5777 quo
2619 5727 2762 5764 unum
2773 5714 3034 5778 judicium.
3060 5719 3376 5774 Emendaatur
3403 5733 3431 5771 a
3463 5720 3721 5772 mantisci-

2149 5781 2324 5888 Wf‘sic
2473 5838 2586 5888 mni
2614 5853 2747 5905 vero,
2775 5839 2986 5893 malitia.
