2063 3261
170 211 183 238 ι
190 209 239 238 189

168 275 228 304 qua
237 266 272 294 sit
281 272 357 295 extra
376 269 487 299 regnum
500 261 548 289 Dei
560 269 568 287 :
582 258 674 293 dicite,
685 258 808 290 obsecro,
823 256 851 284 ln
861 262 893 283 ea
908 253 962 304 icti-

168 301 249 342 eitate
260 320 320 348 quae
337 315 410 340 extra
430 309 477 338 Dei
492 314 602 343 regnum
615 306 678 338 erit,
702 304 806 332 ullusnc
830 301 961 348 regnabit,

169 368 202 388 an
215 347 319 387 nullus!
336 357 365 386 Si
385 356 484 388 nullus,
508 353 613 381 liberior
631 351 683 379 erit
696 349 788 386 procul
808 348 891 376 dubio
904 347 963 374 sine

169 407 223 434 ullo
237 412 300 441 rege
310 404 354 432 illa
368 402 481 430 felicitas
499 408 506 427 :
525 400 550 427 si
563 405 627 427 vero
638 398 708 425 ullus
730 396 757 424 in
779 403 812 423 ea
830 393 961 430 regnabit,

168 453 229 488 quis
241 452 292 480 erit
302 457 350 478 rex
363 449 506 483 imaginum
518 446 576 479 Dei,
591 445 636 480 qui
650 451 702 472 non
717 443 769 471 erit
782 442 868 470 Deus?
879 441 963 468 Porro

168 499 191 526 si
208 497 275 525 deus
295 495 356 528 erit,
371 501 421 522 vos
445 491 612 520 introducitis
624 491 737 518 alterum
750 488 848 520 deum;
870 490 899 514 et
919 493 962 513 me

168 543 257 570 dicitis
268 538 460 568 Manichmnm?
479 537 555 570 Quod
575 537 597 564 si
618 536 688 564 Deus
701 535 758 570 ipse
777 534 813 561 ibi
828 531 963 568 regnabit,

168 587 245 622 cujus
268 586 321 613 illa:
345 584 476 619 imagines
489 587 566 615 sunt;
583 581 665 609 etiam
681 581 746 616 ipsze
761 579 891 614 imagines
904 577 962 612 ejus

169 632 195 660 in
207 632 266 659 veri
283 630 328 658 Dei
339 629 379 658 sui
394 637 476 664 regno
490 629 498 645 ί
518 628 609 655 felices
629 631 718 655 erunt.
747 625 780 653 Et
805 624 849 652 ubi
867 623 918 651 erit
939 623 960 654 ²,

169 678 229 706 Nisi
242 678 298 713 quis
312 681 414 705 renatus
427 675 502 712 fuerit
516 682 548 702 ea:
559 682 625 709 aqua
643 678 667 700 ct
685 672 795 707 Spiritu,
817 679 867 698 non
883 674 962 705 potest

167 724 273 751 introire
287 723 314 750 in
334 729 440 757 regnum
459 720 507 747 Dei
521 719 610 755 (Joan.
626 727 665 752 ιιι,
681 718 722 754 5)?
736 719 777 745 An
793 716 899 744 tandem
913 715 963 742 ali-

168 767 275 804 quando
288 772 363 795 extra
377 774 487 802 regnum
508 765 554 792 Dei
569 765 595 792 in
613 764 702 792 felices
721 763 824 790 futuros
842 760 961 789 fatemini

168 814 293 850 parvulos
308 809 362 841 non
380 812 503 841 renatos?
525 811 609 839 Dicite
629 818 693 846 ergo
709 810 786 845 hujus
799 808 962 837 infelicitatis

169 859 305 892 meritum,
320 857 426 887 verbosi
438 862 466 886 et
478 856 649 890 contentiosi,
660 856 705 892 qui
720 855 822 891 negatis
830 853 962 890 originale

168 910 318 941 peccatum.

203 951 294 979 CXIV.
314 950 374 979 JoL.
394 949 480 978 Proba
494 956 576 984 ergo,
598 948 649 976 hoc
669 947 696 975 in
708 947 764 979 eis,
779 946 850 982 quod
868 946 962 982 gratiae

167 997 266 1025 Christi
279 995 415 1032 apostolus
429 994 527 1022 Paulus
540 994 692 1029 adscripsit,
707 993 822 1028 impleri,
835 993 961 1020 videlicet

169 1046 198 1070 ut
209 1050 242 1070 ex
257 1041 348 1069 multis
359 1040 464 1068 delictis
480 1039 696 1074 justiticatiouem
712 1042 846 1073 operetur,
865 1037 891 1066 id
908 1042 959 1070 est,

169 1093 198 1115 ut
216 1087 344 1122 iustitiam
364 1089 534 1121 peccatorum
558 1084 672 1120 plurium
694 1092 746 1112 una
768 1084 852 1112 semel
872 1084 962 1112 remis-

168 1134 244 1161 sione
256 1132 408 1161 contribuat
421 1140 429 1159 :
445 1136 492 1159 aut
508 1138 573 1167 ergo
586 1131 654 1159 doce
670 1130 794 1166 parvulos
808 1131 900 1159 multis
914 1131 962 1159 ob-

168 1179 262 1206 noxios
271 1185 332 1206 esse
340 1177 505 1210 criminibus,
518 1181 546 1204 ut
556 1177 595 1204 eis
605 1184 710 1212 quoque
723 1176 787 1204 illud
800 1176 962 1211 persuadeas

167 1224 321 1256 convenire,
336 1224 363 1251 in
379 1230 434 1258 quo
445 1223 551 1251 laudem
568 1223 757 1251 muniﬁcentia:
774 1222 875 1250 Christi
889 1223 961 1258 Apo-

167 1269 253 1297 stolus
262 1269 413 1302 collocavit,
429 1273 460 1297 ut
475 1276 509 1296 ex
528 1269 621 1296 multis
638 1276 686 1296 eos
704 1273 810 1296 constet
833 1269 961 1297 liberatos

167 1323 227 1344 esse
248 1315 381 1351 peccatis:
407 1319 454 1342 aut
473 1315 622 1348 confitere,
646 1314 758 1342 Paulum
779 1315 846 1342 nihil
868 1315 896 1342 in
918 1314 961 1343 his

167 1360 233 1389 locis
250 1360 286 1388 de
306 1359 434 1396 parvulis,
457 1359 523 1387 nihil
536 1359 571 1388 de
589 1359 728 1388 hominum
743 1359 893 1394 disputasse
914 1368 962 1389 na-

168 1411 238 1439 tura,
258 1404 366 1440 quando
387 1411 420 1432 ea
440 1403 537 1432 dimitti
555 1404 648 1440 gratia:
667 1404 826 1433 liberalitate
849 1409 968 1443 testatus,

167 1455 218 1483 est,
230 1457 290 1486 quae
302 1454 327 1478 te
336 1456 444 1485 quoque
455 1453 591 1477 annuente
605 1454 742 1484 nequeunt
753 1450 779 1477 in
790 1451 967 1479 nascentibus

168 1503 292 1524 niveum.

203 1542 270 1569 Anc.
283 1540 352 1575 Quid
360 1545 402 1569 est
411 1540 481 1576 quod
493 1540 609 1576 loqueris
617 1540 638 1574 ³,
649 1540 712 1576 quid
722 1545 762 1569 est
773 1541 843 1577 quod
855 1541 903 1570 tibi
910 1541 961 1570 obs

168 1587 262 1622 strepit
274 1587 460 1623 loquacissima
473 1588 585 1620 vanitas,
601 1595 635 1615 tte
657 1588 737 1615 intret
756 1588 783 1616 in
804 1595 884 1616 aures
900 1593 962 1617 tuas

168 1633 382 1662 manifestissima
395 1633 513 1662 veritas?
534 1633 631 1669 Utique
646 1634 734 1668 .lesus,
750 1635 795 1670 qui
816 1642 850 1663 ex
871 1636 961 1664 multis

168 1680 274 1708 delictis
285 1680 387 1708 salvum
403 1679 466 1708 facit
479 1680 606 1716 populum
616 1688 704 1714 suum,
718 1688 771 1709 non
785 1682 962 1716 prmtermittit

169 1726 248 1754 etiam
262 1726 401 1762 originalis
421 1726 526 1762 singula
544 1726 728 1762 parvulorum;
744 1727 806 1763 quia
819 1727 847 1755 in
860 1727 961 1756 eisdem

169 1771 260 1799 multis
269 1776 298 1799 ct
307 1772 364 1806 ipsa
376 1775 448 1799 sunt.

204 1815 285 1844 CXV.
300 1816 361 1845 εἰει..
375 1815 474 1851 Gratia,
486 1816 583 1852 inquit,
596 1825 628 1844 ea:
642 1817 728 1845 multis
737 1817 836 1845 delictis
847 1819 873 1846 in
882 1820 962 1855 justi-

170 1863 322 1897 ﬁcationem.
340 1863 380 1891 Tu
396 1863 520 1898 parvulos
531 1871 584 1892 non
599 1864 659 1900 plus
675 1872 755 1900 quam
771 1866 815 1893 uni
832 1866 963 1894 obnoxios

170 1908 237 1936 dicis
250 1916 310 1937 esse
321 1913 441 1944 peccato.
454 1909 535 1937 Vides
546 1917 611 1945 ergo
624 1910 650 1938 in
663 1917 757 1938 eorum
771 1919 886 1946 persona
906 1912 964 1939 lau-

170 1954 231 1982 dem
252 1955 343 1990 gratia:
358 1954 582 1988 claudieantcm‘;
606 1956 668 1991 quia
689 1964 742 1984 non
763 1957 863 1985 invenit
880 1958 963 1986 multa

171 2005 279 2034 peccata
293 2021 301 2034 ,
325 2008 437 2035 quorum
463 2000 622 2029 remissione
645 2002 777 2031 laudetur.
799 2003 874 2036 Quod
899 2004 964 2032 dixit

171 2046 258 2082 itaque
268 2046 404 2081 apostolus
416 2046 526 2080 Paulus,
535 2045 625 2074 Gratia
637 2052 721 2075 autem
732 2056 764 2076 ea:
772 2049 858 2076 multis
867 2048 964 2077 delictis

170 2093 198 2119 in
218 2093 442 2129 justiﬁcationem,
463 2092 634 2121 falsissimum
655 2101 716 2122 esse
739 2094 765 2122 in
793 2095 963 2130 parvulorum

171 2142 242 2166 statu
255 2137 385 2173 proditur.
398 2137 458 2172 Quo
470 2137 534 2166 hinc
545 2143 571 2166 tu
585 2138 663 2174 igitur
676 2140 816 2168 conaberis
828 2141 935 2179 exsilire
941 2141 965 2168 ’ἲ

173 2181 269 2211 Procul
288 2181 370 2223 dubio
389 2182 509 2217 dicturus
525 2190 556 2212 es
576 2183 668 2221 (,buuc
681 2185 752 2213 enim
765 2193 874 2213 sensum
891 2190 965 2214 tuum

172 2227 294 2269 superior
305 2235 394 2264 sermo
407 2227 564 2267 patefecit),
576 2228 634 2263 ,ltoc
655 2229 727 2265 quod
736 2230 784 2264 ,ait
801 2231 946 2266 Apostolus
955 2252 964 2266 ,

173 2272 263 2300 Gratia
274 2277 358 2301 autent
366 2280 398 2307 ιτ
409 2273 495 2303 multis
507 2273 606 2302 delictis
616 2275 644 2302 in
652 2275 882 2311 justiﬁeationem;
895 2277 964 2313 apud

173 2318 296 2346 homines
308 2317 433 2353 perfectae
446 2319 534 2347 aetatis
554 2319 683 2357 impleri,
696 2321 742 2357 qui
756 2322 847 2350 multis
861 2322 966 2351 delictis

177 2371 223 2400 per
235 2368 335 2392 motum
349 2363 464 2399 propria:
480 2363 624 2395 voluntatis
636 2366 831 2409 contvincaqtpr
844 2368 964 2404 obnoxii,

174 2411 200 2437 in
216 2409 332 2446 parvulis
346 2413 434 2437 autem
449 2417 503 2438 non
518 2418 552 2438 ex
567 2411 667 2445 multis,
679 2411 726 2440 sed
747 2420 779 2440 cx
796 2420 849 2441 uno
868 2413 966 2443 delicto

176 2455 231 2485 ﬁcri
241 2455 473 2494 justiticationem.

209 2501 276 2529 Anc.
290 2501 347 2529 Non
367 2505 425 2529 erat
439 2509 564 2536 magnum
578 2507 606 2529 ut
621 2502 783 2538 intelligercs
797 2505 830 2532 ab
852 2505 902 2538 hac
922 2506 966 2542 ju-

177 2545 352 2581 stillcatione,
366 2555 445 2582 quam
461 2546 583 2576 Salvator
601 2555 635 2575 ex
650 2548 793 2577 multorum
808 2550 965 2579 delictorum

177 2591 333 2620 dimissione
351 2592 407 2620 suis
420 2592 540 2626 confert,
557 2600 604 2620 vos
618 2594 707 2629 potius
726 2594 885 2624 subtrahere
906 2604 967 2632 par-

207 2671 215 2687 ί
227 2670 296 2704 miti,
315 2670 430 2704 imagines

174 2702 376 2728 dissentientibus
385 2707 439 2728 las.

206 2733 216 2748 ι
228 2732 296 2762 ωξιὶ,
307 2736 334 2758 ει
344 2733 386 2758 ubi
395 2733 442 2760 erit
451 2734 588 2770 epaggelica
599 2742 654 2766 uox,
663 2736 724 2768 Nisi,
744 2741 790 2763 etc.
805 2738 887 2769 Abest,
897 2744 967 2763 emt.

204 2762 252 2788 lica
263 2769 319 2790 vox.
331 2770 345 2789 a
356 2767 532 2790 musa-mus.

173 2768 578 2841 ῗῖψθέξόἒάῐὲηᾙέζωρεκ
595 2800 645 2828 εει,
667 2800 727 2830 quid
746 2801 781 2824 est
799 2799 864 2832 quod
885 2798 967 2832 lapte-

226 2830 236 2841 ν

174 2830 215 2870 m“
223 2843 264 2881 sic
270 2859 325 2881 lss.
338 2856 406 2886 Editi,
420 2856 568 2883 claudicare.

173 2888 264 2948 parts?
282 2891 335 2913 Mss.
350 2893 376 2914 Αι
388 2888 463 2917 editi.
483 2889 545 2919 Quid
566 2889 622 2919 hinc
633 2893 659 2916 tu
670 2890 744 2923 icitur
762 2892 967 2920 conaberis'crci-

829 195 931 225 LIBER
949 193 1138 224 SECUNDUS.

446 2672 498 2704 eius
513 2672 565 2699 sine
581 2673 626 2699 Dei
646 2673 685 2700 sui
703 2680 776 2708 rrgno
789 2681 799 2700 .'
815 2679 927 2708 corrupte
939 2674 980 2702 ac'

1740 194 1806 224 H90

1014 252 1106 285 vulos,
1118 251 1214 287 quibus
1229 251 1329 280 nullum
1341 256 1478 288 peccatum
1493 252 1592 280 remitti
1607 260 1686 288 posse
1696 257 1811 282 conten-

1014 298 1163 326 ditis:non
1179 301 1268 325 autent
1283 305 1350 331 nos,
1370 298 1416 333 qui
1439 305 1501 325 cum
1522 298 1635 326 dicimus
1654 307 1703 334 per
1724 307 1805 327 unum

1014 348 1169 378 peccantem
1189 343 1286 372 missos
1301 351 1395 372 omnes
1416 344 1441 371 in
1459 344 1726 377 condemnationem,
1749 345 1806 372 nul-

1014 389 1066 416 lem
1077 388 1223 424 excipimus
1236 392 1359 422 aetatem;
1372 389 1434 425 quia
1450 389 1499 416 hoc
1513 390 1640 418 delictum
1653 390 1734 418 etiam
1748 398 1807 417 ma-

1011 433 1080 469 joris
1093 434 1181 462 atatis
1197 434 1321 463 homines
1342 434 1442 463 habent
1455 443 1461 462 τ
1478 435 1593 470 itemque
1609 443 1671 463 cum
1692 435 1807 463 dicimus

1013 488 1047 508 ex
1059 480 1150 509 multis
1167 479 1272 510 delictis
1281 480 1429 516 justiticare
1443 481 1573 516 gratiam,
1594 480 1693 508 nullam
1710 481 1807 508 nihilo-

1013 526 1102 554 minus
1122 526 1274 562 excipimus
1289 530 1415 559 aetatem;
1432 526 1558 562 quoniam
1577 526 1623 562 qui
1639 526 1723 553 multa
1747 534 1806 562 pce-

1013 576 1071 600 cata
1084 572 1270 608 dimittit(quo
1282 573 1426 600 multorum
1440 573 1548 600 nomine
1558 573 1652 608 utique
1663 573 1752 600 omnia
1764 573 1807 599 in-

1014 618 1184 655 telliguntur)
1195 639 1203 651 ,
1219 619 1338 654 profecto
1349 619 1402 647 ulla
1415 627 1467 647 non
1482 619 1673 654 praetermittit,
1689 618 1740 646 hoc
1749 623 1789 646 est
1798 640 1806 652 ,

1013 673 1064 694 nec
1078 666 1255 700 pessimorum
1269 665 1344 701 plura
1354 685 1362 697 ,
1376 673 1426 694 nec
1436 665 1587 700 aliquorum
1602 664 1726 700 pauciora
1735 685 1743 699 ,
1757 672 1808 692 nec

1013 711 1118 747 singula
1138 711 1318 747 parvulorum.
1333 710 1390 739 Hoc
1403 718 1467 746 ergo
1482 716 1510 738 ut
1522 711 1664 745 videretis,
1679 718 1731 738 non
1750 715 1808 738 erat

1013 765 1156 793 magnum,
1184 757 1234 785 nisi
1258 757 1412 785 invideretis
1437 757 1554 793 parvulis
1575 757 1708 785 medicum
1727 756 1807 785 Chri-

1013 809 1082 832 stum
1092 824 1099 836 ,
1114 811 1229 839 eumque
1242 803 1294 831 illis
1307 803 1398 831 .lesum
1408 810 1520 839 prorsus
1532 810 1593 831 csse
1605 802 1712 830 nolletis
1721 823 1730 836 ,
1744 802 1808 830 hor-

1013 850 1095 878 renda
1115 850 1265 885 impietate,
1281 850 1348 877 mira
1362 850 1518 883 cmitate‘,
1541 849 1696 884 blasphema
1714 849 1812 885 loqua-‘

1013 897 1102 924 citate.
1118 896 1186 930 Quid
1198 901 1240 924 est
1253 900 1341 923 autem
1355 896 1490 929 insanius,
1506 903 1585 930 quam
1604 895 1675 924 velle
1692 895 1807 931 gratiam

1013 941 1111 969 Christi
1124 941 1158 969 ad
1173 949 1221 969 eos
1235 940 1418 969 tantummodo
1441 941 1590 975 pertinere,
1614 947 1726 976 quorum
1745 945 1807 968 sunt

1014 987 1095 1015 tnulta
1115 987 1241 1022 peccata?
1255 987 1310 1015 llac
1321 987 1419 1022 quippe
1432 986 1551 1021 ratione,
1568 986 1609 1014 vel
1626 986 1713 1022 p0tius
1725 994 1805 1014 men-

1013 1034 1048 1061 tis
1066 1033 1263 1067 excmcatione,
1289 1040 1342 1060 non
1362 1033 1435 1061 solos
1458 1032 1521 1060 huic
1545 1032 1637 1068 gratia:
1660 1031 1808 1060 subducitis

1013 1079 1146 1115 parvulos,
1160 1087 1228 1114 quos
1240 1079 1342 1107 nullum
1355 1086 1388 1106 ex
1401 1078 1502 1114 origine
1514 1084 1618 1106 reatum
1631 1079 1738 1106 trahere
1746 1079 1809 1106 esi-

1013 1125 1125 1154 stimatis
1137 1146 1144 1158 ,
1158 1125 1206 1153 sed
1220 1133 1315 1153 omnes
1333 1125 1443 1153 omnino
1462 1125 1507 1160 qui
1529 1124 1611 1152 multa
1625 1129 1731 1159 peccata
1751 1133 1807 1153 nou

1014 1171 1267 1206 habentzquoniam
1287 1171 1326 1198 sic
1340 1171 1437 1206 putatis
1457 1170 1655 1206 intelligendum
1677 1171 1748 1206 quod
1767 1171 1806 1198 ait

1013 1216 1167 1252 Apostolus,
1180 1216 1270 1244 Gratia
1283 1221 1368 1243 autem
1380 1224 1412 1243 ex
1425 1216 1510 1243 multis
1520 1216 1620 1243 delictis
1637 1217 1664 1244 in
1673 1217 1805 1252 justiﬁed-

1013 1262 1105 1289 tionem
1118 1261 1206 1297 (Rom.
1220 1269 1248 1294 v,
1261 1261 1307 1297 l6)
1319 1282 1327 1294 ,
1342 1265 1371 1288 ut
1385 1261 1420 1288 ad
1434 1261 1511 1289 istam
1525 1262 1637 1297 gratiam
1653 1269 1733 1289 nemo
1744 1270 1807 1297 per—

1013 1307 1112 1340 tineat,
1129 1307 1179 1334 nisi
1194 1307 1238 1334 cui
1251 1307 1360 1335 dimittit
1373 1307 1455 1334 multa
1473 1311 1591 1342 peccata.
1608 1308 1647 1335 Ac
1668 1315 1716 1342 por
1739 1308 1806 1340 hoc.

1012 1353 1138 1388 quoniam
1153 1352 1255 1380 nullum
1269 1356 1424 1388 peccatum,
1441 1353 1509 1380 sicut
1526 1352 1687 1388 opinamini,
1709 1361 1806 1388 parvu-

1012 1397 1055 1427 lus
1077 1398 1173 1432 habet,
1199 1397 1319 1433 profecto
1340 1405 1401 1425 cum
1422 1398 1556 1430 creverit,
1571 1402 1599 1426 et
1622 1405 1733 1433 peccare
1750 1398 1807 1433 jam

1012 1443 1145 1480 cmperit,
1163 1451 1217 1471 non
1233 1443 1295 1471 dico
1309 1443 1333 1470 si
1357 1450 1441 1478 pauca
1464 1447 1587 1478 peccata,
1603 1443 1650 1471 sed
1671 1444 1694 1471 si
1718 1443 1806 1471 adhuc

1012 1497 1095 1518 unum
1109 1489 1179 1518 forte
1188 1489 1369 1522 commiserit,
1383 1493 1411 1517 et
1420 1489 1455 1517 ad
1469 1489 1568 1517 Christi
1582 1489 1748 1525 Baptismum
1762 1498 1808 1518 ve-

1012 1536 1100 1570 nerit,
1117 1535 1190 1563 nullo
1202 1535 1283 1563 modo
1298 1535 1331 1562 ad
1346 1535 1423 1562 istam
1444 1535 1556 1570 gratiam
1570 1535 1730 1570 pertinebit;
1743 1537 1805 1572 quia

1013 1585 1066 1606 non
1078 1585 1111 1605 ex
1125 1577 1217 1605 multis
1229 1577 1333 1606 delictis
1347 1577 1373 1604 in
1384 1577 1604 1612 jttstiftcalionem
1620 1577 1743 1611 mittitur,
1758 1578 1806 1606 sed

1013 1631 1046 1651 ex
1063 1631 1126 1650 uno.
1147 1622 1217 1651 Puto
1233 1622 1304 1658 quod
1319 1630 1372 1650 non
1385 1629 1470 1657 usque
1493 1622 1560 1650 adeo
1576 1622 1672 1656 cordis
1691 1623 1717 1650 in
1732 1624 1808 1653 vobis

1013 1668 1140 1704 praevalet
1151 1668 1286 1700 surditas,
1301 1671 1331 1695 ut
1353 1675 1401 1696 vos
1418 1667 1475 1695 hate
1489 1672 1561 1695 tanta
1573 1669 1734 1697 erubescere
1752 1676 1805 1697 non

1012 1714 1155 1750 compellat
1177 1713 1340 1742 absurditas.
1364 1714 1465 1747 Porro,
1489 1714 1516 1744 si.
1538 1714 1654 1750 pertinet
1673 1715 1708 1750 ad
1730 1715 1807 1743 istam

1013 1760 1125 1796 gratiam
1137 1760 1218 1788 etiam
1233 1760 1276 1788 eui
1291 1767 1371 1787 unum
1388 1764 1526 1795 peccatum
1546 1760 1694 1794 dimiserit;
1709 1761 1749 1788 sic
1763 1761 1808 1789 di-

1014 1806 1052 1833 xit
1062 1805 1206 1842 Apostolus
1216 1825 1224 1839 ,
1238 1804 1326 1832 Gratia
1340 1813 1371 1832 ea:
1383 1805 1470 1832 multis
1482 1805 1581 1832 delictis
1600 1806 1627 1833 in
1640 1805 1808 1846 justi/iulio-

1014 1860 1086 1884 nem,
1101 1856 1130 1880 ut
1145 1851 1226 1881 totius
1240 1851 1330 1887 populi
1344 1856 1453 1887 peccata
1471 1851 1600 1886 voluerit,
1615 1853 1659 1888 qui
1675 1860 1723 1890 per
1735 1853 1808 1881 illam

1011 1897 1189 1933 iustificetur,
1213 1897 1342 1934 intelligi,
1364 1897 1423 1924 aliis
1449 1897 1504 1925 illic
1529 1897 1689 1926 habentibus
1714 1898 1807 1933 plura,

1014 1943 1074 1971 aliis
1084 1943 1208 1978 pauciora
1217 1962 1226 1977 ,
1241 1942 1301 1972 aliis
1314 1942 1394 1970 etiam
1406 1942 1509 1977 singula
1521 1963 1529 1976 ,
1544 1951 1604 1978 qua:
1619 1944 1709 1979 utique
1724 1944 1807 1972 multa

1015 1994 1077 2016 sunt
1091 1989 1192 2017 omnia.

1051 2034 1143 2064 CXVI.
1161 2035 1221 2063 JUL.
1242 2034 1342 2063 Verum
1364 2035 1409 2062 tali
1432 2035 1616 2070 expositione,
1636 2043 1688 2071 qua
1703 2036 1809 2071 quidem

1016 2089 1066 2111 nec
1080 2086 1232 2117 pervertere
1242 2088 1350 2109 sensum
1364 2082 1375 2097 ³
1388 2102 1396 2114 ,
1412 2089 1462 2108 nec
1476 2080 1619 2116 subfugere
1631 2082 1732 2110 valebis
1742 2102 1749 2114 ,
1771 2087 1810 2109 ta-

1016 2136 1078 2156 men
1099 2135 1151 2156 non
1166 2127 1253 2161 solum
1274 2127 1421 2163 praestigias
1439 2131 1514 2160 tuas,
1540 2127 1588 2155 sed
1612 2128 1693 2156 etiam
1714 2128 1808 2161 illius,

1016 2182 1096 2210 quam
1111 2174 1136 2200 in
1150 2181 1199 2201 nos
1211 2172 1396 2201 inllatnmabas
1408 2193 1416 2205 ,
1431 2173 1586 2208 figmentum
1601 2172 1705 2200 invidia:
1722 2173 1811 2208 pcrdi-

1016 2218 1088 2246 disti.
1109 2218 1231 2248 Graviter
1243 2218 1342 2254 quippe
1357 2226 1406 2247 nos
1416 2219 1445 2246 in
1455 2218 1534 2246 tidem
1550 2219 1716 2248 commisisse
1723 2219 1810 2254 jacta-

1017 2264 1079 2298 bas,
1094 2265 1140 2300 qui
1152 2264 1266 2293 dicimus
1277 2265 1390 2300 gratiam
1404 2264 1512 2300 quidem
1527 2264 1626 2293 Christi
1643 2265 1811 2293 uniformitcr

1017 2319 1077 2339 esse
1099 2311 1269 2345 tradendam,
1293 2319 1343 2339 nec
1361 2311 1461 2339 debere
1482 2311 1562 2339 verba
1575 2311 1634 2346 ejus
1647 2315 1674 2338 et
1689 2311 1810 2340 instituta

1017 2358 1140 2391 contenti;
1155 2357 1204 2393 sed
1218 2357 1357 2393 aequaliter
1375 2357 1478 2385 cunctis
1491 2365 1506 2385 a
1522 2365 1552 2386 se
1564 2358 1674 2385 imbutis
1685 2357 1810 2393 adoptio-

1018 2404 1060 2431 nis
1073 2408 1099 2432 et
1112 2404 1331 2432 sanctiﬁcationis
1349 2409 1376 2432 et
1393 2404 1569 2439 promotionis
1582 2404 1650 2431 dona
1663 2404 1786 2432 conferre
1799 2413 1811 2434 :

1018 2457 1111 2477 verum
1125 2456 1285 2482 nonomnes
1297 2448 1456 2477 accedentes
1470 2449 1498 2476 in
1511 2449 1570 2476 nnis
1579 2448 1589 2464 ³
1602 2450 1721 2478 rentibus
1735 2450 1811 2479 inve-

1018 2495 1096 2534 nire;
1109 2494 1157 2523 sed
1169 2503 1217 2524 eos
1228 2496 1335 2531 quidem
1350 2495 1396 2532 qui
1411 2496 1516 2531 propria
1532 2495 1670 2524 voluntate
1684 2504 1812 2532 peccave-

1018 2541 1091 2574 rint,
1103 2535 1166 2568 'sine
1183 2541 1259 2576 cujus
1274 2549 1354 2577 opere
1367 2541 1469 2569 nullum
1485 2545 1572 2576 potest
1581 2549 1641 2569 esse
1654 2548 1792 2577 pcecatmn
1803 2565 1811 2578 ,

1019 2587 1134 2616 liberare
1153 2587 1189 2615 de
1204 2591 1295 2620 reatu,
1318 2588 1393 2616 etde
1413 2588 1491 2615 malis
1505 2587 1593 2616 facere
1605 2588 1707 2622 bonos;
1733 2590 1812 2617 imm-

1018 2640 1109 2663 ccntcs
1121 2639 1210 2662 autem
1226 2634 1340 2662 infucata
1359 2634 1535 2670 primmvitate
1550 2632 1641 2663 felices
1653 2656 1661 2669 ,
1676 2643 1724 2671 pro
1738 2637 1812 2664 nullo

1019 2688 1108 2716 opera:
1119 2681 1196 2708 mala:
1209 2680 1353 2708 voluntatis
1364 2688 1475 2715 arguere
1485 2701 1492 2712 ,
1507 2680 1583 2716 cujus
1593 2682 1662 2717 apud
1677 2689 1724 2710 eos
1738 2683 1812 2710 novit

1051 2739 1059 2755 ι
1071 2738 1138 2769 Editi,
1150 2737 1196 2763 ira:
1206 2737 1321 2767 emittite,
1332 2737 1458 2762 mendose.

1051 2771 1060 2785 ¹
1070 2769 1130 2806 ωειλ
1152 2769 1317 2805 renitentibus
1336 2768 1560 2806 veteribusdibris,
1576 2776 1649 2806 quam
1659 2769 1812 2806 quidemne:

1019 2803 1170 2831 pervertere;
1188 2799 1291 2828 omisso,
1309 2806 1413 2825 sensum.
1431 2800 1478 2825 Sed
1493 2799 1602 2826 Julianus
1614 2800 1646 2825 de
1658 2799 1811 2831 expositione

1018 2831 1076 2856 dicit
1086 2830 1157 2867 allata
1170 2831 1359 2867 ex_Attgustitto,
1373 2837 1454 2867 quam
1465 2835 1611 2863 pervertere
1630 2831 1682 2862 ipse
1694 2830 1790 2855 molitur
1803 2838 1810 2855 ι

1020 2862 1166 2897 pergeltinc
1177 2862 1207 2897 ad
1218 2868 1286 2896 capp.
1301 2862 1344 2886 ll8
1356 2866 1382 2886 ct
1394 2862 1447 2897 H9.

1021 2891 1157 2950 'Ni'taditi,
1180 2892 1205 2919 in
1227 2891 1320 2924 uilius;
1346 2896 1429 2919 contra
1457 2897 1570 2919 veterum
1596 2891 1811 2923 ntanvtstriptorum

1054 2932 1103 2950 em.

1054 2932 1103 2952 em.
