4126 6498
305 322 441 377 H95

302 437 621 499 Salvatoris,
665 442 724 488 ut
759 431 827 486 de
864 435 1127 501 potestate
1163 421 1463 490 deceptoris
1492 427 1771 473 eruantur.

368 524 555 581 CXXI.
583 524 699 579 ιω..
739 521 851 592 Ego
887 519 1030 574 enim
1069 517 1171 571 hoc
1212 520 1497 569 contentus
1537 524 1689 573 sum,
1741 505 1884 578 quod

302 619 430 675 mihi
472 632 531 672 es
570 627 625 671 tu
673 615 801 669 dare
836 609 1180 679 compulsus,
1227 604 1351 676 quia
1394 600 1535 673 quod
1580 598 1888 671 praedicavit

303 709 588 780 Apostolus
633 706 685 760 in
716 698 1048 760 liberalitate
1074 697 1257 769 gratia:
1278 736 1293 761 ,
1335 710 1440 749 non
1486 691 1652 763 possit
1677 689 1893 747 cunctis

302 800 577 871 arqualiter
617 796 863 853 aetatibus
905 790 1192 848 convenire
1224 806 1237 843 :
1270 797 1326 842 tu
1363 786 1407 842 si
1453 783 1578 857 quid
1608 782 1883 857 attuleris,

304 870 440 963 quod
481 892 497 923 ί
535 898 591 945 et
636 889 687 943 in
733 886 903 959 prima
946 881 1278 937 nascentium
1320 885 1477 933 actate
1515 870 1903 930 remissionem

304 962 590 1038 conﬁrmes
644 976 897 1046 exsequi;
951 971 1078 1028 illud
1127 979 1306 1025 tamen
1354 982 1460 1023 non
1503 962 1781 1020 admovisti
1828 962 1885 1025 ⁸,

303 1073 422 1142 quia
477 1085 582 1125 non
629 1067 958 1135 compleatur
1004 1062 1059 1116 in
1124 1058 1357 1130 parvulis
1404 1056 1546 1112 unde
1600 1052 1890 1124 Apostolus

303 1160 521 1231 gratiam
561 1157 760 1213 Christi
809 1152 1170 1225 pranuntiavit
1209 1163 1331 1205 esse
1375 1146 1713 1203 laudabilem.
1756 1143 1888 1197 Nam

304 1270 422 1309 cum
475 1252 790 1306 medicinam
845 1246 1118 1317 mysterii,
1168 1252 1388 1314 peccato
1433 1239 1590 1310 primi
1625 1234 1887 1300 hominis,

303 1360 459 1415 quem
499 1343 721 1396 formam
744 1340 765 1371 ⁸
793 1338 957 1392 fuisse
995 1333 1256 1398 docebat,
1283 1329 1628 1401 sequentibus
1656 1324 1890 1380 antefer-

306 1443 383 1489 ret
402 1475 418 1500 ,
441 1434 514 1487 ait
533 1474 548 1497 ,
575 1430 838 1484 Iudicium
863 1442 927 1482 ea:
954 1442 1056 1480 uno
1083 1424 1266 1478 delicto
1294 1422 1347 1475 in
1379 1418 1850 1474 condemnationem
1871 1456 1888 1483 ,

305 1526 467 1597 gratia
521 1533 690 1577 autent
748 1535 811 1576 ea:
862 1518 1036 1572 multis
1091 1515 1286 1570 delictis
1340 1513 1395 1566 in
1449 1508 1891 1582 jnstiﬁcaticnem.

307 1596 434 1670 Illud
481 1628 609 1684 ergo
650 1628 745 1682 per
787 1608 927 1682 quod
959 1606 1189 1678 praatulit
1225 1602 1447 1674 gratiam
1468 1640 1484 1668 ,
1516 1599 1637 1670 quia
1664 1613 1730 1653 ex
1757 1596 1896 1651 ntul-

307 1705 376 1760 tis
399 1702 647 1758 videlicet
680 1700 889 1756 delictis
909 1695 1344 1769 justiﬁeationem
1373 1700 1625 1761 Operatur
1642 1730 1656 1754 ,
1684 1702 1784 1742 nec
1803 1702 1894 1741 se-

305 1794 535 1850 cundum
576 1802 629 1848 te
652 1796 860 1848 constat
887 1793 937 1843 in
966 1786 1233 1857 parvulis;
1264 1791 1422 1853 atque
1447 1780 1515 1836 ad
1542 1780 1644 1833 hoc
1665 1820 1680 1844 ,
1709 1792 1897 1848 qnam-

307 1889 388 1942 vis
415 1884 778 1946 reluctareris,
810 1889 1069 1936 attractus
1093 1892 1152 1933 es
1173 1916 1190 1943 ,
1220 1886 1279 1931 ut
1302 1888 1411 1929 non
1432 1871 1708 1944 mqualiter
1733 1870 1787 1924 in
1814 1868 1895 1925 di-

306 1979 480 2033 versis
508 1976 754 2031 aetatibus
776 1972 1000 2043 gratiam
1026 1970 1254 2023 iaterere
1277 1962 1499 2020 versari.

376 2071 512 2125 Anc.
534 2067 651 2123 Jam
688 2076 1001 2134 responsum
1026 2069 1110 2117 est
1141 2046 1171 2115 ί
1183 2066 1315 2113 vana
1345 2053 1599 2126 loqueris.
1627 2049 1876 2110 Gloriosa

308 2170 390 2217 est
415 2160 584 2232 gratia
617 2159 729 2224 Dei,
751 2156 912 2214 etiam
950 2168 1072 2209 cum
1100 2151 1322 2207 dimittit
1373 2149 1583 2219 singula
1634 2161 1895 2218 quorum-

308 2268 411 2324 que
436 2261 688 2322 peccata;
718 2248 839 2320 quia
864 2257 918 2303 et
955 2246 1066 2315 ipsa
1094 2243 1299 2313 singula
1340 2239 1409 2295 ad
1440 2254 1559 2294 eam
1596 2237 1895 2293 multitudi-

310 2359 428 2398 nem
449 2342 715 2412 pertineant
739 2345 1101 2401 peccatorum,
1131 2348 1197 2388 ex
1234 2347 1337 2403 qua
1364 2329 1624 2400 justifrcat
1652 2327 1896 2383 homines

307 2436 395 2505 qui
436 2433 644 2487 salvum
693 2430 818 2484 facit
860 2427 1113 2497 populum
1149 2437 1305 2478 suum
1352 2435 1382 2475 a
1422 2418 1658 2489 peccatis
1708 2430 1894 2472 eorum

307 2527 327 2595 (
348 2524 534 2578 Matth.
566 2538 617 2583 ι.
642 2521 706 2574 21
728 2534 753 2589 γ
778 2536 792 2573 :
818 2518 889 2572 ad
927 2530 1093 2586 quem
1139 2513 1389 2583 populum
1433 2507 1746 2579 dignissime
1786 2521 1893 2561 non

310 2612 605 2685 pertinetis,
625 2611 747 2682 quia
776 2606 1024 2678 parvulos
1060 2602 1127 2661 ad
1155 2617 1277 2658 eum
1308 2599 1577 2670 pertinere
1622 2609 1728 2653 non
1770 2595 1895 2651 vul-

309 2707 399 2760 tis.
570 2766 576 2772 ,
1097 2722 1107 2737 ο

377 2795 585 2852 CXX".
619 2793 740 2849 ιω..
766 2789 918 2858 Quod
944 2801 1064 2842 eum
1095 2792 1367 2855 receptum
1404 2789 1491 2838 est
1527 2796 1557 2836 a
1606 2789 1680 2846 te,
1729 2792 1895 2848 appa-

312 2888 416 2942 ruit
444 2886 643 2939 nullam
661 2882 827 2936 fuisse
851 2877 1226 2932 necessitatem
1275 2880 1479 2927 naturae
1532 2869 1778 2924 humana:
1799 2881 1893 2921 ca-

312 2976 566 3030 lmuniam
590 2969 913 3033 concitandi,
941 2968 1011 3021 ob
1041 2965 1143 3020 hoc
1165 2964 1339 3019 solum
1363 3002 1379 3027 ,
1429 2974 1498 3015 ne
1548 2957 1896 3030 Baptismatis

312 3065 478 3136 magis
526 3063 694 3133 gratia
732 3060 909 3114 varios
958 3057 1154 3110 habere
1207 3067 1309 3123 pro
1349 3050 1592 3107 aetatibus
1629 3049 1895 3103 diceretur

321 3156 561 3212 effectus.
590 3152 706 3221 Quo
733 3147 1099 3222 persuasionis
1145 3145 1325 3199 colore
1370 3142 1620 3205 sublato,
1667 3138 1713 3192 si
1767 3136 1895 3210 quid

313 3260 596 3304 nervorum
626 3244 809 3307 habes,
834 3240 879 3295 si
908 3239 1034 3311 quid
1058 3235 1273 3308 ingenii,
1300 3233 1347 3290 si
1368 3230 1495 3304 quid
1520 3230 1733 3285 virtutis
1754 3268 1773 3296 ,
1798 3243 1897 3283 an-

312 3342 484 3396 nitere
513 3337 742 3409 probare
778 3332 1021 3389 naturale
1045 3337 1356 3402 peccatum,
1409 3322 1550 3395 quod
1608 3322 1757 3379 vides
1804 3336 1893 3376 ra-

313 3434 483 3498 tione,
522 3429 859 3490 auetoritate,
879 3424 1128 3494 aequitate
1153 3420 1503 3476 destructum.
1528 3414 1648 3481 Quo
1667 3413 1810 3470 enim
1834 3427 1897 3468 es

314 3525 579 3591 deceptus.
602 3518 821 3577 intuitu.
843 3523 902 3569 nt
928 3510 1366 3569 eommixtioncm
1383 3519 1691 3577 corporum,
1730 3517 1895 3575 quam

317 3609 761 3673 Densinstttuit‘,
787 3617 841 3663 et
870 3603 1293 3661 conciliatricem
1340 3599 1510 3670 ipsius
1554 3595 1896 3653 commixtio-

317 3705 403 3758 nis
421 3703 745 3771 voluptatem
768 3711 1018 3759 sexuum,
1046 3709 1166 3763 qua:
1198 3699 1303 3746 tam
1337 3691 1390 3744 in
1418 3688 1896 3757 hominibusquam

318 3793 370 3847 in
392 3791 671 3862 pecoribus
698 3788 904 3858 vigens,
935 3793 1210 3840 auctorem
1238 3795 1394 3836 unum
1433 3794 1555 3834 eum
1583 3792 1740 3848 quem
1772 3791 1897 3832 cor-

318 3899 505 3954 porum
524 3881 723 3936 indicat
751 3876 1087 3934 conditorem
1112 3914 1127 3940 ,
1154 3870 1351 3928 diaboli
1388 3884 1523 3941 opus
1553 3877 1611 3925 et
1655 3868 1897 3922 fruticem

320 3987 538 4029 vocares
552 3972 577 4025 ?
757 4024 760 4027 ,

388 4062 525 4118 Anc.
551 4059 862 4116 Erubesce:
897 4064 951 4110 tu
979 4071 1040 4111 es
1063 4054 1156 4111 ille
1196 4051 1440 4107 laudator
1483 4048 1739 4104 libidinis.
1769 4047 1901 4103 Ern-

319 4153 499 4217 besse,
522 4152 774 4221 inquam:
809 4146 975 4202 libido
1004 4147 1124 4211 ista,
1154 4159 1272 4213 quae
1303 4142 1396 4197 tibi
1432 4139 1659 4194 multum
1689 4140 1897 4209 placet,

322 4251 507 4298 contra
531 4255 689 4310 quam
715 4252 937 4294 necesse
964 4245 1050 4291 est
1077 4243 1134 4289 ιιι
1164 4241 1382 4304 pugnet,
1411 4230 1500 4300 qui
1550 4244 1655 4283 non
1700 4230 1811 4282 vult
1849 4228 1899 4283 ei

322 4326 1034 4399 sollicitanticonseutiendo
1079 4332 1386 4395 perpetrare
1435 4329 1707 4390 peceatum
1737 4359 1752 4381 .
1795 4334 1902 4374 non

322 4424 505 4479 eratin
533 4420 778 4491 paradiso
820 4427 943 4473 ante
992 4425 1287 4487 peccatum.
1343 4418 1448 4468 Aut
1471 4426 1597 4482 ergo
1642 4410 1787 4464 nulla
1830 4409 1902 4465 ibi

329 4521 465 4576 erat,
488 4520 579 4565 aut
600 4511 924 4563 voluntatem
942 4508 1137 4561 mentis
1165 4520 1261 4559 nec
1287 4502 1620 4572 praecedebat
1642 4543 1657 4563 ,
1681 4515 1781 4556 nec
1804 4514 1903 4557 ett-

328 4600 569 4656 cedebat.
611 4598 726 4655 Non
755 4607 838 4651 est
862 4597 982 4651 talis
1020 4594 1181 4650 modo
1208 4613 1223 4649 :
1255 4593 1358 4647 hoc
1401 4592 1453 4646 in
1491 4606 1551 4645 se
1579 4590 1696 4661 ipso
1742 4590 1906 4645 sentit

330 4692 508 4745 omnis
543 4690 731 4754 homo;
761 4699 816 4744 et
839 4697 892 4741 tu
923 4685 1084 4741 homo
1121 4699 1203 4740 es.
1239 4681 1439 4739 Cohibe
1478 4679 1741 4736 renitendi
1788 4689 1904 4732 stu-

341 4780 521 4846 dium,
566 4787 623 4836 et
672 4791 909 4851 agnosce
936 4775 1127 4831 vitium
1169 4773 1191 4804 ⁵
1215 4772 1356 4827 unde
1382 4768 1616 4823 trahitur
1647 4764 1921 4837 originale

341 4882 642 4943 peccatum.
675 4869 791 4926 Hoc
816 4869 872 4923 iu
901 4864 1208 4922 hominibus
1235 4859 1545 4932 propagatis
1591 4857 1922 4912 invenerunt

269 5004 292 5026 κ
341 4965 574 5033 nuptiae,
600 4977 709 5017 non
732 4959 1015 5015 fecerunt:
1042 4956 1143 5012 hoc
1168 4954 1189 4985 ⁸
1211 4952 1535 5009 necessitate
1558 4956 1800 5009 utuntur,
1832 4960 1921 5002 ca-

293 5112 299 5122 ,
344 5057 526 5115 alitatc
556 5058 696 5113 bene
710 5062 956 5118 utuntur,
976 5052 1184 5107 idcirco
1203 5047 1349 5103 nulla
1376 5044 1585 5101 ratione
1609 5041 1914 5110 culpantur.

347 5146 461 5202 Hoc
488 5146 540 5200 in
571 5146 860 5215 pecoribus
892 5143 1015 5199 ideo
1044 5155 1152 5197 non
1174 5147 1259 5194 est
1296 5136 1517 5200 malum,
1549 5132 1675 5202 quia
1719 5147 1826 5186 non
1859 5130 1916 5185 in

348 5236 428 5291 eis
446 5249 573 5291 caro
585 5235 915 5304 concupiscit
944 5233 1200 5289 adversus
1221 5227 1469 5299 spiritum
1497 5238 1512 5278 :
1539 5222 1683 5293 quod
1720 5220 1923 5275 malum

396 5378 413 5408 ι
440 5374 574 5431 aditi,
598 5386 706 5438 quo.
729 5379 858 5438 Ias,
877 5371 1023 5435 quod.

396 5438 416 5468 θ
442 5443 507 5485 tta
530 5430 635 5484 uss.
653 5441 709 5486 Αι
726 5430 863 5491 editi,

399 5494 709 5567 {uenat-dus,
749 5505 861 5556 quae
902 5494 1122 5567 ferinum.
1160 5492 1452 5555 \‘ignierius,
1492 5490 1575 5555 qui
1606 5490 1656 5543 iu
1680 5492 1903 5555 (ornum.

330 5554 633 5618 Castigantur
649 5568 714 5605 ex
736 5554 1088 5618 manusaiptis.

396 5611 600 5689 ξᾷκὲσέκ
785 5611 1293 5689 ,ιλιξαελξέθὲξηίπθιίηάιο

398 5679 420 5711 ³
441 5680 512 5727 ste
528 5683 633 5725 uss.
664 5686 716 5726 Αι
737 5677 871 5730 editi.
895 5677 1101 5724 initum.

404 5737 425 5767 ⁸
444 5740 584 5799 sunt,
605 5738 715 5788 hac.
738 5736 910 5786 melius
932 5743 1055 5793 Mss...
1070 5734 1178 5785 hoc.

663 5824 933 5882 PATn‘OL.
966 5817 1145 5886 XLV,

1614 301 1814 358 LIBER
1854 297 2231 356 SECUNDUS.

3436 286 3573 342 ilbi

1997 413 2049 466 in
2080 409 2383 466 hominibus
2406 408 2699 465 sanandum
2730 418 2811 464 est
2838 408 3072 464 bonitate
3099 407 3307 473 divina,
3339 421 3445 461 non
3474 406 3577 461 hu-

1994 517 2149 556 mana
2180 501 2411 555 vanitate
2435 499 2781 555 laudandum.

2064 590 2297 648 CXXIII.
2324 590 2441 646 Jun.
2471 590 2601 659 Qua:
2626 600 2806 644 autem
2834 588 2970 643 ratio
2992 587 3108 649 fuit,
3138 596 3195 642 ut
3226 586 3398 657 primo
3428 588 3446 619 ¹
3482 586 3569 643 in-

1995 682 2532 739 nocentiamcriminc
2556 681 2824 736 saueiarcs
2850 680 3026 734 alieno
3044 721 3061 746 ,
3088 677 3283 733 dehinc
3315 693 3428 733 rem
3451 688 3567 732 stu-

1996 773 2205 831 diorum
2237 773 2462 827 miscere
2483 771 2780 826 seminibus
2804 767 3115 825 conareris?

2070 865 2209 921 Anc.
2239 862 2440 918 Eadem
2485 877 2582 933 per
2625 861 2812 917 eadem
2831 859 2965 914 dicis
2998 876 3012 913 :
3040 855 3136 913 sed
3185 855 3375 928 procul
3413 854 3573 910 dubio

1997 966 2122 1012 sunt
2148 972 2281 1010 vana
2308 957 2329 987 ²
2347 971 2466 1025 quae
2490 954 2648 1009 dicis.
2679 953 2875 1009 Natura
2912 953 3049 1006 bona
3072 959 3195 1015 sunt
3223 948 3451 1015 semina,
3482 947 3576 1003 sed

1994 1051 2249 1104 vitiantur
2273 1058 2328 1104 et
2351 1048 2577 1113 semina,
2610 1047 2795 1118 eisque
2820 1045 3018 1100 vitiatis
3040 1053 3402 1116 prepagantur
3419 1053 3474 1098 et
3500 1042 3584 1097 vi-

1999 1140 2090 1195 tia.
2146 1140 2345 1195 Saltem
2386 1133 2591 1209 species
2629 1146 2683 1193 te
2736 1151 3021 1206 corporum
3072 1134 3296 1198 doceat,
3344 1148 3574 1205 quorum

1996 1246 2121 1287 cum
2144 1232 2215 1287 sit
2245 1231 2418 1300 Opifex
2464 1245 2673 1287 summe
2714 1229 2883 1284 bonus
2911 1237 2967 1283 et
2989 1228 3138 1283 nullo
3163 1227 3291 1282 vitio
3310 1225 3579 1296 deprava-

1998 1332 2084 1378 tus
2103 1365 2117 1388 ,
2150 1323 2336 1378 vitiosa
2363 1332 2538 1377 tamen
2568 1321 2731 1376 multa
2761 1330 3051 1375 nascuntur
3076 1335 3090 1372 :
3117 1326 3173 1374 et
3206 1319 3386 1389 utique
3411 1317 3458 1373 si
3491 1333 3586 1373 ne-

1997 1430 2088 1471 mo
2108 1425 2400 1485 peccasset,
2445 1415 2588 1469 nulla
2618 1415 2671 1469 in
2693 1413 2941 1484 paradiso
2968 1413 3087 1467 talia
3114 1421 3485 1468 nascerentur.

2067 1504 2301 1561 CXXIV.
2324 1505 2445 1562 Jun.
2475 1505 2548 1562 Ut
2568 1505 2879 1577 Baptismati
2906 1505 3186 1560 veritatem
3205 1503 3435 1574 propriae
3450 1517 3583 1573 ope-

1997 1597 2221 1653 rationis
2245 1596 2516 1651 auferres?
2546 1606 2601 1651 ut
2632 1596 2872 1665 Deo.qu
2907 1604 3049 1650 totus
3082 1594 3308 1665 aequitas
3335 1603 3418 1649 est
3439 1634 3454 1658 ,
3487 1593 3577 1664 qui

1998 1688 2117 1742 sine
2136 1687 2335 1759 justitia
2361 1688 2504 1743 Deus
2532 1702 2652 1743 esse
2678 1702 2786 1742 non
2812 1695 3020 1758 potest,
3042 1686 3336 1757 perspicuae
3383 1686 3582 1756 iniqui-

2000 1780 2124 1835 tatis
2139 1781 2340 1835 crimen
2370 1780 2706 1835 adscriberes
2721 1780 2746 1834 ?

2070 1872 2205 1927 Anc.
2236 1871 2345 1927 Vos
2373 1870 2478 1926 hoc
2513 1872 2689 1941 potius
2736 1869 2908 1925 facitis
2938 1887 2952 1924 :
2983 1871 3251 1943 quoniam
3280 1868 3325 1924 si
3377 1869 3585 1939 parvuli

2000 1963 2117 2019 sine
2130 1963 2294 2019 ullius
2318 1964 2520 2032 peccati
2564 1963 2755 2019 merito
2784 1971 3103 2033 premuntur
3130 1960 3279 2033 gravi
3300 1962 3449 2031 jugo,
3480 1960 3603 2015 ἰπὶ-τ

1999 2068 2137 2124 qnus
2185 2062 2269 2109 est
2295 2054 2433 2110 Dens
2462 2072 2477 2108 :
2508 2053 2603 2109 sed
2628 2054 2748 2125 quia
2776 2054 2865 2110 ille
2890 2070 2997 2110 non
3042 2063 3127 2109 est
3178 2054 3408 2124 iniquus,
3441 2062 3495 2108 tu
3520 2069 3582 2108 es

2000 2144 2360 2200 calumniosus
2381 2152 2436 2199 et
2459 2160 2656 2202 caecus.

2068 2233 2278 2289 CXXV.
2307 2234 2427 2290 Jun.
2472 2235 2625 2303 Tam,
2675 2235 2909 2306 inquam,
2960 2236 3293 2306 perSpicuzc,
3349 2245 3407 2292 ut
3457 2237 3579 2307 ipse

2001 2323 2138 2379 hanc
2162 2325 2432 2394 iniustitiae
2458 2327 2712 2395 speciem,
2735 2342 2893 2397 quam
2931 2327 3046 2395 ejus
3091 2327 3335 2382 mentiris
3388 2327 3587 2382 adlue-

1998 2414 2118 2471 rere
2136 2415 2373 2486 judiciis,
2400 2416 2531 2486 legis
2557 2432 2668 2479 sua:
2693 2418 3014 2472 auctoritate
3035 2416 3395 2472 damnaverit.

2071 2507 2204 2562 Auo.
2228 2507 2284 2561 In
2302 2505 2419 2577 ejus
2438 2508 2557 2577 lege
2585 2507 2839 2576 scriptum
2867 2515 2974 2573 est,
3002 2508 3236 2561 animam
3282 2507 3504 2578 parvuli,
3530 2510 3577 2565 si

1998 2595 2086 2653 die
2106 2609 2297 2653 octavo
2323 2615 2429 2655 non
2458 2599 2895 2663 circnmeidatur,
2925 2599 3263 2655 interituram
3290 2601 3359 2655 de
3385 2602 3583 2672 p0pnlo

1998 2703 2097 2743 suo
2125 2687 2279 2760 (Gen.
2312 2705 2446 2756 xvn,
2474 2690 2566 2762 {4)
2594 2708 2607 2745 :
2644 2704 2751 2760 quo
2776 2690 3010 2746 merito?
3036 2690 3141 2757 dic,
3188 2690 3234 2746 si
3280 2701 3451 2763 potes.
3475 2692 3582 2748 Sed

1999 2780 2219 2836 omnino
2247 2797 2353 2837 non
2383 2790 2557 2851 potes;
2583 2790 2640 2838 et
2670 2792 2845 2838 tamen
2899 2782 3158 2854 originale
3186 2793 3461 2853 peccatum
3486 2802 3585 2841 ne-

1998 2872 2175 2942 gando
2203 2888 2308 2927 non
2339 2870 2505 2929 taces.

2068 2961 2307 3020 CXXVI.
2334 2964 2453 3020 ιω..
2484 2964 2614 3032 Qua:
2656 2981 2783 3036 ergo
2827 2976 2904 3021 tot
2929 2966 2950 2998 ³
2977 2967 3426 3036 blasphemiarum
3486 2984 3583 3024 ne-
3658 3024 3663 3028 .

2000 3058 2221 3113 cessitas
2247 3057 2366 3123 fuit,
2398 3058 2442 3112 si
2496 3074 2595 3112 nec
2646 3059 2743 3113 iSIa
2800 3074 2955 3129 quam
3004 3059 3395 3130 amplexabaris
3438 3059 3585 3116 fuit?

1999 3147 2130 3216 Qua:
2153 3147 2368 3216 quidem
2395 3147 2526 3202 nihil
2544 3150 2743 3204 habens
2765 3151 3041 3216 momenti,
3066 3160 3244 3204 tamen
3270 3151 3413 3205 velut
3437 3166 3583 3223 qua:-

1999 3238 2122 3294 dam
2154 3238 2329 3294 tabula
2374 3239 2674 3306 videbatur,
2707 3254 2865 3310 quam
2897 3240 2946 3294 in
2979 3249 3127 3296 tanto
3156 3242 3429 3313 naufragio
3454 3258 3586 3298 con-

2001 3331 2222 3398 tineres,
2254 3347 2412 3403 quam
2442 3332 2598 3387 victis
2645 3332 2936 3397 remisisti,
2986 3349 3110 3389 sero
3161 3335 3319 3399 licet,
3348 3336 3584 3392 lacertis.

2005 3419 2072 3478 Ut
2099 3421 2240 3476 enim
2284 3437 2371 3478 res
2413 3423 2731 3492 repetitione
2778 3424 3214 3481 clarescatzideo
3259 3425 3585 3484 Manichznns

2000 3510 2306 3569 credebaris
2335 3513 2403 3567 ab
2434 3513 2626 3582 ineptis
2651 3512 2947 3583 quibusque
2983 3515 3291 3571 tolerandus
3319 3557 3335 3582 ,
3368 3532 3437 3573 ne
3458 3534 3584 3591 gra-

2001 3606 2089 3662 tiae
2116 3604 2313 3661 Christi
2341 3618 2449 3660 non
2481 3605 2533 3659 in
2565 3606 2812 3660 omnibus
2833 3621 2934 3661 una
2963 3607 3243 3663 efﬁcientia
3274 3609 3582 3666 videretur:

2000 3696 2189 3753 adhoc
2208 3705 2262 3751 ιιι
2293 3711 2452 3760 nunc,
2477 3696 2592 3751 sine
2617 3696 2807 3751 adaclu
2831 3704 3012 3752 nostro
3032 3695 3074 3761 ‘,
3103 3699 3452 3767 expositionis
3474 3707 3579 3756 tum

2002 3789 2342 3860 processibus
2390 3789 2645 3856 intulisti,
2693 3788 2876 3843 dicens
2926 3790 3166 3857 Apostoli
3210 3790 3530 3845 sententiam
3561 3833 3579 3857 ,

2002 3896 2121 3950 qua:
2149 3880 2244 3945 ait,
2274 3878 2454 3933 Gratia
2476 3890 2643 3934 autem
2663 3894 2726 3933 ea:
2760 3879 2929 3933 multis
2954 3878 3148 3933 delictis
3176 3882 3228 3933 in
3248 3881 3582 3951 justi/ictuic-

2003 3988 2138 4037 nem,
2171 3972 2223 4024 in
2258 3969 2564 4025 hominibus
2591 3968 2808 4045 quidem
2840 3970 3059 4039 majoris
3093 3970 3265 4025 aetatis
3290 3986 3447 4040 posse
3470 4014 3486 4039 ,
3528 3973 3581 4026 in

2005 4063 2236 4132 parvulis
2262 4064 2389 4117 vero
2412 4075 2517 4115 non
2546 4075 2703 4131 posse
2722 4060 2999 4130 compleri;
3027 4060 3121 4116 sed
3150 4077 3270 4117 esse
3304 4061 3358 4117 in
3388 4076 3583 4133 parvu-

2006 4154 2072 4209 lis
2096 4150 2239 4207 al'md
2270 4152 2503 4216 brevius,
2536 4150 2749 4218 exilius,
2776 4152 3036 4220 egentius;
3062 4151 3204 4222 quod
3252 4153 3375 4208 licet
3402 4162 3454 4208 tu
3481 4169 3580 4209 ex-

2005 4247 2227 4317 cogites,
2251 4254 2428 4302 nmen
2450 4258 2782 4316 nequaquam
2812 4244 3013 4301 dixisse
3047 4248 3359 4317 Apostolum
3414 4247 3585 4305 conti-

2007 4339 2153 4393 teris.

2077 4432 2213 4486 Anc.
2240 4428 2531 4500 Relegatur
2550 4428 2693 4499 quod
2717 4428 2811 4483 tibi
2835 4444 3152 4500 responsum
3179 4440 3281 4499 est,
3310 4442 3368 4487 ut
3389 4432 3589 4490 intelli-

2005 4527 2159 4590 gatur
2175 4527 2236 4575 te
2252 4518 2380 4575 nihil
2392 4519 2590 4586 dicere,
2619 4528 2673 4574 et
2697 4528 2872 4575 tamen
2898 4529 3074 4576 tacere
3093 4537 3197 4576 non
3225 4536 3401 4592 posse,
3421 4522 3587 4579 homo

2007 4611 2268 4682 linguose.
2314 4610 2502 4665 Gratia
2522 4625 2586 4663 ex
2612 4610 2793 4665 multis
2823 4604 3031 4666 delictis
3060 4612 3222 4667 mittit
3248 4613 3297 4665 in
3314 4612 3582 4683 jus-tilica-

2011 4702 2229 4765 tionem,
2254 4715 2377 4756 cum
2402 4699 2605 4755 salvum
2634 4699 2760 4756 facit
2781 4700 2937 4755 Jesns
2953 4702 3207 4772 populum
3238 4718 3392 4757 suum
3410 4719 3439 4757 a
3459 4719 3589 4774 pec-

2009 4792 2142 4847 catis
2169 4804 2376 4847 eorum.
2424 4789 2482 4846 In
2508 4790 2708 4847 eisdem
2756 4790 2937 4847 multis
2960 4793 3160 4847 invenit
3187 4793 3347 4849 etiam
3377 4796 3587 4868 singula

2011 4883 2355 4955 parvulorum
2385 4882 2869 4953 :quemadmodum
2919 4883 3130 4938 etiamsi
3174 4894 3391 4954 peccata
3430 4872 3621 4958 origi—j

2011 4975 2150 5031 nalis
2174 4974 2313 5029 nulla
2356 4982 2556 5038 essent,
2585 4974 2637 5029 in
2675 4974 2879 5030 eisdem
2920 4973 3100 5030 multis
3127 4976 3387 5031 inveniret
3416 4977 3440 5009 '
3467 4993 3592 5050 pec-

2013 5084 2140 5125 care
2167 5068 2529 5138 ineipieutinm
2554 5067 2714 5124 etiam
2741 5066 2949 5135 singula
2975 5067 3319 5139 grandiorum
3354 5109 3368 5132 ,
3396 5070 3592 5142 quibus

2014 5162 2078 5217 ad
2100 5160 2293 5218 Christi
2333 5159 2597 5230 Baptisms
2627 5158 2959 5213 venientibus
3009 5159 3153 5214 nullo
3192 5159 3351 5216 modo
3379 5161 3593 5217 dicere-

2016 5264 2120 5318 tur,
2143 5251 2258 5307 Non
2288 5251 2508 5321 potestis
2559 5248 2718 5303 modo
2746 5247 3020 5331 baptizari,
3053 5249 3177 5320 quia
3209 5251 3444 5306 nondum
3490 5251 3591 5307 ha-

2080 5366 2096 5395 ι
2123 5363 2240 5414 rem
2263 5373 2282 5411 .-
2305 5368 2419 5420 οιιω
2439 5336 2882 5422 πιαιιιηιταιίοήιίι,
2904 5356 2956 5410 in
2976 5357 3135 5424 primo
3161 5361 3351 5417 annale.
3614 5336 3617 5341 ’

2078 5427 2102 5457 ³
2121 5424 2259 5483 miti,
2281 5434 2394 5471 una.
2416 5427 2553 5483 ut.
2568 5432 2707 5471 ωηα.

2082 5487 2104 5518 ³
2118 5492 2169 5533 ιιι
2188 5492 2311 5536 ω..
2336 5490 2450 5535 tota.

2623 5550 2675 5592 et
2694 5543 2842 5620 Masii,
2868 5540 2972 5614 sine
2993 5543 3208 5620 adducto
3228 5551 3405 5620 nostra.

2081 5608 2104 5641 ³
2129 5608 2416 5670 t‘ignierius,
2456 5603 2589 5670 unita
2619 5612 2773 5655 essent
2809 5604 2861 5656 in
3142 5607 3295 5670 multa
3337 5600 3589 5670 ἰηιτμίνα.

2020 5665 2264 5779 ἷξιιὲέἱεε
2284 5680 2342 5717 ac
2365 5666 2632 5727 Menanlus,
2670 5671 2870 5730 peccata
2904 5666 3249 5729 incipiendum.
3276 5665 3596 5717 attendamus

2864 5805 3351 5884 (TrenIe-huil.)
