4126 6562
477 376 610 430 1195

373 549 394 570 ,
472 492 607 545 lictis
661 488 824 542 multa
879 483 1104 548 delicta;
1157 482 1325 554 gratia
1363 481 1507 537 enim
1539 494 1603 534 ex
1641 475 1825 532 multis
1855 470 2067 528 delictis

472 581 634 639 utittit
659 579 710 634 itt
739 577 1195 648 justilicationem.
1231 572 1522 630 Verissime
1549 571 1749 642 quippe
1776 565 2070 636 reSponde-

472 684 614 737 rent,
646 673 700 728 ltt
730 671 1070 726 ttutltitudine
1098 669 1440 733 delictorum,
1479 682 1546 721 ex
1572 664 1766 734 quibus
1814 660 2072 732 justiﬁcat

471 767 668 838 gratia,
696 765 856 819 etiam
881 772 1059 816 nostra
1089 761 1281 815 delicta
1311 767 1434 813 sunt
1463 755 1694 827 singula,
1728 753 1815 809 ttbi
1874 753 2073 806 habent

470 861 638 930 aliqui
667 853 839 927 plura,
869 853 1030 924 aliqui
1063 851 1336 922 pauciora.
1356 864 1477 920 quae
1506 845 1669 902 simul
1723 859 1845 899 cum
1885 843 2070 913 singu-

473 949 538 1005 lis
570 949 767 1005 nostris
786 947 950 1002 mttlta
981 954 1107 1001 sunt
1125 944 1326 1000 omnia.

548 1039 810 1098 CXXV“.
831 1039 951 1094 λιιι..
981 1036 1142 1108 Igitur
1169 1043 1225 1090 et
1251 1032 1544 1090 secundum
1574 1040 1647 1094 te,
1679 1030 1730 1084 itt
1753 1027 2071 1098 adoptione‘

485 1135 701 1207 quidem
727 1149 822 1204 per
855 1145 1044 1186 omnes
1079 1137 1265 1184 mtates
1315 1127 1499 1196 gratiae
1545 1132 1628 1180 est
1673 1123 1896 1194 mqualis
1944 1121 2077 1176 ell'e-

480 1239 600 1282 ctus
629 1244 643 1279 :
669 1226 720 1280 in
749 1223 1061 1280 remissione
1091 1237 1218 1275 vero
1249 1225 1589 1289 peccatorum
1613 1231 1718 1270 non
1747 1217 1798 1268 itt
1825 1213 2075 1269 omnibus

483 1330 566 1374 ost
593 1333 696 1373 una
719 1317 939 1372 taxatio.
961 1313 1068 1370 Sed
1093 1313 1174 1384 egi
1203 1311 1463 1366 hactenus
1489 1321 1648 1380 parce
1703 1307 1861 1362 nimis
1914 1314 2076 1376 atque

485 1411 752 1482 patienter
786 1425 799 1460 :

558 1503 694 1556 Asc.
743 1499 796 1553 Si
841 1507 947 1551 tam
983 1496 1148 1549 multa
1199 1492 1434 1565 loqueris
1487 1504 1648 1562 parce
1695 1488 1922 1560 loquens
1953 1529 1969 1556 ,
2021 1495 2080 1542 ut

489 1610 651 1648 unum
678 1607 856 1647 mcqu
886 1591 1075 1644 librum
1099 1589 1200 1658 (α),
1235 1603 1332 1641 nec
1360 1587 1530 1656 ipsum
1561 1592 1729 1639 totum
1758 1625 1770 1645 .
1802 1581 1906 1636 tuis
1954 1589 2079 1635 octo

487 1687 638 1741 libris
664 1681 962 1745 insecteris;
995 1681 1216 1734 nimium
1248 1676 1462 1748 profusa
1488 1683 1541 1730 et
1569 1675 1840 1729 luxuriosa
1862 1681 1946 1728 est
1970 1687 2084 1742 par-

487 1777 718 1834 cimonia
751 1784 860 1829 tua.
891 1773 996 1828 Sed
1019 1771 1064 1826 si
1094 1771 1350 1824 hactenus
1383 1782 1542 1837 parce
1583 1765 1776 1835 egisti;
1824 1779 1991 1834 quare
2026 1761 2082 1818 in

489 1881 598 1924 tam
627 1867 807 1923 multis
833 1874 1019 1921 contra
1041 1863 1320 1919 veritatem
1350 1861 1609 1925 clamans,
1638 1857 1833 1912 animae
1850 1865 1954 1911 tute
1976 1869 2083 1910 non

488 1961 777 2034 pepercisti
794 1961 819 2010 ‘t

559 2051 844 2110 CXXVIII.
876 2050 994 2106 ΙΙιιι..
1030 2047 1312 2104 Prtcmissa
1344 2046 1554 2102 scilicet
1575 2043 1940 2117 disputatione
1961 2058 2086 2114 pro-

489 2147 620 2200 bare
647 2153 952 2210 contentus,
985 2153 1035 2197 te
1065 2155 1276 2211 quoque
1297 2139 1388 2209 qui
1431 2138 1586 2192 nobis
1631 2135 1949 2193 seditionem
1992 2149 2089 2205 per

491 2237 596 2292 hoc
620 2235 910 2290 maximam
932 2231 1261 2294 concitahas,
1290 2229 1470 2284 dicere
1516 2227 1856 2283 remissionis
1896 2240 2089 2298 pecca-

493 2341 671 2384 torum
697 2343 803 2382 ttott
849 2328 901 2380 in
929 2326 1137 2380 cunctis
1185 2339 1348 2379 unam
1391 2332 1642 2379 constare
1682 2320 1983 2386 rationem;
2031 2329 2092 2376 ut

493 2422 706 2478 etiamsi
757 2436 918 2475 unum
969 2419 1069 2474 hoc
1145 2417 1388 2472 naturale
1429 2423 1706 2485 peceatum
1763 2412 2091 2484 persuadere

495 2527 705 2584 posses,
732 2519 909 2564 tamen
938 2509 1170 2580 liqueret
1198 2501 1508 2563 necessario'
1541 2506 1681 2572 dici,
1724 2521 1830 2561 non
1877 2520 2093 2574 semper

495 2603 866 2660 accedentium
895 2599 960 2654 ad
991 2601 1216 2671 gratiam
1247 2613 1412 2652 unum
1460 2605 1655 2651 statum
1682 2610 1842 2661 esse;
1879 2602 1935 2651 et
1991 2594 2093 2652 hoc

496 2695 740 2769 Apostoli
771 2694 995 2757 dictum,
1015 2709 1076 2746 ea:
1095 2691 1266 2746 multis
1282 2691 1478 2744 delictis
1529 2689 1582 2743 in
1623 2688 2046 2759 justiﬁcationem
2073 2729 2089 2756 ,

499 2791 554 2845 in
577 2787 757 2842 adulta
786 2786 980 2852 solum,
1010 2798 1118 2840 non
1169 2791 1348 2838 autem
1393 2782 1555 2838 etiam
1609 2780 1664 2836 ιιι
1713 2780 1884 2852 prima
1937 2789 2096 2836 attate

499 2877 782 2950 compleri.

571 2976 716 3028 Anc.
745 2967 1051 3026 Secundum
1080 2975 1167 3023 tua
1191 2965 1514 3036 vaniloquia,
1546 2963 1713 3020 neeitt
1735 2962 1914 3020 adulta
1936 2969 2097 3020 aetate

499 3065 799 3134 completur
843 3079 859 3118 :
903 3060 1153 3132 quoniam
1223 3059 1376 3113 multi
1425 3057 1592 3112 adulti
1645 3055 1846 3113 habent
1886 3056 2096 3128 singula

503 3154 736 3229 (etiamsi
757 3153 1049 3208 secundum
1071 3165 1168 3206 vos
1190 3165 1297 3216 non
1326 3149 1523 3204 habent
1547 3147 1868 3220 originalia),
1897 3148 2094 3218 quibus

497 3245 727 3316 contigit
755 3243 938 3298 venire
960 3242 1025 3297 ad
1051 3241 1402 3312 Baptismum,
1418 3238 1633 3309 quando
1662 3253 1890 3310 peccare
1912 3253 2097 3310 cmpe-

498 3348 644 3406 runt;
672 3337 834 3408 aliqui
863 3333 1234 3391 habentetiam
1258 3332 1599 3403 paucissima,
1625 3347 1732 3387 non
1757 3340 1934 3387 tamen
1957 3331 2099 3387 mul-

503 3443 595 3488 ta:
629 3447 734 3486 nott
764 3444 894 3500 ergo
926 3425 1264 3499 pertinebunt
1289 3423 1356 3478 ad
1403 3423 1541 3478 hanc
1593 3423 1819 3494 gratiam
1859 3422 2098 3490 Christi;

499 3523 755 3595 quoniam
783 3537 850 3576 ex
876 3519 1056 3574 multis
1095 3515 1308 3572 delictis
1343 3515 1433 3570 illa
1482 3515 1740 3586 justilieat
1763 3556 1778 3580 ,
1823 3531 1945 3585 quae
1993 3529 2098 3570 non

503 3611 802 3672 habentisti
835 3609 1014 3681 :qttod
1045 3609 1088 3663 si
1115 3607 1356 3680 quisquis
1385 3607 1543 3677 sapit,
1575 3605 1922 3661 incll'abiliter
1943 3607 2100 3662 desi-

501 3708 604 3779 pit.
636 3707 884 3774 Agnosce
919 3701 1190 3756 Christum
1236 3713 1307 3753 ex
1351 3697 1534 3753 multis
1560 3697 1773 3753 delictis
1797 3697 2100 3768 justilican-

505 3809 634 3864 tem,
667 3797 980 3864 salvumque
1005 3791 1288 3847 facientem
1340 3791 1593 3861 populum
1618 3806 1794 3858 suum,
1825 3791 1953 3847 etin
1999 3792 2098 3847 iis-

505 3894 634 3948 dem
685 3889 865 3946 ntultis
906 3886 1212 3956 intelligens
1239 3899 1395 3954 posse
1419 3885 1778 3954 quorumlibet
1828 3893 1885 3940 et
1933 3901 2100 3956 pauca

507 3993 562 4039 et
582 3981 786 4052 singula
816 3977 1132 4047 computari,
1167 3976 1274 4029 noli
1301 3975 1369 4029 ab
1391 3975 1491 4031 hoc
1517 3976 1714 4045 populo
1743 3985 1942 4032 sortem
1969 3979 2088 4034 sul»

510 4073 729 4130 trahere
779 4069 1153 4140 parvulorum;
1183 4066 1342 4121 etiam
1371 4066 1503 4136 ipsis
1529 4066 1692 4122 crede
1740 4070 2102 4125 necessarium

509 4180 632 4222 esse
655 4163 859 4227 Jesum,
889 4161 977 4230 qui
1002 4159 1104 4214 hoc
1151 4175 1256 4214 non
1283 4168 1524 4226 vocatur,
1573 4158 1676 4213 nisi
1724 4161 1850 4230 quia
1895 4163 2100 4217 salvum

492 4258 636 4313 ‘taeit
659 4255 908 4326 populum
930 4267 1108 4316 suum,
1133 4251 1185 4306 in
1215 4265 1322 4322 quo
1351 4251 1538 4322 utique
1555 4260 1681 4306 sunt
1717 4260 1772 4307 et
1803 4253 2006 4323 parvuli
2031 4295 2046 4323 ,
2069 4269 2101 4308 a

512 4347 749 4422 peccatis
775 4359 985 4402 eorum.
1211 4393 1214 4396 .

547 4512 554 4518 .
583 4439 821 4499 CXXIX.
855 4439 973 4495 ,Ιιιιη
1005 4436 1158 4493 Nunc
1182 4451 1312 4492 vero
1330 4451 1514 4492 assero
1542 4449 1946 4509 consequenter
1969 4440 2104 4496 nihil

513 4533 830 4605 Apostolutn
861 4530 928 4586 de
949 4527 1238 4584 Manichtca
1282 4526 1502 4583 traduce
1551 4529 1910 4606 suspicatum:
1934 4540 2107 4587 osten-

516 4627 594 4681 dit
620 4624 817 4695 quippe
841 4621 908 4674 ad
931 4635 1147 4691 gravem
1201 4617 1450 4688 injuriam
1499 4619 1771 4690 pertinere
1816 4624 2106 4694 mysterio-

423 4711 428 4716 ’
513 4733 656 4784 rum,
685 4717 731 4770 si
755 4721 1198 4785 compararentur
1221 4727 1317 4781 per
1331 4721 1524 4767 cuncta
1552 4713 1806 4782 peccatis.
1840 4714 1892 4770 id
1922 4725 2026 4782 est,
2057 4717 2104 4772 si

512 4823 619 4864 non
646 4805 917 4862 efﬁcacius
939 4801 1220 4874 prodesset
1260 4801 1429 4872 gratia
1454 4841 1470 4867 ,
1511 4817 1698 4872 quam‘
1719 4805 1890 4876 culpa;
1935 4804 2106 4861 forma

511 4899 805 4956 nocuisset.
837 4895 1118 4950 Maximam
1147 4909 1278 4964 ergo
1308 4893 1616 4950 christiana:
1639 4895 1764 4952 fidei
1791 4897 2104 4968 dignitatem

515 4995 570 5048 In
602 4991 668 5048 eo
690 4991 938 5060 Magister
970 4987 1220 5044 Gentium
1254 4987 1558 5056 collocavit,
1614 4989 1756 5058 quod
1796 5005 1914 5048 eam
1965 4991 2108 5047 amr.

514 5083 682 5137 tnavit
711 5089 982 5135 antestare
1007 5078 1219 5134 delictis
1249 5095 1262 5130 :
1287 5078 1357 5132 ob
1393 5078 1495 5133 hoc
1547 5079 1622 5133 illi
1675 5094 1820 5134 cura:
1855 5080 1991 5147 fuit,
2051 5093 2110 5138 ut

521 5169 726 5225 morbis
749 5167 1020 5222 veteribus
1043 5165 1328 5222 medicinae
1353 5167 1631 5236 prteferret
1651 5167 1918 5224 effectum.

472 5277 488 5314 ι
559 5245 563 5252 ’
592 5263 725 5318 Ave.
755 5257 900 5313 (lane
925 5258 1241 5314 medicinam
1269 5259 1475 5329 negatis
1503 5260 1742 5329 parvulis
1761 5301 1776 5326 ,
1805 5277 1942 5331 quos
1980 5262 2108 5319 falsa

521 5359 579 5405 et
607 5347 821 5404 inimica
850 5345 1165 5403 defensione
1213 5348 1393 5404 salvos
1439 5363 1560 5404 esse
1603 5351 1948 5406 contenditis.
2004 5353 2110 5410 Sed

519 5442 661 5496 Deus
683 5453 891 5503 eorum,
920 5439 1009 5508 qui
1036 5453 1104 5494 ex
1143 5454 1238 5494 ore
1272 5439 1552 5495 infantium
1597 5449 1756 5510 atque
1795 5442 2111 5502 lactentium

519 5533 799 5589 medicinae
827 5545 937 5585 suae
981 5529 1185 5601 perlicit
1227 5530 1436 5586 Iaudem
1459 5575 1474 5599 ,
1507 5532 1746 5602 profecto
1783 5545 1834 5592 et
1875 5519 1972 5592 vos
2018 5537 2112 5594 de-

583 5667 602 5699 ι
623 5665 699 5714 sic
720 5671 831 5713 Mss.
855 5663 992 5722 mliti,
1019 5659 1344 5724 adoptionem.

586 5747 660 5823 te)
685 5747 880 5823 tibrum
925 5719 1126 5796 scilicet
1153 5745 1420 5796 secundum
1454 5747 1518 5799 de
1563 5752 1744 5812 Nuptiis
1787 5721 1844 5806 et
1881 5719 2122 5823 Concupi-2

527 5813 725 5858 arentia.

1160 358 1410 421 OPERiS
1447 355 1860 418 IMPERFECTI
1897 351 2170 410 CONTRA
2209 349 2574 420 JULMNUM,
2616 354 3050 414 S.AUGUSTINI

3622 363 3764 418 tute
3809 346 3812 349 ’

2176 473 2352 537 struit,
2386 475 2470 544 qui
2499 476 2576 529 eis
2601 477 2862 532 adhibetis
2907 477 3175 532 inimicaut
3220 477 3604 548 defensionem,
3635 496 3760 536 cum

2179 565 2406 620 destruit
2436 567 2706 622 inimicum
2733 581 2785 623 et
2815 569 3174 626 defensorem.

2249 661 2467 718 CXXX.
2500 662 2618 719 ιω..
2653 663 2778 718 Inde
2803 665 3028 734 gratiam
3071 663 3305 720 ostendit
3349 679 3468 720 esse
3513 665 3756 720 laudabis

2183 754 2312 824 lem,
2338 755 2383 811 si
2414 756 2464 810 ei
2487 773 2580 826 per
2599 757 2774 812 omnia
2805 759 3115 812 conveniret
3141 757 3282 828 quod
3323 757 3475 824 dixit,
3500 754 3760 812 Iudicium

2179 865 2242 902 ex
2269 865 2370 902 uno
2399 849 2450 902 in
2479 850 2966 916 condemnationem,
2995 850 3158 921 gratia
3188 859 3352 903 autem
3382 866 3444 903 ea:
3477 849 3644 906 multis
3668 851 3764 903 de-

2182 941 2314 995 lictis
2335 942 2384 994 in
2400 941 2840 1012 justi/irationem.
2871 941 2985 1008 Qua
3017 951 3072 996 ttt
3109 957 3238 1012 ergo
3287 942 3498 997 licentia
3537 945 3762 1012 gratiam

2182 1031 2378 1088 Christi
2401 1049 2461 1087 ea
2487 1033 2792 1088 laudatione
2821 1032 3087 1088 ftaudabis
3108 1073 3124 1098 ,
3151 1049 3250 1102 qua
3305 1033 3446 1086 illaut
3477 1035 3764 1104 Apostolus

2186 1127 2353 1180 voluit
2381 1127 2655 1196 prmdicari
2679 1144 2693 1192 ;
2721 1135 2776 1180 ut
2796 1126 3016 1196 dejicias
3071 1127 3280 1180 titulum
3325 1127 3593 1197 dignitatis
3625 1168 3638 1188 ,
3669 1141 3766 1196 per

2181 1232 2342 1288 quem
2373 1218 2546 1273 solum
2578 1218 2834 1272 honorem
2857 1218 2972 1287 ejus
2999 1233 3090 1271 vas
3117 1217 3392 1272 electionis
3415 1216 3574 1272 voluit
3599 1232 3768 1286 agno-

2183 1309 2258 1364 sci
2275 1309 2300 1362 ?

2257 1408 2392 1458 Aac.
2417 1401 2542 1458 llrec
2560 1400 2625 1456 ad
2647 1400 2900 1472 parvulos
2929 1415 3036 1456 non
3065 1400 3332 1471 pervenit,
3373 1399 3416 1453 si
3446 1399 3586 1452 nullo
3631 1398 3769 1451 deli-

2187 1505 2296 1562 cto,
2329 1493 2625 1550 secundum
2657 1509 2773 1560 vos,
2803 1493 3018 1562 obligati
3059 1501 3182 1546 sunt
3217 1508 3230 1545 :
3267 1490 3358 1546 sed
3401 1490 3520 1560 quia
3551 1488 3769 1558 obligati

2186 1595 2327 1654 sunt,
2361 1587 2598 1658 profecto
2624 1587 2790 1657 gratia
2814 1602 2881 1640 ex
2919 1585 3101 1640 multis
3124 1584 3328 1638 delictis
3377 1569 3769 1638 multitudini-nt

2189 1679 2425 1734 fidelium
2451 1678 3002 1746 suorumjustiticaus,
3028 1677 3189 1731 etiam
3221 1675 3287 1730 ad
3315 1690 3475 1729 unum
3516 1673 3772 1728 delictum

2189 1772 2486 1828 sanandum
2553 1773 2798 1842 pervenit
2865 1786 3088 1834 eorum,
3134 1778 3191 1822 ut
3237 1783 3305 1823 ex
3347 1783 3440 1823 ore
3487 1766 3772 1822 infantium

2191 1864 2436 1922 destruat
2513 1879 2609 1920 ora
2663 1861 2961 1919 fallentium
3042 1861 3378 1916 inimicorum
3424 1869 3477 1916 et
3522 1859 3771 1915 defenso-

2189 1974 2331 2015 rum.

2263 2051 2502 2106 CXXXI.
2527 2049 2646 2107 ιω..
2671 2049 2764 2106 Ille
2789 2049 2944 2121 dixit,
2975 2047 3154 2104 Gratia
3179 2064 3241 2102 ex
3269 2045 3439 2100 multis
3473 2045 3666 2100 delictis
3715 2045 3772 2096 in

2193 2143 2604 2214 iustiﬁcationem
2654 2159 2673 2197 :
2715 2143 2803 2198 ille
2849 2141 3050 2212 peccati
3096 2139 3435 2195 efﬁcientite‘
3493 2135 3770 2191 medicinas

2193 2238 2403 2308 copiam
2433 2237 2697 2308 praetulit;
2731 2236 2821 2306 qni
2869 2248 3061 2289 sensus
3105 2231 3498 2286 Catholicorum
3536 2227 3772 2298 dogmati

2196 2333 2460 2401 congruit,
2487 2329 2895 2399 itttelligentium
2927 2329 2978 2382 in
3004 2327 3086 2383 his
3125 2325 3496 2382 remissionem
3525 2332 3775 2394 peccato—

2196 2438 2315 2478 rum
2349 2422 2463 2477 Iieri
2489 2462 2502 2484 ,
2548 2421 2600 2475 ιιι
2632 2421 2825 2490 quibus
2875 2427 3096 2488 possunt
3125 2417 3290 2472 multa
3318 2413 3672 2484 deprehendi,
3720 2411 3774 2466 id
3861 2407 3870 2416 ’

2198 2521 2300 2578 est,
2329 2523 2483 2567 motu
2511 2511 2739 2582 propria:
2769 2509 3054 2565 voluntatis
3093 2517 3314 2562 attracta
3349 2523 3362 2559 :
3389 2507 3440 2560 in
3468 2505 3652 2574 quibus
3679 2518 3778 2557 an-

2199 2613 2305 2660 tem
2336 2621 2442 2660 non
2474 2603 2643 2659 sitltic
2666 2612 2841 2658 motus
2865 2603 3097 2674 propriae
3125 2599 3440 2662 voluntatis,
3490 2597 3540 2651 id
3569 2606 3648 2652 est
3669 2638 3685 2662 ,
3719 2596 3774 2650 in

2197 2697 2457 2768 parvulis,
2483 2713 2588 2750 non
2617 2696 2795 2751 minus
2825 2695 2965 2749 nulla
2999 2709 3139 2760 esse,
3171 2709 3328 2763 quam
3361 2692 3542 2747 multa.

2269 2786 2407 2842 Atta.
2435 2786 2588 2841 Nulla
2618 2785 2822 2856 ergoatl
2844 2801 2938 2840 eos
2962 2785 3250 2841 Salvatoris
3276 2783 3504 2854 pertinet
3557 2779 3778 2836 medici-

2199 2892 2300 2946 na,
2330 2886 2387 2934 et
2405 2877 2652 2933 Christus
2677 2893 2782 2932 non
2813 2885 2896 2932 est
2922 2877 3001 2931 eis
3025 2875 3180 2931 Jesus
3209 2892 3221 2928 :
3254 2884 3309 2929 ct
3346 2883 3402 2928 tu
3443 2873 3530 2944 qui
3560 2872 3658 2926 hoc
3685 2871 3772 2924 tli-

2201 2970 2302 3037 cis,
2329 2971 2493 3026 audes
2509 2969 2688 3026 vocari
2717 2968 3069 3024 christiauus!
3099 2967 3298 3022 Deinde
3324 3007 3339 3033 ,
3373 2967 3453 3032 si,
3484 2974 3540 3020 ut
3566 2965 3772 3026 detinis.

2202 3060 2258 3116 in
2287 3061 2371 3116 his
2395 3062 2452 3117 lit
2495 3061 2744 3116 remissio
2801 3069 3178 3130 peccatorum,
3222 3059 3276 3112 in
3323 3057 3511 3127 quibus
3563 3063 3778 3124 possunt

2201 3152 2367 3209 multa
2390 3141 2755 3223 deprehendi;
2779 3151 3028 3221 quoniam
3061 3151 3137 3205 sic
3156 3149 3354 3219 accipis
3375 3147 3512 3218 quod
3539 3147 3610 3200 ait
3636 3147 3778 3216 Apo-

2201 3246 2390 3312 stolus,
2423 3243 2603 3300 Gratia
2626 3261 2689 3299 ea:
2710 3245 2882 3298 multis
2911 3243 3105 3298 delictis
3129 3243 3180 3296 in
3200 3242 3644 3313 justiﬁcationem:
3671 3254 3774 3293 non

2203 3335 2474 3409 pertinent
2501 3335 2567 3390 ad
2587 3334 2959 3390 remissionem
2989 3343 3360 3403 peccatorum,
3412 3329 3537 3400 qui,
3591 3345 3780 3383 secun-

2203 3427 2329 3482 dum
2355 3442 2475 3491 vos,
2498 3442 2605 3480 non
2629 3425 2887 3481 habentes
2908 3424 3168 3494 originale
3223 3433 3520 3494 peccatum,
3545 3421 3608 3476 ad
3633 3423 3778 3476 lava-

2203 3533 2354 3573 crum
2384 3517 2804 3589 regenerationis
2832 3531 2952 3572 cum
2997 3514 3220 3585 singulis
3273 3515 3491 3570 veniunt
3533 3513 3776 3583 paucisve

2203 3611 2458 3683 peccatis.
2481 3611 2671 3667 Videte
2691 3626 2811 3682 qua:
2835 3610 3037 3674 dicitis;
3068 3619 3122 3665 et
3151 3627 3256 3666 non
3284 3609 3594 3666 erubescitis
3625 3650 3638 3674 ,
3669 3623 3770 3662 non

2203 3705 2575 3776 expavescitis,
2604 3719 2708 3760 non
2737 3703 2958 3759 tacetis?
2986 3702 3232 3759 Siautem
3274 3701 3515 3756 homines
3563 3716 3777 3771 peccare

2205 3797 2548 3868 incipientes,
2575 3805 2630 3852 et
2650 3795 2884 3851 nondum
2915 3795 3174 3850 habentes
3225 3795 3388 3849 multa
3415 3793 3624 3854 delicta.
3655 3807 3775 3861 per-

2205 3889 2411 3958 cipiunt
2458 3899 2635 3943 tamen
2661 3888 2884 3958 gratiam
2907 3904 2971 3942 ex
3000 3887 3184 3942 multis
3228 3885 3601 3957 justifieautem
3649 3883 3777 3938 deli-

2205 3981 2327 4046 clis;
2350 3996 2446 4036 cur
2470 3979 2522 4036 itt
2544 3979 2744 4035 eisdem
2773 3980 2951 4034 multis
2970 3980 3128 4034 etiam
3173 3979 3376 4049 singula
3427 3975 3777 4048 quorumlibet

2206 4081 2518 4142 computare
2547 4087 2654 4128 non
2686 4071 2867 4140 vultis,
2897 4087 3002 4126 non
3026 4071 3095 4126 ob
3120 4071 3262 4126 aliud
3293 4112 3308 4138 ,
3363 4070 3462 4124 nisi
3508 4079 3562 4123 ut
3606 4067 3669 4122 ab
3715 4083 3776 4121 ea

2207 4169 2457 4237 parvulos
2498 4167 2661 4235 impie
2700 4168 2996 4237 separetis;
3034 4167 3291 4236 vobisque
3334 4165 3590 4236 pernicies
3619 4163 3784 4232 prssi-'

2207 4275 2309 4314 ma:
2332 4259 2628 4330 iniquitatis
2675 4258 2969 4323 incumbat,
3003 4266 3060 4312 ιιι
3083 4258 3150 4312 ab
3175 4258 3264 4311 illa
3290 4257 3450 4312 etiam
3476 4254 3778 4326 grandiores

2209 4353 2440 4422 primum
2475 4365 2698 4422 peccare
2728 4351 3044 4422 incipientes
3075 4392 3090 4417 ,
3143 4350 3484 4419 nondumque
3531 4347 3780 4400 habentes

2209 4445 2397 4508 multa,
2430 4443 2525 4500 sed
2547 4443 2785 4515 singula,
2815 4443 2895 4500 vel
2916 4459 3082 4515 pauca
3123 4453 3339 4515 peccata
3365 4481 3381 4508 ,
3423 4441 3622 4495 alienos
3663 4454 3780 4493 esse

2208 4535 2433 4592 dicatis?

2281 4629 2540 4684 CXXXII.
2571 4628 2689 4684 JUL.
2721 4629 3009 4698 Apostolus
3035 4643 3164 4699 ergo
3190 4627 3278 4682 ttbi
3305 4625 3535 4697 praetulit
3561 4623 3781 4695 gratiam

2210 4728 2449 4792 peccato,
2475 4729 2716 4774 nostrum
2744 4719 2935 4790 dogma
2962 4719 3278 4775 communit.

2283 4815 2418 4868 Auc.
2445 4811 2556 4866 lmo
2587 4821 2821 4867 vestrum
2868 4811 3060 4881 dogma
3089 4812 3379 4866 subvertit:
3403 4810 3520 4879 quia
3546 4809 3642 4863 ista
3667 4823 3788 4876 gra-

2213 4905 2283 4959 tia
2309 4919 2468 4974 quam
2509 4913 2730 4973 peccato
2777 4903 3032 4974 prattttlit,
3063 4918 3127 4957 ex
3161 4903 3340 4956 multis
3367 4901 3570 4956 delictis
3591 4899 3788 4970 justifi-

2212 5003 2318 5058 cat,
2343 5003 2398 5048 et
2419 4993 2540 5048 ideo
2566 4994 2841 5063 pertinens
2881 4993 2946 5047 ad
2979 4993 3204 5062 pusillos
3230 5009 3348 5048 cum
3397 4991 3629 5060 magnis,
3681 5005 3783 5042 nec

2215 5085 2379 5140 ullum
2408 5083 2645 5154 prazterit
2677 5083 2989 5154 pusillorum
3015 5123 3032 5148 ,
3083 5085 3172 5153 qtti
3215 5083 3433 5138 remittit
3481 5082 3654 5135 omnia
3681 5095 3794 5134 om-

2214 5175 2363 5229 nium
2406 5189 2660 5240 suorum,
2723 5173 2774 5228 id
2829 5177 2943 5239 est,
2998 5175 3308 5245 pusillorum
3360 5183 3514 5243 atque
3563 5187 3782 5240 magum

2214 5282 2331 5322 rum
2340 5305 2354 5319 .

2285 5353 2572 5412 CXXXIII.
2601 5357 2721 5412 Jun.
2751 5357 2901 5412 Nunc
2927 5367 2980 5412 ιιι
3008 5357 3107 5413 ede
3127 5398 3142 5425 ,
3165 5357 3254 5412 tthi
3285 5355 3573 5428 aequaverit
3603 5371 3786 5425 pecca-

2217 5457 2274 5504 to
2298 5449 2520 5518 gratiam
2546 5463 2560 5513 ;
2585 5457 2641 5502 ut
2664 5449 2914 5518 quoniam
2945 5449 3075 5502 fides
3107 5457 3191 5502 ttta
3225 5463 3330 5502 non
3371 5447 3512 5516 capit
3558 5445 3792 5501 remedia

2219 5539 2780 5608 prmlatavulneribus,
2811 5540 2998 5594 saltem
3041 5539 3218 5608 capiat
3257 5539 3310 5592 in
3355 5547 3636 5608 augustum
3691 5550 3796 5589 no-t

2218 5630 2530 5685 excedentia
2574 5631 3027 5700 comparationem
3080 5630 3336 5684 redacta:
3375 5629 3516 5700 quod
3568 5629 3612 5682 si
3671 5628 3804 5682 scri-

2222 5765 2300 5875 ιίεί
2336 5765 2408 5813 sic
2433 5766 2696 5816 Menardus.
2739 5773 2793 5815 At
2817 5767 3086 5828 Tignierius
3121 5771 3174 5814 et
3198 5771 3324 5824 Mss,
3347 5756 3618 5824 eﬁisit'rttiw
3641 5771 3808 5818 pecca-
