  <div class='ocr_page' id='page_1' title='image "/cluster/home/n/w/nwhite01/storage/ocr_20150623/44-45/uc1.31175026792435/608.png"; bbox 0 0 4126 6500; ppageno 0'>
   <div class='ocr_carea' id='block_1_1' title="bbox 310 351 444 409">
    <p class='ocr_par' dir='ltr' id='par_1_1' title="bbox 310 351 444 409">
     <span class='ocr_line' id='line_1_1' title="bbox 310 351 444 409; baseline -0.015 -1"><span class='ocrx_word' id='word_1_1' title='bbox 310 351 444 409; x_wconf 70' lang='lat' dir='ltr'><strong>HC?</strong></span> 
     </span>
    </p>
   </div>
   <div class='ocr_carea' id='block_1_2' title="bbox 307 436 1884 538">
    <p class='ocr_par' dir='ltr' id='par_1_2' title="bbox 307 436 1884 538">
     <span class='ocr_line' id='line_1_2' title="bbox 307 436 1884 538; baseline -0.017 -15"><span class='ocrx_word' id='word_1_2' title='bbox 307 478 453 538; x_wconf 89' lang='lat' dir='ltr'><strong>ptum</strong></span> <span class='ocrx_word' id='word_1_3' title='bbox 480 462 686 532; x_wconf 77' lang='lat' dir='ltr'><strong>uspiam</strong></span> <span class='ocrx_word' id='word_1_4' title='bbox 717 458 1022 531; x_wconf 61' lang='lat' dir='ltr'><strong>repercris;</strong></span> <span class='ocrx_word' id='word_1_5' title='bbox 1070 450 1292 511; x_wconf 78' lang='lat' dir='ltr'><strong>Paulum</strong></span> <span class='ocrx_word' id='word_1_6' title='bbox 1319 456 1495 505; x_wconf 87' lang='lat' dir='ltr'><strong>tamen</strong></span> <span class='ocrx_word' id='word_1_7' title='bbox 1526 448 1595 502; x_wconf 87' lang='lat' dir='ltr'><strong>ab</strong></span> <span class='ocrx_word' id='word_1_8' title='bbox 1624 436 1728 502; x_wconf 75' lang='lat' dir='ltr'><strong>hac</strong></span> <span class='ocrx_word' id='word_1_9' title='bbox 1750 460 1884 500; x_wconf 86' lang='lat' dir='ltr'><strong>eon-</strong></span> 
     </span>
    </p>
   </div>
   <div class='ocr_carea' id='block_1_3' title="bbox 307 538 1892 614">
    <p class='ocr_par' dir='ltr' id='par_1_3' title="bbox 307 538 1892 614">
     <span class='ocr_line' id='line_1_3' title="bbox 307 538 1892 614; baseline -0.016 0"><span class='ocrx_word' id='word_1_10' title='bbox 307 560 467 614; x_wconf 80' lang='lat' dir='ltr'><strong>stabtt</strong></span> <span class='ocrx_word' id='word_1_11' title='bbox 513 554 803 611; x_wconf 80' lang='lat' dir='ltr'><strong>abhorrere</strong></span> <span class='ocrx_word' id='word_1_12' title='bbox 843 549 1150 606; x_wconf 83' lang='lat' dir='ltr'><strong>sententia:</strong></span> <span class='ocrx_word' id='word_1_13' title='bbox 1182 555 1237 599; x_wconf 91' lang='lat' dir='ltr'><strong>et</strong></span> <span class='ocrx_word' id='word_1_14' title='bbox 1279 548 1340 598; x_wconf 88' lang='lat' dir='ltr'><strong>ut</strong></span> <span class='ocrx_word' id='word_1_15' title='bbox 1389 538 1707 611; x_wconf 88' lang='lat' dir='ltr'><strong>compendio</strong></span> <span class='ocrx_word' id='word_1_16' title='bbox 1747 546 1892 591; x_wconf 90' lang='lat' dir='ltr'><strong>totus</strong></span> 
     </span>
    </p>
   </div>
   <div class='ocr_carea' id='block_1_4' title="bbox 309 626 1894 722">
    <p class='ocr_par' dir='ltr' id='par_1_4' title="bbox 309 626 1894 722">
     <span class='ocr_line' id='line_1_4' title="bbox 309 626 1894 722; baseline -0.018 -15"><span class='ocrx_word' id='word_1_17' title='bbox 309 648 547 722; x_wconf 82' lang='lat' dir='ltr'><strong>Apostoli</strong></span> <span class='ocrx_word' id='word_1_18' title='bbox 571 660 761 704; x_wconf 87' lang='lat' dir='ltr'><strong>sensus</strong></span> <span class='ocrx_word' id='word_1_19' title='bbox 780 643 1008 707; x_wconf 81' lang='lat' dir='ltr'><strong>eiucoat,</strong></span> <span class='ocrx_word' id='word_1_20' title='bbox 1041 640 1134 704; x_wconf 90' lang='lat' dir='ltr'><strong>ait,</strong></span> <span class='ocrx_word' id='word_1_21' title='bbox 1177 635 1356 691; x_wconf 82' lang='lat' dir='ltr'><strong>Gratia</strong></span> <span class='ocrx_word' id='word_1_22' title='bbox 1377 650 1439 688; x_wconf 70' lang='lat' dir='ltr'><strong>ea:</strong></span> <span class='ocrx_word' id='word_1_23' title='bbox 1477 632 1651 686; x_wconf 85' lang='lat' dir='ltr'><strong>multis</strong></span> <span class='ocrx_word' id='word_1_24' title='bbox 1697 626 1894 684; x_wconf 82' lang='lat' dir='ltr'><strong>delictis</strong></span> 
     </span>
    </p>
   </div>
   <div class='ocr_carea' id='block_1_5' title="bbox 309 724 1896 814">
    <p class='ocr_par' dir='ltr' id='par_1_5' title="bbox 309 724 1896 814">
     <span class='ocr_line' id='line_1_5' title="bbox 309 724 1896 814; baseline -0.018 -17"><span class='ocrx_word' id='word_1_25' title='bbox 309 743 362 797; x_wconf 88' lang='lat' dir='ltr'><strong>iu</strong></span> <span class='ocrx_word' id='word_1_26' title='bbox 382 738 802 814; x_wconf 73' lang='lat' dir='ltr'><strong>justiﬁcatiouem</strong></span> <span class='ocrx_word' id='word_1_27' title='bbox 832 748 853 787; x_wconf 91' lang='lat'><strong><em>:</em></strong></span> <span class='ocrx_word' id='word_1_28' title='bbox 878 731 1046 787; x_wconf 91' lang='lat' dir='ltr'><strong>multa</strong></span> <span class='ocrx_word' id='word_1_29' title='bbox 1087 736 1269 783; x_wconf 88' lang='lat' dir='ltr'><strong>autem</strong></span> <span class='ocrx_word' id='word_1_30' title='bbox 1316 724 1510 781; x_wconf 86' lang='lat' dir='ltr'><strong>delicta</strong></span> <span class='ocrx_word' id='word_1_31' title='bbox 1544 735 1656 814; x_wconf 83' lang='lat' dir='ltr'><strong>nec</strong></span> <span class='ocrx_word' id='word_1_32' title='bbox 1702 732 1896 814; x_wconf 76' lang='lat' dir='ltr'><strong>secun-</strong></span> 
     </span>
    </p>
   </div>
   <div class='ocr_carea' id='block_1_6' title="bbox 308 810 1892 900">
    <p class='ocr_par' dir='ltr' id='par_1_6' title="bbox 308 810 1892 900">
     <span class='ocr_line' id='line_1_6' title="bbox 308 810 1892 900; baseline -0.016 -12"><span class='ocrx_word' id='word_1_33' title='bbox 308 810 436 888; x_wconf 81' lang='lat' dir='ltr'><strong>dum</strong></span> <span class='ocrx_word' id='word_1_34' title='bbox 462 839 515 886; x_wconf 90' lang='lat' dir='ltr'><strong>te</strong></span> <span class='ocrx_word' id='word_1_35' title='bbox 544 826 747 900; x_wconf 78' lang='lat' dir='ltr'><strong>parvuli</strong></span> <span class='ocrx_word' id='word_1_36' title='bbox 774 822 994 888; x_wconf 86' lang='lat' dir='ltr'><strong>habent,</strong></span> <span class='ocrx_word' id='word_1_37' title='bbox 1041 819 1134 891; x_wconf 85' lang='lat' dir='ltr'><strong>qui</strong></span> <span class='ocrx_word' id='word_1_38' title='bbox 1187 815 1483 874; x_wconf 86' lang='lat' dir='ltr'><strong>seeundum</strong></span> <span class='ocrx_word' id='word_1_39' title='bbox 1523 810 1840 883; x_wconf 76' lang='lat' dir='ltr'><strong>Apostblnm</strong></span> <span class='ocrx_word' id='word_1_40' title='bbox 1875 846 1892 873; x_wconf 94' lang='lat'><strong>,</strong></span> 
     </span>
    </p>
   </div>
   <div class='ocr_carea' id='block_1_7' title="bbox 311 918 791 980">
    <p class='ocr_par' dir='ltr' id='par_1_7' title="bbox 311 918 791 980">
     <span class='ocr_line' id='line_1_7' title="bbox 311 918 791 980; baseline -0.021 0"><span class='ocrx_word' id='word_1_41' title='bbox 311 924 511 980; x_wconf 89' lang='lat' dir='ltr'><strong>nullum</strong></span> <span class='ocrx_word' id='word_1_42' title='bbox 531 923 548 955; x_wconf 80' lang='grc'>¹</span> <span class='ocrx_word' id='word_1_43' title='bbox 572 918 791 975; x_wconf 88' lang='lat' dir='ltr'><strong>habent.</strong></span> 
     </span>
    </p>
   </div>
   <div class='ocr_carea' id='block_1_8' title="bbox 381 990 1900 1074">
    <p class='ocr_par' dir='ltr' id='par_1_8' title="bbox 381 990 1900 1074">
     <span class='ocr_line' id='line_1_8' title="bbox 381 990 1900 1074; baseline -0.019 0"><span class='ocrx_word' id='word_1_44' title='bbox 381 1019 517 1074; x_wconf 82' lang='lat' dir='ltr'><strong>Aue.</strong></span> <span class='ocrx_word' id='word_1_45' title='bbox 550 1014 708 1070; x_wconf 83' lang='lat' dir='ltr'><strong>Multa</strong></span> <span class='ocrx_word' id='word_1_46' title='bbox 745 1006 941 1066; x_wconf 87' lang='lat' dir='ltr'><strong>delicta</strong></span> <span class='ocrx_word' id='word_1_47' title='bbox 991 1020 1090 1062; x_wconf 89' lang='lat' dir='ltr'><strong>nec</strong></span> <span class='ocrx_word' id='word_1_48' title='bbox 1142 1000 1435 1060; x_wconf 86' lang='lat' dir='ltr'><strong>secundum</strong></span> <span class='ocrx_word' id='word_1_49' title='bbox 1463 1007 1514 1054; x_wconf 87' lang='lat' dir='ltr'><strong>te</strong></span> <span class='ocrx_word' id='word_1_50' title='bbox 1536 995 1764 1060; x_wconf 87' lang='lat' dir='ltr'><strong>habent,</strong></span> <span class='ocrx_word' id='word_1_51' title='bbox 1807 990 1900 1063; x_wconf 89' lang='lat' dir='ltr'><strong>qui</strong></span> 
     </span>
    </p>
   </div>
   <div class='ocr_carea' id='block_1_9' title="bbox 315 1099 1901 1181">
    <p class='ocr_par' dir='ltr' id='par_1_9' title="bbox 315 1099 1901 1180">
     <span class='ocr_line' id='line_1_9' title="bbox 315 1099 1901 1180; baseline -0.015 -18"><span class='ocrx_word' id='word_1_52' title='bbox 315 1114 542 1180; x_wconf 84' lang='lat' dir='ltr'><strong>primum</strong></span> <span class='ocrx_word' id='word_1_53' title='bbox 571 1120 792 1175; x_wconf 82' lang='lat' dir='ltr'><strong>peccare</strong></span> <span class='ocrx_word' id='word_1_54' title='bbox 820 1107 1102 1171; x_wconf 66' lang='lat' dir='ltr'><strong>coeperunt</strong></span> <span class='ocrx_word' id='word_1_55' title='bbox 1130 1114 1147 1153; x_wconf 90' lang='lat'><strong>:</strong></span> <span class='ocrx_word' id='word_1_56' title='bbox 1170 1105 1225 1151; x_wconf 92' lang='lat' dir='ltr'><strong>et</strong></span> <span class='ocrx_word' id='word_1_57' title='bbox 1249 1104 1428 1150; x_wconf 90' lang='lat' dir='ltr'><strong>tamen</strong></span> <span class='ocrx_word' id='word_1_58' title='bbox 1455 1106 1551 1147; x_wconf 90' lang='lat' dir='ltr'><strong>eos</strong></span> <span class='ocrx_word' id='word_1_59' title='bbox 1574 1102 1774 1159; x_wconf 91' lang='lat' dir='ltr'><strong>negare</strong></span> <span class='ocrx_word' id='word_1_60' title='bbox 1792 1099 1901 1141; x_wconf 89' lang='lat' dir='ltr'><strong>non</strong></span> 
     </span>
    </p>
   </div>
   <div class='ocr_carea' id='block_1_10' title="bbox 312 1182 1901 1273">
    <p class='ocr_par' dir='ltr' id='par_1_10' title="bbox 312 1182 1901 1273">
     <span class='ocr_line' id='line_1_10' title="bbox 312 1182 1901 1273; baseline -0.015 -18"><span class='ocrx_word' id='word_1_61' title='bbox 312 1210 467 1273; x_wconf 88' lang='lat' dir='ltr'><strong>potes</strong></span> <span class='ocrx_word' id='word_1_62' title='bbox 489 1198 556 1252; x_wconf 82' lang='lat' dir='ltr'><strong>ad</strong></span> <span class='ocrx_word' id='word_1_63' title='bbox 585 1199 724 1251; x_wconf 86' lang='lat' dir='ltr'><strong>hanc</strong></span> <span class='ocrx_word' id='word_1_64' title='bbox 773 1210 839 1249; x_wconf 80' lang='lat' dir='ltr'><strong>ex</strong></span> <span class='ocrx_word' id='word_1_65' title='bbox 881 1182 1064 1246; x_wconf 86' lang='lat' dir='ltr'><strong>multis</strong></span> <span class='ocrx_word' id='word_1_66' title='bbox 1102 1184 1314 1245; x_wconf 77' lang='lat' dir='ltr'><strong>delictis</strong></span> <span class='ocrx_word' id='word_1_67' title='bbox 1352 1182 1732 1267; x_wconf 78' lang='lat' dir='ltr'><strong>justiﬁcantem</strong></span> <span class='ocrx_word' id='word_1_68' title='bbox 1772 1192 1901 1273; x_wconf 78' lang='lat' dir='ltr'><strong>gra-</strong></span> 
     </span>
    </p>
   </div>
   <div class='ocr_carea' id='block_1_11' title="bbox 316 1269 1901 1355">
    <p class='ocr_par' dir='ltr' id='par_1_11' title="bbox 316 1269 1901 1355">
     <span class='ocr_line' id='line_1_11' title="bbox 316 1269 1901 1355; baseline -0.015 -9"><span class='ocrx_word' id='word_1_69' title='bbox 316 1269 464 1354; x_wconf 76' lang='lat' dir='ltr'><strong>tiam,</strong></span> <span class='ocrx_word' id='word_1_70' title='bbox 495 1305 616 1343; x_wconf 89' lang='lat' dir='ltr'><strong>cum</strong></span> <span class='ocrx_word' id='word_1_71' title='bbox 645 1285 711 1341; x_wconf 88' lang='lat' dir='ltr'><strong>ad</strong></span> <span class='ocrx_word' id='word_1_72' title='bbox 762 1276 1031 1355; x_wconf 81' lang='lat' dir='ltr'><strong>Baptisma</strong></span> <span class='ocrx_word' id='word_1_73' title='bbox 1092 1280 1348 1344; x_wconf 91' lang='lat' dir='ltr'><strong>veniunt,</strong></span> <span class='ocrx_word' id='word_1_74' title='bbox 1394 1274 1683 1347; x_wconf 86' lang='lat' dir='ltr'><strong>pertinere.</strong></span> <span class='ocrx_word' id='word_1_75' title='bbox 1740 1269 1901 1326; x_wconf 83' lang='lat' dir='ltr'><strong>Multa</strong></span> 
     </span>
    </p>
   </div>
   <div class='ocr_carea' id='block_1_12' title="bbox 266 1369 1905 1451">
    <p class='ocr_par' dir='ltr' id='par_1_12' title="bbox 266 1369 1905 1451">
     <span class='ocr_line' id='line_1_12' title="bbox 266 1369 1905 1451; baseline -0.013 -16"><span class='ocrx_word' id='word_1_76' title='bbox 266 1432 269 1435; x_wconf 89' lang='lat'><strong>.</strong></span> <span class='ocrx_word' id='word_1_77' title='bbox 313 1396 443 1451; x_wconf 74' lang='lat' dir='ltr'><strong>ergo</strong></span> <span class='ocrx_word' id='word_1_78' title='bbox 469 1378 659 1434; x_wconf 88' lang='lat' dir='ltr'><strong>delicta</strong></span> <span class='ocrx_word' id='word_1_79' title='bbox 686 1385 811 1432; x_wconf 90' lang='lat' dir='ltr'><strong>sunt</strong></span> <span class='ocrx_word' id='word_1_80' title='bbox 856 1373 1023 1429; x_wconf 90' lang='lat' dir='ltr'><strong>totius</strong></span> <span class='ocrx_word' id='word_1_81' title='bbox 1053 1371 1267 1443; x_wconf 92' lang='lat' dir='ltr'><strong>populi,</strong></span> <span class='ocrx_word' id='word_1_82' title='bbox 1315 1369 1369 1423; x_wconf 90' lang='lat' dir='ltr'><strong>in</strong></span> <span class='ocrx_word' id='word_1_83' title='bbox 1406 1380 1513 1437; x_wconf 93' lang='lat' dir='ltr'><strong>quo</strong></span> <span class='ocrx_word' id='word_1_84' title='bbox 1538 1373 1664 1419; x_wconf 88' lang='lat' dir='ltr'><strong>sunt</strong></span> <span class='ocrx_word' id='word_1_85' title='bbox 1688 1372 1743 1418; x_wconf 88' lang='lat' dir='ltr'><strong>et</strong></span> <span class='ocrx_word' id='word_1_86' title='bbox 1767 1377 1905 1434; x_wconf 86' lang='lat' dir='ltr'><strong>par-</strong></span> 
     </span>
    </p>
   </div>
   <div class='ocr_carea' id='block_1_13' title="bbox 316 1451 1909 1538">
    <p class='ocr_par' dir='ltr' id='par_1_13' title="bbox 316 1451 1909 1538">
     <span class='ocr_line' id='line_1_13' title="bbox 316 1451 1909 1538; baseline -0.014 -11"><span class='ocrx_word' id='word_1_87' title='bbox 316 1472 461 1536; x_wconf 85' lang='lat' dir='ltr'><strong>vuli;</strong></span> <span class='ocrx_word' id='word_1_88' title='bbox 495 1469 561 1524; x_wconf 91' lang='lat' dir='ltr'><strong>ad</strong></span> <span class='ocrx_word' id='word_1_89' title='bbox 582 1483 741 1538; x_wconf 87' lang='lat' dir='ltr'><strong>quem</strong></span> <span class='ocrx_word' id='word_1_90' title='bbox 780 1465 1037 1535; x_wconf 85' lang='lat' dir='ltr'><strong>populum</strong></span> <span class='ocrx_word' id='word_1_91' title='bbox 1074 1460 1309 1518; x_wconf 83' lang='lat' dir='ltr'><strong>civitatis</strong></span> <span class='ocrx_word' id='word_1_92' title='bbox 1347 1457 1613 1513; x_wconf 70' lang='lat' dir='ltr'><strong>Deicum</strong></span> <span class='ocrx_word' id='word_1_93' title='bbox 1667 1451 1909 1524; x_wconf 74' lang='lat' dir='ltr'><strong>pervenit</strong></span> 
     </span>
    </p>
   </div>
   <div class='ocr_carea' id='block_1_14' title="bbox 319 1541 1911 1636">
    <p class='ocr_par' dir='ltr' id='par_1_14' title="bbox 319 1541 1911 1636">
     <span class='ocr_line' id='line_1_14' title="bbox 319 1541 1911 1636; baseline -0.013 -19"><span class='ocrx_word' id='word_1_94' title='bbox 319 1564 486 1636; x_wconf 73' lang='lat' dir='ltr'><strong>gratia</strong></span> <span class='ocrx_word' id='word_1_95' title='bbox 513 1578 580 1615; x_wconf 76' lang='lat' dir='ltr'><strong>ex</strong></span> <span class='ocrx_word' id='word_1_96' title='bbox 629 1558 810 1615; x_wconf 90' lang='lat' dir='ltr'><strong>multis</strong></span> <span class='ocrx_word' id='word_1_97' title='bbox 849 1555 1062 1612; x_wconf 82' lang='lat' dir='ltr'><strong>delictis</strong></span> <span class='ocrx_word' id='word_1_98' title='bbox 1096 1552 1434 1624; x_wconf 81' lang='lat' dir='ltr'><strong>justilicans,</strong></span> <span class='ocrx_word' id='word_1_99' title='bbox 1486 1544 1695 1636; x_wconf 80' lang='lat' dir='ltr'><strong>invenit</strong></span> <span class='ocrx_word' id='word_1_100' title='bbox 1730 1542 1802 1598; x_wconf 86' lang='lat' dir='ltr'><strong>ibi</strong></span> <span class='ocrx_word' id='word_1_101' title='bbox 1855 1541 1911 1597; x_wconf 86' lang='lat' dir='ltr'><strong>et</strong></span> 
     </span>
    </p>
   </div>
   <div class='ocr_carea' id='block_1_15' title="bbox 320 1635 1911 1721">
    <p class='ocr_par' dir='ltr' id='par_1_15' title="bbox 320 1635 1911 1721">
     <span class='ocr_line' id='line_1_15' title="bbox 320 1635 1911 1721; baseline -0.015 -12"><span class='ocrx_word' id='word_1_102' title='bbox 320 1636 485 1709; x_wconf 80' lang='lat' dir='ltr'><strong>multa</strong></span> <span class='ocrx_word' id='word_1_103' title='bbox 516 1651 837 1721; x_wconf 74' lang='lat' dir='ltr'><strong>aliquorum,</strong></span> <span class='ocrx_word' id='word_1_104' title='bbox 869 1655 923 1702; x_wconf 87' lang='lat' dir='ltr'><strong>et</strong></span> <span class='ocrx_word' id='word_1_105' title='bbox 946 1649 1112 1716; x_wconf 86' lang='lat' dir='ltr'><strong>pauca</strong></span> <span class='ocrx_word' id='word_1_106' title='bbox 1140 1643 1391 1703; x_wconf 87' lang='lat' dir='ltr'><strong>aliorum,</strong></span> <span class='ocrx_word' id='word_1_107' title='bbox 1420 1646 1477 1694; x_wconf 79' lang='lat' dir='ltr'><strong>e’t</strong></span> <span class='ocrx_word' id='word_1_108' title='bbox 1525 1635 1735 1706; x_wconf 78' lang='lat' dir='ltr'><strong>singula</strong></span> <span class='ocrx_word' id='word_1_109' title='bbox 1788 1648 1911 1703; x_wconf 85' lang='lat' dir='ltr'><strong>par-</strong></span> 
     </span>
    </p>
   </div>
   <div class='ocr_carea' id='block_1_16' title="bbox 321 1726 1913 1811">
    <p class='ocr_par' dir='ltr' id='par_1_16' title="bbox 321 1726 1913 1811">
     <span class='ocr_line' id='line_1_16' title="bbox 321 1726 1913 1811; baseline -0.013 -12"><span class='ocrx_word' id='word_1_110' title='bbox 321 1745 603 1807; x_wconf 85' lang='lat' dir='ltr'><strong>vulorum;</strong></span> <span class='ocrx_word' id='word_1_111' title='bbox 634 1757 754 1811; x_wconf 78' lang='lat' dir='ltr'><strong>qua:</strong></span> <span class='ocrx_word' id='word_1_112' title='bbox 805 1735 966 1795; x_wconf 88' lang='lat' dir='ltr'><strong>simul</strong></span> <span class='ocrx_word' id='word_1_113' title='bbox 1021 1737 1205 1805; x_wconf 86' lang='lat' dir='ltr'><strong>utique</strong></span> <span class='ocrx_word' id='word_1_114' title='bbox 1259 1731 1425 1787; x_wconf 91' lang='lat' dir='ltr'><strong>multa</strong></span> <span class='ocrx_word' id='word_1_115' title='bbox 1457 1737 1581 1784; x_wconf 91' lang='lat' dir='ltr'><strong>sunt</strong></span> <span class='ocrx_word' id='word_1_116' title='bbox 1609 1726 1818 1791; x_wconf 85' lang='lat' dir='ltr'><strong>omnia,</strong></span> <span class='ocrx_word' id='word_1_117' title='bbox 1856 1730 1913 1779; x_wconf 90' lang='lat' dir='ltr'><strong>et</strong></span> 
     </span>
    </p>
   </div>
   <div class='ocr_carea' id='block_1_17' title="bbox 323 1815 1912 1898">
    <p class='ocr_par' dir='ltr' id='par_1_17' title="bbox 323 1815 1912 1898">
     <span class='ocr_line' id='line_1_17' title="bbox 323 1815 1912 1898; baseline -0.013 -7"><span class='ocrx_word' id='word_1_118' title='bbox 323 1834 666 1891; x_wconf 86' lang='lat' dir='ltr'><strong>multitudine</strong></span> <span class='ocrx_word' id='word_1_119' title='bbox 709 1847 805 1886; x_wconf 88' lang='lat' dir='ltr'><strong>sua</strong></span> <span class='ocrx_word' id='word_1_120' title='bbox 858 1828 1186 1898; x_wconf 83' lang='lat' dir='ltr'><strong>redarguunt</strong></span> <span class='ocrx_word' id='word_1_121' title='bbox 1228 1823 1393 1880; x_wconf 88' lang='lat' dir='ltr'><strong>multa</strong></span> <span class='ocrx_word' id='word_1_122' title='bbox 1429 1830 1485 1877; x_wconf 87' lang='lat' dir='ltr'><strong>et</strong></span> <span class='ocrx_word' id='word_1_123' title='bbox 1532 1819 1707 1875; x_wconf 89' lang='lat' dir='ltr'><strong>inania</strong></span> <span class='ocrx_word' id='word_1_124' title='bbox 1750 1815 1912 1871; x_wconf 83' lang='lat' dir='ltr'><strong>verba</strong></span> 
     </span>
    </p>
   </div>
   <div class='ocr_carea' id='block_1_18' title="bbox 323 1908 1915 1987">
    <p class='ocr_par' dir='ltr' id='par_1_18' title="bbox 323 1908 1915 1987">
     <span class='ocr_line' id='line_1_18' title="bbox 323 1908 1915 1987; baseline -0.014 -5"><span class='ocrx_word' id='word_1_125' title='bbox 323 1938 432 1983; x_wconf 89' lang='lat' dir='ltr'><strong>tua.</strong></span> <span class='ocrx_word' id='word_1_126' title='bbox 458 1926 515 1982; x_wconf 88' lang='lat' dir='ltr'><strong>Si</strong></span> <span class='ocrx_word' id='word_1_127' title='bbox 545 1935 722 1980; x_wconf 90' lang='lat' dir='ltr'><strong>autem</strong></span> <span class='ocrx_word' id='word_1_128' title='bbox 740 1921 1034 1979; x_wconf 87' lang='lat' dir='ltr'><strong>secundum</strong></span> <span class='ocrx_word' id='word_1_129' title='bbox 1062 1916 1399 1987; x_wconf 87' lang='lat' dir='ltr'><strong>Apostolum,</strong></span> <span class='ocrx_word' id='word_1_130' title='bbox 1423 1913 1562 1969; x_wconf 80' lang='lat' dir='ltr'><strong>sicut</strong></span> <span class='ocrx_word' id='word_1_131' title='bbox 1590 1918 1765 1981; x_wconf 89' lang='lat' dir='ltr'><strong>putas,</strong></span> <span class='ocrx_word' id='word_1_132' title='bbox 1792 1908 1915 1963; x_wconf 85' lang='lat' dir='ltr'><strong>nul-</strong></span> 
     </span>
    </p>
   </div>
   <div class='ocr_carea' id='block_1_19' title="bbox 323 1997 1974 2079">
    <p class='ocr_par' dir='ltr' id='par_1_19' title="bbox 323 1997 1974 2079">
     <span class='ocr_line' id='line_1_19' title="bbox 323 1997 1974 2079; baseline -0.013 -6"><span class='ocrx_word' id='word_1_133' title='bbox 323 2017 434 2073; x_wconf 88' lang='lat' dir='ltr'><strong>lum</strong></span> <span class='ocrx_word' id='word_1_134' title='bbox 461 2016 714 2072; x_wconf 87' lang='lat' dir='ltr'><strong>delictum</strong></span> <span class='ocrx_word' id='word_1_135' title='bbox 744 2007 944 2067; x_wconf 81' lang='lat' dir='ltr'><strong>habent</strong></span> <span class='ocrx_word' id='word_1_136' title='bbox 981 2006 1226 2079; x_wconf 81' lang='lat' dir='ltr'><strong>parvuli;</strong></span> <span class='ocrx_word' id='word_1_137' title='bbox 1279 2005 1420 2059; x_wconf 88' lang='lat' dir='ltr'><strong>unde</strong></span> <span class='ocrx_word' id='word_1_138' title='bbox 1449 2018 1577 2073; x_wconf 88' lang='lat' dir='ltr'><strong>ergo</strong></span> <span class='ocrx_word' id='word_1_139' title='bbox 1618 1997 1913 2055; x_wconf 85' lang='lat' dir='ltr'><strong>secundum</strong></span> <span class='ocrx_word' id='word_1_140' title='bbox 1960 2024 1974 2039; x_wconf 75' lang='grc' dir='ltr'><strong>ι</strong></span> 
     </span>
    </p>
   </div>
   <div class='ocr_carea' id='block_1_20' title="bbox 325 2090 1914 2178">
    <p class='ocr_par' dir='ltr' id='par_1_20' title="bbox 325 2090 1914 2178">
     <span class='ocr_line' id='line_1_20' title="bbox 325 2090 1914 2178; baseline -0.013 -13"><span class='ocrx_word' id='word_1_141' title='bbox 325 2107 642 2178; x_wconf 79' lang='lat' dir='ltr'><strong>Aposmlum</strong></span> <span class='ocrx_word' id='word_1_142' title='bbox 669 2103 864 2159; x_wconf 86' lang='lat' dir='ltr'><strong>mortui</strong></span> <span class='ocrx_word' id='word_1_143' title='bbox 898 2100 1063 2157; x_wconf 82' lang='lat' dir='ltr'><strong>sunt?</strong></span> <span class='ocrx_word' id='word_1_144' title='bbox 1087 2098 1221 2167; x_wconf 87' lang='lat' dir='ltr'><strong>Quia</strong></span> <span class='ocrx_word' id='word_1_145' title='bbox 1249 2107 1305 2152; x_wconf 90' lang='lat' dir='ltr'><strong>et</strong></span> <span class='ocrx_word' id='word_1_146' title='bbox 1330 2093 1622 2151; x_wconf 88' lang='lat' dir='ltr'><strong>secundum</strong></span> <span class='ocrx_word' id='word_1_147' title='bbox 1654 2100 1726 2157; x_wconf 81' lang='lat' dir='ltr'><strong>te,</strong></span> <span class='ocrx_word' id='word_1_148' title='bbox 1754 2090 1914 2145; x_wconf 86' lang='lat' dir='ltr'><strong>etiam</strong></span> 
     </span>
    </p>
   </div>
   <div class='ocr_carea' id='block_1_21' title="bbox 325 2180 1918 2271">
    <p class='ocr_par' dir='ltr' id='par_1_21' title="bbox 325 2180 1918 2271">
     <span class='ocr_line' id='line_1_21' title="bbox 325 2180 1918 2271; baseline -0.012 -16"><span class='ocrx_word' id='word_1_149' title='bbox 325 2215 423 2271; x_wconf 88' lang='lat' dir='ltr'><strong>pro</strong></span> <span class='ocrx_word' id='word_1_150' title='bbox 452 2198 581 2269; x_wconf 85' lang='lat' dir='ltr'><strong>ipsis</strong></span> <span class='ocrx_word' id='word_1_151' title='bbox 608 2204 851 2252; x_wconf 88' lang='lat' dir='ltr'><strong>mortuus</strong></span> <span class='ocrx_word' id='word_1_152' title='bbox 875 2202 959 2250; x_wconf 89' lang='lat' dir='ltr'><strong>est</strong></span> <span class='ocrx_word' id='word_1_153' title='bbox 983 2180 1272 2247; x_wconf 87' lang='lat' dir='ltr'><strong>Christus:</strong></span> <span class='ocrx_word' id='word_1_154' title='bbox 1308 2186 1454 2244; x_wconf 84' lang='lat' dir='ltr'><strong>Unus</strong></span> <span class='ocrx_word' id='word_1_155' title='bbox 1483 2186 1626 2242; x_wconf 90' lang='lat' dir='ltr'><strong>enim</strong></span> <span class='ocrx_word' id='word_1_156' title='bbox 1675 2201 1768 2258; x_wconf 81' lang='lat' dir='ltr'><strong>pro</strong></span> <span class='ocrx_word' id='word_1_157' title='bbox 1808 2199 1918 2238; x_wconf 86' lang='lat' dir='ltr'><strong>out-</strong></span> 
     </span>
    </p>
   </div>
   <div class='ocr_carea' id='block_1_22' title="bbox 333 2282 1920 2357">
    <p class='ocr_par' dir='ltr' id='par_1_22' title="bbox 333 2282 1920 2357">
     <span class='ocr_line' id='line_1_22' title="bbox 333 2282 1920 2357; baseline -0.011 -11"><span class='ocrx_word' id='word_1_158' title='bbox 333 2291 481 2346; x_wconf 82' lang='lat' dir='ltr'><strong>uibus</strong></span> <span class='ocrx_word' id='word_1_159' title='bbox 506 2300 734 2345; x_wconf 86' lang='lat' dir='ltr'><strong>mortuus</strong></span> <span class='ocrx_word' id='word_1_160' title='bbox 760 2297 870 2353; x_wconf 78' lang='lat' dir='ltr'><strong>est;</strong></span> <span class='ocrx_word' id='word_1_161' title='bbox 893 2302 1010 2357; x_wconf 83' lang='lat' dir='ltr'><strong>ergo</strong></span> <span class='ocrx_word' id='word_1_162' title='bbox 1039 2300 1210 2338; x_wconf 83' lang='lat' dir='ltr'><strong>omnes</strong></span> <span class='ocrx_word' id='word_1_163' title='bbox 1229 2282 1416 2336; x_wconf 82' lang='lat' dir='ltr'><strong>mortui</strong></span> <span class='ocrx_word' id='word_1_164' title='bbox 1453 2289 1603 2345; x_wconf 81' lang='lat' dir='ltr'><strong>sunt;</strong></span> <span class='ocrx_word' id='word_1_165' title='bbox 1623 2287 1668 2332; x_wconf 85' lang='lat' dir='ltr'><strong>et</strong></span> <span class='ocrx_word' id='word_1_166' title='bbox 1697 2293 1790 2349; x_wconf 87' lang='lat' dir='ltr'><strong>pro</strong></span> <span class='ocrx_word' id='word_1_167' title='bbox 1810 2287 1920 2331; x_wconf 76' lang='lat' dir='ltr'><strong>am-</strong></span> 
     </span>
    </p>
   </div>
   <div class='ocr_carea' id='block_1_23' title="bbox 331 2364 1920 2449">
    <p class='ocr_par' dir='ltr' id='par_1_23' title="bbox 331 2364 1920 2449">
     <span class='ocr_line' id='line_1_23' title="bbox 331 2364 1920 2449; baseline -0.007 -14"><span class='ocrx_word' id='word_1_168' title='bbox 331 2380 478 2437; x_wconf 81' lang='lat' dir='ltr'><strong>nibus</strong></span> <span class='ocrx_word' id='word_1_169' title='bbox 499 2392 726 2435; x_wconf 86' lang='lat' dir='ltr'><strong>mortuus</strong></span> <span class='ocrx_word' id='word_1_170' title='bbox 744 2388 817 2433; x_wconf 81' lang='lat' dir='ltr'><strong>est</strong></span> <span class='ocrx_word' id='word_1_171' title='bbox 839 2377 903 2449; x_wconf 90' lang='lat' dir='ltr'><strong>(ll</strong></span> <span class='ocrx_word' id='word_1_172' title='bbox 930 2377 1049 2431; x_wconf 84' lang='lat' dir='ltr'><strong>Cor.</strong></span> <span class='ocrx_word' id='word_1_173' title='bbox 1074 2391 1126 2440; x_wconf 82' lang='grc' dir='ltr'><strong>ν,</strong></span> <span class='ocrx_word' id='word_1_174' title='bbox 1144 2366 1217 2444; x_wconf 59' lang='lat' dir='ltr'><strong>id;</strong></span> <span class='ocrx_word' id='word_1_175' title='bbox 1231 2383 1277 2428; x_wconf 89' lang='lat' dir='ltr'><strong>et</strong></span> <span class='ocrx_word' id='word_1_176' title='bbox 1295 2364 1407 2443; x_wconf 74' lang='lat'><strong>16).</strong></span> <span class='ocrx_word' id='word_1_177' title='bbox 1424 2368 1657 2436; x_wconf 87' lang='lat' dir='ltr'><strong>Juliane,</strong></span> <span class='ocrx_word' id='word_1_178' title='bbox 1680 2376 1785 2424; x_wconf 82' lang='lat' dir='ltr'><strong>nan</strong></span> <span class='ocrx_word' id='word_1_179' title='bbox 1817 2367 1920 2424; x_wconf 85' lang='lat' dir='ltr'><strong>hoc</strong></span> 
     </span>
    </p>
   </div>
   <div class='ocr_carea' id='block_1_24' title="bbox 333 2462 1918 2544">
    <p class='ocr_par' dir='ltr' id='par_1_24' title="bbox 333 2462 1918 2544">
     <span class='ocr_line' id='line_1_24' title="bbox 333 2462 1918 2544; baseline -0.011 -13"><span class='ocrx_word' id='word_1_180' title='bbox 333 2473 678 2544; x_wconf 77' lang='lat' dir='ltr'><strong>Augustinus,</strong></span> <span class='ocrx_word' id='word_1_181' title='bbox 709 2470 804 2526; x_wconf 90' lang='lat' dir='ltr'><strong>sed</strong></span> <span class='ocrx_word' id='word_1_182' title='bbox 826 2468 1114 2539; x_wconf 86' lang='lat' dir='ltr'><strong>Apostolus</strong></span> <span class='ocrx_word' id='word_1_183' title='bbox 1142 2466 1308 2530; x_wconf 85' lang='lat' dir='ltr'><strong>dixit;</strong></span> <span class='ocrx_word' id='word_1_184' title='bbox 1337 2464 1445 2518; x_wconf 92' lang='lat' dir='ltr'><strong>imo</strong></span> <span class='ocrx_word' id='word_1_185' title='bbox 1471 2462 1587 2532; x_wconf 89' lang='lat' dir='ltr'><strong>ipse</strong></span> <span class='ocrx_word' id='word_1_186' title='bbox 1634 2465 1732 2533; x_wconf 82' lang='lat' dir='ltr'><strong>per</strong></span> <span class='ocrx_word' id='word_1_187' title='bbox 1761 2474 1918 2516; x_wconf 88' lang='lat' dir='ltr'><strong>suum</strong></span> 
     </span>
    </p>
   </div>
   <div class='ocr_carea' id='block_1_25' title="bbox 331 2548 1918 2636">
    <p class='ocr_par' dir='ltr' id='par_1_25' title="bbox 331 2548 1918 2636">
     <span class='ocr_line' id='line_1_25' title="bbox 331 2548 1918 2636; baseline -0.009 -13"><span class='ocrx_word' id='word_1_188' title='bbox 331 2559 646 2636; x_wconf 78' lang='lat' dir='ltr'><strong>Apostolum</strong></span> <span class='ocrx_word' id='word_1_189' title='bbox 662 2562 904 2619; x_wconf 84' lang='lat' dir='ltr'><strong>Christus</strong></span> <span class='ocrx_word' id='word_1_190' title='bbox 925 2578 938 2613; x_wconf 89' lang='lat'><strong>:</strong></span> <span class='ocrx_word' id='word_1_191' title='bbox 957 2559 1151 2615; x_wconf 87' lang='lat' dir='ltr'><strong>cohibe</strong></span> <span class='ocrx_word' id='word_1_192' title='bbox 1169 2566 1221 2612; x_wconf 89' lang='lat' dir='ltr'><strong>te</strong></span> <span class='ocrx_word' id='word_1_193' title='bbox 1237 2572 1267 2611; x_wconf 87' lang='lat' dir='ltr'><strong>a</strong></span> <span class='ocrx_word' id='word_1_194' title='bbox 1287 2548 1615 2625; x_wconf 86' lang='lat' dir='ltr'><strong>vaniloquio,</strong></span> <span class='ocrx_word' id='word_1_195' title='bbox 1637 2552 1769 2609; x_wconf 85' lang='lat' dir='ltr'><strong>cede</strong></span> <span class='ocrx_word' id='word_1_196' title='bbox 1787 2553 1918 2609; x_wconf 79' lang='lat' dir='ltr'><strong>Deo.</strong></span> 
     </span>
    </p>
   </div>
   <div class='ocr_carea' id='block_1_26' title="bbox 402 2644 1919 2720">
    <p class='ocr_par' dir='ltr' id='par_1_26' title="bbox 402 2644 1919 2720">
     <span class='ocr_line' id='line_1_26' title="bbox 402 2644 1919 2720; baseline -0.011 -8"><span class='ocrx_word' id='word_1_197' title='bbox 402 2654 690 2712; x_wconf 75' lang='lat' dir='ltr'><strong>CXXXIV.</strong></span> <span class='ocrx_word' id='word_1_198' title='bbox 719 2653 839 2710; x_wconf 67' lang='lat' dir='ltr'><strong>Jun.</strong></span> <span class='ocrx_word' id='word_1_199' title='bbox 868 2655 1092 2709; x_wconf 88' lang='lat' dir='ltr'><strong>Constat</strong></span> <span class='ocrx_word' id='word_1_200' title='bbox 1116 2649 1205 2705; x_wconf 88' lang='lat' dir='ltr'><strong>hic</strong></span> <span class='ocrx_word' id='word_1_201' title='bbox 1246 2648 1406 2720; x_wconf 87' lang='lat' dir='ltr'><strong>igitur</strong></span> <span class='ocrx_word' id='word_1_202' title='bbox 1433 2646 1740 2717; x_wconf 73' lang='lat' dir='ltr'><strong>Magistrum</strong></span> <span class='ocrx_word' id='word_1_203' title='bbox 1772 2644 1919 2702; x_wconf 86' lang='lat' dir='ltr'><strong>Cen-</strong></span> 
     </span>
    </p>
   </div>
   <div class='ocr_carea' id='block_1_27' title="bbox 335 2734 1923 2812">
    <p class='ocr_par' dir='ltr' id='par_1_27' title="bbox 335 2734 1923 2812">
     <span class='ocr_line' id='line_1_27' title="bbox 335 2734 1923 2812; baseline -0.009 -8"><span class='ocrx_word' id='word_1_204' title='bbox 335 2750 464 2804; x_wconf 90' lang='lat' dir='ltr'><strong>tium</strong></span> <span class='ocrx_word' id='word_1_205' title='bbox 492 2764 598 2804; x_wconf 85' lang='lat' dir='ltr'><strong>non</strong></span> <span class='ocrx_word' id='word_1_206' title='bbox 621 2745 690 2802; x_wconf 89' lang='lat' dir='ltr'><strong>de</strong></span> <span class='ocrx_word' id='word_1_207' title='bbox 712 2744 1054 2802; x_wconf 90' lang='lat' dir='ltr'><strong>nascentibus</strong></span> <span class='ocrx_word' id='word_1_208' title='bbox 1077 2742 1380 2812; x_wconf 84' lang='lat' dir='ltr'><strong>disputasse</strong></span> <span class='ocrx_word' id='word_1_209' title='bbox 1401 2780 1416 2804; x_wconf 89' lang='lat'><strong>,</strong></span> <span class='ocrx_word' id='word_1_210' title='bbox 1448 2738 1544 2794; x_wconf 88' lang='lat' dir='ltr'><strong>sed</strong></span> <span class='ocrx_word' id='word_1_211' title='bbox 1597 2736 1665 2795; x_wconf 89' lang='lat' dir='ltr'><strong>de</strong></span> <span class='ocrx_word' id='word_1_212' title='bbox 1698 2734 1783 2792; x_wconf 90' lang='lat' dir='ltr'><strong>his</strong></span> <span class='ocrx_word' id='word_1_213' title='bbox 1829 2735 1923 2807; x_wconf 86' lang='lat' dir='ltr'><strong>qui</strong></span> 
     </span>
    </p>
   </div>
   <div class='ocr_carea' id='block_1_28' title="bbox 332 2832 1436 2911">
    <p class='ocr_par' dir='ltr' id='par_1_28' title="bbox 332 2832 1436 2911">
     <span class='ocr_line' id='line_1_28' title="bbox 332 2832 1436 2911; baseline -0.009 -18"><span class='ocrx_word' id='word_1_214' title='bbox 332 2832 443 2911; x_wconf 72' lang='lat' dir='ltr'><strong>jam</strong></span> <span class='ocrx_word' id='word_1_215' title='bbox 466 2848 611 2895; x_wconf 90' lang='lat' dir='ltr'><strong>motu</strong></span> <span class='ocrx_word' id='word_1_216' title='bbox 640 2836 866 2908; x_wconf 82' lang='lat' dir='ltr'><strong>propria:</strong></span> <span class='ocrx_word' id='word_1_217' title='bbox 885 2832 1175 2889; x_wconf 79' lang='lat' dir='ltr'><strong>voluntatis</strong></span> <span class='ocrx_word' id='word_1_218' title='bbox 1196 2839 1436 2885; x_wconf 90' lang='lat' dir='ltr'><strong>utuntur.</strong></span> 
     </span>
    </p>
   </div>
   <div class='ocr_carea' id='block_1_29' title="bbox 405 2917 1923 2997">
    <p class='ocr_par' dir='ltr' id='par_1_29' title="bbox 405 2917 1923 2997">
     <span class='ocr_line' id='line_1_29' title="bbox 405 2917 1923 2997; baseline -0.01 -11"><span class='ocrx_word' id='word_1_219' title='bbox 405 2932 541 2985; x_wconf 79' lang='lat' dir='ltr'><strong>Aea.</strong></span> <span class='ocrx_word' id='word_1_220' title='bbox 568 2927 761 2997; x_wconf 82' lang='lat' dir='ltr'><strong>Digere</strong></span> <span class='ocrx_word' id='word_1_221' title='bbox 785 2923 1057 2995; x_wconf 81' lang='lat' dir='ltr'><strong>crapulam</strong></span> <span class='ocrx_word' id='word_1_222' title='bbox 1072 2920 1451 2986; x_wconf 86' lang='lat' dir='ltr'><strong>contentionis,</strong></span> <span class='ocrx_word' id='word_1_223' title='bbox 1498 2926 1553 2974; x_wconf 88' lang='lat' dir='ltr'><strong>et</strong></span> <span class='ocrx_word' id='word_1_224' title='bbox 1579 2917 1923 2989; x_wconf 77' lang='lat' dir='ltr'><strong>expergisce-</strong></span> 
     </span>
    </p>
   </div>
   <div class='ocr_carea' id='block_1_30' title="bbox 336 3001 1926 3087">
    <p class='ocr_par' dir='ltr' id='par_1_30' title="bbox 336 3001 1926 3087">
     <span class='ocr_line' id='line_1_30' title="bbox 336 3001 1926 3087; baseline -0.009 -11"><span class='ocrx_word' id='word_1_225' title='bbox 336 3036 418 3087; x_wconf 90' lang='lat' dir='ltr'><strong>re,</strong></span> <span class='ocrx_word' id='word_1_226' title='bbox 444 3029 498 3074; x_wconf 90' lang='lat' dir='ltr'><strong>et</strong></span> <span class='ocrx_word' id='word_1_227' title='bbox 520 3017 755 3086; x_wconf 81' lang='lat' dir='ltr'><strong>intellige</strong></span> <span class='ocrx_word' id='word_1_228' title='bbox 774 3014 1048 3078; x_wconf 89' lang='lat' dir='ltr'><strong>delictum,</strong></span> <span class='ocrx_word' id='word_1_229' title='bbox 1078 3020 1131 3067; x_wconf 93' lang='lat' dir='ltr'><strong>et</strong></span> <span class='ocrx_word' id='word_1_230' title='bbox 1157 3011 1334 3078; x_wconf 90' lang='lat' dir='ltr'><strong>unius,</strong></span> <span class='ocrx_word' id='word_1_231' title='bbox 1363 3019 1417 3064; x_wconf 91' lang='lat' dir='ltr'><strong>et</strong></span> <span class='ocrx_word' id='word_1_232' title='bbox 1455 3014 1617 3063; x_wconf 88' lang='lat' dir='ltr'><strong>unum</strong></span> <span class='ocrx_word' id='word_1_233' title='bbox 1636 3049 1653 3074; x_wconf 95' lang='lat'><strong>,</strong></span> <span class='ocrx_word' id='word_1_234' title='bbox 1702 3001 1773 3063; x_wconf 87' lang='lat' dir='ltr'><strong>de</strong></span> <span class='ocrx_word' id='word_1_235' title='bbox 1818 3020 1926 3078; x_wconf 89' lang='lat' dir='ltr'><strong>quo</strong></span> 
     </span>
    </p>
   </div>
   <div class='ocr_carea' id='block_1_31' title="bbox 337 3096 1927 3173">
    <p class='ocr_par' dir='ltr' id='par_1_31' title="bbox 337 3096 1927 3173">
     <span class='ocr_line' id='line_1_31' title="bbox 337 3096 1927 3173; baseline -0.008 -8"><span class='ocrx_word' id='word_1_236' title='bbox 337 3111 536 3166; x_wconf 79' lang='lat' dir='ltr'><strong>dictum</strong></span> <span class='ocrx_word' id='word_1_237' title='bbox 559 3115 662 3173; x_wconf 91' lang='lat' dir='ltr'><strong>est,</strong></span> <span class='ocrx_word' id='word_1_238' title='bbox 709 3101 773 3162; x_wconf 90' lang='lat' dir='ltr'><strong>Si</strong></span> <span class='ocrx_word' id='word_1_239' title='bbox 813 3105 949 3160; x_wconf 85' lang='lat' dir='ltr'><strong>enim</strong></span> <span class='ocrx_word' id='word_1_240' title='bbox 972 3099 1033 3159; x_wconf 88' lang='lat' dir='ltr'><strong>ob</strong></span> <span class='ocrx_word' id='word_1_241' title='bbox 1063 3104 1214 3157; x_wconf 85' lang='lat' dir='ltr'><strong>unius</strong></span> <span class='ocrx_word' id='word_1_242' title='bbox 1260 3100 1501 3155; x_wconf 84' lang='lat' dir='ltr'><strong>delictum</strong></span> <span class='ocrx_word' id='word_1_243' title='bbox 1540 3097 1689 3153; x_wconf 84' lang='lat' dir='ltr'><strong>multi</strong></span> <span class='ocrx_word' id='word_1_244' title='bbox 1738 3096 1927 3152; x_wconf 76' lang='lat' dir='ltr'><strong>mortui</strong></span> 
     </span>
    </p>
   </div>
   <div class='ocr_carea' id='block_1_32' title="bbox 333 3188 1923 3276">
    <p class='ocr_par' dir='ltr' id='par_1_32' title="bbox 333 3188 1923 3276">
     <span class='ocr_line' id='line_1_32' title="bbox 333 3188 1923 3276; baseline -0.01 -18"><span class='ocrx_word' id='word_1_245' title='bbox 333 3211 450 3258; x_wconf 82' lang='lat' dir='ltr'><strong>sunt</strong></span> <span class='ocrx_word' id='word_1_246' title='bbox 477 3200 654 3276; x_wconf 84' lang='lat' dir='ltr'><strong>(Rom.</strong></span> <span class='ocrx_word' id='word_1_247' title='bbox 686 3190 852 3268; x_wconf 70' lang='lat' dir='ltr'><strong>v,15)</strong></span> <span class='ocrx_word' id='word_1_248' title='bbox 877 3213 890 3250; x_wconf 90' lang='lat'><strong>:</strong></span> <span class='ocrx_word' id='word_1_249' title='bbox 920 3194 1072 3252; x_wconf 91' lang='lat' dir='ltr'><strong>multi</strong></span> <span class='ocrx_word' id='word_1_250' title='bbox 1102 3193 1297 3264; x_wconf 86' lang='lat' dir='ltr'><strong>quippe</strong></span> <span class='ocrx_word' id='word_1_251' title='bbox 1325 3191 1409 3246; x_wconf 90' lang='lat' dir='ltr'><strong>isti</strong></span> <span class='ocrx_word' id='word_1_252' title='bbox 1438 3188 1539 3260; x_wconf 90' lang='lat' dir='ltr'><strong>ipsi</strong></span> <span class='ocrx_word' id='word_1_253' title='bbox 1566 3197 1692 3244; x_wconf 90' lang='lat' dir='ltr'><strong>sunt</strong></span> <span class='ocrx_word' id='word_1_254' title='bbox 1711 3202 1923 3254; x_wconf 90' lang='lat' dir='ltr'><strong>omnes,</strong></span> 
     </span>
    </p>
   </div>
   <div class='ocr_carea' id='block_1_33' title="bbox 334 3279 1927 3363">
    <p class='ocr_par' dir='ltr' id='par_1_33' title="bbox 334 3279 1927 3363">
     <span class='ocr_line' id='line_1_33' title="bbox 334 3279 1927 3363; baseline -0.01 -15"><span class='ocrx_word' id='word_1_255' title='bbox 334 3286 402 3350; x_wconf 88' lang='lat' dir='ltr'><strong>de</strong></span> <span class='ocrx_word' id='word_1_256' title='bbox 427 3292 618 3363; x_wconf 87' lang='lat' dir='ltr'><strong>quibus</strong></span> <span class='ocrx_word' id='word_1_257' title='bbox 642 3288 747 3345; x_wconf 90' lang='lat' dir='ltr'><strong>alio</strong></span> <span class='ocrx_word' id='word_1_258' title='bbox 766 3288 886 3342; x_wconf 90' lang='lat' dir='ltr'><strong>loco</strong></span> <span class='ocrx_word' id='word_1_259' title='bbox 915 3285 1066 3352; x_wconf 86' lang='lat' dir='ltr'><strong>dicit,</strong></span> <span class='ocrx_word' id='word_1_260' title='bbox 1101 3283 1249 3339; x_wconf 86' lang='lat' dir='ltr'><strong>Sicut</strong></span> <span class='ocrx_word' id='word_1_261' title='bbox 1296 3281 1350 3335; x_wconf 87' lang='lat' dir='ltr'><strong>in</strong></span> <span class='ocrx_word' id='word_1_262' title='bbox 1399 3279 1567 3335; x_wconf 78' lang='lat' dir='ltr'><strong>Adam</strong></span> <span class='ocrx_word' id='word_1_263' title='bbox 1607 3292 1778 3333; x_wconf 82' lang='lat' dir='ltr'><strong>omnes</strong></span> <span class='ocrx_word' id='word_1_264' title='bbox 1817 3294 1927 3333; x_wconf 87' lang='lat' dir='ltr'><strong>mo-</strong></span> 
     </span>
    </p>
   </div>
   <div class='ocr_carea' id='block_1_34' title="bbox 335 3368 1926 3453">
    <p class='ocr_par' dir='ltr' id='par_1_34' title="bbox 335 3368 1926 3453">
     <span class='ocr_line' id='line_1_34' title="bbox 335 3368 1926 3453; baseline -0.01 -13"><span class='ocrx_word' id='word_1_265' title='bbox 335 3387 536 3440; x_wconf 83' lang='lat' dir='ltr'><strong>riuntur</strong></span> <span class='ocrx_word' id='word_1_266' title='bbox 560 3382 601 3453; x_wconf 91' lang='grc' dir='ltr'><strong>(Ι</strong></span> <span class='ocrx_word' id='word_1_267' title='bbox 621 3380 739 3437; x_wconf 91' lang='lat' dir='ltr'><strong>Cor.</strong></span> <span class='ocrx_word' id='word_1_268' title='bbox 770 3395 860 3445; x_wconf 78' lang='lat' dir='ltr'><strong>xv,</strong></span> <span class='ocrx_word' id='word_1_269' title='bbox 886 3377 1012 3447; x_wconf 70' lang='lat'><strong>22):</strong></span> <span class='ocrx_word' id='word_1_270' title='bbox 1036 3386 1091 3432; x_wconf 90' lang='lat' dir='ltr'><strong>et</strong></span> <span class='ocrx_word' id='word_1_271' title='bbox 1115 3374 1185 3430; x_wconf 93' lang='lat' dir='ltr'><strong>ibi</strong></span> <span class='ocrx_word' id='word_1_272' title='bbox 1212 3373 1414 3429; x_wconf 77' lang='lat' dir='ltr'><strong>videbis</strong></span> <span class='ocrx_word' id='word_1_273' title='bbox 1432 3379 1488 3428; x_wconf 87' lang='lat' dir='ltr'><strong>et</strong></span> <span class='ocrx_word' id='word_1_274' title='bbox 1512 3370 1781 3442; x_wconf 85' lang='lat' dir='ltr'><strong>parvulos,</strong></span> <span class='ocrx_word' id='word_1_275' title='bbox 1803 3368 1926 3441; x_wconf 86' lang='lat' dir='ltr'><strong>quia</strong></span> 
     </span>
    </p>
   </div>
   <div class='ocr_carea' id='block_1_35' title="bbox 337 3461 1924 3546">
    <p class='ocr_par' dir='ltr' id='par_1_35' title="bbox 337 3461 1924 3546">
     <span class='ocr_line' id='line_1_35' title="bbox 337 3461 1924 3546; baseline -0.01 -14"><span class='ocrx_word' id='word_1_276' title='bbox 337 3486 391 3532; x_wconf 90' lang='lat' dir='ltr'><strong>et</strong></span> <span class='ocrx_word' id='word_1_277' title='bbox 419 3491 513 3546; x_wconf 92' lang='lat' dir='ltr'><strong>pro</strong></span> <span class='ocrx_word' id='word_1_278' title='bbox 530 3474 658 3544; x_wconf 89' lang='lat' dir='ltr'><strong>ipsis</strong></span> <span class='ocrx_word' id='word_1_279' title='bbox 682 3473 864 3536; x_wconf 78' lang='lat' dir='ltr'><strong>etiam,</strong></span> <span class='ocrx_word' id='word_1_280' title='bbox 885 3478 936 3525; x_wconf 88' lang='lat' dir='ltr'><strong>te</strong></span> <span class='ocrx_word' id='word_1_281' title='bbox 954 3466 1263 3530; x_wconf 73' lang='lat' dir='ltr'><strong>confitente,</strong></span> <span class='ocrx_word' id='word_1_282' title='bbox 1283 3471 1527 3520; x_wconf 89' lang='lat' dir='ltr'><strong>mortuus</strong></span> <span class='ocrx_word' id='word_1_283' title='bbox 1543 3461 1885 3518; x_wconf 83' lang='lat' dir='ltr'><strong>estChristus</strong></span> <span class='ocrx_word' id='word_1_284' title='bbox 1910 3478 1924 3516; x_wconf 93' lang='lat'><strong>:</strong></span> 
     </span>
    </p>
   </div>
   <div class='ocr_carea' id='block_1_36' title="bbox 339 3550 1929 3636">
    <p class='ocr_par' dir='ltr' id='par_1_36' title="bbox 339 3550 1929 3636">
     <span class='ocr_line' id='line_1_36' title="bbox 339 3550 1929 3636; baseline -0.01 -16"><span class='ocrx_word' id='word_1_285' title='bbox 339 3568 520 3636; x_wconf 88' lang='lat' dir='ltr'><strong>utique</strong></span> <span class='ocrx_word' id='word_1_286' title='bbox 549 3580 670 3619; x_wconf 90' lang='lat' dir='ltr'><strong>eum</strong></span> <span class='ocrx_word' id='word_1_287' title='bbox 700 3562 928 3618; x_wconf 78' lang='lat' dir='ltr'><strong>dixisset</strong></span> <span class='ocrx_word' id='word_1_288' title='bbox 962 3552 1251 3629; x_wconf 81' lang='lat' dir='ltr'><strong>Apostolus</strong></span> <span class='ocrx_word' id='word_1_289' title='bbox 1273 3595 1289 3620; x_wconf 88' lang='lat'><strong>,</strong></span> <span class='ocrx_word' id='word_1_290' title='bbox 1320 3555 1443 3626; x_wconf 89' lang='lat' dir='ltr'><strong>quia</strong></span> <span class='ocrx_word' id='word_1_291' title='bbox 1469 3560 1601 3608; x_wconf 83' lang='lat' dir='ltr'><strong>unus</strong></span> <span class='ocrx_word' id='word_1_292' title='bbox 1631 3567 1723 3624; x_wconf 87' lang='lat' dir='ltr'><strong>pro</strong></span> <span class='ocrx_word' id='word_1_293' title='bbox 1764 3550 1929 3606; x_wconf 82' lang='lat' dir='ltr'><strong>omni-</strong></span> 
     </span>
    </p>
   </div>
   <div class='ocr_carea' id='block_1_37' title="bbox 339 3643 1925 3719">
    <p class='ocr_par' dir='ltr' id='par_1_37' title="bbox 339 3643 1925 3719">
     <span class='ocr_line' id='line_1_37' title="bbox 339 3643 1925 3719; baseline -0.01 -6"><span class='ocrx_word' id='word_1_294' title='bbox 339 3650 433 3714; x_wconf 69' lang='lat' dir='ltr'><strong>bus</strong></span> <span class='ocrx_word' id='word_1_295' title='bbox 454 3665 682 3712; x_wconf 86' lang='lat' dir='ltr'><strong>mortuus</strong></span> <span class='ocrx_word' id='word_1_296' title='bbox 707 3650 1083 3718; x_wconf 74' lang='lat' dir='ltr'><strong>est,°continuo</strong></span> <span class='ocrx_word' id='word_1_297' title='bbox 1108 3643 1234 3719; x_wconf 84' lang='lat' dir='ltr'><strong>quid</strong></span> <span class='ocrx_word' id='word_1_298' title='bbox 1258 3645 1560 3702; x_wconf 88' lang='lat' dir='ltr'><strong>necessario</strong></span> <span class='ocrx_word' id='word_1_299' title='bbox 1587 3651 1925 3715; x_wconf 87' lang='lat' dir='ltr'><strong>sequeretur,</strong></span> 
     </span>
    </p>
   </div>
   <div class='ocr_carea' id='block_1_38' title="bbox 339 3728 1929 3814">
    <p class='ocr_par' dir='ltr' id='par_1_38' title="bbox 339 3728 1929 3814">
     <span class='ocr_line' id='line_1_38' title="bbox 339 3728 1929 3814; baseline -0.008 -15"><span class='ocrx_word' id='word_1_300' title='bbox 339 3747 576 3804; x_wconf 79' lang='lat' dir='ltr'><strong>ostendit</strong></span> <span class='ocrx_word' id='word_1_301' title='bbox 596 3745 801 3809; x_wconf 89' lang='lat' dir='ltr'><strong>dicens,</strong></span> <span class='ocrx_word' id='word_1_302' title='bbox 829 3732 965 3814; x_wconf 81' lang='lat' dir='ltr'><strong>Ergo</strong></span> <span class='ocrx_word' id='word_1_303' title='bbox 982 3751 1152 3796; x_wconf 78' lang='lat' dir='ltr'><strong>omnes</strong></span> <span class='ocrx_word' id='word_1_304' title='bbox 1173 3737 1360 3792; x_wconf 75' lang='lat' dir='ltr'><strong>monui</strong></span> <span class='ocrx_word' id='word_1_305' title='bbox 1388 3745 1505 3791; x_wconf 85' lang='lat' dir='ltr'><strong>sunt</strong></span> <span class='ocrx_word' id='word_1_306' title='bbox 1525 3751 1545 3801; x_wconf 80' lang='lat'><strong>,°</strong></span> <span class='ocrx_word' id='word_1_307' title='bbox 1572 3744 1618 3790; x_wconf 87' lang='lat' dir='ltr'><strong>et</strong></span> <span class='ocrx_word' id='word_1_308' title='bbox 1644 3750 1738 3805; x_wconf 84' lang='lat' dir='ltr'><strong>pro</strong></span> <span class='ocrx_word' id='word_1_309' title='bbox 1757 3728 1929 3789; x_wconf 77' lang='lat' dir='ltr'><strong>omni-</strong></span> 
     </span>
    </p>
   </div>
   <div class='ocr_carea' id='block_1_39' title="bbox 338 3836 792 3893">
    <p class='ocr_par' dir='ltr' id='par_1_39' title="bbox 338 3836 792 3893">
     <span class='ocr_line' id='line_1_39' title="bbox 338 3836 792 3893; baseline -0.011 0"><span class='ocrx_word' id='word_1_310' title='bbox 338 3836 430 3893; x_wconf 81' lang='lat' dir='ltr'><strong>bus</strong></span> <span class='ocrx_word' id='word_1_311' title='bbox 452 3846 678 3890; x_wconf 86' lang='lat' dir='ltr'><strong>mortuus</strong></span> <span class='ocrx_word' id='word_1_312' title='bbox 698 3842 792 3889; x_wconf 75' lang='lat' dir='ltr'><strong>est.</strong></span> 
     </span>
    </p>
   </div>
   <div class='ocr_carea' id='block_1_40' title="bbox 345 3910 1926 3991">
    <p class='ocr_par' dir='ltr' id='par_1_40' title="bbox 345 3910 1926 3991">
     <span class='ocr_line' id='line_1_40' title="bbox 345 3910 1926 3991; baseline -0.009 -6"><span class='ocrx_word' id='word_1_313' title='bbox 345 3910 351 3916; x_wconf 47' lang='grc'><em>’</em></span> <span class='ocrx_word' id='word_1_314' title='bbox 412 3920 675 3985; x_wconf 72' lang='lat' dir='ltr'><strong>CXXXV.</strong></span> <span class='ocrx_word' id='word_1_315' title='bbox 705 3925 825 3982; x_wconf 66' lang='lat' dir='ltr'><strong>Jun.</strong></span> <span class='ocrx_word' id='word_1_316' title='bbox 865 3911 982 3979; x_wconf 67' lang='lat' dir='ltr'><strong>iam</strong></span> <span class='ocrx_word' id='word_1_317' title='bbox 1024 3935 1153 3975; x_wconf 88' lang='lat' dir='ltr'><strong>vero</strong></span> <span class='ocrx_word' id='word_1_318' title='bbox 1187 3917 1329 3991; x_wconf 87' lang='lat' dir='ltr'><strong>quod</strong></span> <span class='ocrx_word' id='word_1_319' title='bbox 1361 3916 1565 3973; x_wconf 85' lang='lat' dir='ltr'><strong>addidit</strong></span> <span class='ocrx_word' id='word_1_320' title='bbox 1599 3910 1926 3988; x_wconf 84' lang='lat' dir='ltr'><strong>Apostolus,</strong></span> 
     </span>
    </p>
   </div>
   <div class='ocr_carea' id='block_1_41' title="bbox 341 4007 1930 4092">
    <p class='ocr_par' dir='ltr' id='par_1_41' title="bbox 341 4007 1930 4092">
     <span class='ocr_line' id='line_1_41' title="bbox 341 4007 1930 4092; baseline -0.012 -13"><span class='ocrx_word' id='word_1_321' title='bbox 341 4022 487 4079; x_wconf 85' lang='lat' dir='ltr'><strong>Sicut</strong></span> <span class='ocrx_word' id='word_1_322' title='bbox 511 4036 601 4092; x_wconf 84' lang='lat' dir='ltr'><strong>per</strong></span> <span class='ocrx_word' id='word_1_323' title='bbox 629 4019 776 4072; x_wconf 87' lang='lat' dir='ltr'><strong>unius</strong></span> <span class='ocrx_word' id='word_1_324' title='bbox 796 4015 1030 4070; x_wconf 83' lang='lat' dir='ltr'><strong>delictum</strong></span> <span class='ocrx_word' id='word_1_325' title='bbox 1052 4013 1105 4087; x_wconf 84' lang='lat' dir='ltr'><strong>in</strong></span> <span class='ocrx_word' id='word_1_326' title='bbox 1130 4027 1303 4066; x_wconf 85' lang='lat' dir='ltr'><strong>omnes</strong></span> <span class='ocrx_word' id='word_1_327' title='bbox 1329 4009 1398 4062; x_wconf 86' lang='lat' dir='ltr'><strong>ad</strong></span> <span class='ocrx_word' id='word_1_328' title='bbox 1422 4007 1930 4073; x_wconf 78' lang='lat' dir='ltr'><strong>condemnationem;</strong></span> 
     </span>
    </p>
   </div>
   <div class='ocr_carea' id='block_1_42' title="bbox 339 4094 1931 4182">
    <p class='ocr_par' dir='ltr' id='par_1_42' title="bbox 339 4094 1931 4182">
     <span class='ocr_line' id='line_1_42' title="bbox 339 4094 1931 4182; baseline -0.011 -15"><span class='ocrx_word' id='word_1_329' title='bbox 339 4113 413 4167; x_wconf 88' lang='lat' dir='ltr'><strong>ita</strong></span> <span class='ocrx_word' id='word_1_330' title='bbox 442 4122 488 4165; x_wconf 87' lang='lat' dir='ltr'><strong>et</strong></span> <span class='ocrx_word' id='word_1_331' title='bbox 514 4126 605 4182; x_wconf 84' lang='lat' dir='ltr'><strong>per</strong></span> <span class='ocrx_word' id='word_1_332' title='bbox 640 4108 790 4162; x_wconf 86' lang='lat' dir='ltr'><strong>unius</strong></span> <span class='ocrx_word' id='word_1_333' title='bbox 825 4104 1075 4173; x_wconf 81' lang='lat' dir='ltr'><strong>iustitiam</strong></span> <span class='ocrx_word' id='word_1_334' title='bbox 1115 4102 1169 4157; x_wconf 83' lang='lat' dir='ltr'><strong>in</strong></span> <span class='ocrx_word' id='word_1_335' title='bbox 1197 4116 1370 4156; x_wconf 84' lang='lat' dir='ltr'><strong>omnes</strong></span> <span class='ocrx_word' id='word_1_336' title='bbox 1390 4099 1618 4153; x_wconf 78' lang='lat' dir='ltr'><strong>homines</strong></span> <span class='ocrx_word' id='word_1_337' title='bbox 1646 4097 1714 4151; x_wconf 84' lang='lat' dir='ltr'><strong>ad</strong></span> <span class='ocrx_word' id='word_1_338' title='bbox 1733 4094 1931 4169; x_wconf 83' lang='lat' dir='ltr'><strong>justiﬁ-</strong></span> 
     </span>
    </p>
   </div>
   <div class='ocr_carea' id='block_1_43' title="bbox 340 4181 1929 4270">
    <p class='ocr_par' dir='ltr' id='par_1_43' title="bbox 340 4181 1929 4270">
     <span class='ocr_line' id='line_1_43' title="bbox 340 4181 1929 4270; baseline -0.01 -13"><span class='ocrx_word' id='word_1_339' title='bbox 340 4181 586 4257; x_wconf 77' lang='lat' dir='ltr'><strong>catiouem</strong></span> <span class='ocrx_word' id='word_1_340' title='bbox 616 4187 794 4270; x_wconf 78' lang='lat' dir='ltr'><strong>(Rom.</strong></span> <span class='ocrx_word' id='word_1_341' title='bbox 824 4212 876 4263; x_wconf 79' lang='grc' dir='ltr'><strong>ν,</strong></span> <span class='ocrx_word' id='word_1_342' title='bbox 916 4184 1028 4265; x_wconf 71' lang='lat'><strong>{8),</strong></span> <span class='ocrx_word' id='word_1_343' title='bbox 1062 4201 1266 4248; x_wconf 90' lang='lat' dir='ltr'><strong>tantum</strong></span> <span class='ocrx_word' id='word_1_344' title='bbox 1312 4190 1432 4260; x_wconf 90' lang='lat' dir='ltr'><strong>opis</strong></span> <span class='ocrx_word' id='word_1_345' title='bbox 1475 4186 1713 4259; x_wconf 86' lang='lat' dir='ltr'><strong>impertit</strong></span> <span class='ocrx_word' id='word_1_346' title='bbox 1751 4181 1929 4254; x_wconf 89' lang='lat' dir='ltr'><strong>nobis,</strong></span> 
     </span>
    </p>
   </div>
   <div class='ocr_carea' id='block_1_44' title="bbox 338 4276 1935 4366">
    <p class='ocr_par' dir='ltr' id='par_1_44' title="bbox 338 4276 1935 4366">
     <span class='ocr_line' id='line_1_44' title="bbox 338 4276 1935 4366; baseline -0.011 -16"><span class='ocrx_word' id='word_1_347' title='bbox 338 4304 592 4366; x_wconf 86' lang='lat' dir='ltr'><strong>quantum</strong></span> <span class='ocrx_word' id='word_1_348' title='bbox 620 4292 674 4347; x_wconf 92' lang='lat' dir='ltr'><strong>in</strong></span> <span class='ocrx_word' id='word_1_349' title='bbox 694 4292 886 4361; x_wconf 88' lang='lat' dir='ltr'><strong>dogma</strong></span> <span class='ocrx_word' id='word_1_350' title='bbox 908 4296 1056 4343; x_wconf 90' lang='lat' dir='ltr'><strong>tuum</strong></span> <span class='ocrx_word' id='word_1_351' title='bbox 1074 4294 1251 4340; x_wconf 85' lang='lat' dir='ltr'><strong>movet</strong></span> <span class='ocrx_word' id='word_1_352' title='bbox 1278 4282 1520 4353; x_wconf 73' lang='lat' dir='ltr'><strong>fragoris.</strong></span> <span class='ocrx_word' id='word_1_353' title='bbox 1540 4276 1750 4336; x_wconf 88' lang='lat' dir='ltr'><strong>Ponens</strong></span> <span class='ocrx_word' id='word_1_354' title='bbox 1777 4279 1935 4350; x_wconf 87' lang='lat' dir='ltr'><strong>quip-</strong></span> 
     </span>
    </p>
   </div>
   <div class='ocr_carea' id='block_1_45' title="bbox 342 4373 1936 4456">
    <p class='ocr_par' dir='ltr' id='par_1_45' title="bbox 342 4373 1936 4456">
     <span class='ocr_line' id='line_1_45' title="bbox 342 4373 1936 4456; baseline -0.009 -15"><span class='ocrx_word' id='word_1_355' title='bbox 342 4402 410 4456; x_wconf 87' lang='lat' dir='ltr'><strong>pe</strong></span> <span class='ocrx_word' id='word_1_356' title='bbox 436 4385 490 4440; x_wconf 91' lang='lat' dir='ltr'><strong>in</strong></span> <span class='ocrx_word' id='word_1_357' title='bbox 517 4383 797 4439; x_wconf 83' lang='lat' dir='ltr'><strong>contrariis</strong></span> <span class='ocrx_word' id='word_1_358' title='bbox 827 4379 1066 4451; x_wconf 89' lang='lat' dir='ltr'><strong>partibus</strong></span> <span class='ocrx_word' id='word_1_359' title='bbox 1081 4393 1273 4441; x_wconf 86' lang='lat' dir='ltr'><strong>omnes,</strong></span> <span class='ocrx_word' id='word_1_360' title='bbox 1299 4376 1493 4446; x_wconf 88' lang='lat' dir='ltr'><strong>quibus</strong></span> <span class='ocrx_word' id='word_1_361' title='bbox 1518 4373 1698 4429; x_wconf 85' lang='lat' dir='ltr'><strong>verbis</strong></span> <span class='ocrx_word' id='word_1_362' title='bbox 1714 4388 1820 4427; x_wconf 89' lang='lat' dir='ltr'><strong>non</strong></span> <span class='ocrx_word' id='word_1_363' title='bbox 1839 4385 1936 4442; x_wconf 90' lang='lat' dir='ltr'><strong>po-</strong></span> 
     </span>
    </p>
   </div>
   <div class='ocr_carea' id='block_1_46' title="bbox 343 4458 1931 4540">
    <p class='ocr_par' dir='ltr' id='par_1_46' title="bbox 343 4458 1931 4540">
     <span class='ocr_line' id='line_1_46' title="bbox 343 4458 1931 4540; baseline -0.008 -10"><span class='ocrx_word' id='word_1_364' title='bbox 343 4458 452 4530; x_wconf 77' lang='lat' dir='ltr'><strong>test</strong></span> <span class='ocrx_word' id='word_1_365' title='bbox 475 4474 578 4528; x_wconf 89' lang='lat' dir='ltr'><strong>ulla</strong></span> <span class='ocrx_word' id='word_1_366' title='bbox 597 4487 718 4529; x_wconf 89' lang='lat' dir='ltr'><strong>esse</strong></span> <span class='ocrx_word' id='word_1_367' title='bbox 743 4468 1074 4540; x_wconf 76' lang='lat' dir='ltr'><strong>coniunctio,</strong></span> <span class='ocrx_word' id='word_1_368' title='bbox 1098 4467 1166 4522; x_wconf 89' lang='lat' dir='ltr'><strong>ad</strong></span> <span class='ocrx_word' id='word_1_369' title='bbox 1192 4467 1585 4536; x_wconf 88' lang='lat' dir='ltr'><strong>Scripturarum</strong></span> <span class='ocrx_word' id='word_1_370' title='bbox 1612 4474 1713 4519; x_wconf 89' lang='lat' dir='ltr'><strong>nos</strong></span> <span class='ocrx_word' id='word_1_371' title='bbox 1728 4477 1931 4519; x_wconf 88' lang='lat' dir='ltr'><strong>morem</strong></span> 
     </span>
    </p>
   </div>
   <div class='ocr_carea' id='block_1_47' title="bbox 344 4552 1930 4629">
    <p class='ocr_par' dir='ltr' id='par_1_47' title="bbox 344 4552 1930 4629">
     <span class='ocr_line' id='line_1_47' title="bbox 344 4552 1930 4629; baseline -0.008 -9"><span class='ocrx_word' id='word_1_372' title='bbox 344 4563 589 4629; x_wconf 83' lang='lat' dir='ltr'><strong>remittit,</strong></span> <span class='ocrx_word' id='word_1_373' title='bbox 620 4568 673 4617; x_wconf 90' lang='lat' dir='ltr'><strong>ut</strong></span> <span class='ocrx_word' id='word_1_374' title='bbox 697 4560 1052 4629; x_wconf 88' lang='lat' dir='ltr'><strong>intelligamus</strong></span> <span class='ocrx_word' id='word_1_375' title='bbox 1079 4573 1251 4612; x_wconf 83' lang='lat' dir='ltr'><strong>omnes</strong></span> <span class='ocrx_word' id='word_1_376' title='bbox 1278 4555 1380 4610; x_wconf 90' lang='lat' dir='ltr'><strong>dici</strong></span> <span class='ocrx_word' id='word_1_377' title='bbox 1411 4555 1589 4610; x_wconf 87' lang='lat' dir='ltr'><strong>solere</strong></span> <span class='ocrx_word' id='word_1_378' title='bbox 1612 4570 1710 4625; x_wconf 90' lang='lat' dir='ltr'><strong>pro</strong></span> <span class='ocrx_word' id='word_1_379' title='bbox 1731 4552 1930 4609; x_wconf 90' lang='lat' dir='ltr'><strong>multis.</strong></span> 
     </span>
    </p>
   </div>
   <div class='ocr_carea' id='block_1_48' title="bbox 346 4642 1930 4722">
    <p class='ocr_par' dir='ltr' id='par_1_48' title="bbox 346 4642 1930 4722">
     <span class='ocr_line' id='line_1_48' title="bbox 346 4642 1930 4722; baseline -0.008 -12"><span class='ocrx_word' id='word_1_380' title='bbox 346 4642 478 4711; x_wconf 78' lang='lat' dir='ltr'><strong>Nam</strong></span> <span class='ocrx_word' id='word_1_381' title='bbox 506 4653 559 4708; x_wconf 89' lang='lat' dir='ltr'><strong>in</strong></span> <span class='ocrx_word' id='word_1_382' title='bbox 589 4653 702 4722; x_wconf 84' lang='lat' dir='ltr'><strong>ipsa</strong></span> <span class='ocrx_word' id='word_1_383' title='bbox 744 4650 922 4706; x_wconf 81' lang='lat' dir='ltr'><strong>fronte</strong></span> <span class='ocrx_word' id='word_1_384' title='bbox 959 4648 1245 4704; x_wconf 80' lang='lat' dir='ltr'><strong>verborum</strong></span> <span class='ocrx_word' id='word_1_385' title='bbox 1275 4659 1468 4717; x_wconf 88' lang='lat' dir='ltr'><strong>magna</strong></span> <span class='ocrx_word' id='word_1_386' title='bbox 1508 4642 1781 4700; x_wconf 89' lang='lat' dir='ltr'><strong>barbaries</strong></span> <span class='ocrx_word' id='word_1_387' title='bbox 1805 4652 1886 4701; x_wconf 88' lang='lat' dir='ltr'><strong>est</strong></span> <span class='ocrx_word' id='word_1_388' title='bbox 1915 4660 1930 4698; x_wconf 89' lang='lat'><strong>:</strong></span> 
     </span>
    </p>
   </div>
   <div class='ocr_carea' id='block_1_49' title="bbox 346 4732 1933 4815">
    <p class='ocr_par' dir='ltr' id='par_1_49' title="bbox 346 4732 1933 4815">
     <span class='ocr_line' id='line_1_49' title="bbox 346 4732 1933 4815; baseline -0.006 -16"><span class='ocrx_word' id='word_1_389' title='bbox 346 4744 435 4815; x_wconf 91' lang='lat' dir='ltr'><strong>qui</strong></span> <span class='ocrx_word' id='word_1_390' title='bbox 457 4743 604 4800; x_wconf 88' lang='lat' dir='ltr'><strong>enim</strong></span> <span class='ocrx_word' id='word_1_391' title='bbox 625 4754 815 4798; x_wconf 89' lang='lat' dir='ltr'><strong>omnes</strong></span> <span class='ocrx_word' id='word_1_392' title='bbox 857 4738 923 4793; x_wconf 87' lang='lat' dir='ltr'><strong>ad</strong></span> <span class='ocrx_word' id='word_1_393' title='bbox 950 4735 1383 4808; x_wconf 87' lang='lat' dir='ltr'><strong>justitieationem</strong></span> <span class='ocrx_word' id='word_1_394' title='bbox 1412 4734 1651 4800; x_wconf 86' lang='lat' dir='ltr'><strong>veniunt,</strong></span> <span class='ocrx_word' id='word_1_395' title='bbox 1674 4732 1722 4789; x_wconf 86' lang='lat' dir='ltr'><strong>si</strong></span> <span class='ocrx_word' id='word_1_396' title='bbox 1750 4742 1933 4804; x_wconf 81' lang='lat' dir='ltr'><strong>perre-</strong></span> 
     </span>
    </p>
   </div>
   <div class='ocr_carea' id='block_1_50' title="bbox 347 4824 1933 4897">
    <p class='ocr_par' dir='ltr' id='par_1_50' title="bbox 347 4824 1933 4897">
     <span class='ocr_line' id='line_1_50' title="bbox 347 4824 1933 4897; baseline -0.008 -3"><span class='ocrx_word' id='word_1_397' title='bbox 347 4837 525 4894; x_wconf 75' lang='lat' dir='ltr'><strong>xerint</strong></span> <span class='ocrx_word' id='word_1_398' title='bbox 544 4848 733 4890; x_wconf 91' lang='lat' dir='ltr'><strong>omnes</strong></span> <span class='ocrx_word' id='word_1_399' title='bbox 756 4830 825 4889; x_wconf 88' lang='lat' dir='ltr'><strong>ad</strong></span> <span class='ocrx_word' id='word_1_400' title='bbox 851 4824 1391 4886; x_wconf 79' lang='lat' dir='ltr'><strong>condemnationem?</strong></span> <span class='ocrx_word' id='word_1_401' title='bbox 1415 4834 1508 4881; x_wconf 91' lang='lat' dir='ltr'><strong>aut</strong></span> <span class='ocrx_word' id='word_1_402' title='bbox 1535 4826 1623 4897; x_wconf 91' lang='lat' dir='ltr'><strong>qui</strong></span> <span class='ocrx_word' id='word_1_403' title='bbox 1657 4841 1845 4881; x_wconf 90' lang='lat' dir='ltr'><strong>omnes</strong></span> <span class='ocrx_word' id='word_1_404' title='bbox 1865 4825 1933 4881; x_wconf 89' lang='lat' dir='ltr'><strong>ad</strong></span> 
     </span>
    </p>
   </div>
   <div class='ocr_carea' id='block_1_51' title="bbox 348 4915 1936 4998">
    <p class='ocr_par' dir='ltr' id='par_1_51' title="bbox 348 4915 1936 4998">
     <span class='ocr_line' id='line_1_51' title="bbox 348 4915 1936 4998; baseline -0.008 -15"><span class='ocrx_word' id='word_1_405' title='bbox 348 4942 583 4998; x_wconf 65' lang='lat' dir='ltr'><strong>pinnam,</strong></span> <span class='ocrx_word' id='word_1_406' title='bbox 611 4926 656 4979; x_wconf 90' lang='lat' dir='ltr'><strong>si</strong></span> <span class='ocrx_word' id='word_1_407' title='bbox 686 4936 873 4979; x_wconf 87' lang='lat' dir='ltr'><strong>omnes</strong></span> <span class='ocrx_word' id='word_1_408' title='bbox 897 4921 1178 4991; x_wconf 87' lang='lat' dir='ltr'><strong>rapiuntur</strong></span> <span class='ocrx_word' id='word_1_409' title='bbox 1217 4917 1284 4973; x_wconf 90' lang='lat' dir='ltr'><strong>ad</strong></span> <span class='ocrx_word' id='word_1_410' title='bbox 1312 4917 1577 4988; x_wconf 86' lang='lat' dir='ltr'><strong>gloriam?</strong></span> <span class='ocrx_word' id='word_1_411' title='bbox 1602 4915 1936 4974; x_wconf 87' lang='lat' dir='ltr'><strong>Generalitas</strong></span> 
     </span>
    </p>
   </div>
   <div class='ocr_carea' id='block_1_52' title="bbox 350 5008 1471 5090">
    <p class='ocr_par' dir='ltr' id='par_1_52' title="bbox 350 5008 1471 5090">
     <span class='ocr_line' id='line_1_52' title="bbox 350 5008 1471 5090; baseline -0.012 -13"><span class='ocrx_word' id='word_1_412' title='bbox 350 5022 505 5077; x_wconf 89' lang='lat' dir='ltr'><strong>unius</strong></span> <span class='ocrx_word' id='word_1_413' title='bbox 531 5018 733 5090; x_wconf 87' lang='lat' dir='ltr'><strong>partis,</strong></span> <span class='ocrx_word' id='word_1_414' title='bbox 762 5017 935 5071; x_wconf 88' lang='lat' dir='ltr'><strong>locum</strong></span> <span class='ocrx_word' id='word_1_415' title='bbox 965 5011 1205 5069; x_wconf 78' lang='lat' dir='ltr'><strong>excludit</strong></span> <span class='ocrx_word' id='word_1_416' title='bbox 1231 5008 1471 5066; x_wconf 86' lang='lat' dir='ltr'><strong>alterius.</strong></span> 
     </span>
    </p>
   </div>
   <div class='ocr_carea' id='block_1_53' title="bbox 422 5101 1935 5182">
    <p class='ocr_par' dir='ltr' id='par_1_53' title="bbox 422 5101 1935 5182">
     <span class='ocr_line' id='line_1_53' title="bbox 422 5101 1935 5182; baseline -0.01 -13"><span class='ocrx_word' id='word_1_417' title='bbox 422 5116 558 5169; x_wconf 85' lang='lat' dir='ltr'><strong>Aue.</strong></span> <span class='ocrx_word' id='word_1_418' title='bbox 599 5112 740 5182; x_wconf 87' lang='lat' dir='ltr'><strong>Ergo</strong></span> <span class='ocrx_word' id='word_1_419' title='bbox 765 5118 820 5164; x_wconf 91' lang='lat' dir='ltr'><strong>et</strong></span> <span class='ocrx_word' id='word_1_420' title='bbox 842 5108 931 5163; x_wconf 91' lang='lat' dir='ltr'><strong>ubi</strong></span> <span class='ocrx_word' id='word_1_421' title='bbox 970 5105 1170 5162; x_wconf 88' lang='lat' dir='ltr'><strong>dictum</strong></span> <span class='ocrx_word' id='word_1_422' title='bbox 1200 5113 1303 5169; x_wconf 89' lang='lat' dir='ltr'><strong>est,</strong></span> <span class='ocrx_word' id='word_1_423' title='bbox 1331 5101 1400 5157; x_wconf 84' lang='lat' dir='ltr'><strong>In</strong></span> <span class='ocrx_word' id='word_1_424' title='bbox 1432 5118 1534 5173; x_wconf 86' lang='lat' dir='ltr'><strong>qua</strong></span> <span class='ocrx_word' id='word_1_425' title='bbox 1557 5115 1729 5156; x_wconf 84' lang='lat' dir='ltr'><strong>omnes</strong></span> <span class='ocrx_word' id='word_1_426' title='bbox 1757 5115 1935 5172; x_wconf 79' lang='lat' dir='ltr'><strong>pecca-</strong></span> 
     </span>
    </p>
   </div>
   <div class='ocr_carea' id='block_1_54' title="bbox 352 5192 1938 5274">
    <p class='ocr_par' dir='ltr' id='par_1_54' title="bbox 352 5192 1938 5274">
     <span class='ocr_line' id='line_1_54' title="bbox 352 5192 1938 5274; baseline -0.008 -14"><span class='ocrx_word' id='word_1_427' title='bbox 352 5213 523 5260; x_wconf 76' lang='lat' dir='ltr'><strong>serunt</strong></span> <span class='ocrx_word' id='word_1_428' title='bbox 549 5196 730 5274; x_wconf 81' lang='lat' dir='ltr'><strong>(lbid.,</strong></span> <span class='ocrx_word' id='word_1_429' title='bbox 754 5192 867 5271; x_wconf 71' lang='lat'><strong>{2),</strong></span> <span class='ocrx_word' id='word_1_430' title='bbox 889 5196 1041 5255; x_wconf 88' lang='lat' dir='ltr'><strong>multi</strong></span> <span class='ocrx_word' id='word_1_431' title='bbox 1061 5204 1186 5251; x_wconf 89' lang='lat' dir='ltr'><strong>sunt</strong></span> <span class='ocrx_word' id='word_1_432' title='bbox 1209 5193 1560 5264; x_wconf 75' lang='lat' dir='ltr'><strong>intelligendi,</strong></span> <span class='ocrx_word' id='word_1_433' title='bbox 1584 5207 1690 5247; x_wconf 91' lang='lat' dir='ltr'><strong>non</strong></span> <span class='ocrx_word' id='word_1_434' title='bbox 1715 5206 1938 5261; x_wconf 30' lang='lat' dir='ltr'><strong>omnes“:</strong></span> 
     </span>
    </p>
   </div>
   <div class='ocr_carea' id='block_1_55' title="bbox 358 5287 1940 5367">
    <p class='ocr_par' dir='ltr' id='par_1_55' title="bbox 358 5287 1940 5367">
     <span class='ocr_line' id='line_1_55' title="bbox 358 5287 1940 5367; baseline -0.007 -17"><span class='ocrx_word' id='word_1_435' title='bbox 358 5294 494 5367; x_wconf 84' lang='lat' dir='ltr'><strong>quod</strong></span> <span class='ocrx_word' id='word_1_436' title='bbox 514 5294 558 5349; x_wconf 90' lang='lat' dir='ltr'><strong>si</strong></span> <span class='ocrx_word' id='word_1_437' title='bbox 592 5293 663 5348; x_wconf 88' lang='lat' dir='ltr'><strong>ita</strong></span> <span class='ocrx_word' id='word_1_438' title='bbox 685 5299 788 5355; x_wconf 89' lang='lat' dir='ltr'><strong>est,</strong></span> <span class='ocrx_word' id='word_1_439' title='bbox 814 5289 1024 5360; x_wconf 83' lang='lat' dir='ltr'><strong>cogeris</strong></span> <span class='ocrx_word' id='word_1_440' title='bbox 1049 5287 1252 5352; x_wconf 88' lang='lat' dir='ltr'><strong>dicere,</strong></span> <span class='ocrx_word' id='word_1_441' title='bbox 1281 5297 1389 5341; x_wconf 89' lang='lat' dir='ltr'><strong>non</strong></span> <span class='ocrx_word' id='word_1_442' title='bbox 1419 5298 1607 5340; x_wconf 87' lang='lat' dir='ltr'><strong>omnes</strong></span> <span class='ocrx_word' id='word_1_443' title='bbox 1632 5292 1940 5354; x_wconf 86' lang='lat' dir='ltr'><strong>peccatores</strong></span> 
     </span>
    </p>
   </div>
   <div class='ocr_carea' id='block_1_56' title="bbox 351 5369 1940 5446">
    <p class='ocr_par' dir='ltr' id='par_1_56' title="bbox 351 5369 1940 5446">
     <span class='ocr_line' id='line_1_56' title="bbox 351 5369 1940 5446; baseline -0.008 -6"><span class='ocrx_word' id='word_1_444' title='bbox 351 5384 511 5440; x_wconf 91' lang='lat' dir='ltr'><strong>unius</strong></span> <span class='ocrx_word' id='word_1_445' title='bbox 540 5382 682 5438; x_wconf 86' lang='lat' dir='ltr'><strong>illius</strong></span> <span class='ocrx_word' id='word_1_446' title='bbox 709 5372 943 5436; x_wconf 85' lang='lat' dir='ltr'><strong>hominis</strong></span> <span class='ocrx_word' id='word_1_447' title='bbox 979 5377 1272 5433; x_wconf 84' lang='lat' dir='ltr'><strong>imitatione</strong></span> <span class='ocrx_word' id='word_1_448' title='bbox 1304 5385 1577 5446; x_wconf 81' lang='lat' dir='ltr'><strong>peccasse,</strong></span> <span class='ocrx_word' id='word_1_449' title='bbox 1604 5375 1700 5430; x_wconf 88' lang='lat' dir='ltr'><strong>sed</strong></span> <span class='ocrx_word' id='word_1_450' title='bbox 1726 5369 1940 5429; x_wconf 77' lang='lat' dir='ltr'><strong>multos.</strong></span> 
     </span>
    </p>
   </div>
   <div class='ocr_carea' id='block_1_57' title="bbox 353 5464 1945 5545">
    <p class='ocr_par' dir='ltr' id='par_1_57' title="bbox 353 5464 1945 5545">
     <span class='ocr_line' id='line_1_57' title="bbox 353 5464 1945 5545; baseline -0.006 -16"><span class='ocrx_word' id='word_1_451' title='bbox 353 5473 501 5545; x_wconf 87' lang='lat' dir='ltr'><strong>Quod</strong></span> <span class='ocrx_word' id='word_1_452' title='bbox 531 5472 576 5527; x_wconf 88' lang='lat' dir='ltr'><strong>si</strong></span> <span class='ocrx_word' id='word_1_453' title='bbox 626 5469 848 5534; x_wconf 71' lang='lat' dir='ltr'><strong>dixeris,</strong></span> <span class='ocrx_word' id='word_1_454' title='bbox 899 5467 1025 5531; x_wconf 79' lang='lat' dir='ltr'><strong>ideo</strong></span> <span class='ocrx_word' id='word_1_455' title='bbox 1064 5482 1170 5522; x_wconf 93' lang='lat' dir='ltr'><strong>non</strong></span> <span class='ocrx_word' id='word_1_456' title='bbox 1213 5478 1424 5532; x_wconf 89' lang='lat' dir='ltr'><strong>omnes,</strong></span> <span class='ocrx_word' id='word_1_457' title='bbox 1465 5464 1560 5521; x_wconf 87' lang='lat' dir='ltr'><strong>sed</strong></span> <span class='ocrx_word' id='word_1_458' title='bbox 1592 5465 1791 5519; x_wconf 88' lang='lat' dir='ltr'><strong>multos</strong></span> <span class='ocrx_word' id='word_1_459' title='bbox 1825 5464 1945 5535; x_wconf 83' lang='lat' dir='ltr'><strong>ejus</strong></span> 
     </span>
    </p>
   </div>
   <div class='ocr_carea' id='block_1_58' title="bbox 353 5557 1945 5632">
    <p class='ocr_par' dir='ltr' id='par_1_58' title="bbox 353 5557 1945 5632">
     <span class='ocr_line' id='line_1_58' title="bbox 353 5557 1945 5632; baseline -0.008 -10"><span class='ocrx_word' id='word_1_460' title='bbox 353 5566 648 5627; x_wconf 82' lang='lat' dir='ltr'><strong>imitatione</strong></span> <span class='ocrx_word' id='word_1_461' title='bbox 673 5573 943 5632; x_wconf 85' lang='lat' dir='ltr'><strong>peccasse,</strong></span> <span class='ocrx_word' id='word_1_462' title='bbox 980 5558 1102 5628; x_wconf 84' lang='lat' dir='ltr'><strong>quia</strong></span> <span class='ocrx_word' id='word_1_463' title='bbox 1125 5557 1297 5622; x_wconf 88' lang='lat' dir='ltr'><strong>multi,</strong></span> <span class='ocrx_word' id='word_1_464' title='bbox 1330 5573 1435 5611; x_wconf 89' lang='lat' dir='ltr'><strong>non</strong></span> <span class='ocrx_word' id='word_1_465' title='bbox 1465 5570 1653 5612; x_wconf 86' lang='lat' dir='ltr'><strong>omnes</strong></span> <span class='ocrx_word' id='word_1_466' title='bbox 1685 5562 1945 5627; x_wconf 82' lang='lat' dir='ltr'><strong>peccave-</strong></span> 
     </span>
    </p>
   </div>
   <div class='ocr_carea' id='block_1_59' title="bbox 357 5645 1945 5721">
    <p class='ocr_par' dir='ltr' id='par_1_59' title="bbox 357 5645 1945 5721">
     <span class='ocr_line' id='line_1_59' title="bbox 357 5645 1945 5721; baseline -0.007 -8"><span class='ocrx_word' id='word_1_467' title='bbox 357 5664 511 5718; x_wconf 75' lang='lat' dir='ltr'><strong>runt;</strong></span> <span class='ocrx_word' id='word_1_468' title='bbox 532 5653 718 5708; x_wconf 86' lang='lat' dir='ltr'><strong>volens</strong></span> <span class='ocrx_word' id='word_1_469' title='bbox 743 5665 837 5706; x_wconf 89' lang='lat' dir='ltr'><strong>eos</strong></span> <span class='ocrx_word' id='word_1_470' title='bbox 861 5649 951 5721; x_wconf 89' lang='lat' dir='ltr'><strong>qui</strong></span> <span class='ocrx_word' id='word_1_471' title='bbox 972 5663 1076 5703; x_wconf 94' lang='lat' dir='ltr'><strong>non</strong></span> <span class='ocrx_word' id='word_1_472' title='bbox 1099 5656 1469 5717; x_wconf 88' lang='lat' dir='ltr'><strong>peccaverunt,</strong></span> <span class='ocrx_word' id='word_1_473' title='bbox 1491 5645 1708 5717; x_wconf 81' lang='lat' dir='ltr'><strong>intelligi</strong></span> <span class='ocrx_word' id='word_1_474' title='bbox 1750 5660 1945 5718; x_wconf 81' lang='lat' dir='ltr'><strong>parvu-</strong></span> 
     </span>
    </p>
   </div>
   <div class='ocr_carea' id='block_1_60' title="bbox 417 5784 1351 5853">
    <p class='ocr_par' dir='ltr' id='par_1_60' title="bbox 417 5784 1351 5853">
     <span class='ocr_line' id='line_1_60' title="bbox 417 5784 1351 5853; baseline -0.012 -11"><span class='ocrx_word' id='word_1_475' title='bbox 417 5793 435 5824; x_wconf 78' lang='grc'><strong>⁸</strong></span> <span class='ocrx_word' id='word_1_476' title='bbox 460 5792 561 5853; x_wconf 74' lang='lat' dir='ltr'><strong>uio,</strong></span> <span class='ocrx_word' id='word_1_477' title='bbox 582 5790 789 5849; x_wconf 73' lang='lat' dir='ltr'><strong>mtuum,</strong></span> <span class='ocrx_word' id='word_1_478' title='bbox 813 5800 875 5837; x_wconf 78' lang='lat' dir='ltr'><strong>ex</strong></span> <span class='ocrx_word' id='word_1_479' title='bbox 1035 5784 1351 5834; x_wconf 69' lang='lat' dir='ltr'><strong>restinximus.</strong></span> 
     </span>
    </p>
   </div>
   <div class='ocr_carea' id='block_1_61' title="bbox 1608 322 2229 389">
    <p class='ocr_par' dir='ltr' id='par_1_61' title="bbox 1608 322 2229 389">
     <span class='ocr_line' id='line_1_61' title="bbox 1608 322 2229 389; baseline -0.01 0"><span class='ocrx_word' id='word_1_480' title='bbox 1608 322 1808 389; x_wconf 72' lang='lat' dir='ltr'><strong>LIBER</strong></span> <span class='ocrx_word' id='word_1_481' title='bbox 1847 322 2229 386; x_wconf 81' lang='lat' dir='ltr'><strong>SECUNDiiS.</strong></span> 
     </span>
    </p>
   </div>
   <div class='ocr_carea' id='block_1_62' title="bbox 3450 300 3586 373">
    <p class='ocr_par' dir='ltr' id='par_1_62' title="bbox 3450 300 3586 373">
     <span class='ocr_line' id='line_1_62' title="bbox 3450 300 3586 373; baseline -0.007 -5"><span class='ocrx_word' id='word_1_482' title='bbox 3450 300 3586 373; x_wconf 72' lang='lat' dir='ltr'><strong>litis</strong></span> 
     </span>
    </p>
   </div>
   <div class='ocr_carea' id='block_1_63' title="bbox 2002 442 3587 515">
    <p class='ocr_par' dir='ltr' id='par_1_63' title="bbox 2002 442 3587 515">
     <span class='ocr_line' id='line_1_63' title="bbox 2002 442 3587 515; baseline 0.004 -17"><span class='ocrx_word' id='word_1_483' title='bbox 2002 442 2082 498; x_wconf 90' lang='lat' dir='ltr'><strong>los</strong></span> <span class='ocrx_word' id='word_1_484' title='bbox 2113 461 2127 499; x_wconf 90' lang='lat'><strong>:</strong></span> <span class='ocrx_word' id='word_1_485' title='bbox 2160 443 2567 512; x_wconf 77' lang='lat' dir='ltr'><strong>reSpomlebitur</strong></span> <span class='ocrx_word' id='word_1_486' title='bbox 2595 443 2708 510; x_wconf 88' lang='lat' dir='ltr'><strong>tibi,</strong></span> <span class='ocrx_word' id='word_1_487' title='bbox 2737 446 2858 515; x_wconf 90' lang='lat' dir='ltr'><strong>quia</strong></span> <span class='ocrx_word' id='word_1_488' title='bbox 2881 459 2979 501; x_wconf 89' lang='lat' dir='ltr'><strong>nec</strong></span> <span class='ocrx_word' id='word_1_489' title='bbox 3003 447 3020 479; x_wconf 83' lang='grc'>¹</span> <span class='ocrx_word' id='word_1_490' title='bbox 3052 449 3243 503; x_wconf 79' lang='lat' dir='ltr'><strong>mortui</strong></span> <span class='ocrx_word' id='word_1_491' title='bbox 3265 453 3390 504; x_wconf 79' lang='lat' dir='ltr'><strong>sunt</strong></span> <span class='ocrx_word' id='word_1_492' title='bbox 3414 448 3466 504; x_wconf 93' lang='lat' dir='ltr'><strong>in</strong></span> <span class='ocrx_word' id='word_1_493' title='bbox 3497 452 3587 505; x_wconf 84' lang='lat' dir='ltr'><strong>illo</strong></span> 
     </span>
    </p>
   </div>
   <div class='ocr_carea' id='block_1_64' title="bbox 2000 532 3586 604">
    <p class='ocr_par' dir='ltr' id='par_1_64' title="bbox 2000 532 3586 604">
     <span class='ocr_line' id='line_1_64' title="bbox 2000 532 3586 604; baseline 0.003 -17"><span class='ocrx_word' id='word_1_494' title='bbox 2000 532 2227 601; x_wconf 82' lang='lat' dir='ltr'><strong>parvuli.</strong></span> <span class='ocrx_word' id='word_1_495' title='bbox 2256 549 2319 588; x_wconf 90' lang='lat' dir='ltr'><strong>ac</strong></span> <span class='ocrx_word' id='word_1_496' title='bbox 2340 540 2434 604; x_wconf 84' lang='lat' dir='ltr'><strong>per</strong></span> <span class='ocrx_word' id='word_1_497' title='bbox 2460 534 2561 589; x_wconf 91' lang='lat' dir='ltr'><strong>hoc</strong></span> <span class='ocrx_word' id='word_1_498' title='bbox 2591 549 2696 589; x_wconf 92' lang='lat' dir='ltr'><strong>non</strong></span> <span class='ocrx_word' id='word_1_499' title='bbox 2721 550 2816 604; x_wconf 86' lang='lat' dir='ltr'><strong>pro</strong></span> <span class='ocrx_word' id='word_1_500' title='bbox 2837 535 2942 590; x_wconf 86' lang='lat' dir='ltr'><strong>illis</strong></span> <span class='ocrx_word' id='word_1_501' title='bbox 2967 533 3208 592; x_wconf 89' lang='lat' dir='ltr'><strong>Christus</strong></span> <span class='ocrx_word' id='word_1_502' title='bbox 3224 546 3465 593; x_wconf 89' lang='lat' dir='ltr'><strong>mortuus</strong></span> <span class='ocrx_word' id='word_1_503' title='bbox 3485 552 3586 602; x_wconf 78' lang='lat' dir='ltr'><strong>est.</strong></span> 
     </span>
    </p>
   </div>
   <div class='ocr_carea' id='block_1_65' title="bbox 2001 624 3593 695">
    <p class='ocr_par' dir='ltr' id='par_1_65' title="bbox 2001 624 3593 695">
     <span class='ocr_line' id='line_1_65' title="bbox 2001 624 3593 695; baseline 0.004 -18"><span class='ocrx_word' id='word_1_504' title='bbox 2001 625 2123 695; x_wconf 88' lang='lat' dir='ltr'><strong>quia</strong></span> <span class='ocrx_word' id='word_1_505' title='bbox 2172 624 2383 679; x_wconf 87' lang='lat' dir='ltr'><strong>nonnisi</strong></span> <span class='ocrx_word' id='word_1_506' title='bbox 2431 640 2528 695; x_wconf 89' lang='lat' dir='ltr'><strong>pro</strong></span> <span class='ocrx_word' id='word_1_507' title='bbox 2592 626 2817 680; x_wconf 89' lang='lat' dir='ltr'><strong>mortuis</strong></span> <span class='ocrx_word' id='word_1_508' title='bbox 2864 625 2953 680; x_wconf 88' lang='lat' dir='ltr'><strong>ille</strong></span> <span class='ocrx_word' id='word_1_509' title='bbox 3022 636 3261 682; x_wconf 89' lang='lat' dir='ltr'><strong>mortuus</strong></span> <span class='ocrx_word' id='word_1_510' title='bbox 3296 637 3399 694; x_wconf 89' lang='lat' dir='ltr'><strong>est,</strong></span> <span class='ocrx_word' id='word_1_511' title='bbox 3455 630 3593 684; x_wconf 82' lang='lat' dir='ltr'><strong>sicut</strong></span> 
     </span>
    </p>
   </div>
   <div class='ocr_carea' id='block_1_66' title="bbox 2003 710 3595 787">
    <p class='ocr_par' dir='ltr' id='par_1_66' title="bbox 2003 710 3595 787">
     <span class='ocr_line' id='line_1_66' title="bbox 2003 710 3595 787; baseline 0.003 -17"><span class='ocrx_word' id='word_1_512' title='bbox 2003 710 2291 785; x_wconf 82' lang='lat' dir='ltr'><strong>Apostolus</strong></span> <span class='ocrx_word' id='word_1_513' title='bbox 2318 715 2515 770; x_wconf 88' lang='lat' dir='ltr'><strong>clamat</strong></span> <span class='ocrx_word' id='word_1_514' title='bbox 2545 733 2560 771; x_wconf 91' lang='lat'><strong>:</strong></span> <span class='ocrx_word' id='word_1_515' title='bbox 2598 717 2757 786; x_wconf 86' lang='lat' dir='ltr'><strong>atque</strong></span> <span class='ocrx_word' id='word_1_516' title='bbox 2785 716 2885 783; x_wconf 88' lang='lat' dir='ltr'><strong>ita,</strong></span> <span class='ocrx_word' id='word_1_517' title='bbox 2909 724 2964 771; x_wconf 88' lang='lat' dir='ltr'><strong>et</strong></span> <span class='ocrx_word' id='word_1_518' title='bbox 2986 718 3170 772; x_wconf 85' lang='lat' dir='ltr'><strong>contra</strong></span> <span class='ocrx_word' id='word_1_519' title='bbox 3213 727 3263 773; x_wconf 86' lang='lat' dir='ltr'><strong>le</strong></span> <span class='ocrx_word' id='word_1_520' title='bbox 3298 718 3468 787; x_wconf 88' lang='lat' dir='ltr'><strong>ipsum</strong></span> <span class='ocrx_word' id='word_1_521' title='bbox 3502 737 3595 774; x_wconf 52' lang='lat' dir='ltr'><strong>ve-</strong></span> 
     </span>
    </p>
   </div>
   <div class='ocr_carea' id='block_1_67' title="bbox 2005 797 3672 881">
    <p class='ocr_par' dir='ltr' id='par_1_67' title="bbox 2005 797 3672 881">
     <span class='ocr_line' id='line_1_67' title="bbox 2005 797 3672 881; baseline 0 -17"><span class='ocrx_word' id='word_1_522' title='bbox 2005 808 2141 875; x_wconf 90' lang='lat' dir='ltr'><strong>nies,</strong></span> <span class='ocrx_word' id='word_1_523' title='bbox 2162 810 2216 865; x_wconf 90' lang='lat' dir='ltr'><strong>et</strong></span> <span class='ocrx_word' id='word_1_524' title='bbox 2233 811 2443 879; x_wconf 82' lang='lat' dir='ltr'><strong>agratia</strong></span> <span class='ocrx_word' id='word_1_525' title='bbox 2464 800 2659 865; x_wconf 86' lang='lat' dir='ltr'><strong>Christi</strong></span> <span class='ocrx_word' id='word_1_526' title='bbox 2677 810 2885 880; x_wconf 87' lang='lat' dir='ltr'><strong>penitus</strong></span> <span class='ocrx_word' id='word_1_527' title='bbox 2901 810 3156 880; x_wconf 82' lang='lat' dir='ltr'><strong>parvulos</strong></span> <span class='ocrx_word' id='word_1_528' title='bbox 3177 811 3471 881; x_wconf 83' lang='lat' dir='ltr'><strong>separabis,</strong></span> <span class='ocrx_word' id='word_1_529' title='bbox 3499 814 3601 881; x_wconf 82' lang='lat' dir='ltr'><strong>pro</strong></span> <span class='ocrx_word' id='word_1_530' title='bbox 3664 797 3672 806; x_wconf 77' lang='grc'><em>’</em></span> 
     </span>
    </p>
   </div>
   <div class='ocr_carea' id='block_1_68' title="bbox 2004 901 3600 973">
    <p class='ocr_par' dir='ltr' id='par_1_68' title="bbox 2004 901 3600 973">
     <span class='ocr_line' id='line_1_68' title="bbox 2004 901 3600 973; baseline 0 -17"><span class='ocrx_word' id='word_1_531' title='bbox 2004 901 2200 973; x_wconf 87' lang='lat' dir='ltr'><strong>quibus</strong></span> <span class='ocrx_word' id='word_1_532' title='bbox 2212 901 2482 956; x_wconf 90' lang='lat' dir='ltr'><strong>Christum</strong></span> <span class='ocrx_word' id='word_1_533' title='bbox 2502 909 2769 956; x_wconf 90' lang='lat' dir='ltr'><strong>mortuum</strong></span> <span class='ocrx_word' id='word_1_534' title='bbox 2785 917 2891 956; x_wconf 90' lang='lat' dir='ltr'><strong>non</strong></span> <span class='ocrx_word' id='word_1_535' title='bbox 2908 915 3031 958; x_wconf 89' lang='lat' dir='ltr'><strong>esse</strong></span> <span class='ocrx_word' id='word_1_536' title='bbox 3043 901 3284 956; x_wconf 87' lang='lat' dir='ltr'><strong>dicturus</strong></span> <span class='ocrx_word' id='word_1_537' title='bbox 3302 917 3382 957; x_wconf 90' lang='lat' dir='ltr'><strong>es.</strong></span> <span class='ocrx_word' id='word_1_538' title='bbox 3397 902 3600 956; x_wconf 85' lang='lat' dir='ltr'><strong>Conse-</strong></span> 
     </span>
    </p>
   </div>
   <div class='ocr_carea' id='block_1_69' title="bbox 2005 990 3601 1064">
    <p class='ocr_par' dir='ltr' id='par_1_69' title="bbox 2005 990 3601 1064">
     <span class='ocr_line' id='line_1_69' title="bbox 2005 990 3601 1064; baseline -0.002 -17"><span class='ocrx_word' id='word_1_539' title='bbox 2005 997 2234 1064; x_wconf 85' lang='lat' dir='ltr'><strong>quenter</strong></span> <span class='ocrx_word' id='word_1_540' title='bbox 2275 994 2433 1047; x_wconf 87' lang='lat' dir='ltr'><strong>etiam</strong></span> <span class='ocrx_word' id='word_1_541' title='bbox 2474 991 2822 1062; x_wconf 83' lang='lat' dir='ltr'><strong>baptizandos</strong></span> <span class='ocrx_word' id='word_1_542' title='bbox 2849 990 3070 1062; x_wconf 82' lang='lat' dir='ltr'><strong>negabis</strong></span> <span class='ocrx_word' id='word_1_543' title='bbox 3110 992 3163 1046; x_wconf 90' lang='lat' dir='ltr'><strong>in</strong></span> <span class='ocrx_word' id='word_1_544' title='bbox 3194 990 3426 1047; x_wconf 88' lang='lat' dir='ltr'><strong>Christo.</strong></span> <span class='ocrx_word' id='word_1_545' title='bbox 3472 992 3601 1060; x_wconf 64' lang='lat' dir='ltr'><strong>Quia</strong></span> 
     </span>
    </p>
   </div>
   <div class='ocr_carea' id='block_1_70' title="bbox 2006 1078 3599 1156">
    <p class='ocr_par' dir='ltr' id='par_1_70' title="bbox 2006 1078 3599 1156">
     <span class='ocr_line' id='line_1_70' title="bbox 2006 1078 3599 1156; baseline -0.001 -17"><span class='ocrx_word' id='word_1_546' title='bbox 2006 1102 2216 1156; x_wconf 83' lang='lat' dir='ltr'><strong>cumque</strong></span> <span class='ocrx_word' id='word_1_547' title='bbox 2239 1083 2379 1140; x_wconf 83' lang='lat' dir='ltr'><strong>enim</strong></span> <span class='ocrx_word' id='word_1_548' title='bbox 2402 1081 2645 1155; x_wconf 69' lang='lat' dir='ltr'><strong>baptismi</strong></span> <span class='ocrx_word' id='word_1_549' title='bbox 2663 1088 2836 1138; x_wconf 77' lang='lat' dir='ltr'><strong>sumus</strong></span> <span class='ocrx_word' id='word_1_550' title='bbox 2856 1085 2909 1138; x_wconf 82' lang='lat' dir='ltr'><strong>in</strong></span> <span class='ocrx_word' id='word_1_551' title='bbox 2929 1078 3149 1149; x_wconf 77' lang='lat' dir='ltr'><strong>Christo,</strong></span> <span class='ocrx_word' id='word_1_552' title='bbox 3171 1084 3326 1138; x_wconf 90' lang='lat' dir='ltr'><strong>sicuti</strong></span> <span class='ocrx_word' id='word_1_553' title='bbox 3350 1085 3426 1139; x_wconf 87' lang='lat' dir='ltr'><strong>ait</strong></span> <span class='ocrx_word' id='word_1_554' title='bbox 3456 1084 3599 1140; x_wconf 82' lang='lat' dir='ltr'><strong>idem</strong></span> 
     </span>
    </p>
   </div>
   <div class='ocr_carea' id='block_1_71' title="bbox 2008 1174 3602 1249">
    <p class='ocr_par' dir='ltr' id='par_1_71' title="bbox 2008 1174 3602 1249">
     <span class='ocr_line' id='line_1_71' title="bbox 2008 1174 3602 1249; baseline 0 -19"><span class='ocrx_word' id='word_1_555' title='bbox 2008 1174 2282 1245; x_wconf 86' lang='lat' dir='ltr'><strong>apostolus</strong></span> <span class='ocrx_word' id='word_1_556' title='bbox 2306 1217 2322 1241; x_wconf 88' lang='lat'><strong>,</strong></span> <span class='ocrx_word' id='word_1_557' title='bbox 2350 1176 2404 1229; x_wconf 83' lang='lat' dir='ltr'><strong>in</strong></span> <span class='ocrx_word' id='word_1_558' title='bbox 2431 1184 2590 1230; x_wconf 88' lang='lat' dir='ltr'><strong>morte</strong></span> <span class='ocrx_word' id='word_1_559' title='bbox 2617 1175 2638 1207; x_wconf 77' lang='grc'><strong><em>⁸</em></strong></span> <span class='ocrx_word' id='word_1_560' title='bbox 2665 1175 2827 1245; x_wconf 82' lang='lat' dir='ltr'><strong>ipsius</strong></span> <span class='ocrx_word' id='word_1_561' title='bbox 2855 1174 3094 1244; x_wconf 73' lang='lat' dir='ltr'><strong>baptismi</strong></span> <span class='ocrx_word' id='word_1_562' title='bbox 3119 1190 3294 1229; x_wconf 81' lang='lat' dir='ltr'><strong>sumus</strong></span> <span class='ocrx_word' id='word_1_563' title='bbox 3323 1174 3499 1249; x_wconf 77' lang='lat' dir='ltr'><strong>(liam.</strong></span> <span class='ocrx_word' id='word_1_564' title='bbox 3525 1192 3602 1239; x_wconf 71' lang='grc' dir='ltr'><strong>γι,</strong></span> 
     </span>
    </p>
   </div>
   <div class='ocr_carea' id='block_1_72' title="bbox 2008 1257 3606 1339">
    <p class='ocr_par' dir='ltr' id='par_1_72' title="bbox 2008 1257 3606 1339">
     <span class='ocr_line' id='line_1_72' title="bbox 2008 1257 3606 1339; baseline -0.001 -17"><span class='ocrx_word' id='word_1_565' title='bbox 2008 1257 2107 1339; x_wconf 73' lang='lat'><strong>3):</strong></span> <span class='ocrx_word' id='word_1_566' title='bbox 2145 1266 2218 1322; x_wconf 87' lang='lat' dir='ltr'><strong>illi</strong></span> <span class='ocrx_word' id='word_1_567' title='bbox 2245 1277 2425 1321; x_wconf 89' lang='lat' dir='ltr'><strong>autem</strong></span> <span class='ocrx_word' id='word_1_568' title='bbox 2458 1266 2797 1336; x_wconf 88' lang='lat' dir='ltr'><strong>baptizantur</strong></span> <span class='ocrx_word' id='word_1_569' title='bbox 2827 1266 2876 1320; x_wconf 92' lang='lat' dir='ltr'><strong>in</strong></span> <span class='ocrx_word' id='word_1_570' title='bbox 2907 1276 3079 1321; x_wconf 90' lang='lat' dir='ltr'><strong>morte</strong></span> <span class='ocrx_word' id='word_1_571' title='bbox 3115 1265 3338 1332; x_wconf 80' lang='lat' dir='ltr'><strong>ChriSti,</strong></span> <span class='ocrx_word' id='word_1_572' title='bbox 3364 1271 3459 1337; x_wconf 81' lang='lat' dir='ltr'><strong>pro</strong></span> <span class='ocrx_word' id='word_1_573' title='bbox 3482 1270 3606 1338; x_wconf 84' lang='lat' dir='ltr'><strong>qni-</strong></span> 
     </span>
    </p>
   </div>
   <div class='ocr_carea' id='block_1_73' title="bbox 2012 1352 3608 1429">
    <p class='ocr_par' dir='ltr' id='par_1_73' title="bbox 2012 1352 3608 1429">
     <span class='ocr_line' id='line_1_73' title="bbox 2012 1352 3608 1429; baseline 0.001 -16"><span class='ocrx_word' id='word_1_574' title='bbox 2012 1359 2111 1414; x_wconf 89' lang='lat' dir='ltr'><strong>bus</strong></span> <span class='ocrx_word' id='word_1_575' title='bbox 2142 1360 2383 1414; x_wconf 84' lang='lat' dir='ltr'><strong>mortuus</strong></span> <span class='ocrx_word' id='word_1_576' title='bbox 2409 1358 2491 1413; x_wconf 85' lang='lat' dir='ltr'><strong>est</strong></span> <span class='ocrx_word' id='word_1_577' title='bbox 2534 1354 2798 1413; x_wconf 89' lang='lat' dir='ltr'><strong>Christus.</strong></span> <span class='ocrx_word' id='word_1_578' title='bbox 2845 1357 3001 1414; x_wconf 73' lang='lat' dir='ltr'><strong>Nullo&quot;</strong></span> <span class='ocrx_word' id='word_1_579' title='bbox 3031 1358 3191 1413; x_wconf 91' lang='lat' dir='ltr'><strong>modo</strong></span> <span class='ocrx_word' id='word_1_580' title='bbox 3216 1358 3373 1429; x_wconf 89' lang='lat' dir='ltr'><strong>igitur</strong></span> <span class='ocrx_word' id='word_1_581' title='bbox 3402 1352 3469 1414; x_wconf 89' lang='lat' dir='ltr'><strong>ab</strong></span> <span class='ocrx_word' id='word_1_582' title='bbox 3498 1360 3608 1414; x_wconf 60' lang='lat' dir='ltr'><strong>orio</strong></span> 
     </span>
    </p>
   </div>
   <div class='ocr_carea' id='block_1_74' title="bbox 2012 1438 3607 1525">
    <p class='ocr_par' dir='ltr' id='par_1_74' title="bbox 2012 1438 3607 1525">
     <span class='ocr_line' id='line_1_74' title="bbox 2012 1438 3607 1525; baseline -0.001 -18"><span class='ocrx_word' id='word_1_583' title='bbox 2012 1453 2172 1525; x_wconf 87' lang='lat' dir='ltr'><strong>ginali</strong></span> <span class='ocrx_word' id='word_1_584' title='bbox 2216 1461 2437 1524; x_wconf 86' lang='lat' dir='ltr'><strong>peccato</strong></span> <span class='ocrx_word' id='word_1_585' title='bbox 2477 1442 2737 1507; x_wconf 85' lang='lat' dir='ltr'><strong>alienabis</strong></span> <span class='ocrx_word' id='word_1_586' title='bbox 2778 1448 3053 1521; x_wconf 83' lang='lat' dir='ltr'><strong>parvulos,</strong></span> <span class='ocrx_word' id='word_1_587' title='bbox 3097 1438 3198 1505; x_wconf 85' lang='lat' dir='ltr'><strong>nisi</strong></span> <span class='ocrx_word' id='word_1_588' title='bbox 3234 1458 3328 1506; x_wconf 88' lang='lat' dir='ltr'><strong>eos</strong></span> <span class='ocrx_word' id='word_1_589' title='bbox 3372 1452 3531 1506; x_wconf 91' lang='lat' dir='ltr'><strong>simul</strong></span> <span class='ocrx_word' id='word_1_590' title='bbox 3576 1468 3607 1505; x_wconf 66' lang='grc' dir='ltr'><strong>ει</strong></span> 
     </span>
    </p>
   </div>
   <div class='ocr_carea' id='block_1_75' title="bbox 2012 1537 3605 1614">
    <p class='ocr_par' dir='ltr' id='par_1_75' title="bbox 2012 1537 3605 1614">
     <span class='ocr_line' id='line_1_75' title="bbox 2012 1537 3605 1614; baseline 0 -17"><span class='ocrx_word' id='word_1_591' title='bbox 2012 1540 2181 1614; x_wconf 84' lang='lat' dir='ltr'><strong>gratia</strong></span> <span class='ocrx_word' id='word_1_592' title='bbox 2226 1537 2563 1612; x_wconf 80' lang='lat' dir='ltr'><strong>Baptismatis</strong></span> <span class='ocrx_word' id='word_1_593' title='bbox 2607 1539 2805 1599; x_wconf 86' lang='lat' dir='ltr'><strong>Christi</strong></span> <span class='ocrx_word' id='word_1_594' title='bbox 2851 1542 3043 1598; x_wconf 81' lang='lat' dir='ltr'><strong>feceris</strong></span> <span class='ocrx_word' id='word_1_595' title='bbox 3080 1539 3289 1599; x_wconf 87' lang='lat' dir='ltr'><strong>alienos</strong></span> <span class='ocrx_word' id='word_1_596' title='bbox 3334 1542 3380 1598; x_wconf 88' lang='grc'><strong>³.</strong></span> <span class='ocrx_word' id='word_1_597' title='bbox 3426 1544 3481 1599; x_wconf 91' lang='lat' dir='ltr'><strong>in</strong></span> <span class='ocrx_word' id='word_1_598' title='bbox 3538 1556 3605 1598; x_wconf 85' lang='lat' dir='ltr'><strong>eo</strong></span> 
     </span>
    </p>
   </div>
   <div class='ocr_carea' id='block_1_76' title="bbox 2015 1626 3608 1704">
    <p class='ocr_par' dir='ltr' id='par_1_76' title="bbox 2015 1626 3608 1704">
     <span class='ocr_line' id='line_1_76' title="bbox 2015 1626 3608 1704; baseline 0.001 -17"><span class='ocrx_word' id='word_1_599' title='bbox 2015 1646 2145 1689; x_wconf 84' lang='lat' dir='ltr'><strong>vero</strong></span> <span class='ocrx_word' id='word_1_600' title='bbox 2167 1635 2309 1704; x_wconf 78' lang='lat' dir='ltr'><strong>quad</strong></span> <span class='ocrx_word' id='word_1_601' title='bbox 2343 1631 2434 1688; x_wconf 92' lang='lat' dir='ltr'><strong>tibi</strong></span> <span class='ocrx_word' id='word_1_602' title='bbox 2463 1634 2696 1701; x_wconf 79' lang='lat' dir='ltr'><strong>videtur,</strong></span> <span class='ocrx_word' id='word_1_603' title='bbox 2724 1626 2831 1687; x_wconf 86' lang='lat' dir='ltr'><strong>duo</strong></span> <span class='ocrx_word' id='word_1_604' title='bbox 2856 1632 2954 1688; x_wconf 86' lang='lat' dir='ltr'><strong>ista</strong></span> <span class='ocrx_word' id='word_1_605' title='bbox 2987 1634 3127 1688; x_wconf 91' lang='lat' dir='ltr'><strong>inter</strong></span> <span class='ocrx_word' id='word_1_606' title='bbox 3150 1649 3209 1689; x_wconf 90' lang='lat' dir='ltr'><strong>se</strong></span> <span class='ocrx_word' id='word_1_607' title='bbox 3238 1650 3360 1691; x_wconf 87' lang='lat' dir='ltr'><strong>esse</strong></span> <span class='ocrx_word' id='word_1_608' title='bbox 3388 1646 3608 1692; x_wconf 81' lang='lat' dir='ltr'><strong>contru-</strong></span> 
     </span>
    </p>
   </div>
   <div class='ocr_carea' id='block_1_77' title="bbox 2015 1728 3612 1798">
    <p class='ocr_par' dir='ltr' id='par_1_77' title="bbox 2015 1728 3612 1798">
     <span class='ocr_line' id='line_1_77' title="bbox 2015 1728 3612 1798; baseline -0.001 -14"><span class='ocrx_word' id='word_1_609' title='bbox 2015 1729 2115 1796; x_wconf 80' lang='lat' dir='ltr'><strong>ria,</strong></span> <span class='ocrx_word' id='word_1_610' title='bbox 2144 1739 2202 1784; x_wconf 90' lang='lat' dir='ltr'><strong>ut</strong></span> <span class='ocrx_word' id='word_1_611' title='bbox 2222 1744 2411 1785; x_wconf 89' lang='lat' dir='ltr'><strong>omnes</strong></span> <span class='ocrx_word' id='word_1_612' title='bbox 2439 1733 2563 1784; x_wconf 89' lang='lat' dir='ltr'><strong>eant</strong></span> <span class='ocrx_word' id='word_1_613' title='bbox 2586 1728 2638 1784; x_wconf 90' lang='lat' dir='ltr'><strong>in</strong></span> <span class='ocrx_word' id='word_1_614' title='bbox 2678 1728 3180 1784; x_wconf 88' lang='lat' dir='ltr'><strong>condemnationem</strong></span> <span class='ocrx_word' id='word_1_615' title='bbox 3211 1744 3304 1798; x_wconf 88' lang='lat' dir='ltr'><strong>per</strong></span> <span class='ocrx_word' id='word_1_616' title='bbox 3331 1729 3520 1795; x_wconf 85' lang='lat' dir='ltr'><strong>Adam,</strong></span> <span class='ocrx_word' id='word_1_617' title='bbox 3554 1734 3612 1785; x_wconf 90' lang='lat' dir='ltr'><strong>et</strong></span> 
     </span>
    </p>
   </div>
   <div class='ocr_carea' id='block_1_78' title="bbox 2017 1812 3612 1891">
    <p class='ocr_par' dir='ltr' id='par_1_78' title="bbox 2017 1812 3612 1891">
     <span class='ocr_line' id='line_1_78' title="bbox 2017 1812 3612 1891; baseline -0.002 -14"><span class='ocrx_word' id='word_1_618' title='bbox 2017 1836 2206 1878; x_wconf 88' lang='lat' dir='ltr'><strong>omnes</strong></span> <span class='ocrx_word' id='word_1_619' title='bbox 2222 1836 2409 1877; x_wconf 88' lang='lat' dir='ltr'><strong>rursus</strong></span> <span class='ocrx_word' id='word_1_620' title='bbox 2429 1821 2481 1876; x_wconf 91' lang='lat' dir='ltr'><strong>in</strong></span> <span class='ocrx_word' id='word_1_621' title='bbox 2497 1812 2933 1891; x_wconf 79' lang='lat' dir='ltr'><strong>justiﬁeationem</strong></span> <span class='ocrx_word' id='word_1_622' title='bbox 2960 1836 3056 1891; x_wconf 90' lang='lat' dir='ltr'><strong>per</strong></span> <span class='ocrx_word' id='word_1_623' title='bbox 3077 1821 3366 1886; x_wconf 89' lang='lat' dir='ltr'><strong>Christum,</strong></span> <span class='ocrx_word' id='word_1_624' title='bbox 3389 1822 3612 1876; x_wconf 80' lang='lat' dir='ltr'><strong>omnino</strong></span> 
     </span>
    </p>
   </div>
   <div class='ocr_carea' id='block_1_79' title="bbox 2017 1898 3613 1983">
    <p class='ocr_par' dir='ltr' id='par_1_79' title="bbox 2017 1898 3613 1983">
     <span class='ocr_line' id='line_1_79' title="bbox 2017 1898 3613 1983; baseline -0.002 -12"><span class='ocrx_word' id='word_1_625' title='bbox 2017 1928 2189 1971; x_wconf 88' lang='lat' dir='ltr'><strong>erras.</strong></span> <span class='ocrx_word' id='word_1_626' title='bbox 2229 1914 2419 1969; x_wconf 88' lang='lat' dir='ltr'><strong>Nullus</strong></span> <span class='ocrx_word' id='word_1_627' title='bbox 2446 1913 2590 1970; x_wconf 91' lang='lat' dir='ltr'><strong>enim</strong></span> <span class='ocrx_word' id='word_1_628' title='bbox 2629 1913 2902 1967; x_wconf 87' lang='lat' dir='ltr'><strong>hominum</strong></span> <span class='ocrx_word' id='word_1_629' title='bbox 2934 1913 3035 1968; x_wconf 90' lang='lat' dir='ltr'><strong>nisi</strong></span> <span class='ocrx_word' id='word_1_630' title='bbox 3063 1928 3159 1983; x_wconf 89' lang='lat' dir='ltr'><strong>per</strong></span> <span class='ocrx_word' id='word_1_631' title='bbox 3184 1898 3352 1967; x_wconf 84' lang='lat' dir='ltr'><strong>Adam</strong></span> <span class='ocrx_word' id='word_1_632' title='bbox 3386 1913 3613 1969; x_wconf 72' lang='lat' dir='ltr'><strong>trahitur</strong></span> 
     </span>
    </p>
   </div>
   <div class='ocr_carea' id='block_1_80' title="bbox 2018 2006 3611 2083">
    <p class='ocr_par' dir='ltr' id='par_1_80' title="bbox 2018 2006 3611 2083">
     <span class='ocr_line' id='line_1_80' title="bbox 2018 2006 3611 2083; baseline -0.001 -20"><span class='ocrx_word' id='word_1_633' title='bbox 2018 2006 2088 2083; x_wconf 83' lang='lat' dir='ltr'><strong>ad</strong></span> <span class='ocrx_word' id='word_1_634' title='bbox 2116 2007 2537 2072; x_wconf 88' lang='lat' dir='ltr'><strong>damnationem,</strong></span> <span class='ocrx_word' id='word_1_635' title='bbox 2567 2006 2636 2062; x_wconf 89' lang='lat' dir='ltr'><strong>de</strong></span> <span class='ocrx_word' id='word_1_636' title='bbox 2664 2021 2765 2077; x_wconf 89' lang='lat' dir='ltr'><strong>qua</strong></span> <span class='ocrx_word' id='word_1_637' title='bbox 2813 2021 2909 2076; x_wconf 89' lang='lat' dir='ltr'><strong>per</strong></span> <span class='ocrx_word' id='word_1_638' title='bbox 2944 2006 3211 2062; x_wconf 83' lang='lat' dir='ltr'><strong>lavacrum</strong></span> <span class='ocrx_word' id='word_1_639' title='bbox 3246 2008 3611 2077; x_wconf 79' lang='lat' dir='ltr'><strong>regeneratio-</strong></span> 
     </span>
    </p>
   </div>
   <div class='ocr_carea' id='block_1_81' title="bbox 2020 2097 3615 2169">
    <p class='ocr_par' dir='ltr' id='par_1_81' title="bbox 2020 2097 3615 2169">
     <span class='ocr_line' id='line_1_81' title="bbox 2020 2097 3615 2169; baseline 0 -15"><span class='ocrx_word' id='word_1_640' title='bbox 2020 2099 2105 2154; x_wconf 89' lang='lat' dir='ltr'><strong>nis</strong></span> <span class='ocrx_word' id='word_1_641' title='bbox 2133 2098 2377 2154; x_wconf 88' lang='lat' dir='ltr'><strong>homines</strong></span> <span class='ocrx_word' id='word_1_642' title='bbox 2403 2097 2735 2163; x_wconf 88' lang='lat' dir='ltr'><strong>liberantur;</strong></span> <span class='ocrx_word' id='word_1_643' title='bbox 2771 2105 2827 2152; x_wconf 90' lang='lat' dir='ltr'><strong>et</strong></span> <span class='ocrx_word' id='word_1_644' title='bbox 2863 2098 3039 2152; x_wconf 89' lang='lat' dir='ltr'><strong>nullus</strong></span> <span class='ocrx_word' id='word_1_645' title='bbox 3078 2097 3353 2152; x_wconf 84' lang='lat' dir='ltr'><strong>hominum</strong></span> <span class='ocrx_word' id='word_1_646' title='bbox 3380 2100 3479 2152; x_wconf 92' lang='lat' dir='ltr'><strong>nisi</strong></span> <span class='ocrx_word' id='word_1_647' title='bbox 3516 2106 3615 2169; x_wconf 80' lang='lat' dir='ltr'><strong>per</strong></span> 
     </span>
    </p>
   </div>
   <div class='ocr_carea' id='block_1_82' title="bbox 2020 2171 3615 2245">
    <p class='ocr_par' dir='ltr' id='par_1_82' title="bbox 2020 2171 3615 2245">
     <span class='ocr_line' id='line_1_82' title="bbox 2020 2171 3615 2245; baseline -0.002 0"><span class='ocrx_word' id='word_1_648' title='bbox 2020 2171 2289 2245; x_wconf 84' lang='lat' dir='ltr'><strong>Christum</strong></span> <span class='ocrx_word' id='word_1_649' title='bbox 2320 2188 2388 2243; x_wconf 90' lang='lat' dir='ltr'><strong>ab</strong></span> <span class='ocrx_word' id='word_1_650' title='bbox 2410 2188 2510 2243; x_wconf 92' lang='lat' dir='ltr'><strong>hae</strong></span> <span class='ocrx_word' id='word_1_651' title='bbox 2537 2187 2882 2242; x_wconf 87' lang='lat' dir='ltr'><strong>damnatione</strong></span> <span class='ocrx_word' id='word_1_652' title='bbox 2908 2179 3166 2243; x_wconf 85' lang='lat' dir='ltr'><strong>liberatur</strong></span> <span class='ocrx_word' id='word_1_653' title='bbox 3193 2204 3207 2242; x_wconf 88' lang='lat'><strong>:</strong></span> <span class='ocrx_word' id='word_1_654' title='bbox 3239 2174 3358 2242; x_wconf 88' lang='lat' dir='ltr'><strong>ideo</strong></span> <span class='ocrx_word' id='word_1_655' title='bbox 3378 2203 3444 2243; x_wconf 74' lang='lat' dir='ltr'><strong>ex</strong></span> <span class='ocrx_word' id='word_1_656' title='bbox 3469 2198 3615 2242; x_wconf 62' lang='lat' dir='ltr'><strong>utra:-</strong></span> 
     </span>
    </p>
   </div>
   <div class='ocr_carea' id='block_1_83' title="bbox 2021 2276 3617 2349">
    <p class='ocr_par' dir='ltr' id='par_1_83' title="bbox 2021 2276 3617 2349">
     <span class='ocr_line' id='line_1_83' title="bbox 2021 2276 3617 2349; baseline 0.001 -16"><span class='ocrx_word' id='word_1_657' title='bbox 2021 2294 2125 2348; x_wconf 87' lang='lat' dir='ltr'><strong>que</strong></span> <span class='ocrx_word' id='word_1_658' title='bbox 2145 2288 2296 2349; x_wconf 89' lang='lat' dir='ltr'><strong>parte</strong></span> <span class='ocrx_word' id='word_1_659' title='bbox 2323 2276 2451 2334; x_wconf 88' lang='lat' dir='ltr'><strong>dicti</strong></span> <span class='ocrx_word' id='word_1_660' title='bbox 2472 2284 2599 2332; x_wconf 91' lang='lat' dir='ltr'><strong>sunt</strong></span> <span class='ocrx_word' id='word_1_661' title='bbox 2616 2292 2839 2343; x_wconf 87' lang='lat' dir='ltr'><strong>omnes;</strong></span> <span class='ocrx_word' id='word_1_662' title='bbox 2870 2277 2994 2348; x_wconf 87' lang='lat' dir='ltr'><strong>quia</strong></span> <span class='ocrx_word' id='word_1_663' title='bbox 3023 2292 3180 2333; x_wconf 89' lang='lat' dir='ltr'><strong>nemo</strong></span> <span class='ocrx_word' id='word_1_664' title='bbox 3211 2278 3279 2331; x_wconf 89' lang='lat' dir='ltr'><strong>ad</strong></span> <span class='ocrx_word' id='word_1_665' title='bbox 3318 2278 3617 2335; x_wconf 52' lang='lat' dir='ltr'><strong>damnatioé</strong></span> 
     </span>
    </p>
   </div>
   <div class='ocr_carea' id='block_1_84' title="bbox 2021 2362 3616 2439">
    <p class='ocr_par' dir='ltr' id='par_1_84' title="bbox 2021 2362 3616 2439">
     <span class='ocr_line' id='line_1_84' title="bbox 2021 2362 3616 2439; baseline 0 -14"><span class='ocrx_word' id='word_1_666' title='bbox 2021 2384 2148 2425; x_wconf 87' lang='lat' dir='ltr'><strong>nem</strong></span> <span class='ocrx_word' id='word_1_667' title='bbox 2166 2369 2528 2439; x_wconf 88' lang='lat' dir='ltr'><strong>generationis</strong></span> <span class='ocrx_word' id='word_1_668' title='bbox 2554 2362 2659 2423; x_wconf 88' lang='lat' dir='ltr'><strong>nisi</strong></span> <span class='ocrx_word' id='word_1_669' title='bbox 2696 2383 2793 2437; x_wconf 85' lang='lat' dir='ltr'><strong>per</strong></span> <span class='ocrx_word' id='word_1_670' title='bbox 2818 2367 3002 2434; x_wconf 81' lang='lat' dir='ltr'><strong>istum,</strong></span> <span class='ocrx_word' id='word_1_671' title='bbox 3038 2378 3196 2422; x_wconf 86' lang='lat' dir='ltr'><strong>nemo</strong></span> <span class='ocrx_word' id='word_1_672' title='bbox 3232 2369 3300 2422; x_wconf 88' lang='lat' dir='ltr'><strong>ad</strong></span> <span class='ocrx_word' id='word_1_673' title='bbox 3329 2369 3488 2424; x_wconf 85' lang='lat' dir='ltr'><strong>vitam</strong></span> <span class='ocrx_word' id='word_1_674' title='bbox 3525 2386 3616 2425; x_wconf 58' lang='lat' dir='ltr'><strong>rc-</strong></span> 
     </span>
    </p>
   </div>
   <div class='ocr_carea' id='block_1_85' title="bbox 2023 2459 3617 2535">
    <p class='ocr_par' dir='ltr' id='par_1_85' title="bbox 2023 2459 3617 2535">
     <span class='ocr_line' id='line_1_85' title="bbox 2023 2459 3617 2535; baseline 0.001 -20"><span class='ocrx_word' id='word_1_675' title='bbox 2023 2461 2388 2531; x_wconf 76' lang='lat' dir='ltr'><strong>generationis</strong></span> <span class='ocrx_word' id='word_1_676' title='bbox 2417 2459 2521 2515; x_wconf 89' lang='lat' dir='ltr'><strong>nisi</strong></span> <span class='ocrx_word' id='word_1_677' title='bbox 2555 2474 2652 2530; x_wconf 89' lang='lat' dir='ltr'><strong>per</strong></span> <span class='ocrx_word' id='word_1_678' title='bbox 2673 2459 2845 2514; x_wconf 91' lang='lat' dir='ltr'><strong>illum.</strong></span> <span class='ocrx_word' id='word_1_679' title='bbox 2874 2460 2951 2514; x_wconf 87' lang='lat' dir='ltr'><strong>Ac</strong></span> <span class='ocrx_word' id='word_1_680' title='bbox 2978 2474 3076 2535; x_wconf 87' lang='lat' dir='ltr'><strong>per</strong></span> <span class='ocrx_word' id='word_1_681' title='bbox 3104 2460 3204 2515; x_wconf 91' lang='lat' dir='ltr'><strong>hoc</strong></span> <span class='ocrx_word' id='word_1_682' title='bbox 3221 2475 3323 2515; x_wconf 92' lang='lat' dir='ltr'><strong>non</strong></span> <span class='ocrx_word' id='word_1_683' title='bbox 3346 2463 3617 2531; x_wconf 50' lang='lat' dir='ltr'><strong>generalis</strong></span> 
     </span>
    </p>
   </div>
   <div class='ocr_carea' id='block_1_86' title="bbox 2027 2547 3619 2621">
    <p class='ocr_par' dir='ltr' id='par_1_86' title="bbox 2027 2547 3619 2621">
     <span class='ocr_line' id='line_1_86' title="bbox 2027 2547 3619 2621; baseline 0.002 -17"><span class='ocrx_word' id='word_1_684' title='bbox 2027 2557 2110 2604; x_wconf 89' lang='lat' dir='ltr'><strong>tas</strong></span> <span class='ocrx_word' id='word_1_685' title='bbox 2146 2548 2305 2605; x_wconf 89' lang='lat' dir='ltr'><strong>unius</strong></span> <span class='ocrx_word' id='word_1_686' title='bbox 2326 2549 2490 2618; x_wconf 88' lang='lat' dir='ltr'><strong>partis</strong></span> <span class='ocrx_word' id='word_1_687' title='bbox 2517 2548 2692 2604; x_wconf 87' lang='lat' dir='ltr'><strong>locum</strong></span> <span class='ocrx_word' id='word_1_688' title='bbox 2737 2547 2969 2604; x_wconf 78' lang='lat' dir='ltr'><strong>excludit</strong></span> <span class='ocrx_word' id='word_1_689' title='bbox 2997 2549 3251 2617; x_wconf 87' lang='lat' dir='ltr'><strong>alterius;</strong></span> <span class='ocrx_word' id='word_1_690' title='bbox 3282 2552 3404 2621; x_wconf 85' lang='lat' dir='ltr'><strong>quia</strong></span> <span class='ocrx_word' id='word_1_691' title='bbox 3436 2567 3505 2606; x_wconf 78' lang='lat' dir='ltr'><strong>ex</strong></span> <span class='ocrx_word' id='word_1_692' title='bbox 3534 2552 3619 2608; x_wconf 85' lang='lat' dir='ltr'><strong>his</strong></span> 
     </span>
    </p>
   </div>
   <div class='ocr_carea' id='block_1_87' title="bbox 2027 2630 3622 2712">
    <p class='ocr_par' dir='ltr' id='par_1_87' title="bbox 2027 2630 3622 2712">
     <span class='ocr_line' id='line_1_87' title="bbox 2027 2630 3622 2712; baseline 0.001 -17"><span class='ocrx_word' id='word_1_693' title='bbox 2027 2640 2158 2712; x_wconf 90' lang='lat' dir='ltr'><strong>ipsis</strong></span> <span class='ocrx_word' id='word_1_694' title='bbox 2179 2630 2268 2711; x_wconf 79' lang='lat' dir='ltr'><strong>qtii</strong></span> <span class='ocrx_word' id='word_1_695' title='bbox 2295 2640 2617 2710; x_wconf 85' lang='lat' dir='ltr'><strong>generaliter</strong></span> <span class='ocrx_word' id='word_1_696' title='bbox 2640 2639 2938 2695; x_wconf 86' lang='lat' dir='ltr'><strong>moriuntur</strong></span> <span class='ocrx_word' id='word_1_697' title='bbox 2959 2641 3011 2693; x_wconf 92' lang='lat' dir='ltr'><strong>in</strong></span> <span class='ocrx_word' id='word_1_698' title='bbox 3031 2640 3223 2708; x_wconf 88' lang='lat' dir='ltr'><strong>Adam,-</strong></span> <span class='ocrx_word' id='word_1_699' title='bbox 3252 2658 3387 2712; x_wconf 87' lang='lat' dir='ltr'><strong>quos</strong></span> <span class='ocrx_word' id='word_1_700' title='bbox 3410 2645 3521 2699; x_wconf 87' lang='lat' dir='ltr'><strong>vult</strong></span> <span class='ocrx_word' id='word_1_701' title='bbox 3544 2645 3622 2696; x_wconf 91' lang='lat' dir='ltr'><strong>vi-</strong></span> 
     </span>
    </p>
   </div>
   <div class='ocr_carea' id='block_1_88' title="bbox 2023 2726 3619 2806">
    <p class='ocr_par' dir='ltr' id='par_1_88' title="bbox 2023 2726 3619 2806">
     <span class='ocr_line' id='line_1_88' title="bbox 2023 2726 3619 2806; baseline 0.002 -18"><span class='ocrx_word' id='word_1_702' title='bbox 2023 2736 2201 2790; x_wconf 76' lang='lat' dir='ltr'><strong>vilicat</strong></span> <span class='ocrx_word' id='word_1_703' title='bbox 2221 2732 2488 2791; x_wconf 88' lang='lat' dir='ltr'><strong>Christus.</strong></span> <span class='ocrx_word' id='word_1_704' title='bbox 2510 2726 2628 2791; x_wconf 81' lang='lat' dir='ltr'><strong>Non</strong></span> <span class='ocrx_word' id='word_1_705' title='bbox 2654 2750 2782 2806; x_wconf 90' lang='lat' dir='ltr'><strong>ergo</strong></span> <span class='ocrx_word' id='word_1_706' title='bbox 2807 2729 2897 2790; x_wconf 88' lang='lat' dir='ltr'><strong>tibi</strong></span> <span class='ocrx_word' id='word_1_707' title='bbox 2924 2726 3247 2791; x_wconf 83' lang='lat' dir='ltr'><strong>videbuntur</strong></span> <span class='ocrx_word' id='word_1_708' title='bbox 3278 2737 3416 2792; x_wconf 84' lang='lat' dir='ltr'><strong>inter</strong></span> <span class='ocrx_word' id='word_1_709' title='bbox 3436 2751 3497 2791; x_wconf 91' lang='lat' dir='ltr'><strong>se</strong></span> <span class='ocrx_word' id='word_1_710' title='bbox 3521 2736 3619 2791; x_wconf 81' lang='lat' dir='ltr'><strong>ista</strong></span> 
     </span>
    </p>
   </div>
   <div class='ocr_carea' id='block_1_89' title="bbox 2025 2825 3216 2896">
    <p class='ocr_par' dir='ltr' id='par_1_89' title="bbox 2025 2825 3216 2896">
     <span class='ocr_line' id='line_1_89' title="bbox 2025 2825 3216 2896; baseline -0.002 -14"><span class='ocrx_word' id='word_1_711' title='bbox 2025 2825 2314 2888; x_wconf 86' lang='lat' dir='ltr'><strong>contraria,</strong></span> <span class='ocrx_word' id='word_1_712' title='bbox 2346 2825 2391 2879; x_wconf 90' lang='lat' dir='ltr'><strong>si</strong></span> <span class='ocrx_word' id='word_1_713' title='bbox 2416 2841 2519 2879; x_wconf 92' lang='lat' dir='ltr'><strong>non</strong></span> <span class='ocrx_word' id='word_1_714' title='bbox 2541 2826 2616 2881; x_wconf 91' lang='lat' dir='ltr'><strong>sis</strong></span> <span class='ocrx_word' id='word_1_715' title='bbox 2645 2826 2737 2880; x_wconf 92' lang='lat' dir='ltr'><strong>tibi</strong></span> <span class='ocrx_word' id='word_1_716' title='bbox 2761 2826 2874 2896; x_wconf 88' lang='lat' dir='ltr'><strong>ipse</strong></span> <span class='ocrx_word' id='word_1_717' title='bbox 2894 2827 3216 2882; x_wconf 83' lang='lat' dir='ltr'><strong>contrarius.</strong></span> 
     </span>
    </p>
   </div>
   <div class='ocr_carea' id='block_1_90' title="bbox 2095 2906 3623 2988">
    <p class='ocr_par' dir='ltr' id='par_1_90' title="bbox 2095 2906 3623 2988">
     <span class='ocr_line' id='line_1_90' title="bbox 2095 2906 3623 2988; baseline 0.003 -18"><span class='ocrx_word' id='word_1_718' title='bbox 2095 2906 2383 2971; x_wconf 68' lang='lat' dir='ltr'><strong>CXXXVI.</strong></span> <span class='ocrx_word' id='word_1_719' title='bbox 2422 2915 2542 2971; x_wconf 78' lang='lat' dir='ltr'><strong>JUL.</strong></span> <span class='ocrx_word' id='word_1_720' title='bbox 2598 2915 2796 2973; x_wconf 81' lang='lat' dir='ltr'><strong>Verum</strong></span> <span class='ocrx_word' id='word_1_721' title='bbox 2849 2922 2910 2971; x_wconf 86' lang='lat' dir='ltr'><strong>ut</strong></span> <span class='ocrx_word' id='word_1_722' title='bbox 2962 2917 3049 2973; x_wconf 88' lang='lat' dir='ltr'><strong>hic</strong></span> <span class='ocrx_word' id='word_1_723' title='bbox 3102 2920 3315 2988; x_wconf 81' lang='lat' dir='ltr'><strong>quoque</strong></span> <span class='ocrx_word' id='word_1_724' title='bbox 3366 2922 3623 2988; x_wconf 83' lang='lat' dir='ltr'><strong>quantum</strong></span> 
     </span>
    </p>
   </div>
   <div class='ocr_carea' id='block_1_91' title="bbox 2027 3003 3624 3066">
    <p class='ocr_par' dir='ltr' id='par_1_91' title="bbox 2027 3003 3624 3066">
     <span class='ocr_line' id='line_1_91' title="bbox 2027 3003 3624 3066; baseline 0.004 -6"><span class='ocrx_word' id='word_1_725' title='bbox 2027 3005 2331 3060; x_wconf 86' lang='lat' dir='ltr'><strong>muniamur</strong></span> <span class='ocrx_word' id='word_1_726' title='bbox 2349 3003 2594 3062; x_wconf 86' lang='lat' dir='ltr'><strong>advertas</strong></span> <span class='ocrx_word' id='word_1_727' title='bbox 2627 3024 2641 3061; x_wconf 91' lang='lat'><strong>:</strong></span> <span class='ocrx_word' id='word_1_728' title='bbox 2681 3019 2710 3061; x_wconf 73' lang='grc' dir='ltr'><strong>τι</strong></span> <span class='ocrx_word' id='word_1_729' title='bbox 2751 3007 2870 3062; x_wconf 91' lang='lat' dir='ltr'><strong>loco</strong></span> <span class='ocrx_word' id='word_1_730' title='bbox 2908 3008 3225 3063; x_wconf 88' lang='lat' dir='ltr'><strong>medicantis</strong></span> <span class='ocrx_word' id='word_1_731' title='bbox 3257 3009 3435 3066; x_wconf 89' lang='lat' dir='ltr'><strong>locum</strong></span> <span class='ocrx_word' id='word_1_732' title='bbox 3468 3012 3624 3066; x_wconf 78' lang='lat' dir='ltr'><strong>intel—</strong></span> 
     </span>
    </p>
   </div>
   <div class='ocr_carea' id='block_1_92' title="bbox 2028 3096 3623 3172">
    <p class='ocr_par' dir='ltr' id='par_1_92' title="bbox 2028 3096 3623 3172">
     <span class='ocr_line' id='line_1_92' title="bbox 2028 3096 3623 3172; baseline 0.006 -21"><span class='ocrx_word' id='word_1_733' title='bbox 2028 3096 2132 3168; x_wconf 88' lang='lat' dir='ltr'><strong>lige</strong></span> <span class='ocrx_word' id='word_1_734' title='bbox 2147 3098 2475 3153; x_wconf 88' lang='lat' dir='ltr'><strong>vulnerantis</strong></span> <span class='ocrx_word' id='word_1_735' title='bbox 2495 3098 2537 3152; x_wconf 78' lang='grc'><strong>⁸.</strong></span> <span class='ocrx_word' id='word_1_736' title='bbox 2562 3099 2615 3155; x_wconf 91' lang='lat' dir='ltr'><strong>Si</strong></span> <span class='ocrx_word' id='word_1_737' title='bbox 2638 3099 2884 3155; x_wconf 83' lang='lat' dir='ltr'><strong>Christus</strong></span> <span class='ocrx_word' id='word_1_738' title='bbox 2902 3101 3123 3156; x_wconf 83' lang='lat' dir='ltr'><strong>salvavit</strong></span> <span class='ocrx_word' id='word_1_739' title='bbox 3139 3102 3439 3172; x_wconf 83' lang='lat' dir='ltr'><strong>universos,</strong></span> <span class='ocrx_word' id='word_1_740' title='bbox 3453 3104 3623 3160; x_wconf 86' lang='lat' dir='ltr'><strong>Adant</strong></span> 
     </span>
    </p>
   </div>
   <div class='ocr_carea' id='block_1_93' title="bbox 2029 3189 3088 3263">
    <p class='ocr_par' dir='ltr' id='par_1_93' title="bbox 2029 3189 3088 3263">
     <span class='ocr_line' id='line_1_93' title="bbox 2029 3189 3088 3263; baseline 0.006 -21"><span class='ocrx_word' id='word_1_741' title='bbox 2029 3204 2241 3259; x_wconf 88' lang='lat' dir='ltr'><strong>quoque</strong></span> <span class='ocrx_word' id='word_1_742' title='bbox 2267 3189 2531 3246; x_wconf 77' lang='lat' dir='ltr'><strong>universis</strong></span> <span class='ocrx_word' id='word_1_743' title='bbox 2561 3192 2809 3247; x_wconf 90' lang='lat' dir='ltr'><strong>nocuisse</strong></span> <span class='ocrx_word' id='word_1_744' title='bbox 2840 3196 3088 3263; x_wconf 87' lang='lat' dir='ltr'><strong>tingatur.</strong></span> 
     </span>
    </p>
   </div>
   <div class='ocr_carea' id='block_1_94' title="bbox 2099 3281 3623 3354">
    <p class='ocr_par' dir='ltr' id='par_1_94' title="bbox 2099 3281 3623 3354">
     <span class='ocr_line' id='line_1_94' title="bbox 2099 3281 3623 3354; baseline 0.007 -19"><span class='ocrx_word' id='word_1_745' title='bbox 2099 3281 2238 3338; x_wconf 81' lang='lat' dir='ltr'><strong>Auo.</strong></span> <span class='ocrx_word' id='word_1_746' title='bbox 2277 3281 2543 3354; x_wconf 87' lang='lat' dir='ltr'><strong>Numquid</strong></span> <span class='ocrx_word' id='word_1_747' title='bbox 2582 3283 2704 3339; x_wconf 90' lang='lat' dir='ltr'><strong>ideo</strong></span> <span class='ocrx_word' id='word_1_748' title='bbox 2729 3300 2835 3340; x_wconf 90' lang='lat' dir='ltr'><strong>non</strong></span> <span class='ocrx_word' id='word_1_749' title='bbox 2866 3288 3148 3343; x_wconf 86' lang='lat' dir='ltr'><strong>mittuntur</strong></span> <span class='ocrx_word' id='word_1_750' title='bbox 3172 3302 3362 3345; x_wconf 87' lang='lat' dir='ltr'><strong>omnes</strong></span> <span class='ocrx_word' id='word_1_751' title='bbox 3389 3289 3440 3344; x_wconf 90' lang='lat' dir='ltr'><strong>in</strong></span> <span class='ocrx_word' id='word_1_752' title='bbox 3467 3291 3623 3346; x_wconf 83' lang='lat' dir='ltr'><strong>dam-</strong></span> 
     </span>
    </p>
   </div>
   <div class='ocr_carea' id='block_1_95' title="bbox 2030 3371 3625 3449">
    <p class='ocr_par' dir='ltr' id='par_1_95' title="bbox 2030 3371 3625 3449">
     <span class='ocr_line' id='line_1_95' title="bbox 2030 3371 3625 3449; baseline 0.009 -25"><span class='ocrx_word' id='word_1_753' title='bbox 2030 3371 2302 3427; x_wconf 87' lang='lat' dir='ltr'><strong>nationem</strong></span> <span class='ocrx_word' id='word_1_754' title='bbox 2328 3387 2422 3443; x_wconf 87' lang='lat' dir='ltr'><strong>per</strong></span> <span class='ocrx_word' id='word_1_755' title='bbox 2450 3373 2641 3439; x_wconf 87' lang='lat' dir='ltr'><strong>Adam,</strong></span> <span class='ocrx_word' id='word_1_756' title='bbox 2671 3376 2922 3447; x_wconf 72' lang='lat' dir='ltr'><strong>quoniam</strong></span> <span class='ocrx_word' id='word_1_757' title='bbox 2945 3384 3082 3449; x_wconf 78' lang='lat' dir='ltr'><strong>quos</strong></span> <span class='ocrx_word' id='word_1_758' title='bbox 3105 3379 3217 3434; x_wconf 89' lang='lat' dir='ltr'><strong>vult</strong></span> <span class='ocrx_word' id='word_1_759' title='bbox 3244 3381 3312 3434; x_wconf 88' lang='lat' dir='ltr'><strong>ab</strong></span> <span class='ocrx_word' id='word_1_760' title='bbox 3344 3381 3442 3436; x_wconf 87' lang='lat' dir='ltr'><strong>hac</strong></span> <span class='ocrx_word' id='word_1_761' title='bbox 3467 3382 3625 3437; x_wconf 57' lang='lat' dir='ltr'><strong>donot</strong></span> 
     </span>
    </p>
   </div>
   <div class='ocr_carea' id='block_1_96' title="bbox 2029 3456 3627 3538">
    <p class='ocr_par' dir='ltr' id='par_1_96' title="bbox 2029 3456 3627 3538">
     <span class='ocr_line' id='line_1_96' title="bbox 2029 3456 3627 3538; baseline 0.007 -21"><span class='ocrx_word' id='word_1_762' title='bbox 2029 3464 2245 3520; x_wconf 84' lang='lat' dir='ltr'><strong>natione</strong></span> <span class='ocrx_word' id='word_1_763' title='bbox 2265 3465 2455 3520; x_wconf 85' lang='lat' dir='ltr'><strong>liberat</strong></span> <span class='ocrx_word' id='word_1_764' title='bbox 2478 3456 2756 3522; x_wconf 71' lang='lat' dir='ltr'><strong>Chrimus?</strong></span> <span class='ocrx_word' id='word_1_765' title='bbox 2780 3462 2879 3536; x_wconf 86' lang='lat' dir='ltr'><strong>Qui</strong></span> <span class='ocrx_word' id='word_1_766' title='bbox 2901 3475 3176 3538; x_wconf 84' lang='lat' dir='ltr'><strong>propterea</strong></span> <span class='ocrx_word' id='word_1_767' title='bbox 3195 3482 3381 3526; x_wconf 88' lang='lat' dir='ltr'><strong>omnes</strong></span> <span class='ocrx_word' id='word_1_768' title='bbox 3398 3472 3627 3528; x_wconf 71' lang='lat' dir='ltr'><strong>liberare</strong></span> 
     </span>
    </p>
   </div>
   <div class='ocr_carea' id='block_1_97' title="bbox 2030 3548 3624 3635">
    <p class='ocr_par' dir='ltr' id='par_1_97' title="bbox 2030 3548 3624 3635">
     <span class='ocr_line' id='line_1_97' title="bbox 2030 3548 3624 3635; baseline 0.006 -25"><span class='ocrx_word' id='word_1_769' title='bbox 2030 3548 2205 3611; x_wconf 83' lang='lat' dir='ltr'><strong>dictus</strong></span> <span class='ocrx_word' id='word_1_770' title='bbox 2228 3563 2312 3612; x_wconf 88' lang='lat' dir='ltr'><strong>est</strong></span> <span class='ocrx_word' id='word_1_771' title='bbox 2335 3556 2495 3610; x_wconf 89' lang='lat' dir='ltr'><strong>etiam</strong></span> <span class='ocrx_word' id='word_1_772' title='bbox 2524 3556 2658 3626; x_wconf 87' lang='lat' dir='ltr'><strong>ipse,</strong></span> <span class='ocrx_word' id='word_1_773' title='bbox 2679 3558 2930 3628; x_wconf 91' lang='lat' dir='ltr'><strong>quoniam</strong></span> <span class='ocrx_word' id='word_1_774' title='bbox 2960 3576 3064 3614; x_wconf 90' lang='lat' dir='ltr'><strong>non</strong></span> <span class='ocrx_word' id='word_1_775' title='bbox 3092 3550 3284 3616; x_wconf 89' lang='lat' dir='ltr'><strong>liberat</strong></span> <span class='ocrx_word' id='word_1_776' title='bbox 3302 3568 3624 3635; x_wconf 82' lang='lat' dir='ltr'><strong>quemquam</strong></span> 
     </span>
    </p>
   </div>
   <div class='ocr_carea' id='block_1_98' title="bbox 2030 3648 3624 3721">
    <p class='ocr_par' dir='ltr' id='par_1_98' title="bbox 2030 3648 3624 3721">
     <span class='ocr_line' id='line_1_98' title="bbox 2030 3648 3624 3721; baseline 0.003 -16"><span class='ocrx_word' id='word_1_777' title='bbox 2030 3650 2132 3705; x_wconf 90' lang='lat' dir='ltr'><strong>nisi</strong></span> <span class='ocrx_word' id='word_1_778' title='bbox 2163 3649 2277 3721; x_wconf 88' lang='lat' dir='ltr'><strong>ipse</strong></span> <span class='ocrx_word' id='word_1_779' title='bbox 2302 3665 2316 3704; x_wconf 91' lang='lat'><strong>:</strong></span> <span class='ocrx_word' id='word_1_780' title='bbox 2338 3648 2663 3705; x_wconf 89' lang='lat' dir='ltr'><strong>sicutdictus</strong></span> <span class='ocrx_word' id='word_1_781' title='bbox 2682 3659 2766 3706; x_wconf 90' lang='lat' dir='ltr'><strong>est</strong></span> <span class='ocrx_word' id='word_1_782' title='bbox 2786 3650 3088 3708; x_wconf 81' lang='lat' dir='ltr'><strong>illuminare</strong></span> <span class='ocrx_word' id='word_1_783' title='bbox 3107 3662 3322 3710; x_wconf 83' lang='lat' dir='ltr'><strong>omnem</strong></span> <span class='ocrx_word' id='word_1_784' title='bbox 3352 3654 3624 3712; x_wconf 88' lang='lat' dir='ltr'><strong>hominem</strong></span> 
     </span>
    </p>
   </div>
   <div class='ocr_carea' id='block_1_99' title="bbox 2032 3737 3627 3815">
    <p class='ocr_par' dir='ltr' id='par_1_99' title="bbox 2032 3737 3627 3815">
     <span class='ocr_line' id='line_1_99' title="bbox 2032 3737 3627 3815; baseline 0.007 -22"><span class='ocrx_word' id='word_1_785' title='bbox 2032 3739 2227 3811; x_wconf 86' lang='lat' dir='ltr'><strong>(Joau.</strong></span> <span class='ocrx_word' id='word_1_786' title='bbox 2271 3754 2323 3806; x_wconf 85' lang='grc' dir='ltr'><strong>ι,</strong></span> <span class='ocrx_word' id='word_1_787' title='bbox 2349 3737 2454 3813; x_wconf 85' lang='grc'><strong>9),</strong></span> <span class='ocrx_word' id='word_1_788' title='bbox 2494 3740 2618 3812; x_wconf 91' lang='lat' dir='ltr'><strong>quia</strong></span> <span class='ocrx_word' id='word_1_789' title='bbox 2664 3744 2824 3798; x_wconf 88' lang='lat' dir='ltr'><strong>nemo</strong></span> <span class='ocrx_word' id='word_1_790' title='bbox 2866 3757 3187 3814; x_wconf 87' lang='lat' dir='ltr'><strong>quemquam</strong></span> <span class='ocrx_word' id='word_1_791' title='bbox 3243 3745 3534 3815; x_wconf 83' lang='lat' dir='ltr'><strong>illuminat,</strong></span> <span class='ocrx_word' id='word_1_792' title='bbox 3579 3751 3627 3803; x_wconf 86' lang='lat' dir='ltr'><strong>si</strong></span> 
     </span>
    </p>
   </div>
   <div class='ocr_carea' id='block_1_100' title="bbox 2032 3831 2303 3899">
    <p class='ocr_par' dir='ltr' id='par_1_100' title="bbox 2032 3831 2303 3899">
     <span class='ocr_line' id='line_1_100' title="bbox 2032 3831 2303 3899; baseline -0.004 -13"><span class='ocrx_word' id='word_1_793' title='bbox 2032 3840 2138 3887; x_wconf 81' lang='lat' dir='ltr'><strong>nan</strong></span> <span class='ocrx_word' id='word_1_794' title='bbox 2170 3831 2303 3899; x_wconf 90' lang='lat' dir='ltr'><strong>ipse.</strong></span> 
     </span>
    </p>
   </div>
   <div class='ocr_carea' id='block_1_101' title="bbox 2103 3908 3629 3999">
    <p class='ocr_par' dir='ltr' id='par_1_101' title="bbox 2103 3908 3629 3999">
     <span class='ocr_line' id='line_1_101' title="bbox 2103 3908 3629 3999; baseline 0.003 -21"><span class='ocrx_word' id='word_1_795' title='bbox 2103 3912 2408 3978; x_wconf 78' lang='lat' dir='ltr'><strong>exXxvn.</strong></span> <span class='ocrx_word' id='word_1_796' title='bbox 2448 3912 2569 3978; x_wconf 74' lang='grc' dir='ltr'><strong>Ιυι.</strong></span> <span class='ocrx_word' id='word_1_797' title='bbox 2610 3912 2666 3979; x_wconf 84' lang='lat' dir='ltr'><strong>Si</strong></span> <span class='ocrx_word' id='word_1_798' title='bbox 2709 3908 2954 3978; x_wconf 82' lang='lat' dir='ltr'><strong>Christus</strong></span> <span class='ocrx_word' id='word_1_799' title='bbox 2993 3926 3214 3981; x_wconf 73' lang='lat' dir='ltr'><strong>mulavit</strong></span> <span class='ocrx_word' id='word_1_800' title='bbox 3249 3925 3425 3982; x_wconf 56' lang='lat' dir='ltr'><strong>amt-ia</strong></span> <span class='ocrx_word' id='word_1_801' title='bbox 3473 3933 3629 3999; x_wconf 52' lang='lat' dir='ltr'><strong>genis</strong></span> 
     </span>
    </p>
   </div>
   <div class='ocr_carea' id='block_1_102' title="bbox 2035 4010 3627 4083">
    <p class='ocr_par' dir='ltr' id='par_1_102' title="bbox 2035 4010 3627 4083">
     <span class='ocr_line' id='line_1_102' title="bbox 2035 4010 3627 4083; baseline 0.005 -16"><span class='ocrx_word' id='word_1_802' title='bbox 2035 4010 2217 4067; x_wconf 88' lang='lat' dir='ltr'><strong>talimn</strong></span> <span class='ocrx_word' id='word_1_803' title='bbox 2239 4053 2254 4079; x_wconf 94' lang='lat'><strong>,</strong></span> <span class='ocrx_word' id='word_1_804' title='bbox 2286 4011 2458 4068; x_wconf 86' lang='lat' dir='ltr'><strong>Adam</strong></span> <span class='ocrx_word' id='word_1_805' title='bbox 2503 4028 2565 4067; x_wconf 88' lang='lat' dir='ltr'><strong>ea</strong></span> <span class='ocrx_word' id='word_1_806' title='bbox 2610 4015 2929 4083; x_wconf 86' lang='lat' dir='ltr'><strong>pervertisse</strong></span> <span class='ocrx_word' id='word_1_807' title='bbox 2966 4015 3215 4071; x_wconf 85' lang='lat' dir='ltr'><strong>credatur</strong></span> <span class='ocrx_word' id='word_1_808' title='bbox 3249 4035 3266 4074; x_wconf 89' lang='lat'><strong>:</strong></span> <span class='ocrx_word' id='word_1_809' title='bbox 3297 4019 3340 4072; x_wconf 92' lang='lat' dir='ltr'><strong>si</strong></span> <span class='ocrx_word' id='word_1_810' title='bbox 3382 4018 3627 4075; x_wconf 81' lang='lat' dir='ltr'><strong>Christus</strong></span> 
     </span>
    </p>
   </div>
   <div class='ocr_carea' id='block_1_103' title="bbox 2030 4099 3627 4177">
    <p class='ocr_par' dir='ltr' id='par_1_103' title="bbox 2030 4099 3627 4177">
     <span class='ocr_line' id='line_1_103' title="bbox 2030 4099 3627 4177; baseline 0.004 -15"><span class='ocrx_word' id='word_1_811' title='bbox 2030 4106 2231 4177; x_wconf 87' lang='lat' dir='ltr'><strong>aliquid</strong></span> <span class='ocrx_word' id='word_1_812' title='bbox 2266 4106 2500 4162; x_wconf 84' lang='lat' dir='ltr'><strong>correxit</strong></span> <span class='ocrx_word' id='word_1_813' title='bbox 2528 4099 2551 4138; x_wconf 77' lang='lat'><strong><em>‘</em></strong></span> <span class='ocrx_word' id='word_1_814' title='bbox 2577 4107 2628 4160; x_wconf 92' lang='lat' dir='ltr'><strong>in</strong></span> <span class='ocrx_word' id='word_1_815' title='bbox 2672 4107 2916 4163; x_wconf 86' lang='lat' dir='ltr'><strong>sensibus</strong></span> <span class='ocrx_word' id='word_1_816' title='bbox 2959 4109 3164 4174; x_wconf 88' lang='lat' dir='ltr'><strong>carnis,</strong></span> <span class='ocrx_word' id='word_1_817' title='bbox 3209 4114 3503 4167; x_wconf 65' lang='lat' dir='ltr'><strong>aestimetur</strong></span> <span class='ocrx_word' id='word_1_818' title='bbox 3531 4128 3627 4169; x_wconf 84' lang='lat' dir='ltr'><strong>eos</strong></span> 
     </span>
    </p>
   </div>
   <div class='ocr_carea' id='block_1_104' title="bbox 2031 4190 3629 4269">
    <p class='ocr_par' dir='ltr' id='par_1_104' title="bbox 2031 4190 3629 4269">
     <span class='ocr_line' id='line_1_104' title="bbox 2031 4190 3629 4269; baseline 0.003 -14"><span class='ocrx_word' id='word_1_819' title='bbox 2031 4199 2164 4256; x_wconf 70' lang='lat' dir='ltr'><strong>Adae</strong></span> <span class='ocrx_word' id='word_1_820' title='bbox 2180 4190 2628 4269; x_wconf 78' lang='lat' dir='ltr'><strong>eulpaturpasse&#39;</strong></span> <span class='ocrx_word' id='word_1_821' title='bbox 2662 4216 2675 4253; x_wconf 91' lang='lat'><strong>:</strong></span> <span class='ocrx_word' id='word_1_822' title='bbox 2707 4200 2752 4253; x_wconf 91' lang='lat' dir='ltr'><strong>si</strong></span> <span class='ocrx_word' id='word_1_823' title='bbox 2773 4199 3014 4255; x_wconf 87' lang='lat' dir='ltr'><strong>Christus</strong></span> <span class='ocrx_word' id='word_1_824' title='bbox 3043 4200 3167 4257; x_wconf 81' lang='lat' dir='ltr'><strong>fecit</strong></span> <span class='ocrx_word' id='word_1_825' title='bbox 3197 4204 3516 4261; x_wconf 87' lang='lat' dir='ltr'><strong>medicinam</strong></span> <span class='ocrx_word' id='word_1_826' title='bbox 3550 4207 3629 4262; x_wconf 79' lang='lat' dir='ltr'><strong>ire</strong></span> 
     </span>
    </p>
   </div>
   <div class='ocr_carea' id='block_1_105' title="bbox 2034 4290 3629 4364">
    <p class='ocr_par' dir='ltr' id='par_1_105' title="bbox 2034 4290 3629 4364">
     <span class='ocr_line' id='line_1_105' title="bbox 2034 4290 3629 4364; baseline 0.005 -19"><span class='ocrx_word' id='word_1_827' title='bbox 2034 4305 2131 4364; x_wconf 88' lang='lat' dir='ltr'><strong>per</strong></span> <span class='ocrx_word' id='word_1_828' title='bbox 2149 4305 2514 4363; x_wconf 80' lang='lat' dir='ltr'><strong>propaginem,</strong></span> <span class='ocrx_word' id='word_1_829' title='bbox 2536 4291 2742 4347; x_wconf 90' lang='lat' dir='ltr'><strong>dicatur</strong></span> <span class='ocrx_word' id='word_1_830' title='bbox 2758 4290 2929 4347; x_wconf 84' lang='lat' dir='ltr'><strong>Adam</strong></span> <span class='ocrx_word' id='word_1_831' title='bbox 2942 4307 3035 4363; x_wconf 87' lang='lat' dir='ltr'><strong>per</strong></span> <span class='ocrx_word' id='word_1_832' title='bbox 3048 4292 3445 4364; x_wconf 79' lang='lat' dir='ltr'><strong>generationem</strong></span> <span class='ocrx_word' id='word_1_833' title='bbox 3462 4305 3629 4359; x_wconf 82' lang='lat' dir='ltr'><strong>trans-</strong></span> 
     </span>
    </p>
   </div>
   <div class='ocr_carea' id='block_1_106' title="bbox 2035 4367 3275 4447">
    <p class='ocr_par' dir='ltr' id='par_1_106' title="bbox 2035 4367 3275 4447">
     <span class='ocr_line' id='line_1_106' title="bbox 2035 4367 3275 4447; baseline -0.002 -10"><span class='ocrx_word' id='word_1_834' title='bbox 2035 4381 2247 4437; x_wconf 86' lang='lat' dir='ltr'><strong>misisse</strong></span> <span class='ocrx_word' id='word_1_835' title='bbox 2274 4380 2547 4436; x_wconf 90' lang='lat' dir='ltr'><strong>delictum.</strong></span> <span class='ocrx_word' id='word_1_836' title='bbox 2756 4367 2799 4427; x_wconf 56' lang='grc' dir='ltr'><strong>η’</strong></span> <span class='ocrx_word' id='word_1_837' title='bbox 3120 4382 3134 4435; x_wconf 69' lang='grc' dir='ltr'>ί</span> <span class='ocrx_word' id='word_1_838' title='bbox 3270 4442 3275 4447; x_wconf 33' lang='grc' dir='ltr'><strong><em>τ</em></strong></span> 
     </span>
    </p>
   </div>
   <div class='ocr_carea' id='block_1_107' title="bbox 2105 4456 3629 4543">
    <p class='ocr_par' dir='ltr' id='par_1_107' title="bbox 2105 4456 3629 4543">
     <span class='ocr_line' id='line_1_107' title="bbox 2105 4456 3629 4543; baseline 0.001 -13"><span class='ocrx_word' id='word_1_839' title='bbox 2105 4475 2244 4531; x_wconf 78' lang='lat' dir='ltr'><strong>Ave.</strong></span> <span class='ocrx_word' id='word_1_840' title='bbox 2283 4473 2401 4529; x_wconf 86' lang='lat' dir='ltr'><strong>Jam</strong></span> <span class='ocrx_word' id='word_1_841' title='bbox 2427 4460 2492 4527; x_wconf 85' lang='lat' dir='ltr'><strong>ad</strong></span> <span class='ocrx_word' id='word_1_842' title='bbox 2531 4467 2628 4528; x_wconf 83' lang='lat' dir='ltr'><strong>ista</strong></span> <span class='ocrx_word' id='word_1_843' title='bbox 2660 4456 2976 4543; x_wconf 82' lang='lat' dir='ltr'><strong>responsum</strong></span> <span class='ocrx_word' id='word_1_844' title='bbox 3006 4481 3091 4531; x_wconf 81' lang='lat' dir='ltr'><strong>est</strong></span> <span class='ocrx_word' id='word_1_845' title='bbox 3122 4491 3135 4528; x_wconf 90' lang='lat'><strong>:</strong></span> <span class='ocrx_word' id='word_1_846' title='bbox 3169 4475 3262 4531; x_wconf 90' lang='lat' dir='ltr'><strong>sed</strong></span> <span class='ocrx_word' id='word_1_847' title='bbox 3288 4477 3409 4533; x_wconf 82' lang='lat' dir='ltr'><strong>audi</strong></span> <span class='ocrx_word' id='word_1_848' title='bbox 3453 4478 3629 4535; x_wconf 80' lang='lat' dir='ltr'><strong>brevi-</strong></span> 
     </span>
    </p>
   </div>
   <div class='ocr_carea' id='block_1_108' title="bbox 2033 4557 3629 4643">
    <p class='ocr_par' dir='ltr' id='par_1_108' title="bbox 2033 4557 3629 4643">
     <span class='ocr_line' id='line_1_108' title="bbox 2033 4557 3629 4643; baseline 0.001 -22"><span class='ocrx_word' id='word_1_849' title='bbox 2033 4557 2121 4622; x_wconf 80' lang='lat' dir='ltr'><strong>ter</strong></span> <span class='ocrx_word' id='word_1_850' title='bbox 2164 4566 2326 4622; x_wconf 89' lang='lat' dir='ltr'><strong>etiam</strong></span> <span class='ocrx_word' id='word_1_851' title='bbox 2353 4568 2514 4620; x_wconf 85' lang='lat' dir='ltr'><strong>nune.</strong></span> <span class='ocrx_word' id='word_1_852' title='bbox 2545 4563 2601 4621; x_wconf 87' lang='lat' dir='ltr'><strong>Si</strong></span> <span class='ocrx_word' id='word_1_853' title='bbox 2638 4564 2973 4620; x_wconf 87' lang='lat' dir='ltr'><strong>Christianus</strong></span> <span class='ocrx_word' id='word_1_854' title='bbox 3014 4564 3308 4622; x_wconf 88' lang='lat' dir='ltr'><strong>catholicus</strong></span> <span class='ocrx_word' id='word_1_855' title='bbox 3336 4582 3506 4636; x_wconf 63' lang='lat' dir='ltr'><strong>esses,</strong></span> <span class='ocrx_word' id='word_1_856' title='bbox 3533 4584 3629 4643; x_wconf 71' lang='lat' dir='ltr'><strong>ap.-</strong></span> 
     </span>
    </p>
   </div>
   <div class='ocr_carea' id='block_1_109' title="bbox 2037 4654 3627 4728">
    <p class='ocr_par' dir='ltr' id='par_1_109' title="bbox 2037 4654 3627 4728">
     <span class='ocr_line' id='line_1_109' title="bbox 2037 4654 3627 4728; baseline 0.001 -17"><span class='ocrx_word' id='word_1_857' title='bbox 2037 4664 2249 4728; x_wconf 88' lang='lat' dir='ltr'><strong>pareret</strong></span> <span class='ocrx_word' id='word_1_858' title='bbox 2267 4656 2359 4710; x_wconf 89' lang='lat' dir='ltr'><strong>tibi</strong></span> <span class='ocrx_word' id='word_1_859' title='bbox 2380 4664 2435 4710; x_wconf 91' lang='lat' dir='ltr'><strong>et</strong></span> <span class='ocrx_word' id='word_1_860' title='bbox 2453 4654 2623 4709; x_wconf 88' lang='lat' dir='ltr'><strong>Adam</strong></span> <span class='ocrx_word' id='word_1_861' title='bbox 2642 4655 2891 4709; x_wconf 87' lang='lat' dir='ltr'><strong>delictum</strong></span> <span class='ocrx_word' id='word_1_862' title='bbox 2911 4656 3218 4725; x_wconf 88' lang='lat' dir='ltr'><strong>generando</strong></span> <span class='ocrx_word' id='word_1_863' title='bbox 3239 4659 3627 4725; x_wconf 71' lang='lat' dir='ltr'><strong>transmittens,</strong></span> 
     </span>
    </p>
   </div>
   <div class='ocr_carea' id='block_1_110' title="bbox 2037 4745 3628 4817">
    <p class='ocr_par' dir='ltr' id='par_1_110' title="bbox 2037 4745 3628 4817">
     <span class='ocr_line' id='line_1_110' title="bbox 2037 4745 3628 4817; baseline 0.001 -15"><span class='ocrx_word' id='word_1_864' title='bbox 2037 4756 2092 4802; x_wconf 90' lang='lat' dir='ltr'><strong>et</strong></span> <span class='ocrx_word' id='word_1_865' title='bbox 2130 4746 2370 4803; x_wconf 88' lang='lat' dir='ltr'><strong>Christus</strong></span> <span class='ocrx_word' id='word_1_866' title='bbox 2398 4745 2765 4817; x_wconf 87' lang='lat' dir='ltr'><strong>regenerando</strong></span> <span class='ocrx_word' id='word_1_867' title='bbox 2791 4746 3086 4801; x_wconf 87' lang='lat' dir='ltr'><strong>dimittens.</strong></span> <span class='ocrx_word' id='word_1_868' title='bbox 3125 4747 3423 4803; x_wconf 88' lang='lat' dir='ltr'><strong>Carnaliter</strong></span> <span class='ocrx_word' id='word_1_869' title='bbox 3449 4759 3628 4805; x_wconf 88' lang='lat' dir='ltr'><strong>autem</strong></span> 
     </span>
    </p>
   </div>
   <div class='ocr_carea' id='block_1_111' title="bbox 2037 4821 3685 4919">
    <p class='ocr_par' dir='ltr' id='par_1_111' title="bbox 2037 4821 3685 4919">
     <span class='ocr_line' id='line_1_111' title="bbox 2037 4821 3685 4919; baseline 0.003 -25"><span class='ocrx_word' id='word_1_870' title='bbox 2037 4848 2256 4910; x_wconf 82' lang='lat' dir='ltr'><strong>generat</strong></span> <span class='ocrx_word' id='word_1_871' title='bbox 2297 4838 2498 4903; x_wconf 85' lang='lat' dir='ltr'><strong>Adam,</strong></span> <span class='ocrx_word' id='word_1_872' title='bbox 2529 4837 2876 4919; x_wconf 73' lang='lat' dir='ltr'><strong>spiritualiter</strong></span> <span class='ocrx_word' id='word_1_873' title='bbox 2908 4849 3187 4915; x_wconf 84' lang='lat' dir='ltr'><strong>regenerat</strong></span> <span class='ocrx_word' id='word_1_874' title='bbox 3215 4836 3478 4897; x_wconf 73' lang='lat' dir='ltr'><strong>Christus.</strong></span> <span class='ocrx_word' id='word_1_875' title='bbox 3508 4842 3629 4898; x_wconf 89' lang='lat' dir='ltr'><strong>Noli</strong></span> <span class='ocrx_word' id='word_1_876' title='bbox 3677 4821 3685 4829; x_wconf 44' lang='grc'><strong>’</strong></span> 
     </span>
    </p>
   </div>
   <div class='ocr_carea' id='block_1_112' title="bbox 2039 4929 3630 5014">
    <p class='ocr_par' dir='ltr' id='par_1_112' title="bbox 2039 4929 3630 5014">
     <span class='ocr_line' id='line_1_112' title="bbox 2039 4929 3630 5014; baseline 0.002 -28"><span class='ocrx_word' id='word_1_877' title='bbox 2039 4934 2167 5001; x_wconf 82' lang='lat' dir='ltr'><strong>ergo</strong></span> <span class='ocrx_word' id='word_1_878' title='bbox 2194 4943 2436 4998; x_wconf 63' lang='lat' dir='ltr'><strong>qumrere</strong></span> <span class='ocrx_word' id='word_1_879' title='bbox 2473 4929 2524 5014; x_wconf 86' lang='lat' dir='ltr'><strong>in</strong></span> <span class='ocrx_word' id='word_1_880' title='bbox 2554 4937 2788 5013; x_wconf 54' lang='lat' dir='ltr'><strong>’utroqqe</strong></span> <span class='ocrx_word' id='word_1_881' title='bbox 2838 4930 3184 5000; x_wconf 85' lang='lat' dir='ltr'><strong>propaginem</strong></span> <span class='ocrx_word' id='word_1_882' title='bbox 3212 4929 3387 4987; x_wconf 85' lang='lat' dir='ltr'><strong>ea&#39;rnis</strong></span> <span class='ocrx_word' id='word_1_883' title='bbox 3417 4949 3433 4998; x_wconf 92' lang='lat'><strong>;</strong></span> <span class='ocrx_word' id='word_1_884' title='bbox 3468 4949 3630 5003; x_wconf 88' lang='lat' dir='ltr'><strong>quam</strong></span> 
     </span>
    </p>
   </div>
   <div class='ocr_carea' id='block_1_113' title="bbox 2040 5018 3637 5094">
    <p class='ocr_par' dir='ltr' id='par_1_113' title="bbox 2040 5018 3637 5094">
     <span class='ocr_line' id='line_1_113' title="bbox 2040 5018 3637 5094; baseline 0.004 -19"><span class='ocrx_word' id='word_1_885' title='bbox 2040 5021 2385 5091; x_wconf 86' lang='lat' dir='ltr'><strong>propaginem</strong></span> <span class='ocrx_word' id='word_1_886' title='bbox 2408 5034 2510 5073; x_wconf 92' lang='lat' dir='ltr'><strong>non</strong></span> <span class='ocrx_word' id='word_1_887' title='bbox 2526 5018 2795 5088; x_wconf 76' lang='lat' dir='ltr'><strong>p&#39;értinere</strong></span> <span class='ocrx_word' id='word_1_888' title='bbox 2813 5019 2880 5074; x_wconf 86' lang='lat' dir='ltr'><strong>ad</strong></span> <span class='ocrx_word' id='word_1_889' title='bbox 2903 5021 3359 5090; x_wconf 85' lang='lat' dir='ltr'><strong>regenerationem</strong></span> <span class='ocrx_word' id='word_1_890' title='bbox 3375 5024 3597 5094; x_wconf 87' lang='lat' dir='ltr'><strong>spirilua</strong></span> <span class='ocrx_word' id='word_1_891' title='bbox 3609 5058 3637 5068; x_wconf 96' lang='lat'><strong>-</strong></span> 
     </span>
    </p>
   </div>
   <div class='ocr_carea' id='block_1_114' title="bbox 2041 5102 3634 5177">
    <p class='ocr_par' dir='ltr' id='par_1_114' title="bbox 2041 5102 3634 5177">
     <span class='ocr_line' id='line_1_114' title="bbox 2041 5102 3634 5177; baseline 0.002 -10"><span class='ocrx_word' id='word_1_892' title='bbox 2041 5102 2147 5167; x_wconf 78' lang='lat' dir='ltr'><strong>lem</strong></span> <span class='ocrx_word' id='word_1_893' title='bbox 2172 5152 2188 5177; x_wconf 89' lang='lat'><strong>,</strong></span> <span class='ocrx_word' id='word_1_894' title='bbox 2214 5111 2259 5165; x_wconf 82' lang='lat' dir='ltr'><strong>si</strong></span> <span class='ocrx_word' id='word_1_895' title='bbox 2288 5126 2390 5165; x_wconf 91' lang='lat' dir='ltr'><strong>nou</strong></span> <span class='ocrx_word' id='word_1_896' title='bbox 2419 5110 2697 5166; x_wconf 83' lang='lat' dir='ltr'><strong>contendis</strong></span> <span class='ocrx_word' id='word_1_897' title='bbox 2719 5150 2736 5176; x_wconf 92' lang='lat'><strong>,</strong></span> <span class='ocrx_word' id='word_1_898' title='bbox 2767 5110 3018 5167; x_wconf 89' lang='lat' dir='ltr'><strong>attendis.</strong></span> <span class='ocrx_word' id='word_1_899' title='bbox 3043 5107 3238 5167; x_wconf 85' lang='lat' dir='ltr'><strong>Centra</strong></span> <span class='ocrx_word' id='word_1_900' title='bbox 3267 5113 3634 5171; x_wconf 83' lang='lat' dir='ltr'><strong>inﬁrmitatem</strong></span> 
     </span>
    </p>
   </div>
   <div class='ocr_carea' id='block_1_115' title="bbox 2040 5201 3625 5274">
    <p class='ocr_par' dir='ltr' id='par_1_115' title="bbox 2040 5201 3625 5274">
     <span class='ocr_line' id='line_1_115' title="bbox 2040 5201 3625 5274; baseline 0.001 -15"><span class='ocrx_word' id='word_1_901' title='bbox 2040 5218 2171 5259; x_wconf 80' lang='lat' dir='ltr'><strong>vero</strong></span> <span class='ocrx_word' id='word_1_902' title='bbox 2198 5203 2376 5258; x_wconf 87' lang='lat' dir='ltr'><strong>carnis</strong></span> <span class='ocrx_word' id='word_1_903' title='bbox 2417 5206 2559 5258; x_wconf 83' lang='lat' dir='ltr'><strong>nunc</strong></span> <span class='ocrx_word' id='word_1_904' title='bbox 2596 5201 2797 5258; x_wconf 88' lang='lat' dir='ltr'><strong>Christi</strong></span> <span class='ocrx_word' id='word_1_905' title='bbox 2846 5205 3327 5274; x_wconf 76' lang='lat' dir='ltr'><strong>gra’tia’certamen</strong></span> <span class='ocrx_word' id='word_1_906' title='bbox 3371 5209 3625 5273; x_wconf 82' lang='lat' dir='ltr'><strong>instituit,</strong></span> 
     </span>
    </p>
   </div>
   <div class='ocr_carea' id='block_1_116' title="bbox 2110 5291 3298 5364">
    <p class='ocr_par' dir='ltr' id='par_1_116' title="bbox 2110 5291 3298 5364">
     <span class='ocr_line' id='line_1_116' title="bbox 2110 5291 3298 5364; baseline -0.007 0"><span class='ocrx_word' id='word_1_907' title='bbox 2110 5294 2390 5364; x_wconf 56' lang='grc' dir='ltr'><strong>ξξξοοὲιεω</strong></span> <span class='ocrx_word' id='word_1_908' title='bbox 2412 5291 2588 5364; x_wconf 58' lang='lat' dir='ltr'><strong>istoin</strong></span> <span class='ocrx_word' id='word_1_909' title='bbox 2611 5291 2757 5364; x_wconf 67' lang='grc' dir='ltr'><strong>βάίμε</strong></span> <span class='ocrx_word' id='word_1_910' title='bbox 2774 5295 3004 5344; x_wconf 58' lang='lat' dir='ltr'><strong>enim</strong></span> <span class='ocrx_word' id='word_1_911' title='bbox 3028 5300 3162 5357; x_wconf 72' lang='lat' dir='ltr'><strong>em.</strong></span> <span class='ocrx_word' id='word_1_912' title='bbox 3191 5308 3298 5348; x_wconf 76' lang='lat' dir='ltr'><strong>nec.</strong></span> 
     </span>
    </p>
   </div>
   <div class='ocr_carea' id='block_1_117' title="bbox 2107 5352 3280 5415">
    <p class='ocr_par' dir='ltr' id='par_1_117' title="bbox 2107 5352 3280 5415">
     <span class='ocr_line' id='line_1_117' title="bbox 2107 5352 3280 5415; baseline -0.004 -9"><span class='ocrx_word' id='word_1_913' title='bbox 2107 5355 2131 5388; x_wconf 73' lang='lat'><strong>’</strong></span> <span class='ocrx_word' id='word_1_914' title='bbox 2150 5360 2233 5405; x_wconf 74' lang='lat' dir='ltr'><strong>us.</strong></span> <span class='ocrx_word' id='word_1_915' title='bbox 2253 5360 2399 5415; x_wconf 66' lang='lat' dir='ltr'><strong>rore,</strong></span> <span class='ocrx_word' id='word_1_916' title='bbox 2429 5352 2485 5405; x_wconf 68' lang='lat' dir='ltr'><strong>tu“</strong></span> <span class='ocrx_word' id='word_1_917' title='bbox 2504 5352 2722 5415; x_wconf 73' lang='lat' dir='ltr'><strong>mortem.</strong></span> <span class='ocrx_word' id='word_1_918' title='bbox 3145 5352 3156 5357; x_wconf 82' lang='lat'>&#39;</span> <span class='ocrx_word' id='word_1_919' title='bbox 3277 5397 3280 5401; x_wconf 83' lang='lat'><strong>.</strong></span> 
     </span>
    </p>
   </div>
   <div class='ocr_carea' id='block_1_118' title="bbox 2109 5413 3632 5529">
    <p class='ocr_par' dir='ltr' id='par_1_118' title="bbox 2109 5413 3632 5529">
     <span class='ocr_line' id='line_1_118' title="bbox 2109 5413 3632 5480; baseline 0.001 -14"><span class='ocrx_word' id='word_1_920' title='bbox 2109 5416 2133 5449; x_wconf 85' lang='grc'><strong><em>⁸</em></strong></span> <span class='ocrx_word' id='word_1_921' title='bbox 2155 5423 2280 5474; x_wconf 83' lang='lat' dir='ltr'><strong>Post,</strong></span> <span class='ocrx_word' id='word_1_922' title='bbox 2304 5413 2476 5476; x_wconf 77' lang='lat' dir='ltr'><strong>feceris</strong></span> <span class='ocrx_word' id='word_1_923' title='bbox 2496 5413 2695 5474; x_wconf 59' lang='lat' dir='ltr'><strong>alimus,</strong></span> <span class='ocrx_word' id='word_1_924' title='bbox 2718 5416 2992 5480; x_wconf 78' lang='lat' dir='ltr'><strong>vignierms</strong></span> <span class='ocrx_word' id='word_1_925' title='bbox 3008 5416 3221 5470; x_wconf 54' lang='lat' dir='ltr'><strong>ﬁdebat</strong></span> <span class='ocrx_word' id='word_1_926' title='bbox 3274 5418 3389 5470; x_wconf 78' lang='lat' dir='ltr'><strong>Ideo</strong></span> <span class='ocrx_word' id='word_1_927' title='bbox 3413 5432 3479 5471; x_wconf 79' lang='lat' dir='ltr'><strong>ea:</strong></span> <span class='ocrx_word' id='word_1_928' title='bbox 3495 5424 3632 5468; x_wconf 47' lang='lat' dir='ltr'><strong>utras</strong></span> 
     </span>
     <span class='ocr_line' id='line_1_119' title="bbox 2109 5455 3632 5529; baseline 0.001 -1"><span class='ocrx_word' id='word_1_929' title='bbox 2109 5489 2140 5528; x_wconf 81' lang='lat' dir='ltr'><strong>e</strong></span> <span class='ocrx_word' id='word_1_930' title='bbox 2166 5484 2305 5529; x_wconf 68' lang='lat' dir='ltr'><strong>parte</strong></span> <span class='ocrx_word' id='word_1_931' title='bbox 2336 5476 3082 5529; x_wconf 61' lang='lat' dir='ltr'><strong>dictistmtonmesmuianemo</strong></span> <span class='ocrx_word' id='word_1_932' title='bbox 3115 5455 3632 5529; x_wconf 60' lang='lat' dir='ltr'><strong>adairmationeoeues</strong></span> 
     </span>
    </p>
   </div>
   <div class='ocr_carea' id='block_1_119' title="bbox 2046 5476 3633 5614">
    <p class='ocr_par' dir='ltr' id='par_1_119' title="bbox 2046 5476 3633 5614">
     <span class='ocr_line' id='line_1_120' title="bbox 2046 5476 3633 5589; baseline 0.003 -63"><span class='ocrx_word' id='word_1_933' title='bbox 2046 5488 2140 5543; x_wconf 82' lang='lat' dir='ltr'><strong>que</strong></span> <span class='ocrx_word' id='word_1_934' title='bbox 2166 5476 3082 5589; x_wconf 53' lang='grc' dir='ltr'><strong>ρανιεᾱςξειιξεωιιοηυιεεζᾳιάαηαηο</strong></span> <span class='ocrx_word' id='word_1_935' title='bbox 3115 5476 3633 5552; x_wconf 64' lang='grc' dir='ltr'><strong>αάφηωιὲοηερεηιδ</strong></span> 
     </span>
     <span class='ocr_line' id='line_1_121' title="bbox 2047 5532 3633 5614; baseline 0 0"><span class='ocrx_word' id='word_1_936' title='bbox 2856 5553 2953 5613; x_wconf 52' lang='lat' dir='ltr'><strong>non</strong></span> <span class='ocrx_word' id='word_1_937' title='bbox 2987 5547 3204 5614; x_wconf 57' lang='lat' dir='ltr'><strong>essent.</strong></span> <span class='ocrx_word' id='word_1_938' title='bbox 3223 5554 3273 5592; x_wconf 82' lang='grc' dir='ltr'>ω</span> <span class='ocrx_word' id='word_1_939' title='bbox 3307 5547 3414 5614; x_wconf 55' lang='lat' dir='ltr'><strong>&quot;se</strong></span> <span class='ocrx_word' id='word_1_940' title='bbox 3442 5550 3550 5614; x_wconf 64' lang='lat' dir='ltr'><strong>Mer;</strong></span> <span class='ocrx_word' id='word_1_941' title='bbox 3577 5532 3633 5590; x_wconf 71' lang='grc' dir='ltr'>εί</span> 
     </span>
    </p>
   </div>
   <div class='ocr_carea' id='block_1_120' title="bbox 2049 5599 3571 5672">
    <p class='ocr_par' dir='ltr' id='par_1_120' title="bbox 2049 5599 3571 5672">
     <span class='ocr_line' id='line_1_122' title="bbox 2049 5599 3571 5672; baseline -0.001 -23"><span class='ocrx_word' id='word_1_942' title='bbox 2049 5607 2201 5672; x_wconf 42' lang='grc' dir='ltr'><strong>νος-ιη</strong></span> <span class='ocrx_word' id='word_1_943' title='bbox 2324 5606 2512 5672; x_wconf 79' lang='lat' dir='ltr'><strong>tantum</strong></span> <span class='ocrx_word' id='word_1_944' title='bbox 2518 5600 2665 5672; x_wconf 66' lang='lat' dir='ltr'><strong>intra,</strong></span> <span class='ocrx_word' id='word_1_945' title='bbox 2679 5601 2770 5672; x_wconf 62' lang='lat' dir='ltr'><strong>ubi</strong></span> <span class='ocrx_word' id='word_1_946' title='bbox 2792 5601 2855 5672; x_wconf 72' lang='lat' dir='ltr'><strong>ab</strong></span> <span class='ocrx_word' id='word_1_947' title='bbox 2874 5602 2980 5665; x_wconf 88' lang='lat' dir='ltr'><strong>ipso</strong></span> <span class='ocrx_word' id='word_1_948' title='bbox 2997 5603 3239 5671; x_wconf 76' lang='lat' dir='ltr'><strong>Vigttierio</strong></span> <span class='ocrx_word' id='word_1_949' title='bbox 3260 5603 3571 5665; x_wconf 60' lang='lat' dir='ltr'><strong>repetuntur:</strong></span> 
     </span>
    </p>
   </div>
   <div class='ocr_carea' id='block_1_121' title="bbox 2114 5660 2862 5720">
    <p class='ocr_par' dir='ltr' id='par_1_121' title="bbox 2114 5660 2862 5720">
     <span class='ocr_line' id='line_1_123' title="bbox 2114 5660 2862 5720; baseline 0.003 -11"><span class='ocrx_word' id='word_1_950' title='bbox 2114 5662 2137 5694; x_wconf 72' lang='grc' dir='ltr'>δ</span> <span class='ocrx_word' id='word_1_951' title='bbox 2156 5668 2222 5712; x_wconf 88' lang='lat' dir='ltr'><strong>tta</strong></span> <span class='ocrx_word' id='word_1_952' title='bbox 2238 5667 2348 5710; x_wconf 75' lang='lat' dir='ltr'><strong>uss.</strong></span> <span class='ocrx_word' id='word_1_953' title='bbox 2375 5668 2430 5711; x_wconf 74' lang='lat' dir='ltr'><strong>At</strong></span> <span class='ocrx_word' id='word_1_954' title='bbox 2452 5662 2588 5720; x_wconf 79' lang='lat' dir='ltr'><strong>editi,</strong></span> <span class='ocrx_word' id='word_1_955' title='bbox 2612 5660 2862 5713; x_wconf 78' lang='lat' dir='ltr'><strong>munerati.</strong></span> 
     </span>
    </p>
   </div>
   <div class='ocr_carea' id='block_1_122' title="bbox 2115 5723 2885 5780">
    <p class='ocr_par' dir='ltr' id='par_1_122' title="bbox 2115 5723 2885 5780">
     <span class='ocr_line' id='line_1_124' title="bbox 2115 5723 2885 5780; baseline -0.006 -6"><span class='ocrx_word' id='word_1_956' title='bbox 2115 5724 2138 5757; x_wconf 83' lang='lat'><strong>&#39;</strong></span> <span class='ocrx_word' id='word_1_957' title='bbox 2162 5731 2287 5780; x_wconf 64' lang='lat' dir='ltr'><strong>mss,</strong></span> <span class='ocrx_word' id='word_1_958' title='bbox 2314 5723 2619 5773; x_wconf 65' lang='lat' dir='ltr'><strong>correxerit.</strong></span> <span class='ocrx_word' id='word_1_959' title='bbox 2658 5744 2663 5751; x_wconf 87' lang='grc'><strong>·</strong></span> <span class='ocrx_word' id='word_1_960' title='bbox 2880 5754 2885 5761; x_wconf 80' lang='lat'><strong>.</strong></span> 
     </span>
    </p>
   </div>
   <div class='ocr_carea' id='block_1_123' title="bbox 2120 5781 2831 5850">
    <p class='ocr_par' dir='ltr' id='par_1_123' title="bbox 2120 5781 2831 5850">
     <span class='ocr_line' id='line_1_125' title="bbox 2120 5781 2831 5850; baseline -0.01 -16"><span class='ocrx_word' id='word_1_961' title='bbox 2120 5784 2141 5817; x_wconf 88' lang='grc'>⁶</span> <span class='ocrx_word' id='word_1_962' title='bbox 2165 5784 2301 5846; x_wconf 76' lang='lat' dir='ltr'><strong>Editi,</strong></span> <span class='ocrx_word' id='word_1_963' title='bbox 2327 5781 2567 5847; x_wconf 67' lang='lat' dir='ltr'><strong>turbasse,</strong></span> <span class='ocrx_word' id='word_1_964' title='bbox 2583 5791 2831 5850; x_wconf 67' lang='lat' dir='ltr'><strong>corrupte,</strong></span> 
     </span>
    </p>
   </div>
  </div>
