4126 6524
545 369 681 426 H99

455 519 460 522 -
543 496 722 556 postea
751 485 866 556 ejus
896 486 1134 558 perﬁciet
1161 490 1442 545 sanitatem
1481 508 1493 544 :
1524 490 1678 561 cujus
1715 491 1958 546 sanitatis
1987 492 2127 546 futu-

542 591 616 628 τω
640 585 796 644 atque
825 587 1094 646 perpetua:
1117 593 1254 633 nunc
1275 580 1462 650 pignus
1486 579 1739 650 Spiritum
1769 590 2008 635 sanctum
2035 583 2128 634 de-

543 666 618 719 dit
646 666 726 736 (ll
749 665 867 720 Cor.
897 683 949 731 v,
979 665 1058 738 5),
1087 683 1184 738 per
1206 685 1362 742 quem
1389 668 1698 724 dill'unditur
1719 673 1769 724 in
1792 671 1987 726 nostris
2007 688 2126 726 cor-

541 756 695 810 dibus
719 755 948 811 charitas
973 757 1149 825 (Rom.
1178 775 1233 822 v,
1260 757 1340 831 5),
1369 768 1424 814 ut
1445 775 1544 814 nos
1571 759 1636 815 ad
1662 775 1884 832 agonem
1913 762 2124 818 interim

543 847 728 901 relicta
761 849 938 901 carnis
969 864 1071 903 non
1105 849 1280 904 vincat
1305 849 1604 906 infirmitas.

611 936 941 992 CXXXVIII.
981 938 1097 993 Jun.
1142 939 1235 995 Sin
1277 949 1454 995 autem
1503 941 1585 995 his
1625 942 1872 997 omnibus
1915 942 1968 998 in
2011 959 2078 999 eo
2105 986 2120 1010 ,

541 1043 698 1096 quem
729 1030 1022 1100 suscipiunt
1049 1046 1078 1084 a
1108 1043 1314 1099 natura,
1338 1033 1524 1088 ordine
1549 1035 2004 1104 permanentibus,
2031 1038 2126 1092 ad-

541 1116 950 1186 hortationibus,
980 1123 1163 1191 signis,
1192 1124 1472 1194 exemplis,
1504 1126 1856 1196 promissione
1885 1129 1970 1183 vel
2000 1145 2121 1184 tnu-

541 1225 732 1264 nerum
752 1254 765 1275 ,
804 1213 885 1266 vel
930 1227 1205 1282 pmnarum
1227 1255 1242 1280 ,
1275 1213 1340 1268 ad
1371 1213 1528 1270 Iidem
1557 1217 1800 1271 voluntas
1828 1219 1942 1273 sine
1971 1219 2124 1274 indu-

539 1301 716 1355 ctione
745 1305 1078 1358 necessitatis
1103 1303 1354 1371 allicitur,
1387 1313 1441 1360 et
1467 1305 1578 1362 haec
1605 1323 1703 1378 per
1740 1307 2001 1377 instituta,
2027 1327 2124 1381 per

542 1394 820 1462 mysteria,
856 1411 951 1464 per
994 1395 1165 1460 dena;
1199 1413 1302 1452 non
1333 1415 1588 1468 oppressa
1613 1441 1628 1465 ,
1660 1401 1750 1456 sed
1777 1413 2078 1472 exspectata
2103 1444 2118 1470 ,

545 1481 639 1536 sed
673 1483 858 1550 libera,
891 1485 984 1540 sed
1019 1499 1302 1557 provocata
1332 1499 1578 1554 curatur;
1608 1499 1846 1560 apparet,
1871 1502 1924 1548 et
1951 1493 1995 1547 si
2018 1507 2123 1548 uno

539 1577 729 1644 spiritu
753 1586 892 1632 totus
915 1579 1143 1634 mundus
1163 1579 1248 1635 vel
1272 1581 1486 1650 rugiens
1507 1584 1589 1636 vel
1619 1583 1831 1638 rabiens
1850 1584 1866 1616 ¹
1891 1584 2124 1656 relrage-

539 1677 662 1731 tur,
719 1672 1042 1726 voluntatem
1097 1673 1552 1743 uniuscujusque,
1597 1691 1704 1730 non
1749 1675 2118 1748 nativitatem,

538 1759 756 1813 tinctam
781 1761 1075 1816 imitatione
1103 1762 1264 1818 fuisse
1293 1765 1518 1833 peccati.

609 1853 742 1906 Are.
777 1853 1124 1924 Quacumque
1153 1863 1204 1908 te
1249 1865 1430 1910 vertas
1453 1896 1469 1920 ,
1514 1857 1583 1912 ab
1612 1857 1856 1928 originali
1905 1867 2122 1929 peecalo

540 1957 648 1997 non
675 1941 937 1999 alienabis
967 1945 1221 2015 parvulos
1246 1987 1261 2012 ,
1289 1947 1390 2001 nisi
1419 1962 1513 2002 eos
1537 1951 1816 2018 negaveris
1840 1957 2076 2006 mortuos
2104 1971 2119 2006 :

531 2033 676 2103 quod
703 2035 746 2089 si
780 2035 990 2098 feceris.
1022 2046 1288 2093 mortuum
1320 2053 1416 2112 pro
1445 2039 1525 2095 eis
1549 2039 1815 2096 Christum
1840 2041 1998 2097 simul
2023 2057 2120 2098 ne-

529 2125 683 2195 gabis
707 2141 723 2181 :
747 2126 790 2180 si
819 2135 1020 2194 autem,
1045 2143 1112 2183 ne
1135 2127 1236 2184 hoc
1260 2143 1442 2201 neges,
1472 2139 1708 2186 mortuos
1735 2133 1978 2203 parvulos
2003 2147 2125 2190 con-

534 2219 737 2285 literis;
762 2219 998 2289 profecto
1025 2220 1080 2274 in
1109 2221 1275 2276 Adam
1301 2231 1541 2279 mortuos
1567 2239 1671 2279 non
1704 2225 1920 2296 negabis
1941 2227 1962 2257 '
1989 2244 2001 2281 :
2033 2233 2124 2281 aut

534 2309 580 2364 si
615 2325 719 2362 non
753 2309 844 2372 ibi,
873 2309 959 2364 dic
989 2310 1097 2364 ubi.

606 2401 892 2456 CXXXIX.
937 2401 1058 2457 ιω..
1090 2403 1343 2471 Quamvis
1382 2405 1540 2460 nimis
1567 2407 1798 2463 molliter
1825 2408 2024 2478 egerim
2051 2408 2073 2442 ³
2104 2427 2120 2464 :

541 2493 644 2546 rtsi
673 2492 817 2547 enim
838 2493 1082 2548 Christus
1105 2509 1168 2548 ex
1192 2507 1256 2550 eo
1279 2509 1388 2565 quo
1413 2497 1558 2550 venit
1583 2505 1840 2568 tempore,
1865 2497 2123 2555 universis

537 2582 845 2638 hominibus
875 2583 1160 2640 doceretur
1198 2595 1252 2641 et
1296 2587 1397 2641 iter
1420 2587 1784 2645 interclusisse
1814 2591 1998 2646 mortis
2018 2633 2032 2654 ,
2064 2601 2121 2648 et

535 2677 701 2729 vitam
729 2674 960 2730 donasse
983 2685 1312 2746 perpetuam,
1338 2687 1396 2733 ut
1418 2695 1575 2734 nemo
1601 2697 1818 2750 prorsus
1842 2699 1904 2738 ex
1928 2695 1994 2739 eo
2015 2684 2121 2753 die,

538 2785 645 2839 quo
672 2767 913 2824 Verbum
943 2783 1069 2824 caro
1114 2769 1307 2825 iactum
1337 2779 1438 2838 est,
1471 2781 1561 2827 aut
1589 2773 1641 2828 in
1672 2783 1946 2844 peccatum
1975 2775 2122 2833 Iabe-

536 2869 706 2928 retur,
736 2869 824 2916 aut
856 2877 952 2932 pro
999 2872 1216 2932 peccato
1247 2877 1456 2934 poenam
1487 2866 1728 2932 timeret;
1755 2882 1860 2922 non
1889 2875 2062 2924 tamen
2091 2884 2123 2924 a

537 2949 878 3008 conditione‘
893 2953 1078 3023 prima:
1099 2953 1407 3023 iniquitatis,
1425 2971 1544 3026 quae
1565 2956 1896 3012 liberalitatis
1913 2959 2127 3015 docere.

541 3053 626 3096 tur
671 3051 925 3097 extrema:
958 3059 971 3095 :
1004 3043 1252 3114 quoniam
1293 3045 1575 3102 subvenire
1618 3063 1724 3102 non
1755 3049 2081 3106 merentibus
2105 3091 2121 3118 ,

540 3145 711 3205 potest
731 3143 785 3189 et
808 3133 944 3190 solet
961 3135 1120 3200 Deus,
1144 3149 1264 3191 eum
1288 3135 1440 3192 laude
1469 3137 1797 3206 clementiae;
1825 3139 2012 3212 punire
2030 3157 2127 3196 au-

537 3235 644 3281 tem
671 3241 772 3279 non
803 3235 1083 3296 peccantes
1113 3243 1218 3282 non
1239 3237 1434 3298 potest,
1453 3229 1567 3284 sine
1592 3231 1870 3286 eversione
1882 3231 2120 3302 justitias.

609 3319 746 3373 Auc.
789 3315 922 3384 Quia
966 3331 1094 3388 ergo
1123 3317 1269 3388 gravi
1295 3319 1423 3389 jugo
1467 3335 1498 3375 a
1527 3320 1614 3374 die
1643 3323 1815 3378 exitus
1841 3323 1909 3378 de
1933 3333 2125 3380 ventre

538 3408 748 3470 matris,
777 3407 941 3477 puniti
969 3417 1095 3462 sunt
1124 3409 1363 3477 parvuli;
1391 3423 1621 3480 agnosce
1643 3411 1874 3480 judicem
1897 3413 2122 3482 justum,

537 3509 592 3553 et
618 3499 875 3554 conﬁtere
918 3499 1174 3570 originale
1199 3511 1494 3570 peccatum.
1529 3499 1722 3557 Punire
1748 3503 1888 3557 enim
1927 3504 2125 3560 nullius

539 3589 740 3659 peccati
769 3590 1014 3645 meritum
1041 3589 1318 3658 habentes,
1345 3591 1660 3646 sicutetiam
1689 3591 1802 3663 ipse
1830 3591 2122 3662 confiteris,

541 3695 647 3736 non
677 3689 853 3750 potest
881 3681 998 3736 sine
1026 3682 1304 3738 eversione
1329 3683 1568 3752 justitiae.

611 3771 769 3826 CXL.
799 3771 918 3828 JUL.
947 3773 1180 3828 Attende
1206 3774 1364 3842 igitur
1388 3775 1515 3845 quid
1545 3775 1831 3846 disputatio
1861 3785 1966 3833 tota
1998 3795 2127 3834 con-

537 3863 742 3918 fecerit.
769 3863 824 3918 Si
865 3864 1030 3933 gratia
1060 3861 1257 3918 Christi
1288 3873 1342 3919 et
1372 3865 1502 3920 Adae
1529 3867 1684 3936 culpa
1711 3867 1762 3922 in
1797 3869 2021 3924 di‘verSIS
2045 3870 2125 3926 ef-

537 3953 764 4008 fectibus
789 3953 1067 4022 aequaliter
1095 3967 1459 4022 censerentur,
1487 3965 1545 4012 ut
1571 3959 1654 4014 vel
1685 3973 1909 4017 numero
1935 3977 2126 4033 opera-

538 4047 742 4099 tinnum
768 4059 926 4120 pares
955 4055 1155 4112 essent,
1187 4063 1305 4117 qua:
1351 4049 1719 4119 operationum
1749 4067 1946 4122 genere
1969 4054 2127 4110 dissi-

539 4135 773 4202 debant;
815 4135 1114 4192 docendum
1154 4147 1310 4206 erat,
1355 4139 1513 4194 tantis
1559 4141 1818 4211 profuisse
1862 4145 2080 4215 gratiam
2105 4189 2122 4216 ,

539 4228 753 4297 quantis
778 4227 933 4298 culpa
961 4229 1232 4284 nocuisset
1266 4247 1281 4284 :
1325 4237 1382 4284 ut
1425 4231 1766 4300 appensionis
1809 4235 1976 4296 illius,
2022 4249 2124 4307 qua

548 4317 943 4372 trutina-bantur
963 4360 978 4382 ,
1010 4319 1233 4390 aequitas
1259 4329 1318 4380 et
1337 4329 1605 4376 momenta
1637 4333 1959 4379 constarent.
1983 4317 2126 4382 Sub-

549 4409 732 4464 venire
776 4424 907 4480 ergo
931 4410 1116 4466 debuit
1158 4411 1319 4466 etiam
1365 4411 1471 4466 illis
1512 4413 1729 4468 omnino
1759 4415 1890 4472 locis
1917 4417 2126 4488 illisque

539 4501 779 4571 partibus
802 4503 1086 4570 medicina,
1109 4505 1299 4574 quibus
1323 4501 1593 4561 insederat
1617 4509 1908 4578 aegritudo;
1941 4509 1992 4564 id
2018 4521 2122 4579 est,

536 4592 583 4646 si
611 4592 810 4663 aliquid
839 4593 890 4648 in
923 4595 1154 4650 motibus
1183 4595 1490 4666 genitalium
1509 4637 1524 4661 ,
1555 4597 1606 4651 in
1637 4599 1882 4654 sensibus
1924 4605 2125 4656 ‘coeun-

539 4687 692 4752 tium,
725 4687 778 4741 in
816 4687 1145 4743 obscenitate
1175 4689 1570 4754 membrorum,
1614 4689 1667 4745 in
1699 4689 2003 4748 infelicitate
2032 4707 2127 4748 ηα-

545 4780 843 4846 scentium,
887 4773 1167 4850 antiquum
1210 4782 1412 4836 crimen
1456 4781 1726 4850 ell‘ecerat,
1756 4785 2124 4842 immutatione

535 4871 724 4926 horum
749 4885 866 4942 qua:
899 4873 1128 4928 diximus
1151 4916 1168 4940 ,
1198 4875 1433 4930 remedia
1478 4877 1790 4932 contulisset
1836 4895 1850 4932 :
1889 4875 2125 4949 alioquin

539 4965 740 5032 grande
769 4965 1130 5020 testimonium
1177 4966 1458 5021 imbecilla:
1485 4967 1615 5025 artis
1634 5009 1650 5034 ,
1680 4967 1918 5039 nihilque
1943 4969 2125 5039 profu-

537 5066 667 5110 turae
694 5098 707 5121 ,
749 5071 852 5110 nec
879 5057 1050 5112 locum
1083 5057 1412 5126 trgritudinis
1435 5058 1721 5124 invenisse,
1750 5067 1805 5114 et
1831 5060 2126 5130 languenti-

549 5145 649 5200 bus
677 5145 985 5214 evcrsisq'ue
1013 5147 1362 5213 naturalibus,
1397 5149 1587 5202 inertia
1613 5147 1634 5180 ⁵
1672 5147 1901 5204 fomenta
1930 5151 2121 5206 volun-

537 5237 734 5288 tatibus
764 5235 1082 5288 admovisse.

501 5331 515 5359 ο
611 5327 746 5379 Anc.
788 5323 904 5377 Jam
935 5337 1250 5394 reSponsum
1292 5335 1392 5391 est,
1440 5339 1562 5380 cum
1604 5327 1671 5382 de
1707 5327 1958 5384 distantia
1985 5345 2120 5400 prat-

602 5459 618 5491 ⁸
644 5459 717 5520 sic
735 5460 852 5520 Mss.
873 5463 924 5506 Al
949 5457 1086 5520 editi,
1111 5457 1322 5520 rapiens.

600 5521 624 5550 ι
655 5519 791 5586 miti,
813 5517 1036 5586 statuent
1054 5519 1140 5586 hoc
1157 5517 1250 5566 non
1273 5532 1431 5582 neges,
1458 5527 1504 5570 et
1520 5527 1728 5586 mortuos
1749 5523 1970 5586 parvulos
2004 5539 2118 5578 catt-

537 5575 689 5641 ﬁn;er
711 5593 724 5636 ;
749 5581 958 5644 profecto
979 5577 1206 5644 ign/idem
1233 5575 1440 5630 mortuos
1457 5581 1671 5644 negabis.
1703 5575 2021 5638 [stimulantur
2037 5575 2118 5640 ex

537 5638 966 5700 hiatiuscriptorum
987 5638 1101 5688 ﬁde.

603 5701 622 5731 ³
657 5699 789 5754 Editi,
813 5700 982 5758 eqeril,
1007 5699 1259 5747 mendose.

599 5763 622 5827 ξ
655 5760 905 5827 btettartlus
915 5791 944 5827 ρ.
954 5772 1010 5807 ea
1033 5758 1258 5810 conditio.

601 5819 625 5852 ⁸
657 5825 785 5878 lss.,
803 5819 1010 5870 ϋιεηίαε.

1225 373 1468 432 OPERIS
1506 375 1913 433 IMPERFECTI
1951 377 2222 435 CONTRA
2259 379 2618 450 JULIANUM,
2657 385 2714 440 S.
2757 388 3122 446 AUGUSTINI

3669 403 3800 459 I200

2239 495 2405 548 sentis
2433 505 2486 548 et
2514 495 2674 550 futuri
2693 500 2870 554 smculi
2903 501 3064 556 locuti
3092 519 3276 558 sumus
3297 505 3507 575 (Supra,
3533 524 3681 580 capp.
3711 513 3797 576 93,

2234 584 2321 645 94.
2357 585 2502 656 I06).
2537 585 2634 640 llic
2657 589 2796 642 enim
2827 592 3113 661 accipimus
3146 611 3238 664 per
3267 597 3457 668 pignus
3482 599 3726 669 Spiritus.
3749 615 3799 659 et

2231 675 2470 728 certandi
2496 685 2550 730 et
2577 677 2819 733 vincendi
2852 680 2996 735 vires
3021 699 3035 734 :
3061 682 3131 738 ibi
3159 693 3355 751 autem,
3380 687 3492 742 sine
3519 687 3669 744 hoste
3695 692 3798 747 ullo

2230 773 2452 818 externo
2493 774 2548 820 et
2589 766 2820 833 interno,
2869 767 3122 826 ineﬂ‘abili
3169 772 3271 828 hac
3311 777 3628 849 sempiterna
3669 795 3796 850 pace

2230 856 2580 925 perfrnemur.
2613 859 2862 930 Quisquis
2902 877 3029 932 ergo
3076 865 3252 918 omnia
3283 881 3401 936 qua:
3440 867 3511 922 ibi
3557 867 3791 927 habenda

2228 955 2372 1011 sunt,
2405 945 2492 1002 hic
2528 949 2640 1003 vult
2680 949 2898 1016 habere,
2933 953 3088 1007 [idem
3119 969 3178 1010 se
3213 955 3410 1012 iudicat
3437 975 3542 1013 non
3584 960 3792 1017 habere.

2297 1033 2476 1090 CXLI.
2518 1033 2635 1092 JtlL.
2676 1039 2919 1095 Ostendit
2937 1051 3112 1096 autem
3141 1044 3280 1099 inter
3305 1046 3417 1101 huic
3437 1049 3647 1112 veritas.
3677 1053 3792 1122 quia

2227 1129 2326 1182 etsi
2375 1129 2650 1198 prodesset
2688 1130 2853 1186 ellusa
2891 1135 3214 1204 generaliter
3259 1138 3520 1193 medicina
3569 1143 3791 1200 motibus

2227 1228 2388 1290 atque
2407 1221 2423 1251 ί
2455 1221 2784 1287 mortalibus,
2819 1221 2926 1279 illis
2953 1242 3163 1296 quoque
3195 1231 3283 1298 qui
3309 1245 3426 1284 eam
3454 1233 3600 1287 nullo
3623 1235 3794 1290 studio

2227 1327 2329 1367 nec
2354 1313 2458 1367 ulla
2485 1315 2782 1372 intentione
2811 1319 3157 1384 meruissent;
3191 1336 3295 1376 non
3338 1331 3511 1378 tamen
3546 1329 3789 1382 continuo

2226 1416 2442 1462 noceret
2478 1409 2632 1480 culpa
2677 1411 3034 1476 nascentibus,
3067 1413 3154 1482 qui
3184 1414 3312 1468 nihil
3353 1415 3418 1470 ad
3460 1432 3575 1472 eam
3617 1435 3794 1474 assen-

2225 1497 2392 1552 sionis
2417 1497 2701 1555 admovere
2729 1501 3045 1570 potuissent.
3072 1505 3150 1557 Ac
3180 1519 3274 1574 per
3301 1503 3421 1571 hoc,
3451 1507 3548 1560 etsi
3586 1509 3794 1578 arqualis

2225 1597 2369 1642 esset
2407 1587 2590 1658 gratia:
2615 1591 2926 1662 peccatique
2973 1593 3199 1658 taxatio;
3230 1595 3464 1650 clarebat
3493 1607 3686 1666 tamen,
3729 1615 3793 1656 ne

2226 1689 2337 1734 tum
2383 1683 2595 1752 quidem
2637 1685 2898 1755 ejusmodi
2941 1687 3322 1756 appensionem
3365 1703 3430 1743 eo
3469 1706 3631 1760 usque
3671 1707 3796 1747 eont-

2225 1781 2385 1838 stare,
2420 1784 2477 1829 ut
2495 1776 2772 1846 quisquam
2803 1778 2948 1832 nasci
2975 1777 3290 1848 probaretur
3317 1795 3457 1834 reus.

2296 1865 2434 1920 Auc.
2475 1865 2533 1920 In
2577 1867 2671 1921 illo
2714 1868 2860 1937 gravi
2903 1867 3051 1939 jugo,
3083 1883 3190 1938 quo
3230 1870 3388 1925 etiam
3435 1871 3631 1940 parvuli
3673 1889 3790 1944 pre-

2225 1967 2462 2024 muntur,
2490 1957 2758 2028 quomodo
2787 1967 2870 2015 est
2891 1959 3066 2030 justus
3097 1957 3260 2027 Deus,
3291 1961 3336 2016 si
3363 1963 3535 2016 nullus
3565 1965 3794 2020 nascitur

2225 2047 2384 2102 reus?

2295 2133 2495 2191 CXLII.
2535 2135 2652 2192 Jun.
2693 2137 2844 2194 Nune
2869 2149 3069 2204 autem,
3108 2155 3226 2196 cum
3258 2141 3540 2210 Apostolus
3579 2157 3680 2197 non
3709 2155 3794 2198 so-

2226 2227 2336 2282 lum
2373 2243 2478 2282 non
2523 2229 2886 2298 postposuerit
2919 2229 3087 2300 culpae
3125 2231 3371 2300 gratiam,
3411 2245 3594 2286 verum
3635 2233 3792 2288 etiam

2225 2319 2594 2390 praeposuerit,
2624 2319 2807 2374 dicens
2837 2318 3002 2374 multo
3033 2320 3085 2373 in
3115 2319 3290 2387 plures
3318 2319 3613 2375 abundasse
3636 2320 3796 2376 bene-

2226 2409 2366 2476 ﬁcia,
2395 2425 2553 2480 quam
2591 2409 2872 2480 irrepsisse
2905 2409 3214 2480 dispendia;
3243 2425 3338 2480 per
3374 2409 3668 2481 opinionem
3697 2423 3796 2465 au-

2227 2507 2333 2555 tem
2365 2499 2616 2565 traducis,
2648 2501 2818 2556 multo
2851 2501 3017 2572 magis
3045 2511 3252 2556 constet
3289 2502 3533 2557 nocuisse
3561 2513 3794 2572 peccata,

2226 2601 2386 2657 quam
2425 2587 2688 2658 profuisse
2725 2589 2947 2658 gratiam
2977 2607 2992 2644 :
3019 2588 3418 2644 irrel‘utabiliter
3453 2589 3795 2658 approbatum

2226 2689 2326 2743 est,
2357 2677 2656 2747 apostolum
2681 2677 2899 2733 Paulum
2925 2677 3056 2733 nihil
3089 2679 3322 2734 sensisse
3348 2677 3416 2734 de
3445 2679 3674 2745 traduce,
3703 2680 3798 2734 sed

2227 2767 2342 2838 ejus
2367 2767 2634 2823 sententia
2659 2765 3021 2823 Tradueiauos
3046 2781 3168 2823 cum
3203 2765 3508 2824 Manicbazis
3531 2769 3798 2839 magistris

2225 2860 2338 2915 suis
2365 2859 2563 2930 pariter
2585 2859 2748 2915 fuisse
2775 2860 3096 2916 destructas.

2297 2951 2433 3007 AUC.
2471 2949 2587 3006 Non
2615 2949 2751 3005 dixit
2785 2951 3056 3021 apestolus
3082 2947 3299 3015 Paulus,
3335 2969 3355 3002 ι
3387 2949 3552 3004 multo
3595 2950 3645 3004 in
3675 2949 3796 3019 plu-

2227 3049 2316 3096 res
2358 3039 2660 3096 abundasse
2711 3041 2999 3107 beneficia,
3053 3055 3209 3110 quam
3255 3039 3532 3111 irrepsisse
3580 3043 3799 3112 diSpen-

2227 3131 2352 3186 dia:
2383 3149 2403 3184 ι
2449 3145 2553 3186 non
2597 3129 2700 3188 hoc
2737 3131 2901 3198 dixit;
2938 3143 3153 3202 prorsus
3184 3131 3399 3196 falleris,
3445 3134 3492 3186 si
3533 3134 3642 3203 ipse
3691 3149 3797 3188 non

2229 3222 2390 3278 fallis.
2423 3221 2587 3278 Multo
2625 3225 2796 3296 magis
2823 3227 2966 3279 enim
3000 3223 3301 3281 abundasse
3339 3227 3558 3295 gratiam
3587 3226 3716 3281 dixit
3741 3227 3796 3281 in

2229 3313 2445 3380 multos,
2489 3329 2594 3368 non
2625 3315 2678 3368 in
2709 3315 2876 3386 magis
2905 3316 3131 3379 multos;
3162 3315 3254 3370 sed
3289 3317 3453 3386 magis
3479 3317 3796 3373 abundasse.

2228 3403 2284 3462 In
2323 3407 2723 3478 comparatione
2749 3421 2979 3477 namque
3020 3409 3351 3478 pereuntium
3383 3409 3530 3478 pauci
3559 3419 3678 3463 sunt
3705 3409 3798 3479 qui

2229 3498 2534 3564 Salvantur;
2577 3499 2694 3553 sine
2740 3498 3136 3569 comparatione
3175 3507 3352 3553 autem
3383 3500 3706 3570 pereuntium
3741 3511 3800 3554 et

2229 3587 2330 3660 ipsi
2353 3590 2504 3644 multi
2533 3601 2675 3645 sunt.
2709 3589 2814 3646 Sed
2849 3601 3013 3662 quare
3039 3591 3146 3645 sint
3181 3591 3258 3645 illi
3293 3591 3486 3662 plures,
3519 3607 3672 3662 quam
3698 3592 3794 3656 illi,

2229 3685 2514 3740 'consilium
2543 3681 2639 3738 Dei
2665 3683 2802 3740 velle
2835 3697 2993 3739 nosse
3033 3667 3346 3739 multorum.
3371 3694 3453 3740 est
3475 3701 3489 3740 :
3515 3700 3667 3740 nosse
3705 3701 3798 3739 au-

2231 3783 2336 3829 tem
2361 3775 2446 3830 vel
2473 3775 2913 3843 paucissimorum
2941 3771 3238 3840 hominum,
3271 3775 3357 3830 vel
3393 3777 3604 3830 omnino
3628 3775 3796 3830 nullo-

2229 3879 2371 3918 rum.
2415 3863 2604 3921 Posset
2654 3874 2830 3920 autem
2877 3864 3216 3934 omnipotens
3263 3881 3368 3920 non
3420 3879 3618 3934 creare,
3663 3879 3796 3938 quos

2226 3955 2465 4010 Omnium
2497 3967 2675 4011 rerum
2704 3957 2956 4025 prtescius
2999 3955 3166 4011 malos
3193 3957 3396 4012 futuros
3427 3957 3662 4028 ignorare
3687 3971 3792 4013 non

2228 4055 2430 4117 posset,
2463 4045 2562 4102 nisi
2588 4047 2663 4102 uti
2692 4047 2852 4102 etiam
2882 4046 3039 4102 malis
3067 4047 3305 4117 pluribus
3346 4047 3543 4116 Optime
3569 4049 3794 4116 Optimus

2230 4147 2412 4206 posset
2438 4153 2452 4190 :
2486 4135 2625 4191 unde
2655 4151 2754 4192 nos
2779 4136 2976 4208 aliquid
3005 4133 3292 4207 Apostolus
3307 4137 3505 4203 docuit,
3535 4137 3584 4192 id
3612 4149 3710 4204 est,
3735 4145 3796 4192 ut

2229 4229 2363 4284 iram
2395 4243 2546 4284 suam
2575 4229 2974 4299 potentiamque
3005 4237 3324 4284 monstraret
3353 4230 3406 4285 in
3443 4230 3540 4294 eis,
3569 4243 3682 4300 quae
3715 4241 3794 4284 at-

2230 4319 2351 4374 tulit
2377 4320 2430 4374 in
2469 4319 2636 4374 multa
2660 4319 2913 4390 patientia
2955 4335 3076 4373 vasa
3107 4319 3217 4384 iras,
3259 4327 3314 4374 et
3341 4329 3397 4374 ut
3421 4328 3574 4374 notas
3603 4321 3796 4374 faceret

2227 4409 2438 4466 divitias
2479 4410 2662 4480 gloria:
2708 4421 2818 4465 suae
2858 4411 2912 4464 iu
2947 4425 3072 4465 vasa
3114 4409 3492 4465 misericordia:
3522 4407 3689 4482 (Rom.
3717 4425 3790 4476 ις,

2225 4503 2319 4570 29.,
2345 4501 2461 4576 23).
2501 4499 2606 4558 Sed
2643 4503 2830 4558 nolunt
2866 4503 3088 4558 credere
3111 4503 3396 4574 Pelagiani,
3425 4502 3563 4574 quod
3603 4505 3652 4557 in
3689 4517 3798 4560 uno

2227 4596 2445 4652 homine
2491 4605 2600 4651 tota
2641 4605 2724 4650 est
2753 4609 2930 4650 massa
2967 4595 3170 4662 vitiata,
3218 4605 3272 4652 et
3317 4603 3424 4650 tota
3454 4595 3734 4650 damnata:
3759 4611 3794 4650 a

2227 4705 2333 4759 quo
2359 4687 2489 4744 vitio
2526 4697 2578 4743 et
2614 4687 2956 4744 damnatione
2983 4689 3094 4742 sola
3125 4697 3277 4742 sanat
3303 4697 3357 4743 et
3395 4689 3582 4744 liberat
3607 4689 3794 4758 gratia.

2229 4779 2404 4844 Quare
2445 4779 2588 4834 enim
2623 4779 2801 4848 justus
2845 4778 2932 4833 vix
2971 4779 3148 4834 salvus
3191 4780 3294 4834 erit
3321 4775 3365 4851 (Ι
3393 4777 3532 4833 Petr.
3565 4793 3639 4844 tv,
3669 4775 3798 4848 i8)?

2225 4869 2491 4941 Numquid
2526 4869 2754 4926 liberare
2776 4871 2976 4940 justum
3007 4871 3157 4926 labor
3190 4879 3274 4926 est
3316 4871 3456 4925 Deo?
3480 4869 3631 4924 Absit
3657 4887 3670 4924 :
3699 4869 3796 4924 sed

2229 4971 2288 5015 ut
2325 4957 2655 5028 ostendatur,
2699 4959 2842 5030 quo'
2877 4961 3069 5015 merito
3108 4959 3270 5016 fuerit
3303 4959 3544 5015 damnata
3587 4969 3794 5025 natura,

2227 5067 2334 5107 non
2359 5053 2473 5106 vult
2511 5051 2666 5107 facile
2695 5049 2763 5107 de
2803 5059 2950 5106 tanto
2989 5053 3153 5116 malo,
3185 5067 3282 5106 nec
3319 5053 3430 5121 ipse
3457 5051 3802 5120 Omnipotens

2227 5145 2482 5208 liberare;
2515 5153 2732 5214 propter
2763 5143 2923 5212 quod,
2955 5155 3009 5197 et
3035 5155 3248 5212 peccata
3293 5141 3541 5213 preclivia
3572 5153 3715 5208 sunt,
3747 5153 3802 5196 et

2223 5234 2488 5288 laboriosa
2520 5233 2742 5302 justitia,
2777 5233 2874 5286 nisi
2911 5235 3211 5287 amantibus
3239 5253 3252 5286 :
3281 5234 3378 5288 sed
3401 5233 3648 5298 Charitas,
3680 5247 3806 5302 qua:

2226 5323 2324 5380 Iios
2350 5335 2588 5379 amantes
2619 5323 2761 5384 facit,
2795 5339 2858 5378 ex
2887 5325 2994 5378 Deo
3023 5333 3104 5377 est
3132 5325 3174 5393 (Ι
3195 5323 3350 5377 Joun:
3375 5337 3446 5389 tv,
3475 5321 3553 5396 7).

2295 5415 2517 5472 CXLIII.
2557 5415 2674 5470 JUL.
2715 5415 2913 5470 Verum
2953 5413 3073 5486 quia
3119 5413 3204 5469 hic
3245 5413 3316 5468 l‘ui
3349 5415 3576 5485 longior,
3617 5429 3808 5485 perga-

2223 5523 2343 5562 mus
2363 5505 2428 5560 ad
2457 5507 2678 5575 reliqua.

2293 5597 2428 5652 Anc.
2473 5596 2546 5650 Ita
2579 5595 2682 5651 hoc
2709 5595 2862 5662 dicis,
2881 5596 3038 5666 quasi
3073 5595 3193 5651 alibi
3221 5595 3434 5650 brevior
3458 5597 3534 5650 sis
3559 5593 3808 5657 futurus;

2285 5707 2302 5770 ξ
2337 5705 2476 5770 editi,
2500 5703 2701 5770 motibus
2721 5717 2872 5768 mque.
2891 5715 3069 5770 omnes
3091 5715 3254 5757 tamen
3265 5713 3394 5768 3355.,
3417 5705 3628 5758 uultibus
3648 5713 3816 5770 atque.

2222 5763 2489 5831 paludanus
2511 5768 2750 5831 correxit,
2773 5763 2986 5819 bnmibus
3007 5782 3160 5831 teque.

2287 5827 2308 5856 *
2346 5827 2480 5888 aliti,
2503 5829 2654 5888 quod.
2680 5837 2805 5886 Mss,
2832 5839 2938 5888 quo.
