4126 6540
429 381 558 437 1201

423 510 546 551 cum
588 493 957 565 loquacissime
1002 488 1234 560 inquiras
1275 481 1721 556 quemadmodum
1762 479 2000 552 Apostoli

423 584 869 641 manifestissimis
895 581 1068 636 verbis
1099 579 1318 633 nebulas
1343 577 1554 645 ingeras
1581 573 1846 632 vanitatis.

494 675 722 732 CXLIV.
761 675 880 730 Jun.
912 692 930 726 ι
962 672 1162 728 Omnes
1189 680 1370 725 autem
1397 668 1532 726 dixit
1569 665 1634 720 ad
1675 665 2002 720 condemna-

425 771 623 824 tionem
655 783 750 838 per
789 766 978 826 Adam.
1010 775 1065 820 ct
1099 779 1287 818 onines
1309 761 1379 816 ad
1416 760 1848 830 justificationem
1884 759 2006 812 vita:

420 878 518 932 per
547 862 729 916 Iesum
757 858 1057 923 Christum;
1088 873 1208 912 cum
1241 857 1420 927 utique
1447 869 1550 910 non
1577 868 1764 908 omnes
1793 866 1888 907 eos
1915 849 2004 921 qui

420 956 723 1012 moriuntur
767 954 820 1006 in
861 951 1051 1016 Adam,
1095 947 1380 1004 transferat
1416 947 1658 1002 Christus
1691 945 1760 1000 ad
1799 947 2002 1000 vitam:

421 1044 514 1099 sed
542 1060 728 1099 omnes
752 1044 883 1099 dixit
907 1053 1068 1113 atque
1105 1057 1313 1106 omnes,
1353 1041 1474 1112 quia
1515 1039 1652 1094 sicut
1693 1041 1811 1094 sine
1835 1037 2005 1093 Adam

420 1134 594 1188 nullus
621 1133 688 1189 ad
728 1142 974 1194 mortem,
1018 1132 1087 1185 ita
1117 1133 1234 1186 sine
1273 1130 1486 1188 Christo
1521 1130 1695 1186 nullus
1723 1128 1791 1184 ad
1818 1129 2004 1184 vitam.

418 1221 565 1275 Sicut
593 1221 816 1276 dicimus
857 1222 923 1275 de
955 1210 1568 1292 litterarum—magistro,
1609 1219 1656 1273 si
1695 1218 1750 1272 in
1793 1217 2008 1272 civitate

418 1311 562 1365 solus
604 1320 708 1375 est,
752 1312 950 1366 Omnes
993 1310 1092 1366 iste
1135 1309 1222 1366 hic
1265 1310 1468 1365 litteras
1505 1308 1702 1364 docet:
1735 1323 1841 1362 non
1883 1308 2006 1377 quia

417 1415 607 1455 omnes
646 1400 872 1466 discunt,
917 1401 1013 1456 sed
1049 1403 1173 1471 quia
1217 1417 1377 1457 nemo
1426 1400 1525 1458 nisi
1564 1401 1633 1455 ab
1673 1400 1812 1470 ipso.
1861 1398 2007 1467 Quos

417 1499 595 1545 autem
633 1505 824 1547 omnes
860 1492 1088 1557 dixerat,
1138 1492 1332 1548 multos
1373 1499 1558 1562 postea
1583 1490 1752 1558 dixit;
1790 1492 2006 1546 eosdem

417 1592 596 1639 tamen
631 1599 820 1640 omnes
858 1585 1156 1656 multosque
1202 1586 1526 1657 significans.
1571 1585 1717 1640 Sicut
1755 1585 1890 1640 enim
1918 1602 2009 1656 per

415 1676 566 1731 unius
612 1676 997 1734 inobedientiam
1036 1688 1320 1747 peccatores
1361 1677 1616 1732 constituti
1669 1686 1786 1732 sunt
1837 1677 2002 1744 multi,

415 1767 488 1821 ita
527 1777 574 1824 et
613 1785 702 1838 per
740 1770 892 1825 unius
932 1769 1265 1824 obedientiam
1289 1769 1421 1840 justi
1461 1769 1825 1825 constituentur
1861 1769 2008 1823 multi

416 1857 594 1926 (Itoni.
625 1873 680 1925 v,
711 1859 824 1928 I9).
854 1859 1043 1915 Adhuc
1074 1868 1276 1931 quaerat
1321 1875 1415 1929 per
1439 1858 1566 1930 quid
1609 1868 1881 1928 peccatum
1920 1857 2004 1913 in-

414 1951 659 2004 veniatur
697 1950 749 2005 iu
781 1949 1022 2022 parvulo.
1065 1949 1409 2020 Respondent
1445 1950 1494 2004 ei
1526 1950 1730 2020 paginae
1775 1960 1996 2014 sanctas,

415 2037 521 2093 Per
569 2057 725 2094 unum
771 2041 1024 2096 hominem
1065 2052 1322 2113 peccatum
1359 2043 1415 2095 in
1462 2041 1705 2096 mundum
1746 2040 1950 2094 intravit
1975 2058 1998 2094 ι

415 2131 518 2202 (De
557 2131 764 2204 Nuptiis
807 2143 853 2188 et
891 2119 1326 2205 Concupiscentia,
1369 2134 1458 2188 tib.
1501 2133 1558 2201 2,
1607 2150 1698 2188 nn.
1755 2133 1846 2200 46,
1885 2133 2001 2203 4⁵1).

413 2224 640 2278 Sanctas'
679 2224 896 2296 quidem
952 2225 1194 2296 Apostoli
1235 2239 1356 2280 esse
1397 2224 1618 2294 paginas
1661 2224 2000 2292 confitemur,

413 2329 521 2368 non
558 2315 629 2372 ob
672 2315 838 2382 aliud,
889 2316 994 2370 nisi
1030 2317 1154 2385 quia
1203 2315 1417 2381 rationi,
1461 2313 1664 2384 pietati,
1714 2313 1834 2368 fidei
1873 2329 2002 2370 con-

411 2413 684 2474 gruentes,
714 2405 964 2461 erudiunt
1006 2420 1104 2460 nos
1137 2415 1192 2461 et
1221 2405 1388 2460 Deum
1423 2403 1648 2458 credere
1677 2403 2001 2458 inviolabilis

411 2496 694 2566 :cquitatis,
722 2506 777 2552 et
801 2512 960 2568 opera
995 2499 1113 2567 ejus
1138 2498 1274 2554 bona
1319 2497 1650 2566 honestoque
1686 2495 1995 2563 defendere,

409 2598 461 2643 et
499 2589 777 2658 praeceptis
800 2589 916 2659 ejus
950 2587 1398 2656 moderationem,
1431 2585 1764 2657 prudentiam
1784 2586 1824 2650 ί,
1843 2585 2001 2656 juSti-

411 2678 537 2732 tiam
567 2678 856 2734 vindicare.

480 2770 615 2825 Anc.
657 2768 774 2840 Ipsa
821 2777 873 2824 te
911 2768 1180 2824 convincit
1229 2767 1282 2822 in
1327 2767 1564 2838 parvulis
1603 2767 1824 2837 aequitas
1864 2766 1996 2823 Dei:

410 2861 701 2934 quoniam'
741 2876 931 2931 magna
980 2870 1064 2915 est
1111 2862 1383 2931 iniquitas,
1433 2862 1479 2916 si
1513 2862 1640 2930 jugo
1683 2862 1828 2931 gravi
1875 2877 1999 2932 pre-

409 2961 627 3006 muutur
661 2960 716 3008 et
745 2953 950 3022 parvuli
984 2953 1101 3010 sine
1139 2953 1249 3008 ullo
1295 2954 1488 3010 iuet-ito
1532 2954 1850 3024 vinculoque
1875 2970 2002 3025 peo-

409 3042 533 3098 cati.

479 3132 684 3187 CXLV.
723 3133 845 3190 Jun.
886 3134 965 3190 Ac
1000 3150 1094 3204 per
1127 3134 1247 3200 hoc,
1296 3149 1494 3206 negare
1531 3151 1852 3207 quemquam
1899 3152 1998 3208 pro

408 3221 630 3277 alterius
674 3233 890 3292 peccato
921 3241 1078 3296 posse
1115 3214 1382 3293 damnari,
1427 3242 1625 3297 negare
1668 3229 1830 3283 ullum
1873 3244 1999 3299 pec-

406 3321 582 3367 catum
605 3313 670 3368 ad
699 3324 942 3385 posteros
967 3326 1172 3376 naturae
1198 3315 1507 3372 conditione
1538 3317 1802 3372 transire:
1835 3328 1996 3389 atque

410 3405 651 3470 credere,
679 3416 839 3477 atque
875 3422 1140 3475 asserere,
1175 3407 1442 3466 hominem
1470 3409 1540 3465 de
1562 3410 1799 3465 instituta
1828 3427 1858 3465 a
1890 3411 1997 3466 Deo

408 3498 732 3554 fecunditate
763 3499 1003 3570 genitum
1037 3500 1189 3555 liberi
1227 3501 1431 3556 arbitrii
1455 3501 1614 3572 justis
1638 3502 1840 3575 legibus
1863 3518 1996 3559 con-

405 3587 635 3654 veniri',
684 3597 743 3643 ut
788 3589 918 3643 vitet
959 3604 1120 3644 omne
1166 3590 1308 3660 quod
1356 3591 1551 3646 malum
1595 3600 1700 3659 est,
1747 3579 1996 3650 exerceat

396 3663 568 3732 omne
591 3678 734 3748 quod
763 3678 964 3734 bonum
1001 3688 1103 3746 est,
1143 3695 1264 3744 nec,
1303 3680 1596 3737 secundum
1625 3697 1737 3747 vos,
1767 3683 1998 3739 aestimet

407 3783 646 3824 amorem
687 3778 743 3826 et
787 3771 1160 3827 necessitatem
1203 3771 1486 3827 criminum
1530 3773 1843 3830 substantiis
1882 3789 1995 3830 sua:

403 3863 600 3927 causis,
645 3862 694 3916 id
735 3871 838 3929 est,
871 3863 1000 3932 ipsis
1037 3863 1330 3920 adha'sisse
1368 3864 1695 3931 seminibus;
1728 3881 1826 3922 nec
1852 3868 1991 3923 reci-

403 3951 512 4020 piat
544 3960 649 4006 tam
677 3952 916 4017 stultam,
950 3962 1054 4008 tam
1085 3953 1346 4020 insanam,
1377 3961 1484 4008 tam
1518 3953 1734 4025 impiam
1775 3965 1993 4012 senten-

405 4045 550 4108 tiam,
582 4045 631 4098 in
651 4045 1028 4100 contumeliam
1059 4045 1304 4100 videlicet
1333 4056 1559 4114 naturae,
1597 4047 1840 4113 rationis,
1873 4048 1987 4114 Dei,

401 4135 644 4203 Apostoli
678 4136 943 4192 volumine
984 4136 1270 4200 contineri,
1301 4137 1425 4208 quia
1459 4137 1656 4193 dixerit
1698 4153 1792 4207 per
1823 4154 1987 4196 unum

402 4226 673 4283 hominem
705 4238 978 4298 peccatum
1010 4229 1064 4284 in
1093 4229 1234 4284 hunc
1261 4229 1516 4284 mundum
1555 4229 1806 4296 intrasse,
1851 4240 1905 4285 et
1934 4231 1986 4289 in

399 4334 587 4376 attines
610 4320 850 4376 homines
877 4322 1132 4376 transisse
1160 4329 1388 4380 mortem
1415 4321 1592 4389 (Rom.
1620 4337 1674 4386 v,
1709 4321 1835 4391 12);
1864 4337 1986 4380 cum

401 4407 502 4464 hoc
530 4411 619 4464 diu
646 4413 874 4481 caligare
905 4427 1008 4466 non
1053 4413 1255 4476 siverit,
1288 4412 1492 4468 addens
1517 4427 1612 4470 eos
1635 4429 1770 4482 quos
1799 4427 1988 4470 omnes

401 4498 628 4561 dixe-rat,
657 4501 853 4559 debere
882 4503 1076 4558 multos
1112 4502 1355 4573 intelligi,
1397 4503 1488 4573 qui
1525 4503 1843 4570 imitatione,
1873 4518 1980 4562 non

395 4590 744 4657 generatione
771 4599 1104 4660 peccassent.

471 4682 606 4735 Anc.
649 4680 804 4734 Potes
824 4681 1026 4747 dicere,
1055 4698 1158 4734 non
1187 4697 1376 4738 omnes
1393 4693 1579 4753 gentes
1598 4685 1786 4740 semini
1815 4685 1985 4744 Abra-

401 4769 484 4826 hu:
523 4770 685 4826 fuisse
714 4772 1022 4840 promissas,
1066 4773 1153 4828 ubi
1183 4772 1382 4830 dictum
1426 4784 1528 4840 est,
1563 4774 1630 4828 In
1675 4778 1863 4832 semine
1897 4788 1982 4836 tuo

395 4861 747 4917 benedicentur
773 4880 944 4918 omnes
972 4873 1140 4935 gentes
1168 4863 1322 4934 (Gen.
1352 4881 1485 4930 xxii,
1534 4866 1662 4937 18);
1693 4867 1817 4938 quia
1861 4883 1983 4923 eas-

394 4952 518 5008 dem
552 4951 685 5006 dixit
727 4961 782 5008 et
825 4954 1040 5014 multas,
1075 4955 1160 5010 ubi
1198 4955 1409 5025 legitur,
1457 4955 1667 5011 Patrem
1708 4960 1983 5016 multarum

374 5044 615 5114 ‘gentium
654 5045 802 5115 posui
845 5054 893 5101 te
930 5044 1042 5114 (Id.
1075 5063 1209 5110 xvu,
1258 5045 1356 5116 5)?
1382 5058 1552 5116 potes,
1597 5049 1835 5119 inquam,
1880 5050 1982 5107 hoc

394 5133 596 5200 dicere,
625 5145 679 5190 et
719 5137 772 5190 in
799 5152 866 5192 eo
892 5151 1106 5207 quoque
1133 5139 1250 5192 loco
1280 5137 1570 5208 Scriptum
1606 5142 1979 5210 prmuuutianti

394 5226 536 5294 quod
563 5227 723 5284 rebus
747 5228 878 5297 ipsis
898 5229 1141 5284 videmus
1167 5229 1374 5299 impleri
1407 5241 1497 5284 tuo
1522 5232 1828 5302 vaniloquio
1851 5249 1979 5289 con-

396 5314 692 5377 tradicere;
723 5325 780 5370 et
799 5317 1084 5386 prohibere
1119 5333 1217 5374 nos
1237 5319 1532 5390 intelligere
1557 5335 1746 5376 omnes
1766 5332 1976 5393 gentes,

393 5405 482 5462 ubi
509 5407 786 5475 promissae
812 5417 955 5474 sunt,
1000 5410 1125 5479 quid
1155 5411 1299 5470 aliud
1329 5428 1486 5482 quam
1531 5428 1719 5470 omnes
1753 5417 1979 5486 gentes?

351 5500 355 5503 '
394 5498 513 5568 quia
546 5513 642 5568 per
671 5507 816 5554 tuam
838 5500 1190 5567 dialecticam,
1229 5519 1403 5561 omnes
1444 5522 1551 5563 non
1579 5519 1675 5579 pro
1703 5509 1974 5580 omnibus,

458 5675 475 5738 ξ
510 5672 625 5738 Editi
640 5709 656 5732 .
689 5675 976 5738 prudentie.
1147 5707 1156 5718 ι

455 5736 480 5800 ξ
508 5736 582 5800 sic
609 5736 714 5786 Mss.
739 5738 856 5786 Editi
883 5751 1018 5796 vero,
1042 5749 1205 5800 (mam.

455 5797 478 5830 ⁸
509 5799 583 5847 sic
601 5804 710 5849 uss.
734 5799 873 5861 mliti,
894 5797 1144 5852 convenire

1758 361 1957 417 LIBER
1995 359 2370 419 SECUNDUS.

3567 372 3715 428 {2&9

2113 477 2207 534 sed
2243 495 2339 549 pro
2379 478 2558 537 multis
2587 497 2706 552 qua:
2738 497 2924 540 omnes
2971 500 3074 541 non
3121 494 3265 554 sunt,
3297 487 3498 556 positas
3533 496 3696 558 atque

2114 571 2483 643 intelligendas
2525 572 2707 628 doces.
2755 573 2812 630 Si
2854 584 3033 632 autem
3073 586 3294 646 possunt
3333 580 3574 648 quidem,
3609 579 3699 634 ubi
3799 599 3816 610 ε

2112 663 2363 724 dicuntur
2389 666 2563 732 multi,
2596 681 2702 722 non
2731 682 2920 723 mortes
2959 668 3211 740 intelligi;
3256 670 3350 726 sed
3381 681 3555 726 tamen
3603 672 3706 726 ubi-

2111 755 2359 812 dicuntur
2377 772 2586 826 omnes,
2613 775 2846 832 vereque
2883 770 3009 816 sunt
3038 776 3247 826 omnes,
3277 773 3422 821 recte
3450 764 3704 820 dicuntur

2111 857 2164 905 et
2181 847 2364 913 multi;
2393 864 2459 903 ne
2483 847 2580 918 ipsi
2604 864 2811 914 omnes,
2841 853 2992 920 pauci
3021 851 3418 923 intelligantur;
3448 854 3590 908 sicut
3619 854 3710 911 illi.

2111 941 2303 1008 sancti,
2331 956 2466 1013 quos
2489 941 2624 1011 ignis
2649 943 2844 999 ardens
2865 959 3024 1001 urere
3051 953 3136 1000 est
3159 946 3352 1001 vetitus
3377 943 3477 1018 (a),
3509 961 3702 1006 omnes

2112 1031 2252 1087 inter
2298 1032 2539 1087 innoxias
2579 1033 2820 1091 ﬂammas
2858 1035 3142 1092 laudabant
3186 1037 3374 1104 Deum,
3425 1047 3481 1094 et
3524 1047 3700 1094 tamen

2114 1119 2214 1191 ipsi
2243 1136 2432 1177 omnes
2461 1125 2612 1195 pauci
2639 1135 2812 1192 erant,
2842 1126 3094 1196 quoniam
3122 1135 3232 1183 tres
3257 1139 3410 1183 erant
3431 1127 3594 1201 (Dan.
3618 1145 3712 1192 tu.

2091 1213 2304 1287 19-51)
2346 1215 2514 1286 :quid
2563 1216 2726 1272 habet
2768 1217 2957 1272 virium
3003 1220 3391 1290 argumentatio
3442 1229 3551 1285 tua,
3599 1235 3700 1290 qua

2113 1315 2392 1376 propterea
2430 1321 2618 1363 omnes
2654 1323 2763 1364 non
2807 1309 2888 1362 vis
2926 1324 3114 1364 omnes
3161 1309 3404 1381 intelligi,
3449 1311 3700 1380 quoniam

2114 1397 2272 1454 iidem
2305 1399 2404 1469 ipsi
2444 1399 2574 1456 dicti
2605 1410 2730 1456 sunt
2769 1401 2962 1456 multi?
2991 1401 3430 1470 Quandoquidem
3461 1403 3549 1472 qui
3578 1418 3704 1458 vere

2113 1497 2238 1550 sunt
2272 1505 2481 1558 omnes,
2511 1492 2633 1550 ideo
2662 1507 3044 1564 nonnunquam
3073 1493 3326 1566 dicuntur
3361 1505 3415 1551 et
3441 1495 3612 1559 multi,
3645 1505 3702 1550 ut

2111 1578 2485 1648 discernantur
2511 1583 2579 1637 ab
2607 1582 2705 1647 eis,
2741 1584 3065 1655 quicumque
3108 1585 3180 1639 ita
3226 1595 3350 1642 sunt
3386 1600 3596 1652 omnes,
3645 1594 3715 1640 ut!

2110 1670 2220 1728 sint
2268 1681 2442 1728 tamen
2491 1674 2662 1744 pauci.
2716 1673 2905 1745 Capilli
2947 1677 3146 1748 quippe
3191 1677 3421 1734 hominis
3478 1694 3693 1744 omnes,

2111 1761 2271 1818 etiam
2319 1763 2468 1820 multi
2505 1773 2663 1831 sunt;
2712 1766 2863 1838 digiti
2907 1783 3039 1824 vero
3074 1769 3241 1828 etiam
3279 1784 3490 1839 omnes,
3536 1772 3707 1842 pauci.

2110 1859 2254 1906 sunt.

2180 1942 2406 2000 CXLVI.
2445 1945 2565 2002 Jun.
2607 1947 2800 2003 Totum
2828 1949 3062 2020 denique
3086 1950 3232 2021 quod
3254 1961 3457 2022 egerat,
3488 1953 3692 2008 cnoda-

2110 2035 2186 2089 vit
2213 2035 2414 2103 dicens,
2448 2037 2596 2092 Sicut
2619 2040 2753 2094 enim
2779 2057 2867 2108 per
2887 2040 3279 2097 inobedientiam
3309 2044 3456 2097 unius
3477 2045 3699 2099 hominis
3745 2105 3758 2116 ο

2109 2137 2393 2198 peccatores
2430 2132 2687 2185 constituti
2727 2141 2847 2186 sunt
2883 2133 3066 2196 multi;
3109 2133 3183 2186 ita
3209 2142 3254 2186 et
3279 2150 3368 2204 per
3403 2135 3554 2189 unius
3577 2135 3698 2189 obe-

2109 2216 2351 2272 dientiam
2389 2220 2514 2289 iusti
2561 2221 2931 2275 constituentur
2973 2223 3119 2276 multi
3163 2221 3341 2295 (Rom.
3387 2238 3438 2289 v,
3476 2224 3608 2294 I9):
3641 2234 3699 2279 ut

2107 2306 2248 2361 sicut
2287 2323 2444 2362 nemo
2485 2309 2702 2378 prwmia
2730 2311 2941 2368 virtutis
2972 2321 3226 2378 meretur,
3261 2313 3362 2367 nisi
3390 2314 3479 2383 qui
3511 2315 3579 2369 ad
3608 2330 3695 2380 ea,

2109 2406 2229 2466 post
2279 2400 2698 2456 incarnationem
2740 2411 2916 2458 tamen
2961 2401 3190 2470 Christi,
3238 2406 3534 2461 sanctitatis
3577 2406 3696 2472 ejus

2107 2487 2403 2543 imitatione
2447 2491 2816 2555 contenderit;
2875 2494 2946 2548 ita
3003 2493 3055 2548 in
3102 2493 3272 2550 Adam
3319 2495 3692 2564 praevaricator

2107 2593 2267 2633 nemo
2285 2588 2547 2646 teneatur,
2569 2581 2669 2635 nisi
2691 2583 2779 2651 qui
2806 2583 2860 2637 in
2884 2586 3308 2654 transgressione
3333 2584 3466 2656 legis
3491 2585 3649 2656 primi
3669 2588 3686 2619 ι

2106 2667 2340 2724 hominis
2368 2669 2666 2728 imitatione
2695 2673 2998 2744 deliquerit.

2176 2759 2314 2815 Anc.
2355 2759 2467 2815 lloc
2486 2771 2566 2816 est
2595 2765 2860 2818 occultum
2883 2773 2937 2819 et
2957 2763 3283 2820 horrendum
3303 2766 3448 2822 virus
3474 2765 3698 2827 haeresis

2105 2857 2320 2918 vestrae,
2369 2859 2429 2906 ut
2467 2851 2640 2908 velitis
2683 2853 2908 2922 gratiam
2946 2855 3140 2910 Christi
3191 2856 3242 2910 iu
3286 2857 3534 2926 exemplo
3579 2863 3698 2928 ejus

2105 2955 2247 3006 esse,
2275 2957 2380 2996 non
2422 2942 2474 2996 in
2505 2942 2648 2998 dono
2674 2944 2810 3014 ejus,
2839 2945 3101 3010 dicentes,
3142 2949 3266 3018 quia
3299 2964 3396 3018 per
3432 2951 3550 3020 ejus
3577 2951 3698 3006 imi~

2107 3029 2360 3088 tationem
2392 3032 2526 3089 fiunt
2549 3033 2700 3104 justi,
2727 3051 2834 3092 non
2866 3053 2962 3108 per
2989 3039 3538 3098 subministrationem
3568 3044 3694 3114 Spi-

2104 3121 2240 3180 ritus
2274 3125 2465 3192 sancti,
2507 3134 2564 3182 ut
2591 3142 2714 3182 eum
2745 3129 3018 3186 imitentur
3044 3131 3295 3196 adducti;
3328 3149 3490 3204 quem
3519 3135 3692 3205 Spiri-

2107 3222 2217 3269 tum
2239 3228 2399 3285 super
2415 3219 2577 3272 suos'
2607 3217 2869 3276 ditissime
2895 3221 3117 3280 elfudit:
3145 3232 3200 3279 et
3228 3225 3380 3294 quasi
3409 3225 3695 3296 vigilanter

2103 3303 2318 3370 additis,
2359 3325 2378 3360 ι
2409 3315 2525 3375 post
2557 3308 2977 3366 incarnationem
3017 3321 3194 3368 tamen
3231 3314 3382 3384 ejus;
3417 3334 3440 3367 ι
3474 3325 3694 3387 propter

2103 3396 2350 3466 antiquos
2370 3397 2636 3468 videlicet,
2667 3416 2802 3471 quos
2828 3401 2946 3458 sine
2983 3405 3151 3475 gratia
3181 3405 3298 3474 ejus
3323 3406 3486 3463 fuisse
3512 3407 3692 3463 dicitis

2095 3487 2290 3560 justas,
2318 3505 2385 3546 eo
2411 3491 2551 3562 quod
2595 3508 2702 3548 non
2729 3493 3012 3551 habuerint
3043 3496 3161 3566 ejus
3179 3498 3506 3569 exemplum.
3549 3499 3687 3567 Quid

2101 3581 2148 3637 si
2179 3597 2306 3654 ergo
2338 3592 2394 3639 et
2421 3592 2539 3654 post
2559 3585 2976 3643 incarnationem
2997 3587 3219 3657 Christi,
3248 3590 3485 3646 nondum
3506 3592 3691 3649 audito

2101 3672 2412 3746 Evangelio,
2441 3679 2814 3747 proposuerint
2841 3679 2942 3736 sibi
2968 3681 3130 3752 aliqui
3161 3681 3407 3740 homines
3442 3686 3689 3755 superio-

2100 3779 2218 3818 rum
2249 3767 2491 3836 exempla
2515 3767 2803 3838 justorum,
2829 3769 3080 3841 justeque
3118 3774 3386 3830 vixerint?
3413 3776 3540 3845 quid
3567 3778 3686 3847 agi-

2101 3855 2167 3909 tis
2190 3855 2214 3908 ?
2241 3855 2330 3935 ubi
2367 3871 2465 3911 vos
2497 3858 2725 3914 videtis?
2769 3859 2916 3916 Itane
2953 3878 3082 3918 vero
3112 3863 3195 3918 isti
3226 3866 3685 3937 virtutislprwmia

2098 3959 2207 3999 non
2239 3950 2550 4002 merentur?
2588 3949 2642 4005 Si
2686 3965 2816 4022 ergo
2857 3967 2922 4007 ex
2957 3951 3222 4022 justorum
3255 3955 3550 4010 imitatione.
3591 3957 3684 4027 ju-

2096 4035 2268 4099 stitia;
2309 4035 2552 4093 Clu-istos
2591 4040 2757 4109 gratis
2799 4051 3044 4098 mortuus
3079 4054 3162 4100 est
3202 4044 3399 4112 (Colat.
3442 4063 3499 4111 tt,
3537 4048 3676 4118 21):

2094 4128 2217 4198 quia
2249 4127 2611 4199 fueruntjusti
2650 4143 2706 4188 et
2744 4142 2866 4189 ante
2899 4135 3092 4205 ipsum,
3138 4153 3272 4206 quos
3317 4139 3513 4195 imitari
3555 4157 3682 4210 pos-

2095 4227 2234 4281 sent,
2265 4218 2356 4287 qui
2381 4218 2510 4288 justi
2545 4235 2668 4276 esse
2697 4223 3006 4280 voluissent.
3051 4227 3188 4294 Quid
3218 4237 3303 4283 est
3342 4229 3504 4284 etiam
3539 4232 3681 4301 quod

2093 4306 2382 4376 Aposmlus
2411 4325 2516 4365 non
2559 4312 2654 4378 ait,
2687 4312 2987 4371 lmitatores
3015 4326 3188 4372 estote
3212 4318 3430 4386 Christi,
3465 4321 3602 4376 sicut
3627 4334 3684 4378 et

2092 4411 2226 4469 ego;
2256 4399 2352 4455 sed
2377 4401 2475 4468 ait,
2504 4400 2790 4460 lmitatores
2828 4407 2926 4460 mei
2949 4418 3124 4472 estote,
3165 4411 3294 4464 sicut
3320 4423 3366 4466 et
3397 4430 3489 4484 ego
3532 4413 3682 4470 Chri-

2092 4489 2158 4542 sti
2185 4488 2225 4562 (l
2252 4487 2372 4544 Cor.
2407 4507 2486 4557 xu,
2521 4493 2608 4564 I)?
2647 4495 2786 4566 Ergo
2809 4510 2868 4552 se
2893 4498 2999 4554 illis
3024 4501 3189 4556 voluit
3227 4517 3347 4558 esse
3389 4520 3484 4574 pro
3521 4505 3680 4561 Chri-

2091 4578 2211 4633 sto?
2245 4579 2513 4638 Videtisne
2549 4601 2667 4654 quce
2707 4587 2844 4642 mala
2888 4604 2984 4644 vos
3017 4604 3432 4664 consequantur,
3463 4599 3677 4668 quando

2090 4669 2262 4726 Adam
2297 4681 2351 4728 ct
2391 4673 2660 4731 Christum
2700 4681 2957 4750 Apostolo
2991 4695 3340 4753 proponente,
3369 4705 3463 4742 vos
3511 4690 3678 4746 imita-

2090 4761 2289 4816 tionem
2331 4763 2636 4832 imitationi,
2669 4768 2812 4824 non'
2851 4773 3308 4842 regenerationem
3343 4781 3678 4850 generationi

2088 4854 2248 4908 vultis
2275 4859 2583 4924 opponere?

2160 4946 2406 5002 CXLVII.
2448 4948 2565 5004 Jun.
2602 4951 2886 5010 Pervenire
2928 4966 3105 5012 autem
3153 4968 3208 5013 et
3249 4960 3319 5015 ad
3364 4961 3675 5020 innocentes

2086 5038 2308 5106 gratiam
2343 5037 2558 5104 Christi,
2601 5042 2666 5096 ad
2702 5059 2836 5112 quos
2877 5047 3005 5102 Ada:
3045 5050 3198 5118 culpa
3241 5067 3349 5106 nou
3391 5058 3670 5124 pervenit:

2086 5139 2306 5198 propter
2333 5131 2496 5200 quod,
2520 5134 2800 5204 vigilanter
2831 5138 3132 5205 inculcavit,
3171 5142 3222 5195 Μ
3230 5145 3335 5198 ulto
3361 5148 3524 5217 magis
3547 5165 3674 5219 grn-

2087 5219 2158 5272 tia
2191 5220 2284 5275 Dei
2311 5234 2356 5276 et
2381 5223 2569 5279 donum
2602 5229 2756 5282 unius
2781 5230 3000 5287 hominis
3025 5231 3152 5288 Jesu
3191 5233 3380 5292 Christi
3416 5239 3468 5293 in
3501 5239 3675 5310 plures

2089 5310 2364 5366 abundavit
2393 5315 2567 5384 (Rom.
2601 5332 2656 5384 v,
2684 5319 2775 5388 I5)
2804 5338 2817 5374 :
2855 5332 2912 5376 ut
2953 5323 3041 5378 illa
3088 5327 3332 5396 superior
3374 5333 3675 5401 coarquatio

2150 5444 2172 5519 ξ’
2201 5442 2322 5519 ﬁdi“
2341 5481 2356 5505 ν
2379 5446 2528 5519 ,θυαδί
2550 5448 2712 5510 ρνίηιί-
2739 5452 2912 5519 Abest,
2955 5455 3122 5519 quasi,
3146 5469 3175 5507 a
3204 5465 3308 5509 Mss.
3331 5458 3454 5510 Clar.
3480 5469 3532 5512 et
3555 5469 3666 5512 Mar.

2493 5508 2602 5586 quae
2617 5526 2760 5576 super
2779 5508 3002 5586 spiritum
3016 5508 3161 5582 super
3181 5508 3692 5586 res):

2081 5579 2224 5680 scmus
2241 5576 2469 5632 spiritum
2497 5584 2640 5636 super
2672 5587 2769 5626 eos.
2805 5576 3118 5644 Corriguntur
3161 5595 3224 5632 ex
3257 5576 3363 5632 ous
3391 5591 3514 5633 mrt.
3553 5576 3663 5634 nar.

2148 5663 2429 5762 Τρςιιήιὶουιε
2465 5707 2654 5757 negans
2695 5698 2785 5750 hoc
2818 5699 2921 5752 loco
2958 5705 3228 5756 restituitur
3252 5711 3534 5756 auctoritate
3565 5719 3666 5756 ms-

2083 5760 2452 5814 unaet'iptorum.

2146 5813 2218 5877 ια)
2244 5813 2400 5875 Forte,
2425 5815 2615 5869 veritus.
