4126 6518
555 357 578 409 i
593 353 697 408 205

554 465 673 534 ejus
718 463 892 530 retatis
919 477 1040 534 qute
1067 461 1274 518 ratione
1321 463 1489 518 utitur
1537 462 1588 516 in
1619 461 1904 517 contrariis
1943 457 2134 514 studiis

555 558 752 612 indicet
789 556 1176 620 imitationem;
1219 554 1335 609 hzec
1379 563 1559 608 autem
1602 553 1864 624 ingratius
1893 550 2140 620 largitate

557 648 820 717 praelatio,
869 655 1212 704 consecratos
1258 656 1312 700 et
1355 655 1639 716 provectos
1687 643 1944 713 approbet
1987 641 2141 695 inno-

553 751 754 806 centes.
789 739 918 805 Qum
942 754 1062 793 cum
1095 740 1163 792 ita
1197 738 1322 804 sint,
1359 737 1473 812 tibi,
1509 751 1613 791 non
1645 737 1794 796 mihi,
1827 733 2140 804 Apostolum

555 833 772 886 obviare
817 833 973 896 senti,
1007 841 1192 886 contra
1234 841 1284 885 te
1315 847 1434 884 eum
1463 845 1610 884 arma
1637 830 1778 884 l'erre
1807 827 2138 898 cognoscito,

557 925 648 994 qui
675 923 866 992 dogma
891 933 1060 984 tuum,
1087 923 1537 992 pra'ceptorisque
1565 920 1636 974 tui
1665 920 1868 986 Fausti,
1897 935 1926 972 a
1952 933 2058 989 quo
2081 931 2141 972 es

557 1017 703 1071 velut
741 1018 907 1086 prima
939 1031 1096 1069 manu
1129 1015 1342 1078 tinctus,
1389 1013 1488 1067 hoc
1515 1028 1642 1074 uno,
1691 1013 1736 1066 si
1767 1020 1960 1066 caetera
1987 1010 2143 1064 dees-

559 1119 698 1174 sent,
734 1107 1081 1162 vehementer
1122 1114 1406 1166 everteret,
1437 1104 1558 1174 quia
1601 1103 1730 1156 dicit
1757 1118 1852 1172 per
1876 1102 2032 1156 unius
2063 1099 2146 1153 in-

559 1199 913 1253 ohedientiam
937 1197 1152 1263 multos,
1173 1211 1274 1250 non
1303 1210 1514 1260 omnes,
1547 1201 1857 1264 peccatores
1884 1189 2146 1246 constitu-

559 1299 644 1342 tos
692 1289 884 1354 fuisse,
938 1297 990 1341 et
1044 1303 1137 1356 per
1183 1285 1342 1340 unius
1396 1284 1758 1339 obedientiam
1809 1282 1985 1353 justos
2035 1296 2142 1335 non

558 1394 749 1440 ontnes
776 1380 1094 1432 constitutos
1136 1377 1319 1442 fuisse,
1363 1375 1458 1430 scd
1501 1376 1717 1429 multos.
1755 1373 1824 1429 Ut
1851 1373 1992 1428 enim
2025 1371 2148 1426 dili-

558 1479 745 1538 genter
764 1485 923 1540 quam
955 1468 1046 1522 tibi
1071 1483 1250 1524 sermo
1279 1466 1367 1521 hic
1401 1473 1679 1536 repugnet,
1711 1465 1924 1520 lectoris
1947 1463 2145 1517 intelli-

559 1561 752 1628 gentia:
773 1567 1091 1628 suggeratur
1115 1575 1128 1610 :
1159 1556 1448 1627 Apostolus
1477 1555 1805 1625 pronuntiat,
1829 1568 1933 1608 non
1957 1568 2146 1608 omnes

563 1664 658 1718 per
701 1649 871 1726 Adam
923 1657 1234 1717 peccatores
1273 1647 1592 1700 constitutos
1641 1644 1838 1710 fuisse;
1884 1652 1943 1698 tu
1988 1643 2144 1709 dicis,

561 1754 748 1798 omnes
787 1739 1007 1793 omnino
1053 1753 1148 1809 per
1191 1737 1360 1792 Adam
1408 1745 1628 1808 peccato
1675 1735 1902 1790 naturali
1951 1733 2020 1790 ad
2057 1733 2148 1806 jus

561 1831 754 1884 diaboli
801 1830 1072 1900 pertinuere
1111 1846 1125 1883 :
1169 1829 1364 1900 ambigi
1409 1843 1516 1882 non
1559 1835 1758 1898 potest,
1809 1826 1950 1882 inter
1995 1835 2049 1882 te
2093 1834 2148 1882 et

563 1922 874 1996 Apostolum
901 1935 1146 1992 magnam
1177 1935 1298 1974 esse
1325 1911 1578 1990 pugnam.

633 2013 766 2066 Ave.
807 2011 1005 2066 Omnes
1028 2011 1178 2078 dicit,
1207 2011 1534 2080 eosdemque
1564 2011 1788 2074 multos;
1817 2023 1924 2064 non
1951 2009 2150 2065 multos

558 2104 786 2160 dicendo
815 2112 972 2174 negat
1013 2103 1258 2168 omnes‘,
1306 2118 1374 2156 ne
1411 2101 1516 2156 sibi
1555 2101 1625 2155 sit
1668 2101 1782 2172 ipse
1825 2100 2146 2165 contrarius,

559 2197 699 2250 sicut
725 2205 896 2248 vestra
926 2203 1018 2248 aut
1039 2193 1172 2249 fallit
1195 2193 1526 2263 improbitas,
1557 2199 1648 2246 aut
1691 2192 1890 2246 fallitur
1915 2191 2149 2247 caecitas.

559 2289 694 2357 Quia
733 2287 874 2342 enim
912 2296 1197 2356 utrumque
1234 2285 1370 2340 dixit
1409 2284 1713 2355 Apostolus,
1755 2293 1810 2338 et
1849 2298 2059 2349 omnes,
2097 2290 2154 2340 et

563 2379 792 2442 multos;
832 2377 1042 2431 ostendi
1083 2393 1184 2447 ego
1219 2391 1322 2432 non
1355 2364 1493 2430 inter
1525 2389 1584 2430 se
1625 2376 1731 2429 duo
1756 2375 1852 2430 ista
1883 2388 2150 2448 pugnare;

561 2470 686 2539 quia
733 2469 830 2538 ipsi
871 2481 1087 2532 oinnes,
1133 2466 1254 2520 ideo
1281 2466 1442 2521 etiam
1484 2465 1633 2530 multi
1673 2474 1797 2520 sunt
1837 2465 1987 2531 dicti,
2030 2464 2156 2534 quia

565 2553 754 2614 onmes
778 2559 1062 2628 aliquando
1087 2558 1335 2612 dicuntur
1355 2567 1408 2610 et
1429 2545 1580 2626 pauci
1605 2573 1618 2609 :
1640 2565 1695 2610 tu
1721 2565 1898 2611 autem
1927 2554 2155 2630 dicendo

567 2667 672 2704 non
703 2665 912 2715 omnes,
955 2664 1090 2719 quos
1113 2662 1300 2702 omnes
1327 2646 1461 2701 dixit
1489 2645 1799 2716 Apostolus,
1839 2645 2024 2717 procul
2057 2643 2158 2700 du-

566 2742 658 2800 bio
683 2740 1019 2796 convinceris
1043 2739 1298 2810 Apostolo
1318 2753 1438 2794 esse
1462 2738 1780 2792 contrarius.

639 2830 913 2886 CXLVIII.
953 2829 1076 2894 Jun.
1115 2827 1248 2884 Nam
1287 2843 1409 2894 cum
1441 2835 1494 2881 tu
1531 2838 1586 2883 et
1611 2827 1932 2882 Manicbmus
1959 2827 2156 2893 dicitis,

567 2923 767 2978 Omnes
795 2929 920 2975 sunt
947 2920 1261 2975 naturaliter
1288 2929 1598 2990 peccatores
1624 2935 1638 2971 :
1664 2919 1950 2988 Apostolus
1977 2929 2158 2975 autem

571 3016 720 3080 dicit,
764 3015 909 3069 Multi
955 3021 1100 3080 sunt,
1147 3027 1252 3067 non
1295 3025 1501 3076 omnes,
1531 3022 1870 3082 peccatores;
1922 3021 2162 3068 removet

569 3106 960 3163 accusationem
987 3119 1018 3160 a
1065 3103 1358 3160 seminibus
1381 3118 1502 3174 qure
1535 3113 1771 3158 armatur
1793 3105 1844 3158 in
1869 3119 2066 3167 mores,
2099 3113 2154 3160 et

569 3197 798 3254 destruit
839 3197 1096 3268 originale
1125 3205 1418 3266 peccatum.
1451 3195 1625 3266 thue
1660 3197 1764 3252 hoc
1805 3197 1978 3268 ipsum
2019 3197 2162 3272 quod

569 3293 793 3362 egimus,
826 3305 1106 3362 urgeamus
1139 3307 1152 3343 :
1178 3290 1477 3360 prmscrihit
1503 3291 1810 3360 Apostolus,
1841 3291 2035 3348 multos
2061 3291 2161 3347 de-

569 3386 700 3439 bere
753 3381 974 3452 intelligi
1021 3397 1118 3452 pcr
1175 3381 1307 3436 Ada:
1359 3381 1775 3436 inobedicntiam
1821 3390 2158 3450 peccatores;

571 3475 770 3530 multus
814 3485 992 3550 autem
1041 3489 1134 3544 per
1175 3473 1372 3529 Christi
1413 3473 1771 3529 obedientiam
1809 3474 2016 3545 justus;
2065 3491 2160 3532 eos

573 3567 756 3634 utique
782 3567 870 3638 qui
898 3566 1026 3636 justi
1053 3575 1197 3629 sunt,
1230 3565 1522 3621 ostendens
1551 3565 1619 3620 ab
1644 3565 1751 3622 illis
1771 3567 1861 3637 qui
1891 3568 2164 3622 criminosi

573 3666 720 3721 sunt,
749 3671 868 3712 esse
896 3655 1155 3714 discretos
1181 3675 1195 3711 :
1223 3665 1277 3710 ιιι
1317 3671 1419 3726 qua
1450 3656 1774 3726 impudentia
1805 3659 2164 3728 argumentari

575 3750 784 3814 niteris,
827 3759 886 3802 ut
908 3763 973 3804 ex
1011 3749 1092 3804 his
1117 3749 1454 3804 sermonibus
1483 3749 1676 3818 probes
1703 3751 1948 3808 naturale
1975 3765 2164 3821 pecca-

575 3844 724 3906 tum?
765 3843 898 3898 Nam
946 3858 1067 3898 eum
1115 3841 1249 3896 dicis
1297 3857 1484 3897 omnes
1528 3843 1674 3896 nasci
1713 3843 2029 3898 criminosus
2071 3859 2168 3914 per

575 3936 769 3998 Adam,
797 3945 851 3990 et
879 3946 1095 4006 propter
1116 3933 1218 3989 hoc
1240 3934 1304 3988 ad
1334 3933 1602 3989 diabolum
1629 3938 1915 4006 pertinere,
1945 3935 2039 3992 sed
2064 3937 2164 3992 all-

575 4043 712 4099 quos
743 4027 865 4081 inde
891 4041 986 4095 per
1005 4023 1273 4080 Christum
1301 4037 1486 4094 postea
1511 4026 1756 4090 liberari;
1785 4042 1889 4082 non
1919 4028 2020 4084 hoc
2045 4043 2169 4084 sen-

579 4122 648 4176 tis
677 4119 814 4188 quod
845 4117 1150 4188 Apostolus,
1178 4117 1266 4187 qui
1298 4116 1444 4183 dicit,
1480 4133 1585 4172 non
1623 4133 1810 4172 omnes
1855 4134 1951 4190 per
1992 4119 2167 4177 Adam

583 4220 892 4288 peccatores
917 4209 1236 4264 constitutos
1261 4223 1400 4276 esse,
1432 4207 1526 4264 sed
1555 4209 1766 4264 multos.

651 4295 796 4360 Auc?
818 4302 1076 4370 Quoniam
1103 4317 1208 4363 non
1225 4309 1308 4357 est
1327 4300 1674 4367 contrarium,
1699 4301 1835 4356 sicut
1857 4302 1965 4373 jam
1990 4311 2171 4362 osten—

579 4395 778 4456 dimus,
804 4405 858 4448 ut
879 4394 1038 4448 iidem
1061 4394 1169 4450 sint
1197 4393 1364 4458 multi,
1389 4393 1477 4463 qui
1499 4401 1628 4448 sunt
1647 4409 1862 4460 omnes;
1897 4396 2016 4452 ideo
2035 4412 2170 4467 quos

583 4485 798 4556 nudtos,
829 4484 1045 4544 eosdem
1085 4499 1272 4538 omnes
1312 4484 1602 4552 Apostolus
1628 4485 1758 4540 dicit
1790 4503 1804 4540 :
1847 4503 1951 4542 non
1981 4504 2170 4558 omnes

581 4585 784 4636 autem,
818 4591 924 4630 non
955 4576 1262 4646 Apostolus,
1292 4575 1384 4630 sed
1417 4583 1468 4629 tu
1489 4575 1656 4642 dicis;
1684 4591 1746 4631 ac
1779 4593 1872 4647 per
1895 4577 1998 4634 hoc
2029 4581 2172 4647 Apo-

581 4667 720 4723 stolo
745 4667 1087 4722 contradicis.
1117 4665 1317 4722 Verum
1360 4674 1448 4722 est
1483 4677 1659 4722 autem
1701 4669 1844 4738 quod
1884 4671 2172 4739 Apostolus

581 4759 712 4816 dicit
742 4776 756 4814 :
789 4759 977 4814 falsum
1019 4773 1146 4827 ergo
1185 4757 1326 4828 quod
1367 4765 1424 4812 tu
1469 4755 1624 4812 dicis.
1660 4758 1730 4812 Et
1757 4759 1895 4828 quod
1923 4762 2172 4830 superius

581 4851 784 4916 dixisti,
821 4869 842 4906 ι
873 4851 1150 4920 vigilanter
1177 4841 1478 4905 inculcasse
1503 4849 1840 4920 Apostolum,
1871 4849 2037 4906 Multo
2061 4869 2172 4922 nra-

583 4942 660 5011 gia
688 4943 852 5013 gratia
880 4941 978 4996 Dei
1018 4951 1064 4996 et
1093 4941 1282 4996 donum
1317 4941 1470 4995 unius
1498 4941 1716 4995 hominis
1743 4939 1867 4995 Jesu
1897 4941 2084 4998 Christi
2120 4943 2175 4998 in

589 5035 758 5106 plures
783 5033 1056 5104 abundavit
1083 5052 1101 5085 ι
1139 5032 1360 5103 (Supra,
1385 5049 1501 5104 cap.
1527 5031 1684 5104 M7);
1715 5034 1902 5088 volens
1930 5035 2172 5106 intelligi,

591 5111 708 5188 ideo
747 5123 924 5194 plures
947 5123 1139 5190 dictos,
1167 5123 1288 5194 quia
1319 5125 1564 5194 pervenit
1590 5123 1758 5194 gratia
1796 5124 1913 5194 ejus
1949 5127 2016 5181 ad
2051 5141 2176 5194 par-

589 5213 761 5279 vulos,
792 5213 858 5268 ad
887 5227 1021 5286 quos
1055 5213 1281 5270 imitatio
1313 5214 1469 5284 primi
1511 5214 1741 5270 hominis
1767 5231 1874 5274 non
1907 5217 2173 5286 pertinet:

589 5315 681 5364 aut
705 5301 992 5362 mendosus
1021 5304 1192 5360 codex
1223 5305 1316 5360 tibi
1343 5305 1600 5361 mentitus
1627 5315 1732 5372 est,
1763 5317 1854 5360 aut
1879 5307 1994 5377 ipse
2022 5323 2176 5364 men-

593 5395 730 5460 tiris,
758 5403 850 5454 aut
875 5395 941 5454 ab
970 5396 1148 5466 aliquo
1175 5395 1329 5462 falso,
1371 5399 1486 5458 sive
1516 5397 1754 5466 fallente,
1782 5408 1874 5454 aut
1908 5399 2178 5458 oblivione

592 5483 848 5560 deceptus
874 5499 954 5540 es.
982 5485 1098 5541 Non
1126 5487 1268 5542 enim
1298 5488 1371 5555 ait
1395 5489 1681 5562 Apostolus
1705 5489 1896 5560 plures,
1919 5487 2014 5547 sed
2041 5493 2178 5550 mul-

596 5585 692 5634 tas.
723 5575 967 5636 Caecum
1009 5575 1226 5636 attende
1268 5578 1506 5632 codicem
1533 5619 1548 5646 ,
1583 5590 1639 5635 et
1681 5581 2177 5651 invenies-mnos“

599 5680 703 5722 tton
725 5673 988 5728 πλάσταις.
1013 5665 1156 5728 Dixit
1171 5681 1318 5738 ergo,
1346 5667 1514 5728 multo
1540 5671 1706 5742 magis
1733 5671 2034 5732 abundasse
2055 5689 2180 5746 gra-

665 5779 684 5844 i
713 5779 796 5846 hic
815 5788 880 5842 es
901 5785 1006 5828 Mss.
1026 5777 1342 5840 restituimus,
1363 5789 1539 5830 numer.

1231 347 1480 406 OPERIS
1517 345 1926 404 IMPERFEC'I‘I
1965 341 2242 402 CONTRA
2285 343 2642 414 JULIANUH,
2679 347 2736 406 S.
2775 349 3142 406 AUGUSTINI

3635 368 3746 428 1201

2251 456 2375 512 tiam
2403 459 2455 513 in
2483 461 2699 528 multos,
2729 477 2832 516 non
2857 463 2908 518 in
2937 464 3104 533 magis
3127 464 3332 534 multos,
3375 470 3465 527 hoc
3484 487 3573 544 est,
3597 495 3684 534 non
3709 487 3748 540 in

2247 547 2448 618 plures,
2493 548 2632 605 sicut
2672 550 2784 620 jam
2831 554 3164 610 ostendimus
3203 573 3217 610 :
3260 561 3492 628 quoniam
3528 567 3568 620 si
3605 571 3754 640 plures

2247 637 2490 706 dixisset,
2519 651 2738 710 propter
2763 643 3010 712 parvulos
3029 661 3163 715 quos
3193 655 3326 703 tenet
3355 653 3526 719 gratia,
3547 637 3651 712 cum
3672 665 3759 730 pri.

2249 730 2320 784 mi
2353 729 2582 786 hominis
2609 747 2714 788 non
2757 743 2936 789 teneat
2973 731 3224 802 imitatio;
3277 737 3453 795 [adsum
3475 729 3686 810 dixisset,
3718 764 3762 806 et

2247 831 2392 876 esset
2417 823 2606 878 similis
2633 824 2804 880 vobis.
2836 825 2894 882 Si
2931 828 3072 882 enim
3099 843 3284 884 omnes
3311 829 3582 890 imitatores
3603 837 3763 898 Christi

2249 925 2370 984 post
2395 914 2510 984 ejus
2537 916 2976 984 incarnationem,
3005 921 3326 989 regeneratis
3349 925 3559 991 parvulis
3581 928 3761 997 additis,

2249 1003 2593 1060 conferantur
2607 1021 2728 1061 cum
2753 1009 3138 1076 peccatoribus,
3171 1026 3302 1080 quos
3324 1027 3498 1070 omnes
3509 1019 3648 1071 vultis
3671 1035 3770 1089 pro-

2248 1105 2369 1168 pter
2394 1097 2670 1153 arbitrium
2701 1100 2958 1157 libertatis
2995 1102 3061 1156 ad
3091 1102 3430 1160 imitationem
3459 1109 3600 1178 primi
3623 1109 3770 1166 homi-

2251 1188 2336 1241 nis
2363 1189 2663 1258 pertinere,
2709 1190 2776 1245 ah
2811 1191 2928 1262 ipso
2953 1191 3122 1248 Adam
3149 1209 3317 1265 usque
3353 1195 3403 1250 in
3445 1197 3588 1253 tinem
3626 1201 3772 1256 stt-culi

2249 1279 2522 1336 voluntate
2545 1291 2856 1350 peccantes;
2883 1283 2972 1353 qui
2996 1299 3182 1340 eorum
3211 1286 3375 1340 multo
3395 1287 3560 1356 plures
3577 1290 3668 1344 sint
3683 1293 3774 1347 erit

2251 1369 2444 1424 denter
2464 1380 2706 1440 apparet,
2733 1381 2792 1428 ut
2817 1381 2873 1429 et
2897 1384 3074 1430 vestra
3101 1375 3328 1432 falsitate
3351 1379 3632 1434 vincamiui.

2323 1459 2550 1515 CXLIX.
2591 1462 2711 1518 Juc.
2750 1463 2806 1519 Si
2825 1465 2968 1520 enim
2993 1467 3149 1536 quale
3169 1475 3244 1532 tu,
3267 1468 3370 1524 tale
3387 1469 3568 1540 aliquid
3589 1471 3668 1526 ille
3683 1487 3780 1528 sen-

2251 1551 2430 1617 sisset,
2463 1553 2644 1609 debuit
2674 1555 2856 1626 utique
2879 1555 3080 1623 dicere,
3109 1557 3212 1614 Per
3241 1559 3394 1614 unius
3421 1560 3780 1618 inobedientiant

2253 1651 2562 1712 peccatores
2577 1646 2851 1702 constituti
2881 1657 3003 1702 sunt
3019 1662 3224 1714 omnes,
3253 1649 3345 1705 sed
3371 1665 3462 1720 per
3478 1651 3784 1706 obedientiam

2253 1732 2449 1790 Christi
2474 1751 2540 1790 ex
2565 1735 2649 1791 his
2670 1736 2830 1807 aliqui
2849 1737 2916 1792 ad
2933 1737 3191 1806 justitiam
3211 1748 3556 1796 reverterunt.
3581 1741 3649 1796 lla
3670 1743 3788 1806 enim

2253 1840 2474 1896 prorsus
2499 1829 2550 1883 ei
2577 1827 2897 1898 loquendum
2925 1828 3116 1898 fuerat,
3151 1830 3200 1886 si
3242 1830 3346 1886 hoc
3385 1831 3522 1902 quod
3561 1842 3610 1888 tu
3643 1833 3787 1903 lingis,

2253 1918 2510 1974 voluisset
2547 1919 2794 1990 intelligi.
2845 1919 3218 1978 Verumtamen
3271 1937 3390 1977 cum
3437 1923 3534 1978 hac
3573 1927 3792 1980 sententia

2255 2010 2382 2065 illud
2411 2010 2552 2066 aliud
2568 2011 2895 2082 nequivisset
2912 2027 3173 2079 asserere,
3203 2015 3372 2070 multo
3389 2015 3550 2086 magis
3573 2015 3794 2084 profuisse

2253 2101 2454 2156 Christi
2495 2103 2741 2172 gratiam,
2789 2117 2948 2173 quam
2989 2104 3120 2159 Adae
3163 2105 3394 2161 larsisset
3433 2105 3682 2176 iniquitas.
3707 2106 3798 2160 Etsi

2255 2205 2384 2260 ergo
2413 2191 2622 2260 penitus
2649 2191 2998 2260 nesciremus,
3025 2194 3114 2264 qui
3135 2209 3254 2250 nios
3275 2204 3435 2259 esset,
3463 2209 3566 2265 quo
3585 2196 3602 2227 ¹
3627 2210 3710 2265 per
3729 2196 3796 2249 ia-

2256 2281 2615 2340 obedientiam
2642 2283 2799 2338 unius
2830 2284 3061 2342 hominis
3083 2285 3234 2340 multi
3265 2295 3568 2356 peccatores
3590 2287 3802 2342 constitui

2257 2371 2562 2428 dicerentur
2591 2389 2606 2426 :
2639 2382 2816 2430 tamen
2847 2384 3089 2431 maneret
3122 2376 3177 2430 in
3207 2376 3403 2443 solido,
3435 2391 3537 2432 non
3573 2375 3664 2432 hoc
3699 2391 3800 2446 per-

2259 2463 2434 2520 tinere
2461 2465 2526 2518 ad
2553 2465 2811 2536 originale
2839 2476 3134 2536 peccatum,
3175 2467 3321 2539 quod
3349 2469 3626 2544 Apostolus
3664 2467 3804 2524 incul-

2258 2563 2492 2624 caverat,
2515 2557 2714 2622 multis,
2745 2571 2852 2612 non
2875 2557 3124 2612 omnibus
3139 2560 3454 2615 convenire.

2331 2645 2470 2702 Asc.
2509 2644 2585 2700 De
2609 2645 2794 2704 multis
2819 2654 2874 2701 et
2909 2647 3194 2716 omnibus,
3240 2650 3358 2722 jam
3399 2662 3701 2719 responsum
3725 2657 3810 2702 est.

2259 2733 2372 2792 Nec
2393 2735 2472 2791 sic
2495 2735 2728 2792 locutum
2749 2737 2913 2796 fuisse
2936 2741 3272 2810 Apostolum,
3296 2741 3724 2814 quemadmodum
3741 2741 3810 2794 di»

2261 2829 2341 2884 cis
2361 2845 2483 2884 eum
2515 2829 2658 2900 loqui
2679 2829 2948 2896 debuisse,
2969 2832 3014 2886 si
3043 2831 3148 2893 hoc
3169 2831 3377 2889 diceret
3401 2833 3542 2904 quod
3581 2849 3672 2888 nos
3702 2831 3812 2887 dici-

2261 2935 2404 2986 mus,
2429 2919 2556 2990 quid
2581 2921 2774 2976 mirum
2801 2921 2920 2977 est?
2941 2922 3386 2995 Quandoquidem
3411 2923 3636 2990 etiamsi,
3659 2937 3818 2976 secun-

2263 3009 2392 3064 dum
2431 3025 2546 3077 vos,
2595 3011 2882 3080 Apostolus
2932 3028 3028 3082 per
3061 3013 3220 3068 unius
3247 3013 3510 3070 delictum
3549 3013 3616 3068 ita
3657 3011 3820 3067 multos

2263 3107 2574 3169 peccatores
2610 3101 2930 3157 constitutos
2957 3117 3080 3159 esse
3117 3102 3384 3172 dixisset,
3429 3113 3490 3159 ut
3518 3104 3670 3158 iidem
3698 3101 3820 3156 multi

2265 3205 2372 3245 non
2397 3199 2613 3260 possent
2631 3205 2818 3246 omnes
2845 3191 3086 3264 intelligi,
3111 3193 3204 3250 sed
3231 3193 3284 3249 hi
3315 3203 3520 3250 tantum
3541 3195 3626 3265 qui
3645 3209 3704 3249 ex
3723 3191 3822 3246 iml-

2267 3282 2466 3336 tatione
2505 3281 2660 3351 primi
2703 3281 2934 3337 hominis
2977 3285 3190 3354 propria
3229 3285 3514 3340 voluntate
3541 3291 3822 3355 peccaram;

2265 3389 2374 3428 non
2399 3373 2534 3430 dixit
2559 3387 2656 3444 per
2673 3373 3030 3429 obedientiam
3055 3375 3246 3432 Christi
3277 3392 3349 3432 ex
3378 3377 3464 3432 his
3489 3375 3828 3447 aliquosjusti-

2267 3466 2472 3533 licatos,
2507 3466 2650 3536 quod
2691 3475 2872 3524 tamen
2899 3483 3080 3524 verum
3123 3477 3225 3524 est.
3255 3469 3402 3536 Quid
3437 3479 3522 3526 est
3555 3483 3679 3540 ergo
3711 3464 3830 3536 quod

2267 3559 2420 3625 dicis,
2455 3577 2474 3611 ι
2499 3557 2556 3614 Si
2585 3559 2688 3614 tale
2713 3559 2911 3630 aliquid
2939 3561 3095 3630 quale
3137 3575 3236 3616 nos
3266 3563 3534 3618 sensisset
3559 3559 3830 3630 Apostolus,

2267 3667 2390 3708 eum
2417 3651 2599 3708 dicere
2627 3651 2908 3717 debuisse,
2949 3653 3052 3708 Per
3088 3653 3246 3709 unius
3283 3655 3700 3710 inobedientiam
3727 3665 3834 3720 prc-

2267 3751 2479 3798 catores
2505 3743 2782 3798 constituti
2823 3751 2946 3798 sunt
2984 3759 3192 3811 omnes,
3229 3745 3328 3800 sed
3373 3761 3474 3816 per
3511 3743 3834 3801 obedientiam

2267 3832 2464 3890 Christi
2489 3849 2555 3890 ex
2583 3834 2666 3891 his
2695 3835 2854 3906 aliqui
2882 3834 2950 3890 ad
2965 3833 3226 3904 justitiam
3252 3835 3639 3892 reverterunt?
3663 3855 3680 3886 ι
3705 3830 3838 3900 Quasi

2269 3939 2366 3979 vos
2395 3927 2617 3996 negetis,
2660 3939 2729 3980 ex
2771 3925 3265 3994 praevaricator-ibus
3313 3926 3476 3995 legis,
3523 3925 3702 3996 quales
3739 3931 3838 3974 tau-

2271 4015 2545 4071 tummodo
2571 4024 2876 4085 peccatores
2896 4016 2962 4070 ad
2985 4016 3390 4072 similitudinem
3417 4010 3844 4086 praevaricationis

2269 4106 2401 4160 Adae
2435 4107 2706 4177 pertinere
2741 4107 3084 4174 contenditis,
3116 4107 3326 4178 aliquos
3369 4125 3477 4180 per
3515 4105 3844 4162 obedientiam

2269 4196 2470 4254 Christi
2498 4198 2564 4254 ad
2588 4199 2846 4268 justitiam
2877 4198 3038 4254 fuisse
3064 4213 3380 4254 conversos.
3426 4199 3718 4254 Possumus
3743 4207 3850 4263 ergo

2271 4298 2328 4344 et
2351 4303 2448 4343 nos
2477 4289 2626 4344 vobis
2653 4287 2834 4344 dicere
2865 4305 2880 4342 :
2913 4289 2970 4343 Si
3001 4289 3105 4342 tale
3131 4288 3329 4358 aliquid
3361 4288 3532 4359 quale
3557 4300 3653 4342 vos
3679 4285 3850 4340 sensis-

2271 4389 2355 4436 set
2383 4379 2689 4450 Apostolus,
2711 4378 2895 4434 debuit
2919 4379 3100 4448 utique
3125 4379 3325 4445 dicere,
3363 4379 3474 4434 Per
3505 4379 3667 4434 unius
3691 4375 3854 4430 inube-

2272 4471 2524 4526 dientiam
2543 4478 2852 4540 peccatores
2872 4469 3146 4526 constituti
3164 4479 3287 4524 sunt
3314 4471 3482 4526 multi
3509 4470 3746 4541 quidem,
3767 4481 3852 4520 non

2274 4579 2479 4630 omnes,
2509 4562 2602 4618 sed
2626 4563 2787 4617 etiam
2809 4578 2874 4618 ex
2913 4561 2996 4617 his
3023 4579 3115 4632 per
3143 4563 3517 4618 obedientiam
3549 4561 3744 4618 Christi
3783 4559 3862 4612 ali-

2275 4657 2364 4726 qui
2383 4655 2449 4710 ad
2475 4654 2733 4724 justitiam
2753 4663 3107 4708 reverterunt.
3131 4655 3236 4708 Aut
3251 4653 3418 4710 etiam
3451 4655 3630 4709 multo
3652 4651 3862 4720 apertius

2276 4746 2350 4802 ita
2384 4747 2722 4815 loqueretur,
2769 4745 2812 4798 si
2843 4744 3042 4815 aliquid
3071 4745 3176 4799 tale
3211 4745 3518 4812 sensisset,
3553 4753 3618 4800 ut
3645 4745 3863 4799 diceret:

2277 4839 2422 4895 Multi
2448 4837 2662 4908 quidem
2691 4837 2996 4892 Iudaeorum
3019 4853 3116 4908 per
3141 4837 3574 4894 inohedicntiam
3607 4839 3758 4892 unius
3787 4835 3868 4888 ho-

2277 4931 2440 4986 minis
2484 4938 2793 4999 peccatores
2832 4937 2956 4983 sunt
2999 4930 3293 4998 constituti,
3333 4930 3437 5000 qui
3489 4931 3616 5002 lege
3649 4936 3872 4996 accepta,

2277 5021 2439 5075 simili
2489 5019 2926 5089 praevaricatione
2969 5029 3288 5089 peccatum,
3331 5021 3436 5075 sed
3483 5023 3654 5076 etiam
3692 5034 3756 5074 ex
3801 5016 3874 5070 his

2277 5111 2489 5182 aliquos
2505 5111 2813 5180 justiticavit
2837 5111 3034 5166 Christi
3055 5110 3380 5166 obedientia.
3407 5111 3578 5179 Quod
3597 5111 3644 5166 si
3671 5109 3762 5166 tibi
3783 5122 3876 5162 non

2281 5202 2664 5274 przejudicavit,
2696 5217 2800 5256 non
2831 5203 2900 5255 ita
2941 5201 3227 5272 loquendo,
3257 5203 3402 5256 sicut
3433 5203 3554 5257 dixi
3595 5218 3720 5257 eum
3751 5197 3878 5268 loqui

2280 5293 2549 5357 debuisse,
2583 5293 2628 5348 si
2667 5293 2768 5348 hoc
2807 5293 3030 5348 sentiret
3069 5291 3212 5363 quod
3255 5302 3308 5346 tu
3339 5307 3355 5344 :
3389 5307 3502 5348 nec
3539 5293 3676 5348 mihi
3717 5291 3883 5358 utique

2281 5384 2633 5456 prmjudicare
2653 5383 2831 5450 debet,
2859 5383 2980 5454 quia
3013 5399 3120 5438 non
3151 5384 3222 5438 ita
3245 5383 3466 5438 locutus
3489 5394 3604 5450 est,
3627 5379 3884 5454 quomodo

2283 5489 2406 5529 eum
2436 5473 2570 5528 dicis
2608 5473 2748 5543 loqui
2777 5471 3027 5528 debuisse
3051 5515 3066 5540 ,
3112 5475 3155 5528 si
3195 5473 3296 5527 hoc
3321 5475 3572 5530 sentiret
3601 5473 3748 5545 quod
3773 5485 3884 5542 ego.

2282 5565 2417 5622 Cum
2439 5579 2566 5635 ergo
2593 5565 2882 5634 Apostolus
2909 5565 2980 5620 ita
3005 5565 3076 5620 sit
3100 5565 3334 5630 locutus,
3387 5566 3544 5620 sicut
3569 5563 3890 5635 loquendum

2283 5671 2404 5714 esse
2435 5655 2720 5712 arbitratus
2762 5665 2879 5723 est;
2925 5655 3210 5712 videndum
3249 5661 3333 5712 est
3377 5657 3514 5728 quis
3561 5658 3616 5716 ei
3657 5668 3892 5720 nostrum

2369 5787 2381 5818 ³
2407 5796 2456 5842 ιη
2478 5797 2603 5852 Mss,
2621 5789 2769 5870 quod.
