4172 6500
416 369 552 426 1206

416 480 734 546 consentiat,
765 490 944 533 utrum
975 490 1074 545 ego
1096 474 1184 546 qui
1215 475 1333 528 dico
1359 487 1546 529 verum
1578 484 1700 528 esse
1723 472 1867 539 quod
1908 465 2008 531 ait,

423 574 522 627 Per
546 572 696 625 unius
724 569 963 624 delictum
986 571 1041 622 in
1068 583 1240 622 omnes
1274 565 1498 620 homines
1523 563 1592 616 ad
1624 559 2008 616 condemnatioé

417 682 570 731 nem;
599 673 652 718 et
677 678 860 718 verum
887 678 1006 717 esse
1034 660 1175 732 quod
1200 661 1293 724 ait,
1320 657 1423 712 Per
1444 657 1592 711 unius
1617 653 2008 708 inobedientiam

421 765 706 827 peccatores
735 753 992 807 constituti
1016 760 1132 806 sunt
1161 751 1310 804 multi
1335 747 1510 817 (Rom.
1532 763 1585 812 v,
1620 746 1707 811 18,
1738 744 1861 814 l9);
1884 757 2011 813 quo-

421 848 565 901 niam
608 861 716 900 non
755 854 1012 914 repugnat
1040 853 1097 898 ut
1129 843 1218 913 qui
1249 841 1400 896 multi
1440 849 1566 894 sunt
1595 851 1785 893 omnes
1806 837 1931 898 sint,
1958 842 2014 888 et

419 938 511 1008 qtti
552 950 743 991 omnes
783 945 908 991 sunt
943 935 1095 990 multi
1128 935 1237 989 sint
1260 951 1272 985 :
1299 948 1365 986 au
1403 942 1459 987 tu
1497 930 1589 1001 qui
1627 928 1782 991 dicis,
1816 926 1914 982 Ubi
1940 924 2015 978 ait

420 1030 642 1094 multos,
667 1026 816 1082 multi
834 1036 986 1091 sunt;
1018 1025 1107 1080 ubi
1126 1025 1200 1078 ait
1222 1037 1430 1088 omnes,
1461 1036 1565 1076 non
1582 1033 1771 1075 omnes
1798 1025 1942 1072 sunt.

497 1121 602 1176 CL.
641 1119 762 1176 JUL.
806 1119 1069 1174 Patefacta
1102 1118 1258 1188 igitur
1286 1117 1369 1171 vel
1414 1115 1675 1185 imperitia
1713 1113 1799 1167 vel
1838 1111 2014 1181 impn-

425 1214 604 1271 dentia
636 1223 745 1277 tua,
777 1227 895 1283 qua:
922 1219 1015 1265 aut
1043 1226 1148 1265 non
1176 1216 1327 1264 curat
1352 1216 1444 1261 aut
1474 1222 1579 1260 non
1617 1204 1759 1258 valet
1782 1202 1909 1273 quid
1934 1201 2018 1255 di-
2056 1263 2060 1266 ,

422 1316 578 1359 catur
604 1319 894 1373 exponere,
924 1312 1248 1371 osteusoquc
1274 1299 1510 1354 veritatis
1544 1297 1729 1366 ipsius,
1764 1309 1924 1365 quam
1960 1308 2021 1348 se

427 1410 548 1449 esse
575 1394 821 1448 Christus
848 1393 1144 1463 appellavit
1173 1390 1353 1460 (Joan.
1384 1405 1494 1470 xlv,
1525 1389 1607 1459 6),
1636 1386 1862 1451 lumine,
1887 1383 2021 1438 nihil

428 1486 495 1538 de
515 1485 741 1554 apostoli
764 1484 912 1539 Pauli
929 1483 1266 1538 sermonibus
1285 1480 1612 1546 Manichmm,
1636 1476 1688 1533 id
1707 1488 1790 1534 est
1804 1486 2018 1542 vestrae,

429 1578 706 1632 cohaerere
728 1576 1011 1631 dementia:
1033 1595 1047 1631 :
1070 1591 1213 1631 nunc
1235 1574 1550 1644 expositioni
1573 1588 1789 1642 operam
1813 1571 2022 1636 demus,

433 1678 492 1722 ut
520 1668 658 1721 sicut
682 1677 954 1723 ostensum
985 1676 1067 1721 est
1097 1666 1327 1736 qualiter
1354 1680 1463 1719 non
1494 1665 1679 1734 possit,
1718 1664 1792 1719 ita
1826 1663 2028 1719 clarcat

431 1760 660 1830 qualiter
686 1769 741 1815 et
760 1758 954 1813 debeat
982 1759 1176 1813 Paulus
1202 1765 1257 1812 et
1285 1757 1453 1827 possit
1478 1756 1721 1827 intelligi.

504 1851 643 1905 Anc.
694 1849 768 1903 Ita
813 1849 1080 1904 dcsereris
1128 1849 1374 1913 veritate,
1416 1857 1471 1903 et
1511 1857 1697 1902 contra
1745 1845 2027 1902 manifesta

434 1940 676 2013 Apostoli
697 1941 859 1997 verba
886 1955 991 1995 non
1021 1949 1173 2009 potes
1196 1938 1437 1995 invenire
1457 1938 1584 2009 quid
1612 1938 1780 2002 dicas,
1808 1948 1866 1993 ut
1886 1938 2029 2009 quod

438 2034 491 2087 in
521 2033 601 2088 eis
641 2033 1019 2088 intellexerunt
1054 2039 1131 2087 tot
1167 2032 1335 2087 sancti
1364 2030 1603 2100 clarique
1627 2030 1896 2097 doctores,
1938 2028 2030 2100 qui

440 2124 542 2178 hoc
568 2124 620 2177 in
652 2120 889 2179 Ecclesia
915 2121 1181 2177 catholica
1206 2122 1509 2177 didicerunt
1534 2129 1695 2187 atque
1732 2119 2034 2175 docuerunt

443 2217 572 2289 (non
603 2217 746 2271 enim
768 2231 956 2270 sanum
995 2229 1211 2270 sensum
1243 2214 1499 2270 habentes
1528 2215 1583 2268 in
1603 2222 1709 2267 tam
1732 2211 2032 2268 manifestis

440 2307 620 2363 verbis
643 2305 786 2364 aliud
826 2307 1125 2377 intelligere
1163 2306 1492 2378 potuerunt),
1524 2314 1579 2360 tu
1622 2304 2033 2360 Manichaeorum

440 2412 561 2452 esse
594 2397 775 2463 dicas,
810 2396 951 2467 quod
996 2397 1116 2452 illos
1158 2413 1265 2453 non
1316 2396 1482 2453 fuisse
1522 2398 1731 2467 cogeris
1766 2396 2032 2461 conﬁteri,

440 2488 768 2559 quantolibet
790 2503 996 2544 veneno
1022 2488 1316 2559 Pelagiana:
1343 2489 1507 2560 pestis
1531 2488 1785 2544 insanias.

514 2579 644 2635 CLI.
687 2578 808 2634 Jun.
860 2578 1113 2635 Scribens
1158 2580 1349 2650 itaque.
1380 2578 1448 2634 ad
1491 2579 1792 2647 Romanos,
1834 2577 2035 2650 eojam

444 2677 707 2739 tempore,
734 2685 839 2740 quo
863 2669 1121 2725 Gentium
1136 2680 1376 2741 mperat
1403 2684 1523 2726 esse
1547 2670 1852 2740 permixtio,
1878 2679 2039 2740 atque

446 2760 567 2814 ideo
595 2769 701 2814 tam
737 2775 806 2816 ex
833 2759 1033 2815 .lud:eis
1059 2776 1216 2828 quam
1243 2770 1308 2816 ex
1335 2760 1594 2816 Gentibus
1631 2760 2040 2830 complebantur

447 2851 722 2917 Ecclesiae,
755 2850 1014 2905 tumultus
1043 2852 1222 2921 pepuli
1250 2852 1528 2921 utriusque
1555 2852 1849 2922 componit,
1876 2852 2041 2907 incul-

445 2956 578 2997 cans
603 2941 853 3010 quoniam
881 2955 982 2995 nec
1009 2950 1195 3012 gentes
1226 2943 1553 3011 impietatem
1581 2957 1755 3009 suam,
1784 2958 1903 3014 qua-
1922 2958 2042 2997 mu-

450 3043 693 3089 taverant
730 3033 954 3103 gloriam
1000 3033 1095 3088 Dei
1139 3033 1192 3087 in
1235 3033 1638 3089 similitudinem
1668 3033 1915 3104 imaginis
1941 3033 2041 3089 bo-

449 3126 630 3191 minis,
654 3134 706 3179 ct
732 3125 1029 3190 volucrum,
1059 3132 1115 3179 et
1141 3123 1564 3194 quadrupedum,
1596 3132 1654 3180 et
1686 3125 2037 3195 serpentium,

451 3217 585 3286 legis
613 3217 819 3286 possint
843 3215 1177 3287 ignoratione
1200 3216 1425 3283 diluere,
1455 3232 1575 3288 qute
1601 3231 1699 3287 per
1729 3218 1836 3272 vim
1871 3217 2041 3272 ratio-

451 3307 535 3361 nis
561 3306 830 3377 ingenitae,
866 3307 968 3363 etsi
1010 3322 1115 3362 non
1149 3308 1307 3363 ritum
1331 3308 1757 3364 ceremoniarum
1787 3307 2041 3365 Iudaica-

450 3416 591 3467 rum,
639 3411 816 3456 tamen
871 3401 1036 3455 Deum
1094 3400 1517 3458 innotescentem
1563 3402 1853 3473 operibus,
1909 3404 2041 3461 sub-

452 3491 664 3546 stantiae
689 3506 820 3547 vero
848 3492 1210 3562 profunditate
1243 3502 1508 3549 secretum
1529 3536 1544 3560 ,
1577 3496 1844 3565 potuerint
1862 3511 1929 3553 ex
1955 3495 2042 3553 his

452 3583 521 3637 ab
548 3597 614 3637 eo
652 3597 772 3652 quas
805 3592 931 3637 sunt
966 3583 1103 3638 facta
1124 3599 1473 3657 cognoscere.
1504 3585 1659 3657 Legis
1687 3596 1870 3644 autem
1912 3604 2043 3645 nor-

455 3690 619 3740 mam,
648 3684 904 3745 quantum
928 3675 993 3731 ad
1020 3676 1140 3731 vita:
1180 3677 1497 3746 probitatem
1524 3678 1764 3749 reSpiclt,
1792 3681 2045 3752 proprius

453 3767 739 3837 unicuique
768 3767 1083 3837 suggerebat
1109 3768 1360 3835 allectus;
1390 3770 1637 3828 videlicet
1668 3781 1730 3828 ut
1769 3773 1900 3829 nihil
1938 3774 2045 3832 tale

454 3856 674 3910 inferret
701 3857 964 3926 proximo,
991 3859 1151 3928 quale
1174 3860 1382 3930 perpeti
1407 3860 1666 3917 noluisset
1695 3879 1712 3918 :
1743 3872 1902 3934 atque
1923 3865 2045 3922 ideo

458 3947 832 4016 protauitatem
857 3947 1105 4003 Gentium
1144 3949 1268 4018 jure
1308 3950 1513 4020 Optimo
1550 3951 1700 4022 argui
1729 3967 1890 4023 posse
1916 3968 2048 4011 con-

455 4037 639 4101 vincit,
669 4036 771 4092 etsi
811 4052 916 4092 non
945 4053 1039 4107 per
1065 4039 1257 4110 legem,
1289 4054 1387 4110 per
1413 4055 1532 4096 eam
1576 4049 1756 4097 tamen
1786 4041 2046 4113 justitiam

454 4143 574 4197 qua)
599 4127 835 4181 condidit
858 4128 1051 4199 legem,
1071 4138 1125 4184 et
1147 4146 1249 4201 qua
1272 4131 1563 4199 judicantc,
1588 4131 1641 4188 hi
1669 4132 1763 4204 qui
1787 4134 1903 4190 sine
1930 4135 2047 4207 lege

457 4228 835 4289 peccaverunt,
858 4221 975 4275 sine
1003 4220 1121 4291 lege
1141 4232 1195 4277 et
1215 4223 1480 4293 peribunt.
1506 4222 1722 4280 Judaros
1735 4239 1882 4291 vero,
1909 4241 2049 4296 quo-

457 4326 574 4364 rum
626 4310 796 4380 magis
834 4310 1109 4377 intererat,
1155 4313 1278 4383 quia
1329 4313 1387 4369 in
1439 4312 1750 4385 despectum
1797 4315 2049 4373 Gentium

457 4402 689 4456 maxime
715 4403 1101 4469 tumescebant,
1135 4403 1391 4460 honorem
1418 4406 1519 4461 sibi
1544 4406 1612 4462 de
1639 4408 1769 4480 legis
1797 4409 2050 4479 purifica-

458 4491 692 4545 tionibus
721 4491 1073 4556 vindicantes,
1105 4509 1168 4548 ac
1206 4510 1302 4564 per
1326 4496 1427 4551 hoc
1451 4499 1777 4554 aestimantes
1818 4515 1924 4555 non
1947 4500 2049 4556 sibi

461 4581 530 4634 ita
557 4588 613 4632 ut
642 4580 903 4635 Gentibus
930 4578 1200 4652 profuisse
1228 4583 1423 4638 Christi
1449 4587 1672 4656 gratiam
1704 4599 1920 4658 peccata
1949 4589 2053 4645 do-

461 4678 700 4736 nzmtem,
729 4668 1157 4742 quandoquidem
1180 4672 1311 4743 legis
1331 4689 1393 4729 ea
1421 4675 1752 4732 institutione
1773 4679 2048 4744 vitassent,

461 4778 651 4834 magna
680 4762 1097 4833 disputationum
1127 4764 1322 4820 virtute
1347 4766 1651 4837 confringit,
1681 4768 1941 4839 allegans,
1971 4772 2052 4827 eis

462 4865 610 4911 tanto
626 4855 854 4924 amplius
872 4870 965 4924 per
982 4853 1366 4926 indulgentiam
1387 4855 1548 4912 fuisse
1559 4858 1833 4925 collatum,
1851 4870 2053 4930 quanto

461 4956 584 5017 post
612 4947 744 5018 legis
768 4945 1186 5001 admonitionem
1208 4947 1324 5001 sine
1351 4948 1452 5002 ulla
1481 4947 1811 5017 ignoratione
1838 4965 2055 5020 peccas-

462 5045 610 5102 sent;
640 5052 737 5106 per
762 5035 903 5107 quod
931 5037 1191 5107 approbat
1214 5051 1308 5092 eos
1337 5053 1458 5093 reos
1476 5037 1658 5105 fuisse,
1688 5048 1743 5094 et
1767 5040 2054 5097 vehemen-

468 5138 547 5184 tcr
574 5130 808 5197 potuisse
832 5128 1076 5185 damnari
1116 5129 1169 5185 in
1200 5129 1317 5199 ejus
1346 5129 1566 5200 justitize
1598 5132 1875 5198 examine,
1912 5134 2052 5204 apud

465 5232 621 5293 quem
652 5224 741 5294 qui
771 5225 823 5278 in
859 5225 977 5300 lege
1005 5214 1378 5296 peccaverunt,
1419 5242 1514 5299 per
1543 5229 1713 5301 legem
1738 5229 2057 5299 iudicabun-

467 5324 553 5367 tur
580 5332 593 5367 :
627 5314 746 5370 Non
773 5317 905 5371 enim
943 5319 1200 5373 auditores
1226 5319 1350 5390 leqis
1381 5320 1509 5392 justi
1547 5331 1665 5375 sunt
1692 5321 1834 5391 apud
1863 5320 2052 5389 Deum,

464 5405 555 5459 sed
587 5405 803 5475 [actores
830 5405 954 5478 legis
979 5408 1398 5479 justiﬁcabuntur
1438 5409 1614 5483 (Rom.
1652 5427 1762 5479 t—tl,
1797 5412 1910 5485 15).
1943 5412 2056 5469 Hoc

466 5512 594 5569 ergo
620 5500 913 5568 proposito,
940 5514 1038 5569 per
1068 5509 1236 5556 totum
1268 5503 1461 5559 librum
1489 5504 1786 5576 disputans,
1820 5518 1933 5568 tum
1959 5523 2055 5564 su-

468 5588 702 5657 perbiam
729 5588 972 5659 reprimit
993 5589 1321 5659 Judatorum,
1348 5602 1459 5649 tum
1485 5598 1884 5654 excusationem
1906 5600 2057 5654 vani-

468 5679 591 5734 tatis
631 5677 892 5734 Gentibus
932 5678 1134 5747 demit,
1174 5691 1234 5736 ut
1268 5681 1459 5738 doceat
1489 5688 1768 5757 aequaliter
1793 5691 2055 5749 ambobus

468 5772 678 5843 populis
701 5771 903 5830 Christi
923 5771 1188 5845 profuisse
1215 5775 1553 5833 medicinam.

1752 337 1955 397 LIBER
1992 333 2366 392 SECUNDUS.

3576 334 3712 394 tace

2191 460 2329 515 Auc.
2369 458 2516 515 llattc
2552 458 2869 517 medicinam
2906 456 3138 529 parvulis
3171 471 3267 512 vos
3309 456 3545 529 negatis,
3571 472 3709 528 quos

2115 552 2201 609 lex
2242 553 2354 624 ipsa
2401 551 2708 608 circumcidi
2751 560 2937 609 octava
2980 550 3070 606 die
3108 550 3288 621 jussit,
3325 549 3441 621 ejus
3477 550 3706 621 gratiam

2115 646 2483 717 praefigurans,
2513 644 2666 716 cujus
2696 646 3142 701 resurrectionem
3170 644 3497 708 dominicus,
3523 643 3573 699 id
3601 655 3707 710 est,

2118 747 2238 809 post
2280 737 2563 807 septimum
2610 736 2829 791 Sahbati
2870 736 2988 792 dies
3030 747 3251 790 octavus
3291 735 3532 790 ostendit
3565 755 3578 789 :
3607 751 3710 792 nec

2116 827 2308 881 valetis
2334 842 2398 881 ac
2434 826 2593 881 vultis
2620 826 2898 881 attendere
2919 867 2934 891 ,
2968 827 3036 881 ita
3068 827 3345 895 parvulum
3391 822 3710 883 morientem

2117 920 2234 973 sine
2254 918 2452 973 Christi
2484 918 2653 989 gratia
2681 919 2992 989 periturum,
3024 919 3473 988 quemadmodum
3507 918 3710 975 dictum

2119 1020 2221 1076 cst,
2256 1011 2609 1066 incircumcisi
2653 1010 2885 1065 animam
2928 1010 3130 1081 parvuli
3170 1009 3392 1067 interire
3421 1010 3490 1067 de
3517 1013 3715 1082 populo

2120 1117 2220 1158 suo
2244 1101 2397 1172 (Gen.
2427 1117 2561 1168 xvu,
2590 1101 2678 1168 19.,
2716 1103 2805 1174 14)
2835 1120 2850 1157 :
2878 1102 3030 1173 cujus
3058 1102 3305 1158 interitus
3331 1103 3572 1159 invenire
3601 1119 3718 1160 me-

2121 1195 2282 1249 ritum
2313 1209 2416 1249 non
2444 1198 2669 1265 potestis
2696 1236 2713 1262 ,
2753 1194 3009 1264 quamdiu
3049 1211 3155 1251 non
3194 1197 3406 1253 trahere
3439 1207 3714 1268 peccatum
3744 1200 3751 1207 '

2124 1285 2345 1356 originis
2371 1285 2625 1356 parvulos
2652 1286 2850 1342 dicitis.

2197 1366 2371 1431 CLll.‘
2402 1376 2521 1432 Jun.
2553 1376 2656 1444 Qui
2695 1386 2751 1433 et
2794 1380 3018 1434 crimina
3064 1379 3356 1436 voluntatis
3407 1380 3639 1453 ignovit,
3689 1397 3719 1437 a

2126 1467 2325 1538 quibus
2354 1468 2579 1524 liberum
2611 1469 2783 1525 fuerat
2820 1470 3131 1537 abstinere;
3171 1482 3226 1527 et
3267 1474 3347 1527 sui
3379 1473 3677 1530 imitatione
3701 1517 3727 1542 ,,

2128 1561 2218 1632 qui
2242 1571 2357 1617 erat
2376 1563 2627 1618 virtutum
2660 1564 2826 1619 forma
2857 1575 2911 1620 et
2929 1580 3114 1620 norma
3134 1608 3147 1633 ,
3170 1569 3462 1624 corrcctis'
3495 1570 3720 1639 gloriam

2130 1653 2301 1708 beata:
2329 1655 2644 1710 teternitatis
2682 1655 2921 1710 indulsit.
2952 1656 3084 1712 Cum
3138 1673 3268 1729 ergo
3301 1670 3581 1731 utramque
3624 1678 3723 1716 na-

2131 1743 2331 1799 tionem
2362 1759 2459 1814 pro
2484 1744 2774 1802 voluminis
2800 1747 2883 1800 sui
2915 1755 3157 1816 tempore
3181 1757 3237 1803 et
3256 1748 3376 1819 jure
3394 1751 3675 1805 conveniat
3707 1769 3723 1807 :

2133 1836 2187 1891 in
2223 1836 2306 1891 bis
2330 1845 2506 1893 tamen
2533 1839 2666 1893 locis
2686 1879 2703 1906 ,
2731 1837 2800 1893 de
2819 1838 3012 1909 quibus
3025 1841 3250 1910 qumstio
3270 1850 3382 1907 est,
3405 1857 3525 1897 cum
3548 1841 3726 1899 Israe-

2133 1928 2241 1983 litis
2267 1927 2486 1984 omnino
2524 1944 2738 1984 manum
2765 1930 3032 1995 conserit,
3063 1932 3156 2002 qui
3201 1932 3468 1988 audebant
3492 1934 3561 1989 de
3585 1949 3727 2005 pra:-

2134 2018 2456 2089 putiatorum
2477 2020 2645 2091 stirpe
2666 2022 2973 2090 venientes,
3004 2037 3071 2078 eo
3116 2038 3290 2093 usque
3318 2023 3622 2094 despicere,
3667 2031 3731 2079 ut

2133 2109 2465 2167 affirmarent
2491 2126 2619 2176 eos,
2686 2127 2788 2168 nec
2840 2112 3094 2185 sull'ragio
3122 2113 3246 2170 fidei
3292 2114 3360 2170 ad
3397 2117 3727 2172 consortium

2135 2218 2292 2258 suum
2322 2204 2554 2260 transire
2577 2204 2815 2275 potuisse
2841 2221 2857 2259 :
2888 2215 3074 2261 contra
3106 2206 3248 2276 quod
3287 2208 3631 2277 supercilium
3654 2224 3735 2264 re-

2137 2293 2295 2363 plicat
2318 2293 2517 2349 Judane
2542 2295 2719 2365 gemis
2753 2294 3012 2364 exordia,
3051 2305 3103 2352 et
3147 2297 3200 2352 in
3234 2299 3255 2329 ¹
3282 2298 3395 2369 ipsa
3416 2299 3596 2356 radice
3623 2298 3732 2356 cir-
3828 2284 3835 2287 ’

2137 2384 2517 2450 cumcisiouis,
2570 2386 2807 2442 ostendit
2852 2401 2962 2442 non
3013 2386 3148 2442 tanti
3196 2402 3321 2444 esse
3366 2391 3729 2461 prmputium,

2138 2484 2200 2531 ut
2233 2485 2326 2531 aut
2371 2476 2599 2547 injustos
2634 2476 2753 2549 ejus
2790 2477 3036 2548 relictio,
3066 2489 3161 2536 aut
3202 2478 3391 2551 justos
3431 2481 3590 2539 iaciat
3617 2481 3737 2554 ejus

2139 2565 2360 2622 ablatio.

2211 2658 2350 2713 Anc.
2391 2657 2618 2726 Quando
2662 2659 2764 2716 ista
2787 2660 3000 2719 dicebat
3021 2662 3349 2735 Apostolus,
3389 2679 3497 2722 non
3542 2665 3611 2722 de
3638 2666 3742 2722 cir-

2141 2750 2503 2819 cumcisione,
2546 2753 2633 2809 vel
2660 2756 2966 2825 praeputio;
3001 2755 3097 2813 sed
3122 2756 3190 2813 de
3220 2759 3501 2830 praeceptis
3526 2759 3660 2831 legis
3684 2760 3738 2817 iu

2141 2843 2338 2913 quibus
2364 2853 2459 2901 est
2484 2846 2644 2901 etiam
2666 2886 2683 2912 ,
2714 2845 2838 2903 Non
2857 2850 3182 2918 concupisces
3206 2849 3402 2924 (Exod.
3430 2867 3535 2921 xx,
3557 2853 3622 2909 l7
3643 2893 3661 2920 ,
3691 2861 3742 2908 et

2142 2931 2299 2990 Deut.
2348 2951 2419 3003 v,
2444 2936 2540 3006 2t)
2562 2978 2578 3005 ,
2608 2938 2848 3008 agebat:
2885 2939 3119 3011 quod’et
3145 2940 3260 3011 ipse
3293 2944 3740 3000 commemoravit

2145 3023 2322 3097 (Rom.
2349 3040 2450 3091 vn,
2495 3024 2572 3100 7).
2601 3026 2743 3096 Quid
2770 3030 3241 3101 tergiversamini'l
3265 3033 3484 3090 Priores
3512 3034 3699 3106 peritis
3718 3074 3735 3101 ,

2114 3195 2121 3201 ἱ
2143 3113 2272 3170 dum
2301 3113 2584 3186 caliginem
2610 3116 2887 3174 oﬂ'unditis
2915 3119 3200 3190 imperitis.

2215 3204 2395 3261 CLlll.
2415 3206 2538 3263 Jun.
2568 3207 2691 3263 Non
2728 3226 2847 3282 ergo
2873 3227 2965 3283 per
2992 3212 3152 3284 legem
3187 3214 3455 3285 promissio
3479 3215 3701 3272 Abralue
3719 3259 3736 3286 ,

2145 3305 2201 3352 ut
2226 3298 2388 3354 heres
2423 3310 2551 3356 esset
2573 3301 2752 3356 mundi
2772 3343 2786 3366 ,
2815 3304 2905 3358 sed
2933 3321 3024 3375 per
3052 3305 3311 3376 justitiam
3336 3307 3477 3376 ﬁdei.
3506 3307 3571 3364 Si
3607 3309 3743 3364 enim

2144 3389 2232 3460 qui
2248 3399 2365 3444 sunt
2389 3406 2457 3446 ea:
2485 3391 2624 3463 lege,
2654 3392 2877 3448 hwredes
2900 3405 3019 3450 sunt
3029 3412 3051 3462 ;
3078 3407 3317 3452 evacuata
3354 3407 3428 3453 est
3458 3399 3584 3469 ﬁdes
3602 3440 3619 3468 ,
3643 3399 3737 3455 deo

2144 3487 2337 3533 structa
2360 3490 2432 3535 est
2455 3483 2742 3553 promissio.
2772 3482 2881 3538 Lea:
2903 3485 3035 3540 enim
3061 3486 3192 3541 iram
3218 3499 3456 3559 operatur
3482 3505 3505 3544 :
3531 3490 3616 3544 ubi
3641 3507 3742 3544 au-

2147 3579 2247 3625 tem
2270 3587 2372 3627 non
2400 3583 2473 3628 est
2500 3574 2583 3629 lea:
2600 3616 2616 3641 ,
2646 3591 2740 3630 nec
2765 3580 3133 3648 pra'varicatio.
3165 3578 3294 3634 Ideo
3318 3597 3381 3635 ea:
3404 3581 3505 3652 ﬁde
3529 3625 3545 3649 ,
3575 3592 3630 3637 ut
3655 3599 3741 3639 se-

2147 3666 2371 3721 cundum
2391 3669 2612 3740 gratiam
2648 3671 2799 3739 ﬁrma
2840 3672 2910 3726 sit
2951 3674 3379 3743 promissidomni
3400 3678 3613 3743 semini;
3642 3695 3745 3732 non

2148 3761 2197 3817 ei
2219 3770 2415 3818 tantum
2441 3765 2581 3835 tluod
2602 3782 2665 3821 ea:
2683 3764 2792 3839 lege
2808 3777 2885 3824 est
2902 3811 2917 3833 ,
2948 3770 3041 3824 sed
3056 3773 3193 3841 quod
3220 3788 3284 3827 ex
3298 3773 3400 3840 ﬁde
3413 3784 3486 3828 est
3502 3775 3742 3841 Abrahw,

2147 3853 2238 3924 qui
2263 3862 2337 3908 est
2365 3866 2509 3924 pater
2527 3858 2753 3912 omnium
2774 3870 3004 3915 nostrum
3032 3861 3187 3932 (sicut
3212 3864 3458 3934 scriptum
3480 3875 3575 3932 est,
3610 3867 3746 3932 Quia

2151 3954 2347 4016 patrem
2375 3948 2652 4003 multarum
2674 3951 2896 4021 gentium
2924 3954 3070 4023 posui
3092 3954 3197 4026 te),
3228 3965 3345 4010 ante
3363 3954 3523 4010 Deum
3541 3959 3752 4025 cuicre-

2150 4036 2314 4103 didit,
2353 4038 2442 4109 qui
2468 4038 2685 4110 viviﬁcat
2726 4053 2951 4099 mortuos
2970 4086 2985 4107 ,
3014 4055 3060 4099 et
3089 4057 3229 4101 uocat
3253 4063 3313 4101 ea
3339 4064 3454 4119 quas
3488 4066 3590 4105 non
3627 4060 3749 4106 sunt

2152 4137 2393 4200 tanquam
2418 4146 2535 4202 qua!
2559 4142 2692 4187 sunt.
2729 4133 2832 4202 Qui
2855 4147 3041 4207 praeter
3079 4153 3225 4208 spem
3248 4138 3302 4192 in
3329 4157 3470 4211 spem
3499 4141 3743 4209 credidit,

2152 4228 2206 4273 ut
2232 4220 2374 4289 ﬁeret
2401 4232 2544 4292 pater
2563 4224 2837 4279 multarum
2882 4227 3139 4297 gentium,
3162 4231 3439 4285 secundum
3485 4232 3623 4301 quod
3658 4234 3746 4287 di-

2152 4320 2289 4365 ctum
2314 4321 2407 4379 est,
2433 4310 2523 4368 Sic
2550 4315 2642 4368 erit
2663 4332 2830 4371 semen
2859 4326 3020 4372 tuum.
3048 4316 3113 4372 Et
3142 4335 3244 4373 non
3260 4319 3548 4389 inﬁrmatus
3571 4324 3624 4376 in
3645 4323 3751 4393 ﬁde

2153 4402 2489 4457 consideravit
2518 4402 2540 4435 ³
2568 4421 2753 4474 corpus
2792 4422 2941 4461 suum
2975 4408 3089 4480 jam
3137 4420 3453 4479 emortuum,
3483 4429 3601 4467 cum
3640 4415 3752 4485 fere

2155 4502 2354 4547 centum
2389 4510 2638 4550 annorum
2667 4506 2829 4561 esset,
2856 4507 2904 4551 et
2928 4508 3208 4553 emortuam
3236 4501 3435 4555 vulvam
3456 4502 3635 4558 Sarra:
3656 4521 3673 4558 :
3695 4505 3749 4557 in

2155 4586 2544 4653 repromissione
2567 4597 2734 4642 autem
2764 4588 2858 4643 Dei
2886 4607 2987 4644 non
3030 4591 3278 4647 ha'sitavit
3326 4594 3629 4664 diﬂidentia,
3662 4599 3751 4649 sed

2155 4675 2484 4744 conﬁrmatus
2532 4687 2607 4731 est
2634 4678 2771 4743 ﬁde,
2827 4680 2955 4733 dans
3001 4681 3217 4750 gloriam
3275 4681 3423 4747 Deo;
3463 4684 3751 4753 plenissime

2154 4766 2319 4820 sciens
2340 4767 2459 4836 quia
2486 4783 2813 4836 quacumque
2850 4772 3080 4839 promisit
3104 4812 3120 4835 ,
3151 4782 3328 4842 potens
3348 4782 3422 4826 est
3458 4785 3506 4827 et
3535 4778 3704 4846 facere
3728 4791 3749 4830 .'

2157 4866 2363 4926 praptcr
2387 4859 2525 4930 quod
2548 4869 2595 4913 et
2619 4869 2908 4931 reputatum
2933 4872 3006 4916 est
3043 4863 3122 4917 illi
3138 4863 3207 4918 ad
3220 4865 3478 4936 justitiam
3512 4863 3627 4939 (Id.
3658 4883 3735 4932 tu,

2158 4945 2366 5014 45-22).

2230 5037 2365 5093 Anc.
2400 5037 2525 5094 llzec
2547 5048 2598 5094 te
2634 5054 3062 5099 commemorare
3081 5059 3187 5101 non
3215 5044 3422 5115 pudet,
3444 5047 3536 5120 qui
3574 5063 3741 5120 oppu-

2157 5140 2291 5200 gnas
2317 5127 2543 5198 gratiam
2572 5145 2676 5199 qua
2703 5130 2805 5187 ista
2843 5133 3107 5202 promissa
3154 5137 3528 5207 complentur?
3552 5136 3751 5198 Contra

2163 5218 2331 5272 Deum
2354 5219 2498 5274 enim
2527 5220 2842 5291 loquimini,
2870 5222 3100 5279 dicendo
3118 5225 3272 5295 ,_Nos
3318 5226 3579 5287 facimus:
3606 5233 3752 5304 quod

2161 5308 2334 5367 illese
2365 5312 2625 5368 facturum
2646 5328 2768 5369 esse
2813 5315 3081 5387 promisit.
3117 5317 3171 5372 in
3211 5318 3356 5376 Isaac
3394 5322 3620 5398 quippe,
3662 5326 3755 5394 qui

2160 5401 2392 5460 Abrahae
2417 5405 2714 5475 promissus
2741 5415 2825 5463 est
2852 5408 3013 5477 illius,
3044 5409 3445 5487 hi'praztigurati
3470 5425 3618 5483 sunt,
3644 5427 3761 5473 non.

2159 5553 2538 5667 daaﬁlllfgirdulslss
2554 5563 2608 5608 et
2628 5557 2934 5622 vignierius,
2969 5566 3014 5612 et
3034 5573 3206 5614 norma
3221 5562 3553 5616 correctionis.
3575 5569 3745 5616 mneo.

2193 5623 2335 5667 antur
2359 5630 2423 5666 ex
2447 5623 2555 5667 Mss.

2225 5679 2249 5755 ἶ
2280 5679 2666 5755 Ξίέοξὲξςπίνὲίιρι
2686 5681 2795 5755 ira!
2817 5683 3001 5755 ναάίεβν
3018 5687 3214 5755 omissa
3238 5685 3306 5737 ίη-

2226 5739 2249 5772 ³
2279 5741 2352 5789 sic
2505 5739 2855 5812 Atyignierius
2876 5753 2962 5798 εει
2984 5739 3079 5799 non
3109 5743 3387 5812 inﬁrmatus
3428 5750 3500 5799 est

2505 5743 2855 5813 Atyignierius
2876 5753 2962 5798 εει
2984 5760 3079 5799 non
3109 5743 3387 5812 inﬁrmatus
3428 5750 3500 5799 est
3542 5745 3594 5799 in
3615 5743 3761 5813 Μαι

2161 5810 2249 5852 nec
2268 5802 2608 5854 amstderavit.
