4126 6544
523 363 547 415 9
558 361 656 415 '20?

517 474 690 545 quise
716 472 860 542 ipsos
883 471 1056 541 justos
1077 511 1092 532 ,
1125 467 1220 526 sed
1246 483 1381 538 quos
1412 468 1552 524 Deus
1577 466 1750 522 fuerat
1789 467 1903 536 ipse
1931 463 2108 519 factu—

525 565 658 619 rus?
685 563 834 618 Unde
874 563 1136 617 universa:
1175 575 1270 631 per
1289 559 1602 630 prophetam
1633 558 1762 613 dicit
1811 555 2104 612 Ecclesiae:

517 657 634 728 Ego
660 659 792 711 enim
811 673 924 712 sum
951 655 1198 710 Dominus
1220 695 1234 718 ,
1263 654 1347 723 qui
1373 654 1505 722 facio
1528 663 1573 706 te
1593 651 1746 721 (Isai.
1771 667 1892 714 ην,
1921 651 1978 716 8,
2009 666 2110 705 sec.

522 749 710 812 LXX).
741 749 969 818 Propter
987 746 1126 818 quod
1170 755 1226 801 et
1279 745 1371 800 ﬁlii
1404 743 1773 815 promissionis
1801 751 2060 796 vocantur
2089 782 2106 810 ,

517 842 857 913 apertissime
881 839 1096 894 dicente
1121 837 1376 908 Apostolo
1409 854 1422 889 :
1467 835 1520 890 Ν
1524 853 1589 896 on
1635 844 1796 903 potest
1823 843 1990 887 autem
2016 849 2110 888 ea;-

517 933 688 988 cidere
711 933 911 986 verbum
933 930 1028 986 Dei
1059 945 1079 984 :
1105 947 1206 984 non
1232 929 1364 982 enim
1393 943 1563 980 omnes
1590 927 1674 996 qui
1713 941 1774 980 ea:
1819 923 2016 988 Israel,
2049 924 2104 978 hi

515 1031 634 1076 sunt
676 1021 872 1085 Israel;
901 1037 1060 1088 neque
1083 1019 1202 1090 quia
1248 1034 1414 1072 semen
1459 1017 1715 1082 Abrahte,
1763 1032 1934 1070 omnes
1973 1015 2067 1084 ﬁlii
2087 1032 2108 1080 ,-

517 1115 608 1168 sed
629 1115 681 1168 in
701 1112 852 1170 Isaac
879 1113 1136 1166 vocabitur
1163 1111 1252 1165 tibi
1283 1125 1454 1164 semen
1481 1125 1500 1163 :
1523 1109 1617 1162 hoc
1643 1119 1720 1162 est
1737 1150 1752 1174 ,
1779 1125 1883 1162 non
1929 1109 1984 1162 hi
2019 1109 2108 1178 qui

519 1205 618 1274 flii
645 1207 842 1270 carnis,
873 1205 925 1256 hi
955 1205 1049 1273 ﬁlii
1069 1203 1165 1258 Dei
1187 1245 1200 1270 ,
1227 1201 1316 1257 sed
1339 1202 1434 1270 ﬁlii
1463 1200 1813 1271 promissionis
1853 1201 2103 1270 deputan-

517 1306 600 1349 tur
620 1297 671 1350 in
691 1297 876 1350 semine
896 1295 1069 1364 (Rom.
1102 1311 1154 1349 ιχ
1175 1335 1192 1361 ,
1228 1295 1366 1366 6-8).
1389 1295 1540 1362 Quod
1571 1297 1588 1326 ¹
1613 1297 1788 1363 itaque
1817 1292 1961 1346 Deus
1985 1307 2109 1360 pro-

513 1389 697 1455 misit,
723 1389 860 1444 Deus
907 1387 1053 1444 facit.
1080 1389 1190 1444 lloc
1215 1404 1345 1459 ergo
1372 1398 1539 1444 totum
1566 1389 1704 1443 sicut
1741 1386 1968 1442 aediﬁcat
2009 1401 2103 1442 eos

516 1496 742 1550 «litorum
769 1495 891 1550 spes
920 1481 973 1536 in
1007 1481 1114 1534 Deo
1135 1491 1254 1546 est,
1276 1481 1354 1535 sic
1373 1481 1564 1536 evertit
1586 1495 1679 1534 eos
1699 1479 1790 1550 qui
1831 1477 2108 1533 con-ﬁdunt

515 1571 570 1624 in
603 1571 794 1625 virtute
827 1585 919 1626 Sua
956 1570 1126 1642 (Psal.
1159 1587 1356 1637 xum,
1389 1572 1446 1640 7)
1478 1588 1491 1624 :
1531 1585 1594 1626 ac
1633 1587 1727 1640 per
1771 1571 1872 1624 hoc
1903 1611 1920 1636 ,
1970 1571 2109 1624 sicut

514 1651 831 1716 catholicam
852 1659 1006 1720 ﬁdem
1025 1660 1270 1728 ardiﬁcat,
1294 1663 1371 1717 sic
1393 1661 1730 1732 Pelagianum
1748 1663 1940 1718 evertit
1959 1677 2107 1716 erro-

511 1768 650 1806 rem.

584 1844 761 1900 CLIV.
793 1845 912 1900 Jun.
930 1845 1028 1912 Qui
1045 1845 1196 1901 locus
1215 1861 1372 1916 quam
1398 1846 1467 1901 sit
1489 1845 1726 1916 opinioni
1751 1855 1942 1900 vestra:
1965 1855 2105 1901 totus

514 1935 852 2001 infestus,et
879 1937 1054 2006 primo
1093 1951 1259 2006 Opere
1303 1936 1634 2010 disputatum
1653 1945 1759 2000 est,
1791 1946 1844 1990 et
1883 1936 1928 1991 si
1977 1935 2103 2006 quid

513 2027 638 2082 hinc
667 2027 826 2083 recoli
845 2027 1170 2098 Oportuerit,
1197 2027 1511 2082 disseretur.
1534 2026 1685 2080 Nunc
1703 2035 1878 2080 autem
1905 2025 2104 2081 adver-

513 2126 655 2172 tatur
676 2158 691 2184 ,
723 2119 1172 2187 promissionem,
1201 2133 1322 2188 qua:
1360 2117 1496 2172 facta
1523 2126 1606 2172 est
1644 2116 1710 2172 ad
1737 2116 2006 2180 Abraham
2031 2117 2103 2172 ob

512 2209 999 2264 remunerationem
1032 2209 1156 2264 ﬁdei
1178 2209 1324 2278 ejus,
1354 2209 1404 2265 in
1427 2225 1532 2280 qua
1555 2209 1751 2266 dicitur
1769 2251 1786 2276 ,
1811 2209 1930 2278 quia
1955 2217 2104 2279 pater

512 2301 803 2356 multarum
856 2300 1094 2371 gentium
1131 2300 1586 2366 constitueretur,
1625 2300 1954 2368 ostendisse,
2003 2314 2103 2354 nec

513 2391 670 2445 unitts
691 2391 837 2446 illum
857 2390 1032 2460 populi
1057 2391 1350 2460 genitorem
1371 2391 1568 2445 debere
1585 2389 1821 2457 defendi,
1843 2392 1931 2460 qui
1963 2392 2101 2446 mul-

513 2491 688 2536 tarum
716 2482 950 2550 gentium
984 2491 1136 2550 pater
1176 2481 1244 2535 sit
1287 2480 1605 2550 praedictus;
1662 2495 1760 2536 nec
1811 2482 1883 2535 ita
1927 2482 2100 2536 solum

513 2570 843 2625 credulitatis
873 2570 1139 2640 recepisse
1187 2571 1525 2636 mercedem,
1570 2579 1628 2624 ut
1670 2571 1803 2626 alios
1856 2571 2102 2628 similiter

513 2663 797 2718 credentes
823 2678 852 2718 a
879 2663 1080 2732 prmmii
1103 2663 1374 2718 consortio
1393 2669 1604 2732 putetur
1631 2662 1932 2718 excludere.
1985 2662 2102 2718 Non

515 2765 588 2810 est
609 2765 776 2809 autem
801 2757 1044 2825 scriptum
1062 2797 1075 2820 ,
1111 2755 1300 2826 inquit,
1329 2756 1674 2810 tantummodo
1695 2756 2100 2828 prapteripsum,

516 2847 637 2914 quia
658 2856 942 2916 reputatum
964 2856 1034 2900 est
1061 2845 1177 2912 illi;
1223 2847 1311 2900 sed
1339 2855 1384 2899 et
1413 2856 1616 2918 propter
1655 2864 1746 2900 nos
1770 2889 1784 2912 ,
1815 2849 1992 2910 quibus
2017 2864 2101 2901 re-

517 2937 796 3006 putabitur,
821 2936 1133 2990 credentibus
1154 2931 1208 2990 in
1227 2953 1342 2990 eum
1381 2937 1466 3005 qui
1490 2938 1740 2992 suscitauit
1759 2937 1938 2992 Iesum
1955 2936 2104 2994 Chri-

518 3039 652 3082 stum
693 3028 968 3083 Dominum
987 3039 1213 3084 nostrum
1237 3046 1269 3082 a
1295 3029 1538 3093 mortuis,-
1561 3029 1648 3096 qui
1671 3029 1886 3084 traditus
1906 3039 1976 3084 est
1993 3045 2102 3098 pro-

518 3129 630 3188 pter
655 3120 836 3174 delicta
865 3129 1037 3174 nostra
1057 3161 1071 3186 ,
1103 3129 1150 3174 et
1177 3121 1448 3174 resurrexit
1471 3129 1674 3190 prapter
1687 3121 2104 3191 justi/irationem

515 3221 738 3266 nostram
774 3210 948 3282 (Itoni.
973 3227 1026 3266 tv
1047 3253 1062 3276 ,
1089 3211 1302 3280 23-25).

591 3307 724 3359 Anc.
758 3304 928 3359 Dicite
955 3305 1145 3372 nobis,
1197 3319 1230 3358 ο
1271 3304 1430 3372 vani,
1462 3317 1570 3360 non
1617 3302 1964 3370 defensores,
2007 3305 2105 3362 sed

517 3395 790 3454 lnilatores
817 3395 966 3450 liberi
993 3395 1232 3461 arbitrii,
1265 3395 1354 3466 qui
1379 3397 1686 3466 ignorantes
1712 3395 1800 3449 Dei
1823 3395 2102 3464 justitiam,

517 3499 575 3544 ct
603 3497 832 3544 vestram
851 3489 1107 3557 justitiam
1129 3489 1370 3543 volentes
1389 3489 1713 3542 constituere
1731 3529 1747 3552 ,
1773 3487 1993 3557 justitim
2011 3488 2110 3544 Dei

517 3597 624 3636 non
647 3581 777 3635 estis
797 3580 1018 3650 subjecti
1043 3578 1155 3649 (Id.
1186 3596 1220 3634 Χ
1243 3621 1256 3644 ,
1279 3577 1370 3652 5);
1395 3579 1556 3634 dicite
1574 3621 1590 3646 ,
1635 3577 1850 3648 inquam
1868 3617 1882 3644 ,
1905 3579 2060 3634 nobis
2090 3597 2104 3632 :

518 3675 564 3728 si
592 3675 884 3729 noluissent
905 3683 1088 3744 gentes
1114 3674 1332 3729 credere
1353 3672 1600 3744 justeque
1633 3672 1814 3726 vivere
1832 3711 1848 3737 ,
1879 3687 2107 3726 evacua-

523 3775 671 3820 retur
699 3766 982 3836 promissio
1010 3781 1126 3834 qua:
1169 3764 1302 3818 facta
1354 3772 1436 3816 est
1486 3763 1551 3817 ad
1593 3747 1901 3816 Abraham?
1941 3763 2056 3818 Non
2087 3801 2105 3830 ,

521 3859 750 3924 inquies.
785 3857 922 3925 Ergo
951 3867 1007 3908 ut
1028 3856 1292 3908 Abraham
1319 3854 1388 3908 ob
1408 3853 1728 3922 slipendium
1775 3853 1894 3908 fidei
1915 3868 2108 3910 conse-

523 3955 778 4018 queretur
811 3947 1175 4000 dilatationem
1212 3946 1451 4009 seminis,
1468 3953 1756 4013 praeparata
1774 3955 1856 3998 est
1875 3947 2110 4014 gentium

521 4041 809 4094 voluntasa
834 4039 1084 4102 Domino;
1109 4045 1164 4092 et
1191 4046 1247 4090 ut
1273 4037 1474 4090 vellent
1496 4035 1635 4106 quod
1667 4043 1720 4090 et
1741 4036 1879 4092 nolle
1910 4037 2110 4106 potuis-

523 4139 647 4188 sent
665 4172 679 4194 ,
707 4115 774 4183 ab
799 4130 890 4184 illo
922 4129 1113 4184 factum
1137 4136 1213 4184 est
1232 4169 1247 4197 ,
1279 4128 1370 4200 qui
1395 4143 1456 4184 ea
1485 4143 1603 4200 quae
1624 4128 1899 4198 promisit,
1923 4139 2112 4200 potens

523 4232 608 4278 est
631 4230 685 4278 et
707 4223 900 4277 facere.

593 4313 749 4374 CLV.
775 4313 895 4369 Jun.
924 4310 1055 4367 Cum
1086 4326 1213 4382 ergo
1245 4311 1332 4366 ille
1356 4310 1531 4366 adhuc
1561 4312 1614 4366 in
1665 4311 1922 4380 praeputio
1963 4311 2114 4366 testis

525 4407 598 4462 sit
644 4405 764 4460 lidei
797 4405 1199 4474 pronuntiatus,
1228 4412 1284 4460 et
1309 4403 1378 4457 ob
1427 4403 1540 4470 ejus
1568 4403 1890 4473 stipendium
1921 4403 2112 4458 dilata-

527 4499 725 4553 tionem
755 4495 914 4551 fuerit
936 4494 1157 4550 seminis
1183 4503 1536 4558 consecutus;
1568 4508 1691 4562 qua,
1722 4493 1910 4562 inquit,
1933 4493 2113 4562 regula

525 4597 582 4642 tu
609 4628 624 4652 ,
655 4585 860 4651 Iudaee,
885 4601 988 4640 non
1007 4593 1161 4654 putas
1177 4581 1240 4637 ad
1266 4581 1818 4651 consortinmjustitiae
1845 4582 2116 4653 pertinere

526 4677 795 4741 Gentiles,
823 4676 912 4747 qui
942 4675 1098 4730 ﬁdem
1127 4673 1356 4729 Abrahae.
1375 4713 1390 4740 ,
1434 4673 1580 4743 paria
1615 4672 1683 4728 de
1713 4672 1806 4728 Dei
1831 4673 2113 4728 virtutibus

525 4767 797 4824 credendo
813 4809 828 4833 ,
857 4763 1186 4822 restituunt?

601 4863 732 4922 Anc.
759 4860 904 4916 Bene
929 4867 1112 4914 contra
1135 4871 1233 4912 vos
1276 4855 1513 4925 loqueris
1545 4872 1558 4908 :
1596 4855 1716 4924 quia
1748 4855 1930 4924 utique
1971 4854 2014 4908 si
2049 4853 2116 4910 de

532 4949 626 5006 Dei
652 4950 934 5004 virtutibus
954 4949 1211 5012 credunt,
1247 4961 1351 5001 non
1375 4946 1620 5000 sicutvos
1643 4946 1918 5000 conﬁdunt
1936 4945 1990 5000 in
2013 4947 2118 5000 vir-

529 5051 642 5096 tute
663 5053 760 5095 sua
779 5079 796 5106 ,
821 5047 884 5092 ut
905 5037 1282 5108 justiﬁeentur,
1311 5035 1364 5092 id
1390 5044 1491 5104 est,
1516 5045 1575 5090 ut
1591 5035 1721 5106 justi
1751 5035 1910 5102 ﬁant;
1941 5035 2036 5091 sed
2066 5037 2118 5089 in

530 5130 677 5186 illius
695 5169 712 5195 ,
742 5129 836 5200 qui
860 5125 1114 5200 justiﬁcat
1139 5125 1380 5196 impium.

603 5219 780 5278 CLVI.
809 5219 927 5275 Jun.
957 5219 1063 5274 Cur
1087 5227 1275 5289 putes,
1319 5217 1524 5287 inquit,
1555 5216 1672 5272 sine
1698 5215 2118 5272 consecrationi-

531 5313 634 5369 bus
653 5311 786 5382 legis
803 5351 817 5376 ,
840 5310 906 5366 ad
935 5309 1163 5364 Abrahae
1183 5318 1408 5364 stemma
1429 5309 1675 5364 nationes
1696 5323 1801 5362 non
1828 5322 1989 5378 posse
2009 5323 2117 5378 pcr-

534 5404 691 5470 duci;
723 5417 843 5457 cum
889 5409 1098 5456 constet
1125 5399 1529 5470 promissionem
1551 5439 1568 5467 ,
1612 5414 1732 5469 qua:
1762 5397 1898 5453 facta
1931 5407 2014 5454 est
2053 5397 2118 5452 ad

535 5493 804 5550 Abraham
825 5533 842 5556 ,
873 5493 1194 5546 anteriorem
1241 5490 1406 5545 fuisse
1429 5505 1585 5560 quam
1619 5490 1818 5559 legem,
1859 5505 1958 5546 nec
2001 5505 2117 5546 eam

531 5583 896 5644 oblationibus
923 5584 944 5616 ⁸
977 5582 1228 5638 tributam
1243 5581 1434 5647 fuisse,
1465 5581 1558 5636 sed
1589 5581 1868 5638 moribus?

602 5741 618 5771 ⁸
655 5737 791 5796 Ειιίιὶ,
817 5749 946 5800 quos.
967 5739 1076 5800 alas.
1095 5742 1213 5800 star.
1238 5733 1360 5800 ςιπ.
1387 5739 1532 5800 Port.,
1559 5731 1684 5796 quod
1693 5771 1703 5782 .

599 5802 622 5844 ﬁ.
644 5801 716 5860 sic
733 5794 838 5852 tatas;
866 5797 1000 5858 aditi,
1025 5794 1271 5846 oblationi.
1515 5799 1520 5806 '

1229 353 1474 410 OPERIS
1513 350 1922 408 IMPERFECTI
1960 349 2232 407 CONTRA
2271 349 2630 421 JULIANUM,
2669 355 2727 414 S.
2761 357 3128 415 AUCUSTINI

3663 366 3790 424 I208

2291 465 2428 522 Anc.
2457 466 2566 522 Hos
2597 483 2774 525 mores
2793 513 2810 538 ,
2839 487 2972 542 quos
2993 474 3176 543 procul
3203 474 3366 532 dubio
3413 477 3578 536 bonos
3606 481 3687 536 vis
3711 483 3788 536 in-

2213 557 2384 626 telligi
2409 599 2426 625 ,
2455 559 2500 614 si
2527 567 2586 614 ut
2609 563 2839 631 putatis,
2869 563 3029 620 homo
3055 564 3158 620 sibi
3189 565 3344 632 facit;
3389 570 3676 639 pnedicere
3697 575 3789 628 ista

2215 647 2401 705 debuit
2421 651 2560 706 Deus
2595 656 2992 724 prmscius,non
3019 659 3361 732 promittere;
3383 670 3440 716 ut
3469 677 3574 718 non
3599 663 3666 720 de
3707 666 3789 720 illo

2215 737 2270 793 in
2301 739 2399 796 hac
2440 756 2598 798 causa
2627 745 2927 810 diceretur,
2959 747 3088 814 Qua:
3115 751 3382 818 promisit,
3415 763 3590 822 potens
3625 765 3698 809 est
3744 769 3788 810 et
3851 737 3858 742 ’

2216 836 2384 902 facere
2407 832 2579 902 (Rom.
2611 851 2697 902 tv,
2718 836 2810 908 ει)
2835 853 2854 902 ;
2883 839 2977 894 sed
2995 881 3010 905 ,
3036 840 3166 908 Quae
3191 843 3456 912 praescivit
3472 886 3486 909 ,
3511 856 3696 916 potens
3709 860 3789 904 est

2213 931 2269 976 et
2289 925 2664 992 praenuntiam,
2693 937 2806 993 aut,
2833 939 3024 999 potens
3047 941 3130 987 est
3155 943 3208 988 et
3235 935 3540 992 ostendere.
3569 937 3786 1004 Quando

2213 1023 2391 1069 autem
2417 1014 2598 1072 dicunt
2623 1017 2866 1075 homines
2885 1063 2900 1086 ,
2928 1021 3079 1090 Quod
3111 1023 3248 1078 Deus
3275 1026 3550 1094 promisit,
3588 1044 3685 1084 nos
3711 1029 3786 1082 ta-

2212 1105 2418 1167 cimus:
2451 1121 2512 1162 se
2555 1109 2700 1178 ipsos
2747 1109 2940 1166 faciunt
2979 1113 3234 1183 jactantia
3263 1117 3280 1148 ⁸
3319 1125 3593 1188 potentes,
3647 1121 3784 1175 illum

2211 1198 2514 1265 arrogantia
2545 1201 2914 1256 mentientem.

2283 1288 2478 1344 CLVII.
2506 1290 2626 1346 ιυι..
2651 1291 2712 1348 Si
2736 1294 2869 1348 enim
2893 1297 2979 1366 qui
3001 1306 3118 1352 sunt
3143 1313 3205 1354 ea:
3233 1299 3368 1368 lege,
3399 1300 3617 1354 heredes
3641 1313 3782 1366 sunt;

2209 1392 2452 1437 evacuate
2479 1394 2552 1438 est
2579 1385 2728 1454 ﬁdes,
2755 1387 3009 1442 destructa
3037 1399 3112 1444 est
3139 1393 3458 1459 repromissio
3475 1391 3657 1464 (Ibid.,
3677 1395 3780 1464 Η).

2212 1471 2312 1540 Qui
2363 1489 2574 1540 sermo,
2606 1477 2705 1532 nisi
2731 1478 3060 1549 intelligatur
3079 1522 3094 1548 ,
3123 1482 3316 1552 ingerit
3333 1485 3614 1540 maximam
3642 1503 3784 1557 qua:-

2211 1562 2442 1620 stionem
2469 1582 2482 1620 :
2508 1565 2669 1648 dubio
2688 1568 2830 1624 enim
2855 1570 3042 1638 procul
3063 1611 3077 1633 ,
3111 1571 3240 1628 dicit
3271 1587 3366 1628 eos
3389 1588 3508 1630 esse
3545 1591 3609 1631 es
3653 1577 3780 1648 lege,

2207 1669 2346 1724 quos
2371 1669 2532 1725 supra
2581 1657 2789 1713 dixerat
2813 1673 2882 1716 ex
2905 1660 3312 1718 circumcisione
3329 1705 3346 1730 ,
3374 1679 3507 1734 quos
3551 1666 3654 1721 sibi
3673 1675 3784 1722 tan-

2209 1755 2322 1800 tum
2345 1755 2572 1803 noverat
2587 1763 2872 1818 arrogare,
2895 1759 2952 1806 ut
2975 1761 3220 1820 putarent
3235 1763 3430 1824 praeter
3445 1771 3506 1811 se
3529 1759 3784 1814 neminem

2207 1840 2410 1896 assumi
2453 1840 2523 1894 ad
2569 1841 2800 1898 Abrahae
2845 1845 3066 1920 seminis
3109 1844 3417 1915 dignitatem
3451 1866 3464 1902 :
3497 1857 3656 1920 atque
3679 1850 3778 1906 hoc

2207 1930 2566 2001 disputatione
2587 1933 2905 2004 collegerat,
2949 1919 3010 1988 ut
3025 1935 3146 2004 quia
3176 1951 3282 1992 non
3307 1938 3482 1994 solum
3519 1939 3570 1994 hi
3595 1939 3682 2010 qui
3711 1956 3776 1996 ex

2203 2023 2649 2092 circumcisione,
2677 2025 2772 2080 sed
2811 2035 2866 2082 et
2887 2027 2958 2080 illi
2981 2027 3070 2097 qui
3092 2043 3157 2083 ex
3188 2031 3444 2099 praeputio
3473 2032 3661 2086 sectari
3689 2047 3782 2087 vo-

2205 2113 2431 2170 luissent
2459 2116 2679 2186 vestigia
2709 2117 2831 2174 ﬁdei
2857 2117 3084 2174 Abrahae
3101 2159 3118 2185 ,
3143 2134 3248 2176 non
3277 2119 3542 2177 immerito
3557 2122 3783 2178 Abraba:

2205 2203 2302 2261 ﬁlii
2324 2217 2694 2262 censerentur.

2279 2299 2416 2355 Anc.
2445 2298 2612 2366 Quid,
2641 2301 2684 2354 si
2712 2301 3048 2356 noluissent?
3077 2313 3426 2358 evaeuaretur
3459 2305 3734 2373 promissio
3759 2308 3782 2360 ?

2206 2389 2485 2444 Admoneo
2513 2400 2570 2444 ut
2597 2390 2905 2460 intelligatis
2929 2432 2945 2456 ,
2971 2392 3058 2446 cui
3083 2393 3268 2462 gratia:
3299 2394 3417 2450 sitis
3441 2395 3666 2462 inimici,
3689 2411 3783 2450 ne-

2207 2478 2385 2551 gando
2413 2481 2625 2550 operari
2675 2481 2842 2536 Deum
2872 2482 3172 2538 voluntates
3219 2483 3274 2538 in
3317 2485 3580 2540 meatibus
3617 2484 3783 2540 homi-

2207 2588 2334 2628 num
2365 2590 2377 2626 :
2409 2589 2511 2625 non
2543 2582 2598 2626 ut
2647 2573 2890 2628 nolentes
2931 2575 3185 2639 credant.
3223 2575 3366 2645 quod
3409 2575 3782 2634 absurdissime

2205 2664 2402 2720 dicitur
2422 2681 2436 2729 ;
2467 2664 2562 2718 sed
2589 2672 2649 2720 ut
2673 2665 2914 2720 volentes
2933 2681 3000 2720 ex
3031 2666 3334 2724 nolentibus
3349 2667 3496 2722 ﬁant.
3519 2667 3632 2724 Non
3649 2669 3786 2723 sicut

2205 2755 2333 2811 facit
2357 2755 2544 2810 doctor
2575 2757 2768 2824 homo,
2819 2755 3063 2812 docendo
3113 2767 3168 2814 et
3206 2757 3510 2824 hortando,
3541 2759 3787 2814 minando

2207 2857 2262 2904 et
2290 2849 2646 2918 promittendo
2667 2849 2719 2904 in
2747 2864 2996 2905 sermone
3028 2851 3120 2906 Dei
3149 2851 3327 2920 :quod
3359 2853 3548 2906 frustra
3575 2852 3653 2916 ﬁt,
3683 2852 3786 2906 nisi

2207 2940 2352 2994 Deus
2375 2940 2517 2994 intus
2561 2951 2814 3010 operetur
2849 2949 2906 2998 et
2933 2941 3068 2996 velle
3105 2957 3202 3011 per
3245 2942 3634 3013 investigabiles
3675 2943 3786 2998 vias

2205 3045 2352 3088 suas.
2380 3029 2512 3086 Cum
2537 3030 2680 3086 enim
2707 3032 2884 3088 verbis
2907 3031 3096 3088 doctor
3119 3032 3320 3101 plantat
3365 3041 3420 3088 et
3455 3033 3618 3102 rigat,
3659 3047 3788 3102 pos-

2209 3135 2396 3177 sumus
2419 3120 2600 3178 dicere
2625 3163 2639 3187 ,
2673 3121 2833 3178 Forte
2857 3123 3060 3188 credit,
3091 3123 3226 3178 forte
3251 3139 3356 3178 non
3381 3123 3549 3180 credit
3575 3125 3593 3154 ²
3637 3123 3788 3178 audi.

2210 3221 2296 3268 tor
2321 3224 2338 3265 :
2369 3227 2490 3267 cum
2512 3227 2640 3268 vero
2663 3213 2755 3268 dat
2783 3214 3170 3270 incrementum
3201 3214 3339 3269 Deus
3372 3215 3412 3285 (I
3437 3213 3553 3270 Cor.
3580 3230 3662 3279 III,
3689 3215 3784 3284 6),

2205 3301 2327 3368 sine
2349 3302 2513 3358 dubio
2536 3304 2708 3359 credit
2725 3313 2778 3359 et
2799 3305 3026 3374 proﬁcit.
3051 3304 3190 3360 Ecce
3211 3304 3356 3375 quod
3386 3306 3605 3360 interest
3645 3305 3786 3362 inter

2211 3394 2381 3466 legem
2412 3404 2466 3450 et
2491 3395 2898 3464 promissionem
2915 3439 2930 3464 ,
2958 3397 3098 3454 inter
3121 3397 3352 3452 litteram
3377 3405 3430 3452 et
3453 3397 3713 3466 spiritum.

2281 3486 2507 3542 CLVIII.
2529 3487 2650 3542 ιω..
2681 3487 2813 3542 Cum
2835 3503 2966 3558 ergo
2993 3487 3238 3558 superius
3259 3486 3311 3544 id
3335 3488 3532 3558 egisset
3555 3530 3568 3554 ,
3597 3498 3656 3543 ut
3701 3490 3790 3544 in-

2211 3579 2570 3648 telligeremus
2593 3594 2624 3632 a
2647 3580 2919 3634 consortio
2941 3579 3160 3648 justitize
3187 3594 3290 3636 non
3315 3579 3552 3650 potuisse
3577 3580 3790 3636 excludi

2211 3665 2443 3734 Gentes,
2497 3668 2593 3724 sed
2621 3684 2719 3740 per
2737 3670 2980 3724 eamdem
3022 3670 3176 3726 Iidem
3213 3685 3333 3725 cum
3365 3670 3484 3726 ﬁliis
3511 3671 3794 3726 circumci—

2213 3761 2380 3816 sionis
2404 3762 2456 3816 in
2488 3762 2714 3817 Abrahae
2739 3761 2904 3832 stirpe
2939 3762 3242 3829 numerari;
3285 3777 3424 3818 nunc
3451 3763 3658 3828 intulit,
3689 3779 3792 3818 ne-

2213 3855 2412 3912 minem
2438 3853 2506 3909 de
2533 3854 2936 3912 circumcisione
2961 3854 3028 3909 ad
3055 3869 3174 3909 eam
3201 3855 3598 3924 promissionem
3619 3895 3636 3920 ,
3669 3870 3793 3924 qum

2215 3946 2444 4004 Abrahae
2465 3946 2585 4002 data
2609 3956 2691 4000 est
2711 3987 2726 4012 ,
2756 3949 3024 4016 pertinere
3055 3965 3069 4000 :
3100 3946 3201 4002 hoc
3225 3955 3404 4002 autem
3423 3947 3656 4011 omnino,
3687 3947 3792 4000 nisi

2217 4036 2539 4106 intelligatur
2561 4079 2578 4105 ,
2611 4047 2890 4107 repugnat.
2919 4037 3072 4106 Quod
3103 4039 3278 4108 itaque
3303 4039 3404 4104 ait,
3456 4037 3516 4094 Si
3540 4039 3671 4092 enim
3701 4040 3796 4108 qui

2215 4139 2332 4182 sunt
2371 4145 2436 4182 ea:
2458 4129 2591 4200 lege,
2622 4130 2844 4182 hazredes
2869 4138 3020 4194 sunt;
3049 4139 3288 4184 evacuate
3313 4140 3382 4184 est
3409 4130 3534 4198 ﬁdes
3554 4171 3570 4194 ,
3597 4139 3644 4182 et
3695 4131 3792 4184 de-

2217 4229 2412 4274 structa
2440 4229 2512 4274 est
2537 4222 2839 4290 promissio;
2871 4237 2974 4276 non
3004 4222 3103 4278 hoc
3134 4223 3488 4292 pronuntiavit
3509 4249 3528 4284 ,ε
3553 4231 3606 4275 ιιι
3645 4221 3796 4276 vide-

2217 4313 2345 4368 licet
2369 4328 2526 4368 nemo
2546 4314 2612 4368 de
2654 4313 2852 4368 Judmis
2877 4331 2972 4383 per
3017 4314 3171 4368 ﬁdem
3207 4313 3318 4370 ﬁeri
3348 4313 3593 4368 credatur
3619 4312 3795 4368 turres

2221 4405 2588 4474 promissionis
2617 4406 2882 4474 antiquae:
2913 4405 3006 4460 sed
3034 4405 3182 4460 deest
3209 4420 3386 4460 sermo
3409 4445 3425 4471 ,
3449 4405 3597 4472 cujus
3622 4404 3794 4458 vicem

2219 4493 2407 4562 implet
2453 4494 2798 4564 intelligentia
2823 4536 2838 4560 ,
2869 4511 2974 4548 non
3020 4495 3163 4549 solos
3189 4493 3426 4550 lueredes
3449 4509 3568 4548 esse
3607 4495 3694 4560 qui
3723 4509 3796 4548 ex

2221 4583 2338 4654 lege
2364 4593 2518 4648 sunt;
2550 4593 2606 4638 ut
2629 4585 2674 4638 si
2697 4583 2797 4639 hoc
2835 4584 2994 4638 modo
3013 4584 3214 4638 dictum
3244 4591 3386 4639 esset
3411 4602 3423 4636 :
3449 4583 3502 4638 Si
3533 4584 3672 4636 enim
3701 4584 3796 4651 qui

2221 4685 2345 4730 sunt
2377 4691 2439 4730 ex
2470 4675 2620 4746 lege,
2651 4675 2749 4729 soli
2781 4675 3022 4730 hazredes
3071 4684 3226 4754 sunt,
3251 4684 3500 4730 cvacuala
3530 4684 3604 4730 est
3637 4674 3794 4728 ﬁdes.

2221 4766 2362 4823 Vere
2387 4769 2527 4823 enim
2557 4769 2870 4838 praeputium
2899 4769 3167 4824 videretur
3195 4767 3400 4824 excludi
3422 4809 3435 4833 ,
3467 4769 3508 4822 si
3534 4767 3597 4822 ad
3621 4767 3802 4820 nullos

2223 4867 2418 4927 praeter
2441 4873 2536 4912 eos
2563 4859 2652 4928 qui
2679 4874 2743 4912 ex
2769 4859 3174 4914 circumcisione
3205 4866 3355 4912 erant
3376 4900 3390 4923 ,
3419 4856 3804 4912 benedictionis

2223 4948 2508 5004 hazreditas
2553 4949 2879 5020 perveniret.
2908 4949 3260 5018 Intelligenda
3290 4948 3446 5016 igitur
3473 4946 3808 5000 consuetudo

2223 5041 2618 5112 Scripturarum
2645 5051 2727 5096 est
2749 5083 2764 5106 ,
2795 5044 2920 5112 quia
2953 5057 3055 5096 non
3077 5041 3328 5096 continuo
3350 5039 3487 5109 quod
3515 5053 3616 5094 non
3661 5037 3808 5094 dici-

2225 5135 2343 5190 tur,
2369 5125 2662 5194 denegatur
2680 5165 2695 5188 ,
2722 5134 2782 5180 ut
2812 5125 3174 5194 intelligentia:
3199 5138 3359 5193 opere
3389 5121 3668 5177 verborum
3693 5121 3810 5176 dis.

2224 5217 2416 5288 pendia
2443 5216 2811 5284 suppleantur.

2296 5309 2432 5364 Anc.
2461 5307 2551 5362 Sic
2573 5305 2911 5376 intelligunt,
2942 5307 3032 5376 qui
3060 5321 3164 5360 non
3197 5303 3517 5373 intelligunt.
3552 5304 3659 5358 Cur
3701 5320 3814 5358 non

2225 5397 2534 5461 attenditis,
2578 5411 2746 5468 rogo,
2784 5397 2904 5452 ideo
2951 5413 3053 5450 non
3085 5411 3202 5450 esse
3249 5395 3493 5450 lueredes
3539 5411 3604 5450 ex
3649 5395 3768 5466 lege
3799 5437 3817 5460 ,

2225 5489 2346 5558 quia
2375 5489 2458 5541 lea:
2485 5487 2613 5539 iram
2667 5487 2947 5555 aperatur?
2981 5486 3078 5541 Ubi
3119 5486 3249 5540 enim
3294 5502 3394 5538 non
3434 5496 3507 5540 est
3555 5487 3677 5550 lex,
3729 5501 3826 5540 nec

2228 5581 2572 5652 pramaricatio
2599 5577 2774 5650 (Rom.
2806 5595 2856 5632 IV
2882 5619 2898 5644 ,
2931 5579 3039 5648 15).
3073 5577 3196 5632 Ideo
3229 5585 3411 5632 autem
3459 5592 3530 5634 ex
3585 5580 3826 5652 pronus-

2293 5735 2308 5788 ε
2332 5731 2582 5781 Menardus
2607 5739 2657 5781 et
2677 5739 2802 5788 Mss,
2827 5729 3068 5780 instantia.

2245 5799 2248 5804 ‘
2293 5787 2311 5815 ‘
2339 5801 2400 5842 ελ
2423 5803 2530 5848 Mss.
2553 5787 2834 5852 addidimus,
2862 5793 2983 5854 forte
3005 5803 3096 5840 non
3120 5790 3290 5842 credit.
