4126 6500
268 521 414 573 sione
432 556 446 578 ,
468 514 590 585 quis
618 512 756 567 Deus
773 508 913 580 quod
938 507 1229 580 promittit,
1262 507 1375 575 ipse
1397 503 1542 560 facit.
1567 504 1670 572 Qui
1695 503 1837 557 enim

270 613 524 675 prtecepta
555 602 687 673 legis
703 601 922 670 implere
945 613 1004 654 sc
1025 606 1172 667 putat
1199 612 1291 667 per
1307 595 1582 650 arbitrium
1613 594 1841 663 propria:

269 695 550 751 voluntatis
589 695 707 748 sine
755 691 944 761 spiritu
991 689 1210 758 gratim,
1239 702 1388 741 suam
1436 687 1692 754 justitiam
1731 684 1843 737 vult

265 789 624 851 constituere,
669 781 1048 850 nonjustitiam
1099 780 1194 834 Dei
1243 792 1475 833 sumere.
1515 775 1647 830 Nam
1702 773 1842 829 unde

265 881 390 934 dicit
417 879 556 932 idem
583 875 859 944 apostolus
881 915 896 939 ,
929 871 996 928 Ut
1037 872 1265 926 inuemar
1285 871 1340 924 in
1376 869 1466 922 illo
1511 885 1612 922 non
1655 867 1841 921 habt-ns

266 987 421 1026 nteant
441 969 694 1040 justitiam
714 1006 726 1029 ,
747 980 863 1035 qua:
881 981 942 1018 ea:
968 965 1075 1034 lege
1103 973 1209 1028 est,
1239 962 1327 1015 sed
1341 961 1590 1032 justitiam
1620 975 1734 1030 qua:
1767 968 1842 1012 est

265 1077 324 1114 es
348 1059 450 1128 fide
466 1101 479 1120 ,
491 1057 744 1129 justitiam
763 1071 828 1108 ea:
847 1053 954 1108 Deo
977 1053 1233 1123 (Philipp.
1253 1067 1306 1106 ut
1330 1093 1345 1118 ,
1375 1050 1471 1122 9)?
1492 1049 1666 1118 Quare
1687 1063 1840 1103 suam

265 1154 390 1210 dicit
419 1150 679 1221 justitiam
700 1190 716 1213 ,
743 1163 862 1217 quae
889 1162 959 1202 ex
1009 1147 1126 1216 iege
1152 1154 1270 1208 est,
1319 1157 1550 1212 eamque
1582 1141 1840 1212 justitiam

265 1243 545 1313 reprobat;
573 1255 680 1295 non
733 1247 910 1293 autem
944 1253 1126 1302 suam,
1163 1235 1261 1290 sed
1309 1250 1375 1290 ex
1404 1232 1794 1300 Deojustitiam
1823 1270 1842 1295 ,

263 1349 380 1406 quae
406 1341 492 1388 est
515 1347 581 1386 ex
605 1330 750 1386 ﬁde?
773 1328 1037 1398 Numquid
1069 1327 1153 1382 lex
1196 1341 1304 1381 non
1327 1334 1410 1380 est
1437 1339 1501 1378 ex
1531 1323 1677 1378 Deo?
1713 1321 1844 1390 Quis

264 1425 364 1481 nisi
393 1422 621 1479 inﬁdelis
647 1421 748 1478 hoc
771 1420 1005 1476 dixerit?
1032 1418 1136 1475 Sed
1163 1433 1231 1474 ex
1274 1417 1391 1487 lege
1416 1415 1545 1471 dicit
1581 1415 1841 1486 justitiam

261 1531 409 1574 suam
429 1556 445 1581 ,
473 1515 525 1591 in
555 1529 657 1585 qua
689 1513 849 1591 homo
887 1520 1036 1583 putat
1057 1509 1308 1566 sufﬁcere
1335 1508 1436 1564 sibi
1473 1508 1644 1576 legem
1669 1506 1736 1560 ad
1762 1505 1844 1560 ta-

265 1609 451 1664 cienda
481 1590 658 1662 divina
689 1590 937 1662 mandata
957 1647 973 1671 ,
1005 1604 1286 1660 conﬁdens
1323 1603 1376 1658 in
1401 1603 1598 1658 virtute
1616 1617 1731 1656 sua.
1762 1601 1844 1657 Ex

266 1700 367 1754 ﬁde
393 1706 574 1754 autem
620 1697 918 1766 justitiam,
971 1695 1092 1751 ideo
1117 1694 1249 1749 dicit
1275 1709 1396 1749 esse
1433 1709 1500 1749 ex
1543 1693 1690 1758 Deo,
1719 1691 1843 1763 quia

267 1792 405 1846 Deus
438 1789 719 1857 unicuique
744 1789 971 1858 partitur
995 1801 1300 1842 mensuram
1343 1785 1464 1841 ﬁdei
1491 1783 1670 1858 (Rom.
1719 1800 1794 1840 xu
1824 1824 1841 1850 ,

264 1880 318 1953 5)
349 1900 362 1936 :
389 1891 443 1937 et
481 1881 546 1936 ad
580 1880 736 1934 ﬁdem
766 1878 996 1949 pertinet
1016 1877 1239 1934 credere
1263 1876 1402 1948 quod
1425 1877 1477 1931 in
1515 1876 1670 1931 nobis
1706 1876 1844 1932 Deus

263 1982 514 2041 operetur
535 1979 590 2027 et
610 1969 745 2024 velle
773 1967 1036 2039 (Philipp.
1081 1982 1156 2035 ιι,
1191 1967 1314 2038 15);
1362 1967 1498 2022 sicut
1524 1965 1848 2035 operabatur

263 2065 317 2121 in
355 2065 442 2118 illa
483 2063 832 2134 purpuraria,
858 2061 1010 2130 cujus
1036 2069 1322 2130 aperuerat
1369 2074 1587 2115 sensum
1609 2102 1624 2124 ,
1657 2069 1716 2115 ut
1764 2060 1846 2114 in-

264 2156 507 2212 tenderet
530 2155 582 2210 in
605 2169 672 2210 ea
699 2170 818 2224 qua:
841 2169 874 2209 α
893 2153 1054 2208 Paulo
1080 2153 1398 2208 dicebantur
1419 2153 1556 2224 (Act.
1590 2169 1706 2217 xw,
1728 2153 1841 2223 li).

263 2250 338 2304 Ac
367 2263 464 2318 per
483 2247 617 2312 hoc,
643 2262 742 2302 nec
769 2246 869 2317 ipsi
910 2245 1080 2302 Judtei
1105 2246 1196 2316 qtti
1226 2246 1570 2302 crediderunt
1605 2246 1656 2300 in
1687 2245 1846 2301 Citri-

260 2350 399 2396 stum
421 2379 439 2406 ,
470 2340 523 2394 in
541 2339 734 2410 quibus
755 2348 810 2394 et
842 2338 1036 2394 Paulus
1062 2337 1184 2402 fuit,
1217 2353 1283 2393 ex
1318 2338 1432 2408 lege
1461 2337 1702 2392 haeredes
1729 2347 1846 2391 om:

262 2432 388 2485 nino
405 2430 619 2486 dicendi
637 2439 762 2484 sunt
783 2430 800 2461 ¹
823 2469 839 2494 ,
868 2429 962 2484 sed
1008 2429 1184 2498 potius
1207 2443 1271 2484 ex
1305 2428 1675 2497 promissione.
1720 2426 1847 2482 Ideo

259 2523 402 2577 enim
427 2523 628 2578 dictum
659 2532 774 2585 est,
803 2520 868 2575 In
891 2519 1041 2575 Isaac
1061 2521 1320 2574 vocabitur
1347 2520 1438 2574 tibi
1459 2537 1627 2574 semen
1647 2561 1663 2582 .
1720 2523 1842 2589 quia

259 2629 358 2668 non
383 2613 470 2680 qui
497 2613 594 2680 ﬁlii
620 2613 815 2677 carnis,
847 2613 900 2666 Iti
935 2612 1030 2681 ﬁlii
1063 2610 1194 2674 Dei;
1222 2611 1310 2665 sed
1356 2611 1451 2678 ﬁlii
1498 2611 1846 2682 promissionis

258 2703 562 2773 deputantur
585 2704 637 2757 in
657 2704 844 2758 semine
869 2703 1045 2772 (Rom.
1078 2718 1128 2756 Ix
1149 2743 1164 2768 ,
1197 2703 1230 2757 7
1257 2712 1306 2757 et
1329 2702 1405 2772 8).

326 2795 506 2850 CLIX.
539 2795 655 2850 Jun.
681 2793 904 2863 Collegit
949 2794 1126 2863 itaque
1152 2794 1439 2864 Apostolus
1469 2803 1843 2865 argumentum

261 2885 364 2940 hoc
411 2884 572 2938 modo
621 2902 635 2938 :
677 2884 732 2939 Si
765 2884 892 2937 nulli
925 2891 1108 2938 essent
1137 2883 1376 2938 hmredes
1420 2883 1841 2949 benedictionis,

261 2977 362 3031 nisi
387 2977 477 3046 qui
501 2992 565 3031 ex
594 2975 711 3046 lege
735 2985 886 3039 sunt;
916 2983 974 3028 ut
1001 2975 1313 3043 praeputium
1341 2975 1616 3030 constabat
1660 2975 1846 3030 exclu-

258 3082 413 3130 sum,
458 3067 530 3120 ita
567 3080 903 3135 consequens
944 3074 1091 3131 erat,
1138 3065 1403 3119 neminem
1442 3067 1528 3134 qui
1566 3065 1752 3122 fuisset
1779 3083 1847 3122 ex

260 3158 412 3228 lege.
459 3152 826 3213 benedictione
869 3155 1064 3226 privari
1111 3172 1126 3209 :
1165 3155 1217 3210 id
1257 3164 1373 3217 est.
1420 3157 1465 3211 si
1512 3157 1848 3212 circumcisio

260 3257 463 3303 tantum
509 3247 743 3312 valeret,
788 3255 847 3301 ut
886 3247 1002 3302 sine
1028 3261 1090 3302 ea
1119 3245 1250 3302 ﬁdes
1292 3247 1422 3302 nihil
1469 3249 1706 3314 valeret;
1743 3249 1850 3305 sic-

259 3349 318 3396 ut
356 3341 554 3398 Gentes
591 3341 824 3411 liquebat
875 3340 1122 3410 repulsas
1145 3380 1160 3404 ,
1200 3341 1272 3394 ita
1302 3341 1624 3410 probabatur
1647 3342 1713 3396 de
1753 3342 1849 3397 Ju-

258 3432 390 3488 daeis
430 3432 498 3487 ad
536 3431 930 3502 perditionem'
961 3446 1230 3502 nunquam
1259 3447 1581 3503 quemquam
1623 3433 1702 3489 ire
1747 3449 1845 3505 po-

259 3525 445 3578 tuisse.

331 3619 466 3672 Anc.
494 3616 772 3684 Quomodo
814 3625 928 3671 erat
953 3631 1321 3687 consequens,
1370 3633 1404 3673 ο
1447 3632 1632 3684 grosse
1679 3616 1846 3673 diale-

256 3709 433 3764 ctiee?
459 3709 728 3778 quomodo
753 3719 868 3764 erat
894 3725 1230 3779 consequens
1249 3751 1266 3775 ,
1294 3711 1336 3764 si
1378 3709 1506 3764 nulli
1529 3719 1708 3764 essent
1732 3709 1846 3764 hac-

259 3802 415 3856 redes
441 3801 827 3856 benedictionis
865 3843 882 3866 ,
912 3802 1012 3856 nisi
1039 3803 1129 3873 qui
1152 3818 1218 3857 ex
1248 3803 1362 3873 lege
1387 3811 1544 3866 sunt,
1578 3803 1844 3857 neminem

256 3896 348 3966 qui
395 3897 579 3952 fuisset
609 3911 673 3950 ex
723 3897 840 3968 lege
861 3939 877 3964 ,
908 3897 1276 3953 benedictione
1301 3899 1538 3970 privari?
1579 3898 1846 3969 Numquid

256 3989 381 4058 quia
409 4004 567 4043 nemo
591 3998 672 4044 est
715 3990 916 4055 lateres,
951 3990 1050 4044 nisi
1082 3991 1401 4060 baptizetur,
1452 4000 1728 4062 propterea
1756 3993 1845 4062 qui

256 4079 627 4148 baptizautur,
658 4095 846 4135 omnes
871 4080 1115 4136 heredes
1140 4083 1304 4135 sunt?
1337 4081 1440 4138 Sed
1470 4082 1572 4138 hoc
1595 4083 1842 4150 dixerim,

257 4185 367 4225 nou
393 4170 514 4240 quia
542 4170 611 4224 ibi
642 4179 723 4226 est
761 4186 880 4241 qu:e
921 4172 1061 4226 inter
1099 4188 1198 4227 nos
1223 4174 1448 4228 vertitur
1470 4175 1726 4244 quaestio;
1754 4190 1847 4230 ve-

257 4277 376 4315 rum
424 4272 481 4316 ut
522 4262 861 4318 ostenderem
904 4278 1062 4333 quam
1110 4265 1184 4317 sis
1224 4265 1337 4333 ipse
1366 4274 1582 4332 acutus,
1628 4265 1718 4333 qui
1758 4279 1846 4322 me

255 4354 622 4408 obtunsiorem
649 4354 782 4408 dicis
801 4370 922 4409 esse
951 4355 1150 4424 pistillo
1178 4355 1376 4425 (Supra
1395 4398 1409 4419 ,
1437 4373 1553 4425 cap.
1585 4357 1734 4427 H7).

330 4441 484 4495 CLX.
511 4442 629 4496 lat.
675 4442 823 4497 Nunc
846 4455 1022 4498 autem
1047 4459 1166 4498 cum
1195 4444 1552 4499 conﬁteamini
1591 4445 1844 4514 praevari-

258 4539 471 4584 catores
496 4531 549 4584 in
579 4531 694 4599 lege
727 4545 834 4585 non
861 4546 983 4587 esse
1009 4531 1392 4586 benedictionis
1423 4533 1694 4600 hmredes,
1722 4535 1843 4604 quia

261 4621 456 4675 talibus
483 4621 564 4676 lex
595 4621 728 4674 iram
758 4630 1042 4688 operatur;
1071 4631 1282 4676 constat
1306 4623 1328 4654 ³
1354 4625 1758 4692 promissionem
1785 4627 1846 4680 iI-

259 4712 368 4766 lam
398 4727 504 4766 non
531 4710 920 4766 circumcisioni
949 4715 1263 4777 convenire,
1303 4713 1395 4767 sed
1423 4713 1565 4769 ﬁdei.
1590 4715 1844 4770 Destrue-

257 4814 412 4860 retur
436 4813 612 4857 autem
641 4801 924 4871 promissio
944 4844 958 4866 ,
991 4803 1034 4856 si
1064 4811 1256 4872 printer
1278 4804 1448 4874 legem
1494 4820 1652 4859 nemo
1673 4805 1846 4874 justus

256 4902 404 4949 esset
437 4911 450 4947 :
481 4892 907 4962 quandoquidem
938 4902 1058 4961 post
1096 4893 1510 4963 quadringentos
1552 4903 1606 4950 et
1635 4895 1844 4965 triginta

257 4999 430 5038 annos
472 4983 839 5054 promissionis
889 4984 1045 5038 allata
1099 4984 1184 5039 lex
1231 4983 1440 5053 (Colat.
1473 5001 1563 5050 tu,
1610 4986 1748 5054 Π),
1793 4995 1847 5041 et

258 5075 436 5144 ipsum
466 5074 755 5137 Abraham,
782 5082 837 5129 et
866 5074 1028 5138 Isaac,
1056 5083 1110 5129 et
1136 5073 1321 5139 Jacob,
1348 5086 1403 5130 et
1427 5091 1614 5132 omnes
1644 5077 1695 5130 in
1733 5092 1846 5131 me-

257 5167 460 5222 dietate
498 5165 520 5197 ⁸
563 5177 782 5222 sanctos
841 5175 1088 5236 expertes
1148 5167 1536 5223 benedictionis
1592 5170 1844 5224 ostende-

255 5266 378 5322 ret,
428 5272 548 5328 quae
599 5273 704 5312 non
751 5258 1012 5328 potuisset
1056 5259 1302 5329 cuiquam
1351 5259 1469 5316 sine
1531 5259 1649 5330 lege
1710 5275 1842 5316 con-

255 5350 408 5404 ferri.

326 5465 344 5497 ²
367 5469 414 5512 tn
433 5463 600 5531 editis,
647 5461 837 5531 omnin
869 5476 962 5513 non
1002 5462 1198 5514 dicendi
1222 5471 1353 5531 sunt.
1396 5465 1627 5516 ParticuIa
1658 5480 1846 5531 negans

253 5526 556 5588 auctoritate
573 5527 1000 5588 manuscriptorum
1019 5528 1332 5588 expungitur.

282 5607 294 5616 -
325 5589 346 5620 ⁸
372 5587 637 5645 Menardus,
660 5586 725 5635 ad
745 5581 1445 5650 priedictioneni.rt’iguicrlus,
1471 5587 1536 5639 ad
1560 5587 1845 5642 benedictio-

253 5657 388 5696 nem.
409 5650 723 5710 corriguntur
747 5660 809 5696 ex
834 5649 1184 5708 utatutscriptis.

324 5711 346 5774 ξ
370 5710 504 5774 Editi.
529 5717 574 5758 et
589 5715 786 5774 constat.
806 5710 1205 5774 Expuugentlum,
1227 5715 1290 5769 et,
1305 5719 1442 5774 juxta
1475 5715 1840 5774 manuscriptos.

264 5829 272 5837 .
325 5771 347 5800 δ
373 5771 670 5840 νὶεζηὶοηιις,
703 5769 992 5822 immediate.
1017 5777 1146 5831 Mss,
1172 5769 1220 5821 in
1264 5769 1515 5824 tttedit'lttie
1544 5786 1560 5824 .'
1586 5769 1748 5837 forte]
1768 5789 1838 5836 t‘o,

254 5829 308 5881 iu
335 5826 492 5882 media
509 5826 665 5884 auare.

1595 389 1797 448 LIBER
1833 385 2204 444 SECUNDUS.

2561 461 2571 468 ,
3400 399 3533 454 uno

2020 503 2158 558 Auc.
2187 501 2300 557 lmo
2327 502 2692 558 destrueretur
2718 507 3033 572 ῃγοιηίεςίο,
3065 508 3109 562 si
3135 523 3199 562 ex
3228 508 3344 581 lege
3385 511 3533 579 quis-

1949 607 2106 662 quam
2129 593 2304 662 justus
2323 603 2484 648 esset.
2519 592 2580 648 Si
2599 594 2728 647 enim
2754 595 2839 663 qui
2867 612 2930 648 ea:
2961 594 3101 666 lege,
3129 597 3347 652 hteredes
3379 609 3531 665 sunt;

1947 683 2204 736 exinanita
2244 692 2316 737 est
2364 685 2523 752 ﬁdem,
2555 695 2793 738 evacuate
2825 697 2900 739 est
2932 687 3229 754 promissio;
3274 692 3354 742 lea:
3398 691 3530 743 euint

1947 772 2077 824 iram
2102 784 2340 841 cperatur
2361 774 2538 842 (Rom.
2572 790 2622 828 tv
2642 816 2657 839 ,
2691 775 2788 840 Ν,
2822 773 2911 848 15)
2947 793 2960 830 :
2989 777 3055 830 ad
3104 778 3204 832 hoc
3230 780 3443 848 utique,
3473 789 3533 834 ut

1947 860 2014 915 ad
2046 862 2176 915 iram
2207 862 2533 918 evadendam
2554 906 2569 931 ,
2596 864 2687 919 Dei
2714 865 2881 935 gratia
2907 866 3224 935 requiratur.

2017 953 2198 1009 CLXI.
2225 955 2344 1010 JUL.
2369 956 2520 1023 Quod
2547 957 2668 1026 quia
2693 956 2972 1012 manifesto
2997 958 3184 1013 lalsum
3212 968 3322 1026 est;
3354 970 3406 1015 et
3431 961 3531 1027 sub

1947 1045 2064 1115 lege
2091 1048 2286 1117 quippe
2326 1058 2632 1116 peccatores
2670 1064 2880 1118 pmnam
2922 1050 3297 1117 merebantur,
3329 1062 3383 1106 et
3403 1063 3528 1108 ante

1948 1138 2117 1208 legem
2157 1139 2361 1208 justitia
2403 1149 2458 1194 et
2487 1132 2617 1196 ﬁdes
2660 1144 3101 1198 remunerationis
3125 1158 3236 1198 sua:
3269 1143 3547 1198 fructibus

1947 1233 2165 1300 privauc
2204 1249 2309 1288 non
2353 1243 2510 1298 sunt;
2558 1243 2796 1301 constat,
2838 1251 2943 1288 non
2987 1235 3053 1288 ad
3080 1245 3346 1290 truncatas
3387 1234 3530 1290 ferro

1945 1337 2136 1378 carnes
2156 1365 2170 1386 ,
2193 1323 2286 1378 sed
2315 1323 2381 1379 ad
2405 1325 2634 1380 illustres
2665 1327 2924 1395 probitate
2952 1334 3190 1389 mentes,
3221 1326 3531 1396 promissio-

1949 1414 2032 1467 nis
2059 1414 2201 1468 illius
2247 1415 2468 1485 gloriam
2499 1417 2782 1486 pertinere.
2832 1417 3082 1488 Sequitur
3125 1427 3301 1472 autem
3346 1417 3529 1472 fulmi-

1949 1519 2048 1558 nea
2095 1515 2276 1559 contra
2325 1506 2595 1562 traducem
2639 1510 2900 1564 sententia
2934 1527 2946 1564 :
2978 1509 3083 1564 Lex
3124 1510 3288 1575 enim,
3322 1509 3485 1576 inquit
3509 1549 3526 1575 ,

1947 1596 2076 1649 iram
2115 1609 2353 1666 operatur
2380 1615 2400 1653 :
2437 1601 2522 1654 ubi
2540 1611 2706 1656 autem
2730 1619 2829 1656 non
2858 1613 2928 1657 est
2967 1605 3076 1668 (ex,
3106 1621 3196 1658 nec
3226 1605 3530 1673 prevarica-

1953 1689 2043 1741 tio.
2078 1689 2344 1746 Persuade
2383 1707 2511 1763 ergo
2556 1694 2724 1764 legem
2751 1695 2926 1750 datam
2965 1711 3083 1750 esse
3103 1698 3410 1766 conceptis,
3450 1699 3529 1752 le-

1948 1794 2068 1850 gem
2094 1795 2252 1852 posse
2277 1781 2394 1837 dari
2445 1786 2820 1852 nascentibus;
2865 1797 2922 1841 ut
2953 1803 3049 1844 eos
3083 1789 3531 1858 prtevarimtionis

1949 1885 2070 1924 reos
2093 1873 2257 1941 possit
2275 1889 2520 1943 arguere.
2545 1875 2812 1931 Gtt-terum
2851 1894 2947 1932 nos
2973 1894 3095 1932 cum
3127 1880 3382 1947 Apostolo
3405 1894 3530 1932 cre-

1947 1962 2157 2030 dimus,
2195 1980 2353 2034 quem
2396 1966 2528 2021 nihil
2556 1977 2740 2023 contra
2781 1969 3038 2024 rationem
3081 1971 3315 2024 sensisse
3337 1969 3529 2025 defen-

1947 2055 2154 2121 dimus,
2179 2067 2282 2112 nou
2309 2073 2430 2115 esse
2455 2059 2508 2114 in
2534 2075 2596 2115 ea
2620 2070 2775 2116 mtate
2797 2063 3286 2128 przcvaricationem
3307 2105 3320 2128 ,
3349 2063 3400 2118 in
3425 2078 3530 2132 qua

1950 2149 2032 2204 Iex
2057 2165 2179 2206 esse
2208 2168 2311 2206 non
2340 2154 2549 2224 potuit;
2581 2156 2702 2223 quia
2727 2155 2808 2208 ubi
2829 2172 2928 2208 non
2959 2168 3032 2209 est
3073 2155 3185 2216 lex.
3217 2173 3305 2210 nec
3331 2172 3532 2226 prma-

1948 2244 2128 2297 ricatio
2167 2259 2187 2298 :
2227 2260 2346 2314 qua:
2383 2246 2466 2300 lex
2490 2247 2620 2300 iram
2657 2257 2927 2318 aperatur,
2970 2264 3076 2302 non
3119 2249 3247 2302 vitio
3274 2263 3407 2314 suo,
3436 2247 3531 2303 sed

1948 2347 2132 2389 eorum
2195 2335 2503 2406 iniquitate,
2577 2338 2666 2408 qui
2713 2348 2933 2408 peccata
2982 2340 3264 2394 virtutibus
3309 2349 3532 2409 antepo-

1947 2435 2102 2480 nunt.

2021 2523 2156 2573 Auc.
2201 2517 2318 2573 Non
2345 2528 2426 2574 est
2451 2535 2582 2590 ergo
2627 2520 2710 2575 lex
2750 2519 2982 2584 Christi.
3025 2521 3144 2576 Nisi
3188 2523 3301 2592 quis
3328 2531 3535 2576 renatus

1949 2606 2098 2676 fuerit
2121 2625 2184 2662 ea:
2217 2625 2348 2677 aqua
2370 2619 2416 2663 et
2444 2609 2645 2678 Spiritu
2663 2651 2678 2676 ,
2709 2627 2808 2664 non
2834 2620 2990 2679 potest
3013 2612 3206 2666 intrare
3235 2613 3290 2666 in
3327 2628 3537 2682 regnum

1950 2697 2046 2753 Dei
2075 2698 2252 2770 (Joan.
2280 2717 2366 2765 ut,
2399 2702 2492 2770 5)?
2517 2717 2674 2771 quam
2719 2703 2887 2772 legem
2925 2703 3107 2769 vides,
3136 2705 3294 2757 etiam
3321 2703 3386 2758 ad
3417 2720 3538 2773 par-

1949 2791 2103 2846 vulos
2130 2793 2416 2862 pertinere.
2447 2793 2640 2848 Verum
2674 2803 2727 2848 tu
2753 2795 2840 2849 dic
2868 2797 3041 2864 potius
3061 2837 3076 2861 ,
3106 2797 3354 2866 parvulus
3382 2798 3534 2868 cujus

1949 2885 2125 2938 anima
2152 2885 2401 2939 interibat
2442 2885 2511 2939 de
2546 2901 2744 2956 genere
2769 2887 2914 2954 ejus,
2941 2887 2984 2940 si
3013 2887 3100 2941 die
3128 2903 3230 2941 non
3257 2889 3536 2942 circumci-

1950 2972 2168 3027 deretur
2195 2984 2384 3028 octavo
2414 2974 2567 3042 (Gen.
2601 2993 2705 3030 xvu
2728 3017 2740 3040 ,
2776 2978 2864 3045 14)
2886 3018 2900 3039 ,
2941 2978 3092 3046 cujus
3136 2981 3536 3047 praevaricatio-

1901 3069 1906 3073 ’
1951 3065 2034 3120 nis
2080 3066 2436 3135 arguebatur,
2478 3076 2536 3120 ut
2563 3069 2672 3150 _tali
2719 3069 2982 3138 supplicio
3025 3071 3384 3140 plecteretur?
3423 3073 3534 3128 Nisi

1951 3158 2072 3227 quia
2113 3157 2308 3227 ipsein
2338 3175 2396 3213 se
2440 3159 2556 3228 ipso
2601 3159 2732 3214 nihil
2780 3175 3040 3228 peccans,
3091 3162 3368 3216 tenebatur
3412 3179 3535 3218 reus

1949 3249 2002 3303 in
2044 3250 2373 3304 similitudine
2438 3253 2862 3318 pra'varicationis
2914 3253 3074 3320 Adw,
3123 3255 3175 3307 in
3222 3271 3320 3324 quo
3362 3271 3533 3309 omnes

1951 3351 2279 3411 peccaverunt
2300 3340 2476 3408 (Rom.
2502 3357 2567 3408 v,
2603 3344 2700 3407 I4,
2732 3344 2839 3413 η).
2869 3344 2998 3412 Quzc
3027 3345 3186 3400 verba
3215 3346 3529 3415 apostolica,

1950 3442 2057 3487 tam
2120 3433 2260 3486 clara
2313 3433 2630 3499 obscurare,
2683 3442 2788 3488 tam
2837 3445 3280 3502 rectacurvare,
3335 3437 3533 3508 iugi-nti

1950 3523 2162 3593 quidem
2189 3565 2203 3586 ,
2233 3523 2324 3578 sed
2357 3524 2497 3578 inani
2526 3524 2709 3580 labore
2734 3527 2967 3580 conaris.

2019 3614 2222 3668 CLXII.
2249 3614 2368 3669 Jun.
2413 3615 2740 3684 Approbavit
2766 3631 2893 3686 ergo
2918 3617 3237 3686 Apostolus,
3265 3618 3385 3688 quia
3427 3633 3533 3673 non

1950 3707 2021 3760 sit
2065 3705 2432 3760 tantummodo
2476 3706 2730 3776 scriptum
2770 3717 2990 3777 propter
3035 3706 3338 3772 Abraham,
3389 3708 3532 3776 quod

1951 3807 2249 3866 reputatutn
2280 3807 2364 3852 est
2401 3798 2473 3850 illi
2511 3798 2577 3851 ad
2616 3798 2896 3866 justitiam;
2942 3798 3034 3853 sed
3059 3808 3112 3853 et
3143 3809 3357 3868 propter
3399 3814 3532 3866 nos,

1949 3890 2142 3959 quibus
2183 3890 2298 3943 sine
2339 3888 2502 3943 dubio
2534 3898 2843 3958 reputatur,
2889 3906 3010 3945 cum
3055 3890 3107 3945 in
3156 3891 3324 3945 Deum
3355 3891 3533 3946 credi-

1951 3997 2100 4042 mus,
2147 3982 2237 4051 qui
2279 3981 2460 4036 .Icsum
2512 3981 2781 4036 Christum
2829 3998 2894 4038 ex
2946 3984 3171 4038 mortuis
3215 3985 3466 4039 excitavit
3515 4002 3529 4039 :

1953 4070 2054 4136 Qui
2091 4071 2304 4125 traditus
2341 4082 2414 4125 est
2433 4113 2448 4136 ,
2485 4072 2656 4141 inquit
2679 4114 2693 4136 ,
2726 4082 2929 4144 propter
2949 4073 3134 4128 delicta
3165 4084 3354 4137 nostra,
3383 4086 3430 4128 et
3450 4092 3534 4129 re-

1948 4161 2168 4232 surrexit
2209 4171 2413 4232 propter
2445 4162 2864 4232 justiﬁcationetu
2904 4173 3128 4218 nostram
3167 4163 3276 4237 (Id.
3305 4181 3390 4232 tv,
3435 4165 3534 4221 25-

1947 4251 2062 4322 25).

2019 4343 2156 4397 Anc.
2179 4341 2262 4397 Ab
2295 4342 2394 4398 hac
2439 4343 2605 4412 gratia
2636 4345 2895 4414 separatis
2939 4346 3218 4416 parvulos,
3246 4362 3380 4417 quos
3407 4347 3531 4402 nul-

1949 4435 2060 4490 lum
2087 4436 2340 4492 delictum
2375 4453 2441 4492 ex
2470 4439 2675 4508 origine
2701 4447 2925 4494 tractum
2955 4441 3148 4496 habere
3176 4442 3530 4508 contenditis;

1949 4527 2090 4582 unde
2119 4530 2175 4582 Iit
2199 4542 2534 4599 consequens
2553 4569 2567 4593 ,
2601 4539 2658 4583 ut
2704 4547 2810 4586 non
2835 4531 2900 4585 ad
2930 4547 3024 4586 eos
3053 4533 3311 4602 pertineat
3337 4535 3533 4589 beneﬁ-

1948 4618 2123 4684 cium,
2147 4634 2256 4688 quo
2294 4629 2512 4689 propter
2553 4620 2746 4676 delicta
2796 4631 2973 4676 nostra
3017 4633 3099 4678 est
3133 4625 3356 4678 traditus
3383 4626 3529 4680 Chri-

1948 4721 2064 4765 stus
2093 4729 2106 4763 :
2135 4720 2192 4766 et
2219 4711 2331 4765 lucc
2360 4712 2653 4766 sentientes
2687 4722 2742 4766 et
2763 4712 3185 4783 dogmatizantes
3205 4716 3530 4774 christianos

1948 4802 2242 4857 catholicos
2271 4818 2365 4857 vos
2384 4803 2563 4858 dicere
2587 4804 2825 4859 audetis!

2019 4893 2239 4948 CLXIII.
2270 4893 2391 4949 ιΙιιιι.
2421 4894 2590 4961 Quam
2616 4895 2958 4972 vehementer
2996 4897 3256 4965 inculcat,
3294 4901 3432 4970 apud
3456 4905 3537 4972 ju.

1948 4993 2090 5041 stum
2125 4985 2355 5055 judicem
2385 4987 2549 5040 Deum
2573 4987 2746 5042 aliena
2773 5000 2985 5056 peccata
3010 4991 3128 5046 aliis
3165 5007 3268 5046 non
3301 5010 3494 5049 nocere
3515 5037 3534 5062 ,

1948 5079 2037 5147 qui
2067 5077 2449 5134 commendans
2476 5090 2701 5134 mortem
2727 5079 2924 5136 Christi
2952 5083 3232 5153 vigilanter
3255 5090 3496 5142 enuntiat
3516 5132 3533 5153 .

1947 5180 2167 5240 propter
2201 5180 2383 5225 nostra
2415 5171 2562 5225 illum
2590 5172 2818 5240 delicta,
2857 5190 2976 5244 qua:
3004 5185 3058 5232 et
3085 5178 3233 5248 plura
3259 5190 3411 5234 erant
3433 5223 3448 5247 ,
3481 5193 3535 5237 ct

1948 5268 2129 5314 nostra
2158 5269 2345 5324 erant.
2387 5272 2444 5318 et
2487 5279 2592 5318 non
2639 5276 2857 5334 prapter
2896 5283 3057 5322 unum
3080 5278 3134 5323 et
3168 5270 3434 5338 alienum,
3479 5283 3536 5329 et

1948 5353 2074 5406 olim
2099 5353 2336 5409 defuncti
2363 5355 2593 5411 hominis
2612 5397 2626 5420 ,
2661 5367 2886 5413 mortem
2916 5361 3244 5429 oppetiisse?

2021 5443 2155 5499 Anc.
2191 5443 2550 5500 lnobedientia
2591 5446 2806 5518 quidem
2834 5449 2990 5509 unius
3016 5449 3248 5506 hominis
3290 5469 3395 5507 non
3438 5455 3535 5508 ab-

1949 5533 2109 5588 surde
2135 5535 2317 5602 utique
2357 5535 2605 5590 delictum
2632 5537 2828 5592 dicitur
2851 5538 3081 5596 alienum
3101 5582 3116 5602 ,
3143 5543 3261 5610 quia
3291 5543 3529 5598 nondum

1949 5624 2060 5679 nati
2107 5624 2341 5678 nondum
2381 5641 2660 5695 cgeramus
2701 5628 2901 5698 aliquid
2932 5631 3236 5701 proprium,
3285 5633 3395 5685 sive
3430 5633 3526 5686 bo-

1951 5731 2112 5780 nutu,
2143 5717 2259 5770 sive
2298 5717 2494 5771 malum
2545 5735 2558 5772 :
2606 5718 2698 5772 sed
2747 5721 2866 5789 quia
2913 5721 2962 5774 in
2992 5721 3083 5775 illo
3124 5726 3211 5792 qui
3244 5723 3344 5773 hoc
3384 5721 3520 5786 egit,

1950 5807 2160 5878 qttaudo
2199 5808 2248 5864 id
2294 5809 2434 5880 egit,
2467 5827 2650 5866 tuuucs
2696 5825 2942 5878 eramus,
2977 5822 3285 5882 tantumque
3327 5809 3422 5864 fuit
3465 5827 3530 5866 ac
