4126 6502
651 369 781 425 1211

648 484 757 537 tale
781 481 1029 537 delictum
1049 522 1065 548 ,
1087 489 1148 536 ut
1165 496 1232 537 eo
1256 491 1445 536 natura
1477 483 1723 538 universa
1750 483 2027 537 vitiaretur
2051 482 2240 535 huma-

649 588 716 627 na
737 590 752 636 ;
774 571 918 642 quod
948 572 1078 627 satis
1099 573 1296 627 iudicat
1319 574 1480 628 etiam
1504 575 1615 644 ipsa
1642 575 1857 644 generis
1884 573 2101 628 humani
2129 583 2239 627 tam

594 650 613 665 κ
650 663 934 718 manifesta
993 664 1239 729 miseria;
1287 664 1389 719 hoc
1428 664 1682 718 delictum
1730 665 1966 719 alienum
2007 664 2246 720 obnoxia

651 756 995 811 successione
1041 754 1099 810 lit
1140 767 1379 810 nostrum
1414 773 1427 809 :
1470 765 1690 829 pr0pte_r
1730 755 1872 827 quod
1911 756 2112 811 dictum
2157 765 2240 811 est

653 861 683 900 a
714 847 933 903 doctore
957 848 1221 903 catholico
1242 889 1259 915 ,
1299 835 1388 918 qui
1418 859 1566 904 recte
1597 849 1858 905 intellexit
1897 849 2236 920 Apostolum,

657 958 674 990 ε
706 939 907 995 Omnes
967 939 1211 994 homines
1251 941 1352 999 sub
1401 950 1620 1010 peccato
1662 940 1965 1006 nascimur,
2014 955 2241 1009 quorum

654 1031 770 1099 ipse
794 1040 943 1085 ortus
982 1031 1043 1086 in
1082 1031 1209 1084 vitio
1238 1040 1321 1085 est
1349 1050 1369 1083 ι
1425 1031 1774 1103 (Ambrosius,
1805 1031 1872 1085 de
1903 1030 2239 1096 Ptenitentia,

642 1125 743 1187 ,li'b.
777 1126 801 1180 1
827 1167 842 1191 ,
873 1142 989 1195 cap.
1019 1124 1055 1178 '2
1095 1125 1173 1179 vel
1201 1124 1279 1193 5).
1326 1124 1489 1194 Cujus
1537 1125 1862 1181 intellectum
1884 1166 1898 1190 ,
1928 1134 1983 1180 et
2016 1124 2242 1179 aliorum

652 1220 769 1286 ejus
794 1219 845 1273 in
873 1217 1132 1273 catholica
1174 1217 1401 1271 veritate
1426 1217 1722 1282 sociorum,
1756 1217 1800 1271 si
1823 1216 1974 1287 sequi
2014 1215 2249 1270 volueri-

653 1310 722 1364 tis
743 1351 757 1374 ,
790 1325 896 1364 non
926 1309 1189 1378 cogemini
1215 1308 1456 1363 alienare
1478 1308 1727 1378 parvulos
1751 1323 1782 1363 a
1810 1307 2075 1363 beneﬁcio
2094 1310 2244 1360 mor-

653 1401 723 1455 tis
743 1401 861 1471 ejus
884 1441 899 1465 ,
920 1401 1008 1470 qui
1034 1400 1250 1454 traditus
1274 1409 1347 1454 est
1377 1408 1582 1469 propter
1604 1399 1789 1454 delicta
1807 1396 2011 1465 nostra;
2041 1409 2092 1453 et
2117 1415 2250 1453 unus

655 1510 748 1562 pro
788 1494 1019 1549 omnibus
1063 1504 1292 1548 mortuus
1311 1503 1425 1549 est:
1462 1494 1552 1548 ubi
1597 1493 1741 1566 quod
1791 1493 2032 1563 sequitur
2054 1492 2252 1547 clamat

655 1587 974 1656 Apostolus,
1019 1585 1154 1657 Ergo
1181 1603 1356 1641 omnes
1382 1587 1567 1641 mortui
1599 1595 1759 1656 sunt;
1793 1594 1838 1640 et
1881 1600 1975 1657 pro
2013 1584 2246 1639 omnibus

659 1690 885 1733 ntortuus
903 1689 973 1733 est
998 1679 1062 1751 (ll
1088 1678 1206 1734 Cor.
1225 1695 1278 1743 v,
1309 1680 1377 1734 M
1393 1689 1439 1733 et
1457 1678 1545 1752 l5)
1568 1695 1583 1732 :
1603 1688 1659 1735 et
1678 1693 1773 1734 vos
1796 1678 2115 1741 reclamatis,
2129 1675 2248 1731 Non

656 1772 1002 1826 suntmortui
1036 1770 1281 1840 parvuli;
1304 1771 1533 1827 clamate
1557 1779 1613 1827 et
1640 1770 1782 1842 quod
1809 1769 2052 1840 sequitur
2069 1810 2085 1834 ,
2110 1769 2251 1838 Ergo

658 1875 765 1915 non
795 1875 892 1930 pro
918 1859 1046 1930 ipsis
1090 1868 1339 1916 mortuus
1365 1870 1481 1927 est;
1508 1869 1563 1916 et
1587 1860 1763 1917 videte
1791 1869 1969 1914 utrum
2019 1874 2113 1914 vos
2141 1874 2248 1912 non

654 1951 849 2005 mortui
872 1950 1098 2021 jaceatis
1120 1954 1138 1983 ⁸
1158 1994 1174 2018 ,
1201 1951 1292 2023 qui
1324 1951 1549 2006 mortuis
1568 1991 1583 2013 ,
1612 1967 1679 2007 ne
1702 1951 2074 2015 viviticentur,
2099 1948 2253 2005 Chri-

651 2043 720 2097 sti
750 2055 973 2097 mortem
1007 2042 1239 2114 negatis.
1268 2043 1400 2111 Quia
1424 2058 1529 2097 non
1557 2043 1665 2105 eis,
1702 2042 1840 2097 sicut
1861 2042 2090 2112 putatis,
2124 2056 2250 2111 pec-

650 2142 828 2188 eatum
849 2134 1010 2190 debet
1034 2136 1189 2190 unius
1213 2137 1234 2170 ⁹
1261 2144 1318 2191 et
1342 2135 1468 2190 olim
1495 2133 1731 2190 defuncti
1757 2134 1986 2190 hominis
2021 2134 2254 2203 imputa-

652 2226 721 2281 ri.
752 2226 862 2283 Nee
887 2227 1187 2296 attenditis,
1216 2228 1445 2300 primum
1492 2227 1763 2283 hominem
1806 2227 1976 2282 Adam
2018 2227 2097 2282 sic
2120 2226 2250 2282 olim

652 2317 823 2374 fuisse
868 2318 1219 2387 defunctum,
1269 2328 1329 2373 ut
1379 2327 1556 2374 tamen
1606 2327 1729 2390 post
1778 2318 1925 2373 illum
1981 2317 2252 2373 secundus

655 2401 817 2456 homo
861 2402 1226 2469 sitChristus;
1259 2418 1383 2459 cum
1416 2412 1494 2457 tot
1519 2406 1793 2457 hominum
1822 2403 1985 2457 millia
2015 2400 2158 2458 inter
2188 2402 2254 2457 il-

654 2492 766 2548 lum
803 2503 858 2550 et
886 2494 1027 2551 hunc
1059 2505 1175 2550 orta
1213 2496 1323 2551 sint
1354 2513 1367 2550 :
1396 2506 1448 2551 et
1478 2495 1600 2552 ideo
1648 2496 1985 2551 manifestum
2023 2505 2139 2563 cst,
2182 2496 2252 2553 ad

653 2587 802 2640 illum
829 2588 1098 2657 pertinere
1125 2603 1340 2642 omnem
1368 2588 1457 2659 qui
1484 2604 1551 2643 ex
1581 2587 1671 2644 illo
1697 2587 1719 2620 ³
1747 2588 2088 2643 successione
2122 2603 2250 2658 pro-

653 2678 862 2748 paginis
888 2678 1155 2745 nascitur,
1187 2679 1326 2734 sicut
1346 2679 1413 2734 ad
1440 2680 1598 2735 istum
1625 2681 1856 2747 pertinet
1881 2681 2056 2735 omnis
2085 2682 2172 2749 qui
2198 2680 2250 2735 in

656 2767 747 2823 illo
770 2770 956 2840 gratia:
983 2769 1227 2840 largitate
1253 2771 1567 2826 renascitur.
1595 2769 1751 2826 Unde
1789 2770 1847 2825 lit
1886 2780 1943 2826 ut
1969 2780 2136 2827 totum
2159 2786 2253 2842 ge-

653 2873 756 2914 nus
784 2859 1072 2915 humanmn
1097 2860 1330 2932 quodam
1362 2861 1522 2917 modo
1560 2861 1668 2917 sint
1694 2862 1940 2947 homines
1965 2861 2103 2928 duo,
2136 2862 2253 2934 pri-

658 2965 779 3006 mus
819 2963 875 3006 et
902 2951 1191 3007 secundus.

727 3041 957 3097 CLXIV.
1002 3042 1121 3098 Jun.
1149 3042 1253 3111 Qui
1290 3057 1418 3114 ergo
1470 3042 1600 3098 dicit
1629 3043 1791 3099 multa
1835 3041 2029 3099 delicta
2053 3082 2071 3109 ,
2116 3040 2252 3098 nihil

651 3132 725 3188 de
769 3149 877 3191 uno
929 3133 1383 3202 Manichaeorum,
1432 3134 1484 3190 id
1536 3145 1656 3200 est,
1725 3133 1960 3191 traducis
2006 3134 2252 3205 suspica-

656 3235 765 3281 tur.

725 3317 864 3373 Aue.
913 3315 1020 3373 Sed
1058 3317 1272 3389 utique,
1324 3316 1488 3374 homo
1528 3317 1898 3382 contentiosc,
1942 3317 2111 3373 multa
2148 3316 2251 3374 de-

652 3407 780 3463 licta
807 3418 1024 3476 essent,
1051 3426 1173 3481 qua:
1202 3411 1354 3466 multi
1376 3411 1666 3475 haberent,
1696 3412 1858 3467 etiam
1885 3411 2094 3482 singula
2138 3410 2251 3467 sin-

653 3498 761 3566 guli
780 3541 795 3564 ,
819 3501 1049 3571 propriae
1075 3502 1365 3557 voluntatis
1386 3544 1400 3564 .
1429 3503 1475 3558 si
1502 3502 1569 3557 ad
1592 3503 1859 3559 lavacrum
1885 3503 2254 3573 regeneratio-

656 3589 742 3645 nis
774 3591 1049 3658 venirent,
1076 3608 1198 3648 eum
1234 3593 1466 3664 primum
1502 3608 1724 3664 peccare
1751 3594 2077 3664 cmpisseut;
2116 3608 2252 3664 quos

655 3694 848 3736 omnes
890 3684 1184 3738 secundum
1214 3683 1404 3746 istam,
1437 3698 1548 3739 non
1588 3685 1879 3751 rationem,
1920 3684 2014 3739 sed
2056 3684 2254 3739 distor-

658 3775 860 3830 tionem
884 3784 1061 3840 tuam,
1093 3776 1162 3831 ab
1188 3776 1286 3831 hac
1323 3776 1526 3847 gratia,
1558 3791 1680 3847 quae
1721 3792 1789 3832 ex
1818 3776 2001 3830 multis
2039 3776 2252 3832 delictis

655 3865 951 3935 justiﬁcat,
998 3867 1169 3923 facitis
1215 3868 1448 3932 alienos;
1492 3868 1744 3937 quoniam
1792 3882 1899 3923 non
1945 3868 2104 3923 vultis
2129 3868 2251 3939 ejus

660 3971 783 4012 esse
826 3958 1109 4027 participes
1151 3958 1420 4027 quoslibet
1461 3958 1736 4024 homines,
1787 3972 2012 4027 quorum
2055 3958 2250 4014 delicta

661 4056 787 4103 sinit
814 4048 1041 4118 singula.
1066 4047 1276 4116 Quanto
1313 4048 1483 4119 magis
1510 4063 1639 4118 ergo
1667 4048 1830 4103 multa
1853 4057 2011 4112 sunt,
2039 4050 2119 4106 eis
2160 4050 2257 4105 ad-

661 4138 787 4194 ditis
812 4154 932 4209 quae
958 4138 1155 4193 habent
1198 4138 1287 4193 alii
1332 4138 1516 4207 plura,
1563 4139 1653 4194 alii
1680 4139 1970 4208 pauciora?
1993 4155 2024 4194 a
2058 4139 2251 4209 quibus

660 4240 840 4285 tamen
896 4230 1145 4285 omnibus
1197 4229 1389 4286 liberat
1426 4231 1524 4285 ista
1567 4230 1766 4300 gratia,
1812 4229 1883 4285 de
1909 4245 2013 4298 qua
2053 4230 2252 4285 dictum

661 4334 747 4378 est
764 4364 778 4386 ,
814 4322 894 4378 Ea:
918 4323 1090 4377 multis
1116 4322 1310 4377 delictis
1338 4323 1392 4376 in
1412 4323 1833 4391 justi/icationem
1863 4320 2039 4396 (Rom.
2064 4339 2116 4388 ν,
2140 4323 2251 4394 16).

671 4435 690 4466 ι
722 4415 843 4470 Fuit
868 4416 1011 4471 enim
1056 4415 1263 4481 Adam,
1301 4415 1438 4470 etin
1479 4415 1570 4470 illo
1613 4415 1807 4469 fuimus
1831 4430 2055 4480 omnes;
2097 4415 2256 4485 periit

662 4506 836 4563 Adam
858 4547 872 4569 .
900 4516 955 4562 et
995 4506 1046 4560 in
1079 4506 1170 4560 illo
1197 4521 1386 4561 omnes
1426 4505 1716 4576 perierunt.
1753 4524 1774 4559 ι
1809 4504 2125 4560 Ambrosius
2153 4503 2256 4560 hoc

664 4597 804 4653 dixit
830 4596 968 4667 (Lib.
991 4597 1024 4652 7
1051 4597 1104 4651 in
1130 4594 1259 4650 Luc.
1290 4611 1396 4660 xv,
1426 4594 1520 4667 24)
1555 4612 1570 4650 :
1596 4594 1958 4660 calumniose,
1991 4609 2097 4649 non
2140 4602 2258 4649 erat

667 4690 1019 4749 Ilauichwus.
1049 4689 1304 4745 Parvulos
1331 4688 1640 4758 contagium
1667 4688 1854 4741 mortis
1879 4686 2115 4756 antiqua:
2138 4686 2255 4755 pri-

669 4801 755 4841 ma
778 4785 1057 4840 nativitate
1081 4782 1429 4850 contrahere,
1461 4781 1760 4854 Cyprianus
1779 4779 1916 4835 dixit
1944 4779 2138 4853 (Epist.
2162 4779 2254 4845 64,

666 4864 736 4932 ait
780 4876 986 4948 Fidum)
1022 4894 1036 4930 :
1063 4866 1395 4932 ealumniose
1417 4915 1433 4938 ,
1464 4889 1573 4930 non
1623 4883 1737 4929 erat
1760 4871 2103 4928 Manichteus.
2129 4870 2260 4926 0m-

668 4984 765 5024 ues
792 4969 844 5023 in
884 4983 993 5025 uno
1027 4966 1197 5023 Adam
1228 4981 1514 5036 peccasse,
1561 4963 1809 5019 Hilarius
1839 4963 1976 5019 dixit
2005 4980 2019 5017 :
2050 4963 2259 5018 calum-

668 5062 853 5122 niose,
883 5075 990 5117 non
1036 5069 1153 5116 erat
1178 5057 1504 5114 Manichzeus
1543 5054 1640 5127 (a).
1675 5054 1730 5110 In
1757 5070 1863 5125 qua
1892 5054 2131 5109 Ecclesia
2159 5054 2257 5108 ista
2306 5094 2313 5099 .

669 5149 1390 5216 didicerunucalumniose,
1422 5162 1528 5203 non
1550 5155 1668 5202 erat
1693 5145 1985 5202 Manichma
2016 5163 2030 5199 :
2061 5146 2257 5216 etquia

668 5239 930 5296 catholica
985 5249 1134 5307 erat,
1203 5249 1365 5310 atque
1408 5238 1675 5295 catholica
1736 5245 2072 5307 perseverat,
2138 5235 2259 5292 ideo

671 5348 767 5388 vos
818 5341 1003 5387 contra
1050 5332 1151 5386 ista
1205 5333 1499 5388 sentientes
1563 5342 1618 5387 et
1662 5330 2053 5387 contendentes
2118 5330 2260 5386 ferre

734 5441 751 5503 ξ
776 5446 849 5490 Sic
863 5446 970 5490 Mss.
998 5446 1054 5491 At
1075 5440 1212 5499 editi,
1237 5446 1400 5492 utrum
1417 5454 1498 5492 vos
1519 5440 1667 5492 etiam
1683 5439 1862 5491 mortui
1875 5439 2100 5503 jacentis.

667 5502 1052 5614 magignierius
1082 5504 1280 5563 omittit,
1304 5503 1462 5562 tutius,
1486 5505 1620 5567 quod
1654 5517 1720 5554 ex
1753 5505 2097 5566 manuscrijuis
2111 5502 2262 5553 resti-

726 5578 739 5612 ι
824 5598 837 5612 .

688 5576 837 5612 υιιιπ.

735 5626 756 5657 ³
780 5625 915 5698 editi,
939 5624 1106 5698 quiem
1147 5625 1252 5677 illa.
1272 5632 1327 5677 Et
1350 5624 1495 5686 intra,
1520 5623 1602 5691 qui
1622 5624 1674 5677 in
1695 5623 1800 5678 illa.
1820 5627 2121 5690 Manuscripti
2140 5639 2262 5677 vero

667 5686 968 5748 constanter,
990 5686 1093 5738 illa.

731 5749 814 5861 (ἃ
830 5748 944 5861 vita
969 5751 1174 5811 primum
1212 5763 1337 5815 opus
1356 5756 1524 5803 contra
1559 5747 1831 5812 Juliaaum,
1854 5748 1939 5802 lib.
1972 5749 2013 5810 l,
2039 5762 2089 5800 n.
2112 5749 2218 5802 3-H
2242 5787 2255 5811 ,

820 5846 830 5857 .
926 5824 974 5861 η.
999 5810 1178 5861 216i.

671 5819 721 5859 et
744 5809 830 5861 lib.
853 5809 900 5870 3,
926 5809 979 5862 u.
999 5810 1178 5870 1ΒΞρὶῊ.

1340 368 1587 426 OPERIS
1623 350 2033 425 tnrsttrsc'rt
2069 365 2343 425 comas
2383 367 2768 436 wumuu,
2810 370 2869 426 s.
2913 368 3279 429 AUGUSTINI

3798 379 3956 435 i2l2

2354 494 2459 535 non
2523 482 2726 550 potuit;
2759 493 2816 537 et
2849 492 2907 537 ut
2954 484 3212 539 catholica
3246 496 3607 554 permaneret,
3647 488 3941 548 infirmitao

2354 579 2459 626 tem
2499 572 2839 641 parvulorum
2869 590 3089 630 suorum
3114 586 3288 631 vestra
3314 577 3653 636 damnatione
3680 584 3943 641 munivit.

2423 663 2625 719 CLXV.
2656 665 2777 720 Jun.
2825 665 3103 737 Justiﬁcati
3149 670 3320 740 itaque
3347 687 3409 725 ea:
3451 672 3583 741 ﬁde,
3625 691 3800 744 pacem
3840 677 3941 731 Ιωα

2353 758 2555 813 beamus
2591 760 2660 811 ad
2701 758 2868 814 Deum
2912 778 3001 830 per
3025 759 3301 816 Dominum
3330 774 3558 819 nostrum
3581 765 3760 821 Iesum
3781 767 3954 823 Chri-

2351 858 2518 914 stum,
2570 866 2658 918 per
2715 867 2860 920 quem
2912 862 2961 907 et
3005 862 3261 909 accessum
3323 855 3561 912 habemus
3600 859 3655 912 in
3718 861 3953 930 gratiam

2351 939 2535 1006 istaut,
2571 941 2623 994 in
2660 957 2760 1012 qua
2791 952 3008 1007 stamus,
3039 954 3087 998 et
3124 947 3404 1017 gloriamur
3445 948 3497 1001 in
3524 965 3614 1018 spe
3641 950 3819 1021 gloriae
3848 951 3953 1005 Dei

2354 1027 2529 1101 (Rom.
2548 1046 2612 1096 v,
2642 1030 2667 1085 1
2700 1041 2746 1085 et
2774 1030 2853 1103 2).
2886 1032 2985 1099 Qui
3013 1035 3164 1091 vobis
3194 1034 3385 1091 videtis
3404 1079 3421 1102 ,
3451 1038 3650 1105 inquit,
3676 1039 3941 1110 jnstilica-

2355 1118 2554 1174 tionem
2588 1136 2682 1189 per
2728 1131 3065 1191 peccatorum
3107 1125 3316 1180 veniam
3348 1125 3512 1182 fuisse
3543 1129 3823 1195 collatam,
3854 1133 3934 1185 tir-

2353 1225 2497 1265 mam
2532 1220 2710 1266 tenete
2733 1213 3073 1268 concordiam
3092 1256 3108 1282 ,
3148 1224 3201 1270 et
3228 1215 3447 1285 paribus
3469 1218 3660 1274 animis
3685 1220 3945 1275 Mediam-

2352 1302 2428 1357 ris
2452 1301 2592 1358 dona
2644 1305 2855 1359 laudate
2875 1346 2891 1372 ,
2917 1306 3072 1377 cujus
3119 1323 3341 1363 munere
3376 1310 3625 1365 collatum
3657 1313 3810 1367 nobis
3859 1324 3943 1369 est

2354 1404 2415 1451 ut
2462 1397 2517 1451 in
2564 1396 2704 1451 hanc
2748 1399 2974 1468 gratiam
3018 1398 3341 1456 haberemus
3388 1400 3693 1469 introitum;
3743 1417 3800 1459 et
3844 1422 3943 1460 eos

2353 1501 2488 1557 quos
2521 1487 2725 1556 justitia
2777 1504 2899 1543 reos
2931 1491 3177 1558 tenebat,
3218 1493 3339 1562 quia
3378 1508 3499 1548 reos
3552 1510 3654 1567 nos
3693 1511 3799 1551 non
3849 1513 3945 1552 na-

2355 1584 2473 1632 tura
2537 1576 2773 1645 fecerat,
2836 1579 2930 1634 sed
2977 1582 3253 1647 voluntas,
3301 1582 3528 1638 libertati
3568 1586 3829 1651 reddidit,
3890 1598 3944 1643 et

2354 1669 2551 1739 eripuit
2591 1670 2818 1736 ultioni;
2879 1673 3263 1743 prtestititque,
3322 1684 3383 1729 ut
3440 1676 3530 1745 qui
3594 1678 3943 1747 sperabamus

2354 1770 2555 1817 acterna
2597 1762 2859 1834 supplicia
2883 1804 2900 1831 ,
2955 1762 3116 1819 modo
3160 1764 3455 1836 gloriemur
3497 1767 3549 1821 in
3597 1783 3695 1838 spe
3760 1770 3943 1840 gloria:

2355 1855 2473 1911 Dei.
3134 1858 3139 1861 '

2426 1946 2563 2003 Avo.
2629 1946 2745 2003 Non
2803 1964 2903 2019 per
2956 1949 3125 2004 solam
3175 1960 3513 2020 peccatorum
3572 1951 3940 2008 dimissionem

2348 2037 2659 2109 justiticatio
2700 2040 2800 2096 ista
2845 2040 3147 2109 confertur,
3181 2043 3282 2098 nisi
3307 2044 3608 2100 auctoribus
3640 2044 3814 2099 vobis.
3839 2045 3937 2100 Ju-

2352 2129 2550 2185 stificat
2574 2131 2770 2201 quippe
2817 2131 3038 2203 impium
3066 2133 3241 2200 Deus,
3283 2148 3390 2188 non
3428 2135 3598 2189 solum
3624 2135 3941 2190 dimittenda

2355 2235 2475 2290 qua:
2515 2220 2655 2276 mala
2699 2221 2851 2289 facit,
2880 2222 2975 2278 sed
3014 2225 3178 2278 etiam
3220 2224 3468 2280 donando
3504 2225 3855 2290 charitatcm,
3887 2237 3942 2281 ut

2353 2310 2590 2367 declinet
2624 2326 2654 2365 a
2699 2313 2863 2379 malo,
2885 2322 2939 2369 et
2980 2314 3135 2369 faciat
3179 2313 3376 2369 bonum
3421 2330 3515 2386 per
3530 2314 3791 2386 Spiritum
3829 2332 3942 2370 san-

2354 2412 2536 2468 ctum,
2595 2402 2750 2473 cujus
2792 2403 3340 2460 subministrationem
3385 2406 3402 2438 ⁸
3444 2406 3624 2476 jugem
3688 2408 3941 2477 poscebat

2355 2493 2647 2563 Apostolus
2700 2495 2814 2561 eis,
2870 2494 3064 2564 quibus
3111 2494 3355 2562 dicebat,
3409 2494 3627 2551 Oramus
3672 2507 3843 2549 autem
3873 2497 3943 2551 ad

2354 2584 2554 2653 Deum,
2579 2602 2643 2639 ne
2666 2586 2789 2659 quid
2828 2587 3029 2657 faciatis
3071 2588 3194 2641 ntali
3241 2588 3307 2660 (ll
3331 2587 3448 2643 Cor.
3476 2604 3600 2656 xm,
3620 2588 3701 2660 7).
3740 2589 3939 2644 Contra

2355 2675 2510 2731 istam
2539 2677 2761 2746 gratiam
2785 2677 2969 2748 geritis
2998 2677 3232 2742 bellum;
3269 2688 3325 2733 ut
3352 2679 3576 2733 liberum
3604 2694 3710 2734 non
3735 2694 3938 2734 sermo-

2354 2780 2433 2822 ne'
2449 2765 2770 2834 defendatis,
2801 2766 2895 2823 sed
2916 2770 3330 2840 przesumptione
3355 2767 3627 2841 decipiatis
3647 2770 3939 2825 voluntatis

2353 2859 2655 2915 arbitrium.

2437 2949 2667 3005 CLXVI.
2737 2949 2859 3006 Jun.
2930 2950 3124 3007 Verum
3191 2959 3252 3007 ut
3321 2952 3489 3023 magis
3549 2953 3938 3022 exprimeretur

2355 3041 2524 3096 virtus
2592 3042 2750 3097 istius
2814 3043 3179 3115 securitasque
3251 3044 3542 3109 doctrinm,
3615 3044 3740 3114 quid
3805 3061 3936 3100 eoo-

2356 3132 2490 3188 ferat
2533 3131 2783 3189 fidelibus
2829 3134 3161 3205 philosophia
3203 3134 3489 3191 christiana
3546 3138 3882 3207 persequitur
3918 3153 3934 3190 :

2356 3223 2481 3280 Non
2499 3224 2664 3280 solum
2689 3236 2879 3294 autem,
2906 3214 2997 3282 sed
3021 3237 3067 3282 et
3092 3227 3372 3299 gloriamur
3393 3228 3446 3283 in
3474 3230 3753 3299 pressaris;
3776 3230 3939 3283 sciat-

2354 3323 2428 3370 tes
2465 3317 2707 3387 quoniam
2732 3317 2988 3372 tribulatio
3039 3319 3333 3388 patientiam
3377 3328 3610 3390 operatur
3629 3361 3644 3385 ,
3694 3321 3937 3390 patientia

2355 3416 2523 3462 autem
2561 3406 2944 3477 probationem,
2979 3409 3209 3479 probatio
3234 3420 3402 3464 autem
3434 3425 3606 3481 spem;
3631 3426 3745 3482 spes
3767 3422 3935 3466 autem

2356 3515 2457 3553 non
2476 3500 2762 3571 confundit,
2794 3501 2913 3570 quia
2931 3500 3152 3555 charitas
3177 3500 3271 3555 Dei
3298 3500 3485 3569 (li/fusa
3525 3511 3599 3556 est
3621 3502 3672 3555 in
3701 3503 3934 3556 cordibus

2356 3593 2544 3647 nostris
2584 3608 2674 3662 per
2720 3591 2975 3656 Spiritum
3026 3602 3256 3648 sanctum
3282 3635 3297 3660 ,
3347 3593 3434 3665 qui
3479 3593 3625 3647 datus
3677 3603 3753 3649 est
3795 3594 3933 3647 nobis

2357 3686 2378 3757 (
2402 3685 2551 3740 Rom.
2577 3701 2612 3739 v
2635 3726 2651 3751 ,
2679 3685 2827 3757 5-5).
2858 3684 2913 3739 Id
2938 3694 3057 3751 est,
3088 3684 3203 3740 Non
3241 3686 3412 3740 solum
3445 3685 3597 3741 nobis
3623 3684 3740 3741 lucc
3768 3686 3930 3741 benc-

2358 3774 2475 3831 ﬁcia
2501 3776 2865 3842 contulerunt,
2912 3787 2969 3831 ut
3004 3776 3357 3847 amplitudine
3389 3776 3703 3847 quandoque
3742 3793 3929 3831 mune-

2356 3882 2479 3922 rum
2505 3866 2872 3938 gaudeamus:
2905 3866 3001 3923 scd
3025 3867 3136 3937 jam
3178 3868 3230 3923 in
3279 3871 3699 3938 praesentiarum,
3742 3867 3793 3921 iu
3822 3882 3933 3922 me-

2357 3957 2461 4012 diis
2491 3972 2750 4029 angorem
2780 3958 2998 4014 metilius
3016 3958 3310 4024 constituti,
3332 3959 3538 4014 alacres
3561 3973 3743 4012 sumus
3763 3958 3925 4028 ipsius

2358 4051 2697 4119 possessione
2753 4050 2965 4105 virtutis
2988 4091 3003 4116 ,
3053 4058 3109 4105 et
3159 4050 3228 4107 de
3265 4050 3696 4120 persequentium
3759 4050 3934 4104 fumre

2358 4141 2619 4207 ridemus,
2671 4141 2957 4213 impiorum
3003 4141 3414 4208 crudelitatem,
3462 4139 3810 4198 eruditionem
3842 4155 3934 4210 ps-

2358 4232 2558 4288 tientia:
2607 4232 2808 4303 magis,
2863 4246 3022 4302 quam
3068 4229 3514 4301 perturbationem
3563 4229 3761 4285 laetitia:
3800 4229 3937 4294 judi-

2359 4334 2573 4390 cantes;
2605 4333 2663 4379 ut
2683 4340 2789 4379 non
2819 4324 2993 4379 solum
3016 4332 3232 4392 propter
3257 4323 3474 4391 praemia
3501 4337 3603 4378 non
3631 4336 3932 4392 peccemus,

2359 4416 2454 4473 sed
2482 4416 2585 4472 hoc
2605 4417 2776 4486 ipsum
2804 4430 2908 4471 non
2936 4431 3157 4486 peccare
3196 4415 3473 4487 prtemium
3504 4429 3832 4472 censeamus.

2432 4508 2567 4563 Atto.
2598 4505 2667 4563 Si
2702 4507 2981 4577 praemium
3007 4514 3090 4561 est
3135 4522 3239 4560 non
3281 4520 3500 4575 peccare
3524 4546 3539 4569 ,
3580 4505 3696 4575 quis
3723 4504 3816 4558 dat
3841 4504 3938 4558 hoc

2360 4596 2685 4669 praemium?
2734 4597 2867 4651 Puto
2917 4596 3040 4667 quia
3101 4611 3205 4651 non
3257 4596 3492 4652 dicturus
3545 4609 3630 4659 cs,
3684 4594 3801 4665 Ipse
3840 4596 3939 4650 sibi

2309 4729 2317 4734 -
2362 4690 2562 4744 homo:
2588 4688 2836 4758 quamvis
2856 4688 2959 4745 hoc
2985 4698 3036 4743 te
3054 4698 3210 4757 cogat
3226 4689 3406 4744 dicere
3433 4688 3748 4757 perversitas
3773 4688 3939 4743 tumre-

2361 4782 2438 4837 sis
2485 4790 2700 4838 vestrm.
2745 4780 2800 4837 Si
2826 4795 2956 4850 ergo
2979 4782 3119 4835 Deus
3149 4781 3241 4835 dat
3267 4780 3367 4835 hoc
3386 4782 3680 4850 prmmium,
3706 4789 3766 4833 ut
3787 4782 3940 4835 homo

2362 4890 2469 4929 non
2512 4881 2734 4944 peccet:
2788 4872 2987 4929 donum
3044 4873 3221 4942 potius
3269 4872 3428 4927 video
3475 4870 3754 4926 dicendum
3791 4886 3939 4935 esse,

2362 4981 2521 5035 quam
2543 4964 2843 5036 praemium,
2869 4979 2936 5018 ne
2956 4964 3129 5033 aliqua
3162 4963 3346 5017 merita
3364 4962 3695 5033 prtecessissc
3720 4960 3942 5016 videsn-

2365 5063 2452 5110 tur
2478 5073 2492 5110 :
2519 5070 2641 5110 cum
2671 5068 2766 5108 eos
2793 5054 2883 5123 qui
2922 5052 3109 5108 dicunt
3136 5053 3360 5123 gratiam
3393 5052 3484 5107 Dei
3512 5049 3803 5105 secundum
3832 5065 3942 5104 me-

2362 5146 2466 5201 rita
2494 5154 2674 5200 nostra
2695 5144 2832 5209 dari,
2864 5143 3111 5215 Pelagius
3129 5159 3339 5214 quoque
3359 5143 3472 5212 ipse
3486 5142 3813 5196 damnaverit
3840 5140 3936 5213 (a).

2310 5274 2317 5279 σ
2363 5236 2643 5307 Quomodo
2667 5248 2848 5291 autem
2876 5236 3035 5292 detur
3075 5236 3175 5290 hoc
3204 5235 3425 5301 donum,
3452 5235 3503 5289 id
3528 5242 3647 5297 est,
3682 5248 3790 5287 non
3819 5248 3935 5304 pec-

2365 5344 2510 5395 care,
2537 5337 2593 5385 et
2621 5337 2678 5383 tu
2700 5327 2858 5399 paulo
2878 5335 3003 5383 ante
3027 5326 3230 5392 dixisti,
3260 5325 3498 5397 Apostoli
3526 5324 3687 5381 verba
3713 5338 3950 5379 comme-

2369 5435 2589 5478 morans
2607 5437 2620 5473 :
2639 5418 2901 5485 Quoniam
2918 5418 3149 5469 cltaritas
3175 5413 3271 5473 Dei
3299 5412 3493 5480 diﬂ‘usa
3524 5409 3673 5462 estin
3699 5406 3937 5459 cordibus

2371 5516 2562 5572 nostris
2595 5530 2686 5582 per
2705 5509 2968 5580 Spiritum
2993 5515 3254 5569 sanctum,
3284 5504 3372 5574 qui
3394 5506 3548 5555 dotus
3573 5508 3647 5553 est
3672 5496 3839 5551 nobis.
3860 5495 3940 5546 Ac

2434 5634 2450 5663 ¹
2489 5629 2605 5679 Mss.
2645 5626 2763 5675 Mar.
2803 5625 2937 5673 Port.
2960 5621 3105 5678 Clam,
3139 5617 3276 5680 cujus
3313 5609 3708 5680 "tittistrationem
3732 5621 3750 5657 :
3778 5610 3941 5680 minus

2372 5673 2689 5743 τρωξίνῇεῶ
2711 5687 2887 5750 alludit
2907 5686 2966 5750 ad
2986 5673 3104 5750 illud
3131 5673 3427 5750 Ιηιῖᾕρῃη1ν
3469 5674 3525 5750 19
3556 5688 3579 5750 ξς
3602 5673 3943 5750 {erupeer

2373 5733 2687 5807 rationem}?
2708 5733 3430 5812 subministrationem§piritns
3460 5733 3823 5812 manu?!“

2438 5798 2676 5881 (a).—Vide
2709 5798 2887 5865 librum
2912 5811 2976 5860 de
3008 5807 3174 5859 Uestis
3200 5798 3407 5867 Pelagii,
3429 5813 3522 5854 un.
3552 5798 3640 5857 30,
3676 5798 3763 5853 60,
