4126 6498
241 416 380 471 ιειες

242 546 335 600 per
363 530 483 591 hoc,
516 527 567 581 in
612 520 945 597 phllosophia
978 523 1288 584 christiana,
1336 528 1396 575 ut
1435 516 1729 587 gloriemur
1770 513 1824 569 in

227 616 689 682 ’tribnlationibus,
710 632 821 671 non
851 623 936 669 est
962 622 1225 675 nostrum,
1257 609 1415 679 quia‘
1443 618 1499 663 et
1537 607 1641 663 hoc
1665 621 1826 661 acce-

240 714 417 784 pimus
451 729 466 766 :
492 710 725 779 alioquin
750 716 997 776 tanquam
1021 708 1089 757 de
1130 718 1228 755 suo
1256 717 1285 754 a
1311 717 1370 755 se
1396 700 1497 755 sibi
1524 709 1679 768 parto
1703 700 1820 769 glo-

242 804 400 860 rianti
433 800 632 855 homini
660 799 872 861 dicitur,
906 794 1045 863 Quid
1069 794 1203 846 enim
1225 792 1377 847 habes
1400 791 1534 861 quod
1553 807 1656 845 non
1675 806 1825 844 acce-

241 895 362 969 pisti
389 894 414 947 P
441 891 501 948 Si
526 901 692 944 autem
716 898 763 943 et
791 885 1031 955 accepisti
1052 925 1068 949 ,
1096 884 1220 955 quid
1260 883 1497 955 gloriaris
1536 881 1683 954 quasi
1725 894 1827 934 non

242 984 490 1053 acceperis
532 982 580 1053 (Ι
621 979 739 1035 Cor.
774 992 850 1043 tv,
893 975 1003 1048 7)?
1035 976 1102 1030 Et
1139 984 1316 1029 tamen
1361 974 1688 1044 gloriamur,
1721 985 1826 1025 non

240 1076 319 1130 sic
363 1073 509 1142 quasi
563 1088 666 1125 non
712 1068 1161 1138 acceperimus’;
1191 1066 1285 1121 sed
1331 1065 1622 1135 gloriamur
1650 1063 1703 1116 in
1740 1062 1831 1117 illo

244 1167 331 1239 qui
361 1165 462 1219 hoc
486 1163 649 1225 dedit,
708 1171 768 1215 ut
808 1160 896 1229 qui
927 1159 1207 1229 gloriatur,
1258 1157 1314 1211 in
1373 1156 1598 1211 Domino
1625 1154 1828 1224 glorie-

242 1258 367 1327 tur(
398 1254 485 1309 Id.
518 1270 555 1318 I,
585 1254 647 1309 ει
675 1254 717 1323 ).
739 1252 867 1306 ιιτεε
885 1260 967 1305 est
993 1249 1185 1319 gratia,
1212 1262 1372 1318 quam
1403 1244 1666 1300 catholica
1693 1243 1827 1300 lidcs

242 1345 494 1419 przrdicat
522 1364 537 1399 :
562 1343 744 1414 utquid
765 1358 906 1406 eam,
926 1355 1131 1410 quaeso,
1157 1348 1341 1394 vester
1358 1351 1513 1392 error
1535 1342 1829 1406 oppugnat,

241 1452 363 1494 cum
390 1437 548 1490 etiam
579 1445 757 1489 vestro
782 1447 877 1488 vos
902 1447 999 1487 ore
1019 1429 1346 1486 convincat?

312 1526 568 1583 CLXVII.
599 1525 720 1581 ιυι.
764 1523 968 1580 Deinde
990 1538 1113 1578 cum
1155 1523 1208 1577 in
1247 1520 1582 1577 testamentis
1610 1533 1693 1588 agt
1719 1533 1782 1573 ea
1809 1558 1828 1582 ,

242 1633 362 1688 quae
383 1625 507 1671 sunt
529 1615 787 1686 promissa
808 1656 823 1679 ,
854 1612 1253 1683 conspicimus;
1292 1610 1574 1682 praesentis
1600 1609 1723 1663 vitae
1745 1608 1831 1663 in-

243 1716 326 1762 ter
349 1706 550 1761 ludicra
572 1707 790 1761 omnino
815 1704 996 1759 omnia
1024 1703 1159 1758 bona
1185 1703 1429 1772 malaque
1456 1714 1833 1766 numeramus,

244 1799 404 1854 tidem
431 1798 829 1871 pollicitationis
858 1797 952 1851 Dei
976 1798 1045 1852 de
1070 1794 1502 1866 magnitudinein
1528 1810 1627 1849 nos
1654 1792 1827 1848 chari-

244 1890 368 1945 tatis
395 1889 539 1945 illius
559 1890 906 1944 aestimantes.
936 1886 1117 1957 Neque
1131 1887 1276 1943 enim
1304 1883 1599 1943 confutabit
1626 1883 1648 1915 ³
1673 1898 1827 1953 spem

244 1990 482 2036 nostram
524 1990 853 2037 aeternorum
885 1980 1159 2035 frustratio
1192 1978 1597 2037 commodorum
1623 1995 1638 2043 ;
1669 1992 1834 2048 quan-

243 2070 528 2141 doquidem
558 2070 747 2125 vadem
776 2069 1118 2125 beatitudinis
1147 2067 1339 2123 futura:
1375 2068 1470 2123 Dei
1512 2066 1829 2123 charitatem

247 2175 512 2244 tegemus,
539 2180 659 2236 quae
683 2164 850 2220 eﬂ'usa
872 2171 957 2219 est
981 2164 1035 2218 in
1060 2162 1315 2219 cordibus
1332 2161 1532 2216 nostris
1545 2176 1644 2233 per
1670 2159 1835 2231 Spiri-

245 2265 358 2311 tum
391 2265 655 2321 sanctum,
698 2254 789 2326 qui
818 2253 977 2310 datus
1005 2261 1088 2309 est
1112 2253 1273 2309 nobis
1297 2270 1312 2307 :
1340 2251 1395 2307 id
1420 2261 1504 2309 est
1525 2295 1541 2318 ,
1576 2267 1673 2322 per
1691 2252 1833 2305 dona

247 2350 418 2405 sancti
446 2349 696 2419 Spiritus,
726 2362 966 2403 amorem
988 2362 1147 2403 suum
1175 2347 1318 2403 Deus
1338 2345 1483 2402 circa
1510 2359 1679 2417 genus
1706 2357 1837 2415 pro-

244 2441 391 2496 bavit
417 2441 731 2495 humanum.

314 2533 453 2587 Aua.
476 2530 590 2585 Non
617 2530 697 2585 vis
715 2544 837 2585 esse
862 2530 1002 2585 inter
1022 2529 1137 2584 haec
1159 2527 1301 2584 dona
1320 2569 1336 2592 ,
1360 2527 1522 2583 etiam
1551 2541 1662 2582 non
1699 2540 1835 2597 pec-

245 2635 373 2676 care
400 2639 414 2675 :
440 2621 535 2676 sed
575 2620 852 2675 conlidens
880 2620 932 2674 in
962 2620 1159 2674 virtute
1185 2627 1308 2683 tua,
1345 2616 1449 2671 hoc
1485 2616 1581 2671 tibi
1620 2623 1676 2670 tu
1718 2615 1834 2685 ipse

247 2714 327 2767 vis
352 2713 496 2767 dare.
546 2711 663 2767 Noli
694 2711 851 2765 irasci
872 2696 875 2699 ’
896 2709 1125 2765 obsecro
1154 2726 1168 2764 :
1196 2707 1503 2762 Maledictus
1543 2705 1708 2761 omnis
1745 2705 1834 2777 qui

244 2818 384 2871 spem
406 2801 552 2855 habet
580 2802 633 2855 in
659 2801 861 2854 homine
889 2798 908 2869 (
923 2799 1116 2853 Jerem.
1144 2814 1277 2864 xvn,
1307 2794 1404 2870 5).

316 2892 590 2947 CLXVIII.
620 2891 740 2946 ιυι..
768 2890 1035 2945 Restituet
1058 2904 1191 2960 ergo
1210 2897 1376 2944 totum
1407 2886 1657 2953 ﬁdeliter,
1687 2885 1834 2959 quod

248 2981 495 3038 ﬁdelibus
525 2982 855 3052 repromisit.

319 3078 455 3131 Auc.
497 3075 764 3130 Restituet
792 3075 952 3144 plane
994 3073 1155 3129 etiam
1198 3072 1299 3128 hoc
1328 3072 1502 3143 ipsum
1520 3113 1537 3138 ,
1561 3081 1621 3127 ut
1646 3071 1836 3129 fideles

248 3168 352 3222 sint
371 3183 385 3233 ;
412 3168 534 3237 quia
548 3166 703 3220 fidem
724 3167 957 3236 gentium
978 3164 1227 3235 promisit
1252 3163 1480 3219 Abrahae
1502 3181 1517 3216 :
1542 3172 1597 3219 et
1611 3163 1831 3235 quidam

247 3273 470 3326 magnus
498 3256 670 3311 ﬁdelis
689 3256 839 3319 dicit,
871 3254 1279 3310 Misericordiam
1302 3263 1598 3310 consecutus
1616 3270 1750 3321 sum,
1778 3262 1837 3309 ut

248 3351 413 3420 ﬁdelis
432 3365 588 3404 essem
616 3348 671 3418 (I
697 3346 816 3403 Car.
840 3363 934 3413 vn,
958 3347 1031 3403 25
1052 3344 1098 3419 ).

317 3438 547 3495 CLXIX.
577 3438 705 3494 Jun.
726 3438 827 3505 Qui
868 3438 1012 3493 enim
1055 3436 1196 3492 Filio
1218 3451 1314 3492 suo
1342 3451 1445 3489 non
1479 3434 1720 3507 pepercit,
1743 3433 1838 3489 sed

247 3548 342 3605 pro
371 3530 516 3586 nobis
543 3529 772 3584 omnibus
798 3528 1009 3584 tradidit
1036 3544 1170 3592 eum,
1200 3543 1297 3598 per
1325 3542 1484 3598 quem
1507 3541 1607 3581 nos
1645 3542 1836 3598 opera-

250 3621 426 3677 tione‘
451 3622 623 3677 sancti
653 3621 885 3691 Spiritus
911 3620 1284 3686 consecravit,
1312 3619 1501 3690 procul
1525 3618 1690 3674 dubio
1718 3635 1836 3673 cum

248 3712 339 3767 illa
366 3713 535 3767 omnia
559 3712 701 3767 nobis
724 3712 929 3767 donauit
948 3712 969 3744 ⁸
992 3710 1167 3780 (Rom.
1192 3726 1306 3775 vin,
1330 3710 1445 3783 32).
1477 3709 1546 3767 Ut
1560 3710 1684 3782 quid
1702 3710 1836 3767 enim

248 3806 497 3868 Christus,
524 3821 641 3859 cum
668 3805 837 3859 adhuc
864 3802 1058 3874 inﬁrmi
1080 3821 1321 3872 essemus,
1347 3805 1622 3860 secundum
1638 3814 1836 3875 tempus

250 3914 343 3968 pro
366 3897 537 3966 impiis
562 3909 789 3949 mortuus
809 3906 880 3949 est
901 3894 1027 3970 (Id.
1057 3909 1115 3961 v,
1142 3894 1210 3965 6)
1227 3895 1253 3949 ?

319 3991 454 4046 Aua.
473 3989 798 4044 'I‘cstimouia
819 3987 997 4043 divina
1014 4003 1428 4056 commemoras,
1446 3989 1637 4059 quibus
1654 3998 1837 4046 vester

247 4094 399 4134 error
418 4079 696 4134 evertitur.
726 4079 844 4137 Non
874 4080 1016 4135 enim
1037 4080 1238 4135 dictum
1266 4089 1369 4145 est,
1404 4078 1651 4135 Christus
1671 4081 1833 4136 etiam

247 4185 345 4241 pro
373 4171 584 4241 impiis;
611 4170 727 4237 scd,
771 4187 863 4241 pro
891 4172 1084 4242 impiis,
1137 4172 1309 4241 inquit
1332 4213 1349 4238 ,
1377 4182 1606 4227 mortuus
1633 4182 1725 4227 est.
1768 4172 1837 4229 Ut

246 4275 424 4318 autem
450 4274 504 4318 et
529 4265 641 4334 ipse
666 4264 788 4319 alibi
805 4263 1084 4320 confessus
1111 4278 1172 4319 es
1197 4263 1295 4336 (a),
1325 4263 1485 4319 etiam
1513 4279 1613 4334 pro
1643 4280 1835 4333 parvu-

247 4355 315 4410 lis
327 4369 567 4409 mortuus
583 4365 666 4410 est
690 4373 703 4408 :
729 4364 783 4411 et
800 4366 998 4422 tamen,
1019 4372 1120 4427 qua
1146 4356 1321 4411 fronte
1334 4358 1534 4420 nescio,
1555 4358 1835 4414 transiisse

250 4446 302 4498 in
330 4462 423 4499 eos
443 4447 770 4514 originaliter
791 4448 1116 4516 impietatem
1146 4449 1302 4517 primi
1327 4448 1349 4481 ⁸
1380 4447 1619 4502 hominis
1645 4464 1829 4518 negas.

249 4535 528 4601 Quomodo
556 4551 683 4605 euge
713 4537 979 4605 pertinent
1003 4536 1071 4590 ad
1098 4552 1244 4605 eum,
1274 4539 1363 4609 qui
1386 4555 1479 4609 pro
1502 4538 1672 4609 impiis
1699 4556 1836 4593 mor-

250 4636 366 4679 tuus
399 4635 469 4678 est
486 4626 513 4679 .9

318 4716 529 4772 CLXX.
553 4716 672 4772 Jun.
710 4714 808 4771 Via:
832 4718 965 4770 enim
992 4734 1085 4785 pro
1105 4719 1249 4790 justo
1279 4719 1390 4787 quis
1414 4720 1629 4773 moritur
1650 4736 1671 4774 :
1708 4737 1831 4776 nam

245 4826 340 4879 pro
361 4810 486 4863 bona
515 4808 728 4877 forsitan
773 4808 886 4878 quis
912 4810 1097 4861 audeat
1124 4809 1271 4863 mori.
1301 4808 1633 4864 Commendat
1660 4822 1832 4865 autem

253 4903 389 4958 Deus
418 4902 711 4956 churitatem
735 4918 881 4955 suam
908 4903 962 4955 in
983 4901 1124 4977 nobis
1147 4918 1166 4957 :
1193 4902 1431 4973 quoniam
1463 4903 1507 4957 si
1525 4919 1641 4957 cum
1663 4904 1833 4959 adhuc

248 5006 531 5063 peccatores
567 5012 807 5059 essemus,
855 4994 1084 5050 Christus
1127 5012 1220 5065 pro
1268 4996 1410 5049 nobis
1443 5005 1668 5051 mortuus
1719 5005 1831 5061 est;

251 5084 408 5138 multo
450 5086 610 5155 magis
640 5086 915 5157 jnstiﬁcati
956 5103 1090 5141 nunc
1125 5087 1179 5141 iu
1202 5087 1463 5159 sanguine
1486 5088 1672 5156 ipsius,
1703 5089 1833 5143 salvi

313 5261 332 5331 ξ
356 5260 497 5331 ratu,
519 5262 619 5323 qui.
646 5268 700 5313 At
713 5270 844 5331 uss...
871 5263 1004 5325 quia.

312 5324 333 5353 ⁸
357 5324 441 5370 uie
489 5324 917 5385 tuanuscriptomm
965 5327 1251 5376 auctoritate
1297 5326 1453 5385 verba
1494 5327 1573 5377 illa
1614 5329 1835 5379 restitui-

247 5396 361 5495 ζιῦιὲιιεδ
371 5417 387 5441 ,
420 5388 477 5433 ει
506 5390 665 5434 tanten
710 5384 974 5448 gloriamur
993 5425 1007 5449 ,
1042 5401 1137 5439 non
1167 5387 1237 5439 sic
1269 5388 1409 5452 quasi
1457 5402 1551 5441 non
1582 5384 1827 5453 acceperi~

289 5461 379 5494 ιιιδ.

313 5509 335 5573 _'
363 5510 438 5573 sic
459 5514 565 5564 Mss,
592 5514 646 5558 At
668 5508 802 5573 Fditi,
826 5510 1097 5573 confutavit.

310 5570 333 5601 ⁸
366 5570 437 5619 sic
463 5577 566 5620 uss.
587 5577 643 5619 At
674 5570 809 5632 editi,
833 5570 883 5620 in
906 5570 1243 5632 operationem.

309 5632 333 5722 ξ
365 5638 415 5702 ιιι
435 5637 565 5691 Mss"
588 5630 807 5705 durabit,
986 5647 1215 5707 grajeum,
1247 5636 1505 5708 charisetai

366 5700 447 5741 HIC
470 5707 533 5741 ex
560 5695 812 5741 veteribus
849 5697 965 5741 l|)I'IS
984 5696 1201 5741 addimus
1219 5733 1233 5741 .
1251 5711 1413 5741 mum.

366 5695 447 5758 Hic
470 5707 533 5758 ex
560 5695 812 5743 veteribus
829 5695 965 5758 libris
984 5695 1233 5756 addimus,
1251 5696 1413 5758 primi.

311 5755 383 5813 (ιι)
406 5760 454 5803 ιιι
480 5755 602 5803 libro
636 5758 788 5817 prirno
812 5757 870 5803 ad
895 5758 1204 5808 't'nrbantitnu
1250 5755 1363 5810 ιιιιο
1404 5760 1485 5811 lib.
1504 5759 1540 5814 3
1563 5767 1728 5813 contra
1751 5767 1832 5817 ιιιε

248 5814 447 5881 [tantum
465 5831 510 5865 ιι.
537 5819 619 5879 58,
636 5814 692 5871 δι
715 5816 798 5871 ιιι).
824 5821 874 5877 6.
900 5832 948 5868 ιι.
974 5820 1021 5870 8.

1545 401 1743 495 LIBER
1783 396 2162 457 SECUNDUS.

3378 396 3517 453 12H

1935 519 2121 571 erimus
2147 532 2236 586 per
2263 532 2375 570 eum
2403 518 2465 569 ab
2504 519 2601 570 ira.
2633 518 2694 572 Si
2720 517 2850 570 enim
2890 540 3007 579 cum
3032 523 3229 575 tntmtci'
3247 533 3472 572 essemus
3499 558 3517 582 ,

1933 609 2243 664 reconciliati
2275 624 2447 661 sumus
2493 605 2602 661 Deo
2643 623 2733 677 per
2773 619 2982 661 mortem
3018 607 3137 661 Filii
3166 608 3315 677 ejus;
3357 608 3521 662 multo

1934 701 2099 772 magis
2118 702 2445 766 reconciliati,
2475 700 2605 755 salri
2625 700 2812 754 erimus
2836 701 2890 753 in
2919 702 3020 753 vita
3048 700 3179 771 ejus.
3211 697 3330 752 Non
3353 701 3518 753 solum

1934 805 2104 847 autem
2126 793 2240 855 hoc,
2268 793 2358 848 sed
2382 805 2429 847 et
2457 792 2729 863 gloriantes
2764 793 2819 847 in
2843 791 2951 846 Deo
2991 809 3082 862 per
3108 791 3381 846 Dominum
3419 808 3520 847 no-

1935 893 2094 937 strum
2118 882 2150 936 ,Ι
2158 900 2297 937 esum
2320 881 2597 949 Christum,
2628 899 2716 950 per
2732 899 2878 953 quem
2900 899 3032 937 nunc
3057 882 3517 935 reconciliationem

1935 979 2220 1045 accepimus
2255 975 2447 1048 (Rom.
2471 991 2527 1040 v,
2551 978 2605 1039 7,
2640 977 2784 1046 etc.).
2831 976 3055 1045 Aperuit
3099 985 3292 1045 quanta
3345 983 3515 1030 totum

1933 1067 2180 1124 Christus
2222 1070 2415 1137 pietate
2445 1068 2721 1138 gessisset,
2758 1067 2845 1139 qui
2873 1068 3007 1121 mori
3034 1066 3287 1137 dignatus
3309 1076 3391 1121 est
3420 1080 3518 1135 pro

1936 1159 2071 1214 nihil
2098 1160 2221 1213 bon;
2251 1159 2602 1215 merentibus.

2008 1254 2140 1307 Anc.
2176 1252 2302 1311 llwo
2325 1250 2486 1305 verba
2520 1260 2604 1305 tua
2634 1250 2713 1306 sic
2744 1259 3035 1321 temperata
3077 1257 3200 1305 sunt
3226 1290 3242 1313 ,
3270 1258 3328 1303 ut
3356 1248 3518 1305 etiam

1934 1330 2193 1415 parvulos
2242 1352 2460 1412 tangere
2491 1342 2806 1408 videantur;
2845 1341 3096 1412 quoniam
3127 1350 3185 1403 et
3214 1340 3360 1409 ipsos
3386 1337 3522 1393 nihil

1936 1434 2063 1490 boni
2119 1435 2382 1489 meruisse
2434 1433 2751 1500 conceditis,
2809 1446 2945 1501 quos
2997 1430 3130 1486 nihil
3178 1430 3304 1485 boni
3346 1427 3524 1498 egisse

1936 1526 2173 1587 fatemini
2205 1543 2218 1579 :
2242 1525 2336 1581 sed
2358 1525 2645 1595 Apostolus
2665 1541 2771 1580 non
2794 1526 2863 1579 ita
2888 1525 3096 1579 locutus
3122 1532 3225 1589 est,
3253 1524 3344 1595 qui
3363 1522 3519 1587 dixit,

1935 1616 2202 1672 Christum
2231 1632 2329 1687 pro
2358 1617 2534 1687 impiis
2559 1625 2615 1673 et
2646 1617 3014 1687 peccatoribus
3040 1624 3307 1670 mortmnn
3336 1613 3523 1670 fuisse.

1935 1706 2158 1763 Frustra
2175 1722 2304 1778 ergo
2327 1715 2382 1761 tu
2413 1722 2659 1779 magnam
2689 1706 2886 1762 Christi
2917 1706 3334 1761 misericordiam
3360 1713 3518 1759 exte-

1935 1798 2203 1854 nuandam
2253 1802 2448 1869 putasti
2481 1817 2496 1853 :
2528 1800 2618 1855 ille
2671 1801 2815 1873 enim
2863 1814 2961 1869 pro
3004 1798 3144 1853 male
3190 1797 3524 1852 merentibus

1935 1893 2179 1939 mortuus
2202 1892 2285 1939 est
2306 1901 2320 1938 :
2350 1900 2381 1939 a
2405 1898 2512 1953 quo
2540 1892 2688 1939 tanto
2713 1883 2974 1939 beneﬁcio
3013 1882 3305 1937 Salvatoris
3331 1897 3526 1951 parvu-

1935 1974 2018 2033 los
2048 1976 2342 2046 separatis,
2371 1976 2620 2046 quoniam
2647 1975 2826 2030 salvos
2851 1989 2946 2029 eos
2972 1974 3147 2029 dicitis
3178 1991 3193 2029 :
3221 1973 3311 2028 ille
3340 1982 3520 2027 autem

1934 2063 2084 2130 dicit,
2136 2062 2260 2120 Non
2284 2074 2359 2119 est
2400 2080 2529 2136 Opus
2570 2066 2710 2120 sanis
2738 2064 2960 2119 medicus
2986 2061 3216 2135 (Matth.
3270 2078 3348 2128 ιι,
3381 2062 3477 2133 12)
3507 2079 3521 2117 :

1935 2173 2044 2215 non
2093 2167 2178 2215 est
2227 2174 2359 2229 ergo
2401 2172 2538 2229 opus
2572 2158 2810 2229 parvulis
2856 2156 3124 2223 Christus,
3176 2154 3372 2226 quibus
3416 2154 3522 2209 uti-

1935 2264 2043 2319 que
2067 2248 2360 2304 secundum
2387 2264 2483 2303 vos
2507 2263 2613 2303 non
2634 2257 2720 2303 est
2743 2246 2901 2303 Jesus
2929 2264 2943 2300 :
2975 2246 3168 2316 quibus
3184 2254 3362 2300 autem
3381 2258 3521 2314 epus

1935 2349 2039 2406 est,
2068 2338 2153 2393 his
2182 2339 2553 2409 proculdubio
2576 2349 2659 2394 est
2685 2338 2861 2394 Jesus.
2900 2337 3010 2393 Sed
3040 2336 3300 2392 discedite
3328 2338 3369 2399 ³,
3401 2350 3516 2390 ma-

1935 2428 2061 2499 ligni
2098 2447 2113 2484 :
2156 2444 2293 2499 opus
2335 2439 2421 2485 est
2459 2430 2717 2499 parvulis.
2749 2430 2816 2484 Et
2854 2429 2999 2498 ipsos
3026 2442 3155 2498 ergo
3200 2443 3231 2482 a
3287 2427 3524 2497 peccatis

1935 2534 2122 2575 eorum
2164 2520 2343 2575 salvos
2372 2518 2517 2584 facit,
2561 2519 2813 2590 quoniam
2844 2529 3127 2590 propterea
3177 2519 3285 2574 tale
3324 2533 3520 2573 nomen

1934 2613 2141 2680 accepit
2164 2628 2179 2665 :
2197 2610 2286 2665 ubi
2306 2611 2526 2681 angelus
2546 2610 2698 2678 dixit,
2738 2610 2950 2665 Vocabis
2970 2626 3153 2665 nomen
3173 2610 3284 2679 ejus
3306 2609 3487 2664 Iesum
3506 2626 3528 2669 .-

1935 2702 2045 2772 ipse
2072 2703 2206 2757 enim
2234 2705 2431 2757 salvum
2467 2704 2617 2775 faciet
2664 2703 2907 2775 pupulum
2932 2718 3080 2758 suum
3119 2719 3153 2756 a
3183 2703 3398 2772 peccatis
3434 2716 3525 2755 eo-

1934 2808 2049 2849 rum
2075 2793 2185 2864 (Id.
2206 2810 2244 2859 I,
2272 2793 2335 2849 et
2364 2794 2409 2867 ).

2008 2885 2240 2942 CLXXI.
2271 2887 2392 2944 Jun.
2419 2887 2629 2959 Quippe
2656 2888 2747 2960 qui
2776 2889 3040 2944 rationem
3069 2896 3124 2942 et
3143 2887 3314 2958 legem
3346 2886 3530 2943 crimi-

1936 2996 2065 3035 num
2089 2995 2274 3036 amore
2299 2981 2659 3048 calcaverunt,
2708 2991 2899 3037 etmtes
2930 2992 3046 3053 post
3071 2981 3337 3037 desideria
3386 2996 3480 3036 sua
3508 3021 3526 3047 ,

1935 3089 2057 3145 quae
2085 3074 2197 3143 ipsa
2223 3074 2569 3137 conscientia,
2600 3074 2755 3143 cujus
2796 3085 2881 3130 est
2904 3074 3140 3130 maxima
3169 3074 3272 3136 vis,
3301 3074 3527 3143 castiga-

1936 3164 2051 3220 bat.
2085 3164 2285 3222 Verum
2311 3165 2432 3235 quia
2454 3166 2754 3230 constabat,
2786 3167 2946 3221 etiam
2975 3166 3272 3236 Prophetas
3304 3173 3526 3235 promer

1931 3254 2192 3326 justitiam
2217 3258 2413 3312 crebro
2458 3257 2647 3312 mortis
2672 3257 2928 3312 enituisse
2952 3266 3286 3325 contemptu,
3317 3265 3371 3310 et
3400 3256 3489 3324 plu
3505 3285 3524 3296 -

1936 3346 2103 3403 rimos
2128 3362 2225 3418 pro
2244 3348 2449 3418 magnis
2467 3348 2764 3420 quibusque
2789 3346 3335 3417 rebnsdignitatisque
3356 3346 3527 3400 insitze

1936 3437 2149 3508 fulgore
2170 3440 2510 3495 rutilantibus
2529 3454 2720 3494 securo
2738 3438 2806 3493 ad
2834 3439 3106 3494 interitum
3129 3437 3309 3492 animo
3335 3452 3526 3493 cucur-

1936 3530 2093 3597 risse,
2122 3546 2190 3588 ne
2210 3547 2315 3587 non
2336 3534 2358 3565 '
2380 3531 2717 3602 singularitas
2746 3531 2959 3586 virtutis
2977 3529 3173 3585 Christi
3196 3528 3480 3584 dilucidior
3501 3528 3523 3560 ³

1936 3625 2197 3698 ejusmodi
2225 3631 2368 3680 esset
2391 3622 2674 3693 exemplis,
2704 3622 2884 3677 intulit
2908 3621 3220 3692 Apostolus,
3254 3634 3350 3691 per
3373 3618 3518 3690 quod

1936 3716 2242 3774 ostenderet
2268 3714 2582 3771 charitatcm
2633 3724 2690 3769 et
2744 3713 3108 3768 fortitudinem
3170 3712 3314 3766 illius
3359 3712 3520 3766 unico

1936 3810 2176 3866 eminere
2201 3807 2448 3878 fastigio:
2483 3806 2731 3860 Assentio
2754 3815 2810 3860 et
2854 3818 2979 3876 ego,
3011 3804 3134 3859 licet
3184 3818 3309 3858 raro
3330 3844 3345 3868 ,
3396 3802 3525 3858 licet

1935 3901 2047 3965 vix,
2094 3911 2271 3957 tamen
2305 3914 2402 3970 pro
2440 3898 2601 3953 rebus
2650 3897 2810 3968 iustis
2855 3906 2913 3952 et
2952 3896 3107 3951 bouis
3133 3896 3266 3950 mori
3296 3894 3526 3966 elegisse

1937 3992 2249 4057 nonnullos;
2277 3990 2370 4046 scd
2398 3990 2505 4044 illis
2533 3989 2868 4061 negotiorum
2893 3986 3144 4058 dignitas,
3176 3985 3228 4041 id
3249 3995 3353 4053 est,
3385 3986 3529 4055 ipsa-

1937 4102 2055 4141 rum
2084 4100 2260 4140 rerum
2290 4099 2389 4155 pro
2412 4082 2606 4154 quibus
2628 4082 3014 4137 dimicaverant
3052 4072 3314 4135 claritudo
3333 4121 3348 4144 ,
3380 4079 3526 4148 peri-

1937 4177 2180 4232 culorum
2226 4175 2541 4244 tempemvit
2584 4174 2824 4229 dolorem
2852 4192 2867 4228 :
2894 4172 3141 4227 Christus
3184 4183 3360 4225 autem
3392 4170 3524 4225 nihil

1936 4267 2123 4323 habuit
2163 4266 2304 4338 quod
2330 4274 2534 4320 antarct
2560 4264 2611 4319 in
2642 4263 2832 4319 studiis
2866 4264 3170 4332 impiorum,
3200 4270 3257 4316 et
3301 4276 3398 4331 pro
3441 4260 3527 4315 his

1937 4358 2028 4432 qui
2055 4370 2206 4414 crant
2228 4359 2436 4428 propria
2463 4358 2731 4412 voluntate
2758 4354 3029 4411 deformes
3050 4397 3066 4421 ,
3100 4371 3206 4409 non
3232 4364 3315 4409 est
3338 4369 3525 4424 asper-

1936 4464 2094 4510 natus
2123 4453 2355 4525 impendi
2387 4471 2401 4507 :
2431 4462 2650 4523 apparet
2691 4459 2868 4506 autem
2897 4451 3046 4505 illum
3075 4449 3313 4505 omnium
3354 4448 3525 4502 virtu-

1937 4546 2083 4601 tibus
2112 4544 2474 4608 anteccllere;
2514 4544 2637 4613 quia
2678 4542 2778 4597 etsi
2819 4541 2874 4595 in
2902 4540 3180 4595 tolerantia
3208 4552 3403 4608 paucos
3426 4579 3439 4599 ,
3471 4537 3526 4595 in

1936 4652 2094 4693 causa
2117 4646 2291 4691 tamen
2309 4635 2482 4689 nullos
2501 4643 2679 4704 potest
2698 4632 2897 4688 habere
2909 4639 3204 4687 consortes.
3219 4629 3357 4683 Nihil
3371 4628 3529 4699 igitur

1936 4729 2005 4785 de
2034 4726 2149 4798 ejus
2179 4716 2554 4783 'innuilicentia
2593 4725 2941 4793 desperemus
2970 4723 3130 4793 :quia
3161 4723 3204 4777 si
3244 4737 3343 4791 pro
3365 4721 3523 4775 nobis

1937 4827 2185 4875 mortuus
2227 4827 2311 4873 est
2337 4815 2655 4872 cumadhue
2694 4829 2940 4871 essemus
2968 4823 3309 4884 peceatores;
3353 4812 3526 4867 multo

1938 4909 2107 4979 magis
2122 4907 2395 4978 justiticati
2415 4922 2554 4962 nunc
2581 4907 2634 4960 in
2659 4906 2919 4977 sanguine
2945 4904 3131 4977 ipsius,
3159 4904 3290 4958 salvi
3317 4904 3526 4960 erimus

1938 5019 2035 5075 per
2063 5019 2183 5058 eum
2212 5002 2280 5055 ah
2307 5002 2403 5056 ira.

2009 5096 2143 5152 Ave.
2191 5093 2367 5149 Nolite
2415 5106 2546 5163 ergo
2591 5092 2833 5147 eximere
2885 5089 3141 5160 parvulos
3186 5088 3254 5144 de
3301 5100 3525 5144 onmem

1937 5199 2277 5258 peccatorum
2330 5203 2344 5241 :
2400 5186 2521 5256 quia
2574 5193 2631 5240 ct
2678 5199 2775 5254 pro
2800 5183 2932 5253 ipsis
2975 5190 3240 5237 mortumn
3285 5179 3523 5236 fatemini

1935 5278 2229 5335 Christunt.

2007 5366 2259 5425 CLXXII.
2290 5366 2409 5424 ιυι.
2436 5367 2501 5421 Ει
2521 5375 2642 5436 post
2672 5365 3182 5430 reconciliationem,
3214 5378 3373 5435 quam
3402 5378 3523 5419 cum

1939 5462 2051 5520 Deo
2099 5462 2295 5518 habere
2344 5460 2772 5531 promeruimus,
2819 5474 2915 5530 per
2968 5473 3185 5530 operam
3215 5465 3234 5487 '
3278 5448 3523 5512 videlicet

2002 5574 2019 5607 ²
2056 5574 2129 5624 Sic
2149 5581 2255 5623 Mss.
2281 5572 2399 5623 Edtti
2424 5580 2614 5630 autem,
2640 5571 2830 5623 discite.

1999 5637 2021 5668 ²
2053 5636 2334 5707 Particulam
2373 5644 2638 5699 negantem
2682 5635 2761 5685 hic
2798 5636 3104 5687 restituimus
3153 5646 3217 5683 et
3263 5637 3371 5681 uss.
3412 5636 3523 5677 alar.

1935 5696 2223 5809 Char'ttasins
2244 5766 2295 5808 ct
2315 5758 2445 5807 (ιιι).
2472 5766 2575 5818 διε..
2599 5758 2816 5813 dilutior.

2002 5826 2023 5854 ⁸
2060 5828 2108 5881 lu
2132 5832 2259 5884 mss,
2290 5835 2378 5882 per
2407 5835 2573 5885 opera.
