4126 6500
621 372 762 428 I2l5

619 485 954 550 Mediatoris;
1006 482 1270 540 debemus
1325 487 1603 556 percipere
1665 485 1847 539 animo
1885 483 2212 552 sempiterna

615 576 834 647 gaudia,
855 585 914 632 et
941 591 1049 631 non
1077 576 1250 631 solum
1274 577 1504 633 salutem
1537 591 1777 646 sperare,
1796 574 1892 631 sed
1913 577 2074 631 etiam
2100 575 2218 646 glo-

620 670 777 724 riam.

695 761 831 816 Anc.
856 759 1008 831 Rogo
1027 769 1100 826 te,
1121 761 1337 818 attende
1362 762 1502 830 quod
1519 761 1649 818 dicit
1667 761 1980 832 Apostolus,
2003 769 2220 831 propter

621 850 765 922 quod
792 849 988 906 factum
1009 861 1092 906 est
1119 861 1175 905 ut
1212 852 1280 906 de
1307 852 1478 921 primo
1509 851 1723 907 homine
1768 852 2076 921 loqueretur
2102 866 2115 904 :
2150 850 2218 906 de

624 945 1066 1000 reconciliatione
1090 945 1301 1014 agebat,
1329 960 1488 1014 quam
1520 955 1573 999 tu
1595 959 1808 1015 quoque
1839 961 1932 1014 per
1954 945 2217 1002 mediato-

628 1051 743 1090 rem
760 1034 1029 1091 Christum
1051 1051 1116 1092 ex
1141 1035 1450 1101 inimicitiis,
1473 1050 1607 1105 quas
1633 1051 1755 1089 cum
1777 1036 1885 1089 Deo
1903 1035 2214 1102 habuimus,

628 1128 822 1182 iactam
862 1142 982 1181 esse
1031 1127 1304 1181 concedis.
1365 1126 1504 1181 Ecce
1551 1127 1672 1181 vide.
1719 1128 1881 1181 verba
1928 1127 2213 1197 Apostoli:

625 1216 907 1287 Iusti/irati
942 1217 1096 1289 igitur
1122 1233 1186 1272 ea:
1222 1217 1362 1286 ﬁde,
1401 1217 1603 1287 inquit,
1639 1233 1821 1288 pacem
1850 1217 2124 1272 habeamus
2150 1217 2219 1270 ad

627 1308 828 1376 Deum,
869 1326 960 1381 per
1006 1309 1284 1364 Dominum
1330 1319 1558 1364 nostrum
1601 1308 1778 1365 Jesum
1818 1309 2098 1366 Christum.
2154 1311 2221 1367 Ει

631 1403 793 1474 paulo
823 1411 944 1472 post
971 1420 985 1458 :
1030 1403 1092 1460 Si
1118 1403 1251 1457 enim
1271 1403 1502 1458 Christus
1523 1445 1539 1469 ,
1570 1419 1686 1457 cum
1730 1404 1922 1473 inﬁrmi
1963 1420 2180 1460 manus
2201 1446 2216 1472 ,

627 1497 798 1552 adhuc
829 1497 988 1568 juxta
1048 1505 1244 1562 tempus
1289 1511 1386 1564 pro
1435 1495 1604 1564 impiis
1655 1505 1884 1551 mortuus
1934 1505 2026 1552 est.
2089 1495 2220 1552 Item

629 1587 790 1658 paulo
837 1595 958 1654 post
1006 1603 1020 1639 :
1061 1584 1387 1640 Commendat
1431 1595 1620 1652 autent,
1680 1586 1869 1657 inquit,
1923 1588 2224 1642 charitatem

631 1695 777 1735 ueni
806 1677 941 1733 Deus
982 1677 1035 1731 in
1082 1677 1246 1741 nobis,
1287 1677 1527 1747 quoniam
1569 1694 1685 1732 cum
1727 1677 1896 1733 adhuc
1939 1689 2223 1747 peccatores

630 1785 849 1826 essemus
866 1809 882 1836 ,
910 1768 1138 1823 Christus
1169 1784 1261 1838 pro
1288 1769 1430 1823 nobis
1467 1781 1700 1826 mortuus
1729 1779 1802 1824 est
1827 1785 1846 1824 :
1876 1771 2035 1825 multo
2061 1771 2223 1841 magis

631 1878 765 1916 nunc
776 1861 1050 1932 justiﬁcati
1075 1861 1127 1914 in
1151 1861 1398 1931 sanguine
1424 1861 1584 1930 ipsius
1610 1901 1626 1926 ,
1657 1861 1785 1916 salvi
1825 1863 2012 1916 erimus
2050 1863 2115 1916 ab
2145 1863 2225 1922 ira

634 1971 723 2026 per
745 1956 935 2025 ipsum.
969 1953 1156 2008 Adhuc
1187 1953 1404 2008 attende
1433 1973 1448 2008 :
1482 1953 1546 2010 Si
1569 1954 1703 2008 enim
1727 1971 1844 2010 cum
1867 1955 2059 2010 inimici
2088 1973 2225 2011 csse-

632 2065 767 2114 mus,
793 2048 1003 2118 inquit,
1031 2047 1345 2102 reconciliati
1381 2064 1557 2102 sumus
1597 2047 1708 2103 Deo
1733 2065 1824 2119 per
1852 2059 2066 2103 mortem
2098 2047 2226 2104 Filii

628 2143 782 2212 ejus;
833 2141 993 2195 multo
1041 2141 1203 2210 magis
1249 2141 1603 2208 reconciliati,
1643 2142 1773 2196 salvi
1803 2143 1993 2197 erimus
2031 2144 2084 2196 in
2119 2142 2225 2196 vita

630 2232 815 2300 ipsius.
845 2229 992 2285 Hauc
1020 2231 1538 2296 reconciliationem,
1567 2246 1729 2300 quam
1759 2233 1915 2287 toties
1943 2247 2225 2286 conuoca-

633 2324 778 2378 davit
803 2364 818 2388 ,
844 2323 1005 2378 etiam
1034 2321 1086 2376 in
1117 2322 1410 2376 novissimo
1437 2323 1617 2392 posuit
1644 2363 1658 2386 ,
1687 2322 1874 2377 dicens
1894 2363 1911 2388 ,
1947 2321 2048 2376 Per
2073 2338 2223 2392 quem

598 2447 601 2450 -
642 2424 691 2469 et
719 2431 853 2468 nunc
867 2413 1325 2468 reconciliationem
1343 2415 1663 2481 accepimus:
1694 2427 1758 2466 ac
1781 2412 1976 2468 deinde
2003 2412 2223 2480 intulit,

640 2502 862 2575 Propter
881 2505 996 2566 hoc,
1025 2504 1154 2557 sicut
1178 2520 1270 2573 per
1289 2520 1444 2557 unum
1473 2503 1724 2558 hominem
1762 2513 2025 2574 peccatum
2055 2505 2224 2558 intra-

635 2597 706 2652 sit
723 2596 778 2649 in
807 2596 1053 2649 mundum
1080 2594 1097 2666 (
1120 2593 1268 2648 llam.
1297 2611 1352 2659 v,
1384 2594 1514 2648 1-12
1535 2591 1577 2667 ).
1607 2595 1756 2650 Sicut
1787 2610 1918 2666 ergo
1945 2611 2046 2666 per
2083 2595 2228 2651 hunc

639 2705 804 2746 unum
829 2689 1140 2753 inimicitiae,
1168 2689 1248 2743 sic
1283 2704 1379 2758 per
1415 2703 1578 2742 unum
1608 2687 1880 2743 Christum
1911 2689 2226 2744 reconcilia-

641 2781 739 2836 tio.
762 2778 1019 2849 Quisquis
1053 2779 1213 2849 igitur
1236 2794 1267 2832 a
1291 2789 1512 2849 peccato
1543 2779 1595 2832 in
1623 2793 1729 2848 quo
1757 2778 2048 2834 inimicitia:
2073 2777 2227 2834 factae

637 2879 787 2937 sunt,
816 2871 1014 2925 liberos
1055 2885 1178 2924 esse
1207 2871 1460 2940 parvulos
1487 2869 1657 2936 dicit,
1683 2869 1922 2939 proiecto
1951 2885 2046 2924 eos
2070 2878 2228 2940 negat

635 2961 706 3017 ad
750 2960 888 3016 hanc
928 2961 1454 3024 recoucnliatiouem,
1499 2969 1718 3029 propter
1768 2975 1931 3030 quam
1983 2961 2228 3017 Christus

635 3051 901 3108 mediator
930 3050 1100 3106 lactus
1125 3061 1208 3106 est
1227 3093 1243 3116 ,
1268 3051 1541 3121 pertinere
1572 3067 1588 3104 :
1618 3051 1840 3120 proinde
1881 3064 2097 3122 separat
2132 3068 2228 3110 eos

635 3154 693 3200 et
717 3159 744 3197 a
791 3144 1175 3215 justiticatione
1212 3160 1332 3214 qua:
1359 3145 1418 3201 lit
1445 3145 1499 3198 in
1525 3143 1722 3198 Christi
1756 3145 2046 3215 sanguine,
2074 3145 2228 3215 cujus

634 3237 891 3293 tondendi
915 3252 1077 3292 causa
1100 3279 1114 3302 ,
1153 3236 1369 3307 quando
1397 3253 1519 3292 eum
1553 3236 1839 3292 bibendum
1876 3237 2227 3296 commenda-

638 3333 756 3397 vit,
812 3332 956 3386 nulla
996 3332 1096 3386 nisi
1138 3331 1190 3386 in
1231 3332 1603 3386 remissionem
1652 3331 1794 3386 dicta
1843 3339 1929 3387 est
1977 3339 2227 3401 peccato-

635 3439 756 3479 rum
803 3423 1031 3492 (Matth.
1075 3439 1227 3490 sxw,
1269 3423 1400 3494 28).
1443 3422 1597 3479 Unde
1646 3422 1706 3478 iit
1749 3437 2110 3494 consequens,
2170 3431 2230 3476 ιιι

635 3516 871 3586 parvulis
901 3525 1114 3586 peccata
1154 3531 1259 3570 non
1294 3515 1610 3570 habentibus
1656 3530 1803 3570 mors
1852 3515 2050 3570 Christi
2097 3513 2229 3569 nihil

637 3608 808 3678 prosit
859 3609 1110 3663 omnino:
1154 3622 1252 3678 per
1276 3606 1416 3662 hanc
1457 3607 1604 3663 enim
1665 3607 1996 3662 reconciliati
2040 3621 2230 3662 sumus

639 3700 773 3765 Deo,
804 3715 924 3754 cum
949 3699 1146 3754 inimici
1181 3713 1458 3764 essemus;
1484 3697 1626 3769 quod
1667 3697 1896 3768 parvuli,
1934 3698 2228 3753 secundum

637 3806 757 3857 vos,
787 3807 892 3846 non
909 3791 1142 3846 fuerunt.
1166 3791 1234 3847 Ut
1255 3791 1399 3846 enim
1427 3799 1645 3861 propter
1667 3791 1807 3849 hanc
1831 3791 2230 3846 reconciliatio-

638 3900 764 3942 tu-m
795 3899 1130 3938 moreremur
1157 3893 1406 3953 peccato,
1435 3884 1488 3939 in
1518 3899 1624 3954 quo
1655 3885 1948 3939 inimicitize
1975 3884 2186 3940 fuerunt
2211 3902 2227 3951 ;

637 3975 939 4046 quicumque
965 3973 1208 4043 baptizati
1237 3991 1410 4027 sunius
1426 3975 1478 4028 in
1507 3973 1707 4028 Christo
1727 4015 1741 4039 ,
1769 3975 1905 4030 sicut
1934 3975 2076 4030 idem
2100 3976 2232 4032 dicit

641 4066 942 4138 apostolus,
966 4067 1018 4120 in
1040 4075 1200 4120 morte
1225 4066 1366 4120 illius
1393 4067 1633 4136 baptizati
1661 4084 1854 4121 sumus.
1886 4069 1967 4123 Ad
1995 4068 2112 4125 huic
2137 4085 2234 4124 au-

641 4169 749 4214 tem
773 4159 931 4214 verba
958 4168 1015 4212 ιιι
1040 4160 1346 4229 perveniret
1378 4176 1392 4211 :
1427 4159 1488 4214 Si
1517 4161 1651 4214 enim
1680 4161 1868 4214 mortui
1905 4178 2112 4228 sumus,
2146 4163 2231 4217 in-

640 4252 778 4322 quit,
810 4262 1012 4320 peccato
1038 4292 1053 4316 ,
1083 4252 1334 4320 quomodo
1355 4253 1571 4306 vivemus
1599 4253 1653 4306 in
1690 4253 1790 4306 eo?
1825 4252 2128 4324 Statimque
2175 4264 2233 4310 nt

639 4344 951 4400 ostenderet
985 4355 1224 4399 mortuos
1253 4360 1350 4399 nos
1401 4360 1521 4399 esse
1550 4355 1807 4415 peccato:
1841 4347 1920 4401 An
1961 4347 2228 4418 ignoratis,

641 4437 834 4505 inqttit,
876 4437 1114 4505 quoniam
1143 4437 1443 4504 quicumque
1474 4437 1714 4507 bnptizati
1752 4455 1924 4494 sumus
1948 4441 2000 4493 in
2029 4438 2232 4495 Christo

638 4529 786 4595 Jesu,
809 4529 862 4582 in
894 4539 1050 4583 morte
1077 4530 1236 4600 ipsius
1261 4530 1501 4597 lmptizati
1522 4547 1697 4584 sumus
1725 4529 1909 4602 (Rom.
1933 4547 2006 4596 vl,
2031 4533 2087 4597 2,
2113 4533 2148 4587 5
2169 4531 2234 4605 )?

642 4622 743 4680 Ubi
767 4631 849 4676 est
877 4622 1090 4677 libertas
1119 4631 1173 4676 et
1217 4621 1469 4676 fortitudo
1508 4621 1670 4676 animi
1714 4622 1917 4677 vestri?
1941 4622 2116 4690 Quare
2168 4624 2237 4677 ti-

643 4714 801 4770 metis
828 4713 1029 4779 dicere,
1069 4712 1211 4784 quod
1260 4712 1484 4768 credere
1535 4729 1638 4766 non
1690 4712 1923 4778 timetis,
1983 4713 2236 4782 parvulos

641 4809 698 4864 in
751 4807 966 4861 Christo
1015 4805 1267 4875 baptizari
1313 4821 1418 4860 non
1456 4814 1739 4875 oportere,
1771 4820 1906 4875 quos
1931 4813 2232 4875 peccatum,

640 4901 726 4955 cui
754 4901 1068 4962 moriantur,
1091 4899 1265 4952 dicitis
1297 4914 1400 4952 non
1428 4898 1667 4952 lmhcre?

715 4988 993 5044 CLXXIII.
1025 4989 1146 5044 JUL.
1179 4989 1459 5060 Propterea
1479 4992 1607 5044 sicut
1639 5007 1728 5060 per
1773 5005 1933 5043 unum
1979 4989 2236 5043 hominem

645 5084 698 5137 in
725 5085 860 5136 hunc
887 5086 1130 5139 mundum
1172 5096 1431 5155 peccatum
1477 5086 1702 5148 intrauit,
1745 5095 1792 5139 et
1840 5102 1930 5156 per
1975 5096 2236 5155 peccatum

644 5193 817 5241 mors;
845 5189 890 5230 et
917 5179 987 5232 ita
1015 5181 1067 5233 in
1087 5196 1259 5233 omnes
1279 5179 1505 5233 homines
1531 5195 1666 5232 mors
1692 5179 1707 5210 ¹
1732 5178 2041 5247 pertransiit,
2069 5178 2122 5230 in
2137 5192 2236 5248 quo

646 5285 819 5321 omnes
858 5282 1182 5336 peccauerunt
1207 5272 1225 5342 (
1253 5271 1338 5324 Id.
1370 5286 1422 5334 ν,
1459 5271 1524 5324 ιε
1547 5268 1586 5338 ).
1638 5269 1718 5324 Ad
1760 5269 2110 5323 edomandam
2148 5283 2236 5322 su-

647 5359 884 5427 perbiam
915 5359 1242 5426 Judacormn,
1274 5361 1364 5432 qui
1395 5362 1492 5416 sibi
1522 5361 1874 5416 necessariam
1902 5369 2237 5428 peccatorum

647 5450 857 5506 veniam
911 5468 1017 5508 non
1067 5463 1303 5521 tantum,
1353 5465 1608 5525 quantum
1653 5453 1954 5510 Gentilibus
2000 5455 2236 5510 aestima-

713 5671 730 5702 ί
768 5671 1086 5734 Manuscriptt,
1108 5675 1154 5719 et
1171 5666 1238 5718 ita
1251 5667 1302 5718 in
1319 5682 1480 5734 omnes
1502 5669 1714 5722 homines
1730 5668 2026 5734 pertransiit.
2043 5671 2235 5730 omisso,

649 5743 794 5780 mors.
816 5739 869 5795 At
892 5732 1034 5794 [aulo
1057 5741 1182 5794 post,
1202 5734 1248 5780 in
1264 5732 1483 5795 ejusdem
1499 5732 1760 5782 sententia:
1781 5733 2092 5795 repetitione,
2116 5734 2240 5784 hanc

651 5804 818 5843 «metu
836 5793 1018 5844 habent
1040 5793 1347 5860 utauusa'ipti
1372 5801 1422 5844 et
1443 5795 1671 5848 omittunt
1693 5795 1826 5846 editi.

1297 369 1541 426 OPERIS
1579 365 1992 425 IMPERFECTI
2029 363 2299 422 CONTRA
2342 359 2699 433 IULIANUM,
2739 369 2796 426 S.
2837 369 3208 428 AUGUSTINI

3758 378 3904 436 ηισ

2325 481 2470 548 baut,
2493 487 2842 556 praerogativa
2872 487 3008 558 legis
3023 488 3359 544 sanctitatem
3385 503 3484 546 suo
3509 492 3692 561 generi
3721 495 3864 550 vindi
3882 525 3901 537 ο

2321 587 2538 640 cantes;
2573 578 2623 632 in
2659 580 2902 634 morbum
2931 580 3176 636 humana:
3212 583 3630 638 conversationis
3667 586 3898 654 invadit,

2322 678 2375 724 et
2403 670 2795 732 multitudinem
2815 671 3239 736 delinquentium
3281 683 3424 728 retro
3453 676 3584 743 petit
3613 692 3624 727 :
3649 685 3706 731 ut
3732 693 3900 745 qnan

2323 769 2435 816 tum
2457 762 2836 817 dominationis
2864 765 2914 817 in
2945 764 3045 819 hoc
3088 764 3285 820 mundo
3326 765 3570 834 iniquitas
3615 782 3898 836 occupave~

2323 853 2413 918 rit,
2459 855 2792 924 antiquitatis
2831 857 2997 925 ipsius
3037 856 3227 926 prodat
3285 859 3599 921 auctoritas;
3645 874 3906 928 quamque

2324 945 2488 1000 multa
2532 957 2588 1000 et
2628 957 2907 1002 veternosa
2947 949 3193 1013 crimina,
3246 950 3314 1003 ab
3337 950 3664 1005 obscenitate
3711 968 3901 1021 pra-ce-

2332 1034 2573 1090 dentium
2611 1052 2708 1107 per
2746 1053 2936 1092 manus
2977 1050 3174 1093 mutua:
3215 1039 3522 1095 imitationis
3552 1044 3770 1110 posteris
3801 1053 3907 1097 tra-

2321 1126 2454 1193 dita,
2487 1128 2681 1183 Christi
2703 1131 2869 1198 gratia
2906 1131 3232 1197 sustulisset,
3261 1132 3588 1188 ostenderet.
3638 1137 3807 1205 Atque
3834 1138 3904 1191 ob

2325 1217 2428 1273 hoc
2461 1221 2884 1277 recordationem
2926 1223 3050 1278 facit
3100 1223 3257 1292 primi
3301 1224 3550 1287 hominis;
3601 1240 3703 1280 non
3743 1242 3771 1281 ε
3798 1243 3908 1297 quo

2323 1320 2602 1382 peccatum
2624 1323 2885 1382 asperat,
2913 1323 3126 1370 constat
3150 1314 3295 1369 enim
3325 1315 3470 1384 prius
3498 1317 3770 1371 mulierem
3809 1318 3906 1372 de-

2327 1403 2564 1474 liquisse;
2593 1405 2685 1459 sed
2714 1406 2803 1475 qui
2847 1421 2944 1475 per
2969 1407 3300 1477 privilegium
3325 1421 3512 1473 sexus,
3551 1409 3904 1478 magisterium

2325 1505 2641 1565 occupasset
2664 1495 2845 1551 delicti
2877 1516 2890 1552 :
2925 1514 3020 1567 per
3048 1497 3192 1553 hunc
3210 1513 3360 1568 ergo,
3396 1498 3601 1552 intravit
3627 1511 3902 1567 peccatum,

2321 1595 2375 1640 et
2394 1604 2484 1658 per
2509 1598 2771 1658 peccatum
2795 1605 2951 1653 mors,
2991 1589 3110 1644 sine
3134 1587 3299 1643 dubio
3333 1588 3425 1642 illa
3469 1603 3586 1658 qua:
3620 1590 3905 1658 peccatori-

2327 1677 2447 1744 bus,
2486 1677 2540 1732 id
2591 1687 2709 1744 est,
2757 1689 2976 1744 acterna,
3010 1678 3336 1748 promittitur
3363 1687 3446 1732 :et
3490 1679 3582 1742 ita,
3623 1677 3804 1748 inquit,
3851 1679 3905 1732 in

2325 1786 2500 1824 omnes
2524 1771 2754 1825 homines
2775 1787 2912 1825 mors
2936 1771 3250 1841 pertransiit,
3271 1770 3326 1823 in
3359 1786 3459 1841 quo
3483 1784 3652 1823 omnes
3675 1784 3906 1839 peccaue-

2326 1871 2464 1916 runt.
2505 1863 2728 1932 Aperuit
2773 1877 2992 1933 prorsus
3039 1861 3270 1933 qualiter
3307 1860 3423 1915 haec
3442 1875 3588 1915 mors
3613 1861 3908 1916 transiisset

2328 1953 2396 2008 ad
2446 1963 2726 2024 posteros,
2771 1952 2844 2011 ob
2886 1953 3236 2010 imitationem
3260 1952 3494 2018 scilicet,
3544 1966 3652 2006 non
3687 1964 3908 2022 genera-

2331 2044 2553 2098 tionem.

2403 2138 2542 2192 Aue.
2573 2133 2693 2191 ιω
2719 2135 2935 2206 quidem
2957 2150 3274 2206 responsum
3301 2143 3385 2192 est
3405 2133 3520 2198 tibi,
3549 2148 3644 2191 cur
3659 2148 3760 2188 non
3788 2149 3908 2188 mu-

2332 2225 2518 2282 lierem
2549 2228 2925 2289 nominaverit.
2954 2241 3022 2283 es
3051 2243 3154 2296 qua
3177 2225 3274 2281 l‘nit
3311 2226 3520 2281 initium
3549 2227 3770 2296 peccati,
3812 2227 3906 2282 sed

2331 2333 2498 2374 unum
2540 2318 2844 2384 hominem;
2871 2327 2963 2374 aut
2988 2327 3045 2374 ut
3069 2317 3182 2387 ipsa
3210 2332 3422 2387 quoque
3451 2317 3502 2372 in
3531 2317 3620 2372 illo
3648 2317 3906 2386 intellige-

2331 2423 2481 2465 retur
2513 2421 2736 2480 propter
2761 2426 2922 2464 unam
2957 2424 3197 2475 carnem,
3220 2409 3472 2479 autquod
3500 2425 3528 2463 ιι
3578 2409 3693 2464 viro
3729 2409 3911 2478 incipit

2332 2504 2627 2572 generatio,
2659 2518 2756 2574 per
2787 2516 2948 2573 quam
2977 2502 3194 2558 volebat
3233 2501 3517 2557 ostendere
3568 2502 3618 2555 in
3657 2502 3909 2558 mundum

2334 2593 2563 2650 intrasse
2581 2603 2883 2666 peccatum.
2905 2593 3011 2650 Sed
3040 2593 3303 2657 homines,
3331 2594 3420 2662 qui
3459 2593 3638 2648 dicitis
3681 2602 3912 2647 mortem

2330 2701 2452 2756 quas
2494 2686 2548 2741 in
2596 2696 2814 2756 peccato
2867 2695 2971 2749 est,
3003 2686 3073 2741 ob
3117 2685 3487 2750 imitationem,
3537 2700 3643 2740 non
3689 2699 3910 2754 genera-

2334 2779 2557 2844 tionem,
2589 2779 2655 2833 ad
2683 2787 2928 2848 posteros
2959 2779 3257 2840 transiisse,
3301 2793 3397 2832 cur
3425 2791 3530 2830 non
3556 2787 3735 2846 aperte
3778 2777 3912 2831 dici-

2333 2871 2404 2926 tis
2429 2871 2686 2940 baptizari
2709 2871 2762 2925 in
2784 2870 3000 2926 Christo
3030 2870 3157 2925 Jesu
3194 2869 3443 2939 parvulos
3465 2883 3566 2922 non
3599 2867 3829 2923 debere?
3853 2868 3910 2924 Si

2332 2962 2475 3017 enim
2505 2961 2807 3031 baptizandi
2837 2969 2962 3015 sunt
2987 2962 3038 3014 in
3064 2959 3300 3026 Christo,
3319 2958 3566 3028 quoniam
3597 2959 3912 3028 quicumque

2333 3053 2673 3123 baptizautur
2701 3054 2753 3107 in
2778 3051 3017 3119 Christo,
3057 3053 3110 3106 in
3154 3061 3326 3106 morte
3349 3051 3512 3119 ipsius
3555 3050 3914 3120 haplixantur;

2333 3145 2518 3217 procul
2547 3145 2709 3200 dubio
2736 3153 2958 3216 peccato
2983 3154 3037 3200 et
3065 3144 3163 3214 ipsi
3199 3143 3497 3198 moriuntur
3523 3159 3536 3195 :
3567 3142 3689 3198 hinc
3719 3143 3914 3212 quippe

2333 3239 2582 3312 probavit
2603 3239 2908 3310 Apostolus,
2937 3248 3154 3307 peccato
3187 3251 3287 3292 nos
3328 3249 3446 3291 esse
3486 3246 3738 3300 mortuos,
3791 3237 3911 3305 quia

2335 3333 2387 3386 in
2419 3339 2590 3386 morte
2617 3331 2817 3386 Christi
2849 3329 3097 3399 baptizati
3124 3343 3327 3384 sumus.
3350 3327 3482 3383 Cum
3506 3327 3645 3381 enim
3673 3325 3910 3388 dixisset,

2336 3423 2398 3479 Si
2427 3423 2608 3477 mortui
2631 3438 2805 3477 sumus
2835 3431 3057 3492 peccato,
3089 3419 3339 3490 quomodo
3367 3420 3577 3473 vivemus
3601 3417 3652 3470 in
3673 3419 3768 3470 eo!
3791 3432 3912 3470 mox

2334 3524 2393 3570 ιιι
2421 3514 2728 3570 ostenderet
2748 3522 2986 3567 mortuos
3011 3527 3110 3566 nos
3133 3525 3254 3565 esse
3282 3520 3516 3580 (uocato,
3543 3508 3620 3561 Au
3651 3509 3910 3575 ignoratis,

2335 3606 2525 3676 inquit,
2553 3605 2792 3676 quoniam
2819 3605 3120 3673 quicumque
3143 3602 3384 3672 baptizati
3416 3616 3588 3655 sumus
3625 3600 3678 3652 in
3716 3597 3913 3654 Christo

2333 3697 2478 3763 Jesu,
2526 3698 2579 3752 in
2606 3705 2768 3750 morte
2789 3695 2931 3750 illius
2973 3695 3216 3761 baptizati
3239 3693 3450 3748 sumus?
3475 3690 3720 3760 Quisquis
3760 3690 3916 3758 igitur

2337 3799 2612 3860 peccatum
2639 3805 2744 3844 non
2771 3787 2948 3851 habet,
2978 3803 3084 3841 non
3113 3796 3197 3840 est
3223 3785 3311 3841 cui
3337 3785 3352 3816 ¹
3384 3784 3636 3838 moriatur
3661 3784 3713 3837 iu
3742 3781 3916 3850 Bapti-

2335 3896 2455 3938 smo
2485 3899 2497 3935 :
2530 3880 2771 3951 quisquis
2798 3888 2999 3944 autem,
3043 3893 3164 3932 cum
3194 3876 3506 3946 baptizatur,
3553 3889 3656 3930 non
3701 3882 3914 3942 peccato

2335 3973 2580 4039 moritur,
2609 3987 2716 4026 non
2743 3971 3039 4041 baptizatur
3063 3973 3115 4023 in
3143 3975 3314 4022 morte
3335 3967 3558 4032 Christi;
3584 3981 3644 4019 ac
3658 3980 3752 4035 per
3783 3963 3914 4028 hoc,

2338 4081 2444 4119 non
2468 4064 2761 4134 baptizatur
2779 4063 2830 4116 in
2847 4061 3080 4115 Christo.
3105 4057 3241 4126 Quid
3260 4056 3706 4128 tergiversamini?
3726 4055 3919 4109 Lihere

2337 4157 2543 4226 aperite
2569 4156 2768 4210 inferos
2787 4161 2994 4207 vestros
3023 4169 3036 4204 :
3068 4151 3233 4205 libere
3253 4149 3318 4204 ad
3346 4163 3441 4206 vos
3465 4149 3676 4211 intrent,
3703 4146 3789 4215 qui
3817 4160 3918 4198 no-

2338 4247 2454 4301 lunt
2473 4247 2524 4300 iu
2551 4246 2748 4302 delicto
2774 4255 3034 4308 mortuos,
3067 4243 3120 4297 in
3155 4241 3423 4312 Baptismo
3445 4238 3694 4294 vivilieari
3725 4252 3917 4306 parvu-

2340 4339 2420 4393 los
2445 4353 2593 4392 suos.

2410 4429 2688 4486 CLXXIV.
2720 4428 2838 4484 JUL.
2867 4429 3156 4496 Postquam
3208 4426 3350 4478 enim
3397 4423 3624 4486 dixerat,
3660 4420 3714 4472 in
3747 4434 3920 4472 omnes

2339 4525 2566 4578 homines
2593 4521 2884 4592 pertransiit
2903 4535 2922 4584 ;
2944 4519 3179 4573 subdidit
3200 4517 3398 4574 statim.
3422 4516 3474 4568 in
3494 4530 3591 4585 quo
3617 4527 3781 4566 omnes
3802 4527 3919 4579 pec-

2340 4623 2575 4668 caverunt
2605 4631 2624 4669 :
2653 4614 2773 4680 hoc,
2801 4615 2854 4665 in
2884 4628 2983 4680 quo
3015 4627 3186 4663 omnes
3214 4615 3558 4676 peccaverunt,
3607 4603 3734 4656 nihil
3777 4600 3918 4653 aliud

2341 4705 2558 4763 imlieat.
2587 4720 2747 4774 quam
2797 4703 2919 4773 quia
2973 4716 3164 4756 omnes
3212 4703 3584 4770 peccaverunt,
3631 4691 3919 4748 secundum

2342 4797 2470 4852 illud
2503 4797 2810 4852 Davidicum
2847 4813 2859 4850 τ
2894 4793 2959 4848 In
2989 4810 3088 4863 quo
3137 4792 3343 4862 corrigit
3387 4786 3743 4843 adolescentior
3791 4785 3920 4836 uiam

2339 4891 2526 4946 suam?
2553 4890 2604 4945 id
2628 4900 2730 4956 est,
2753 4887 3024 4959 quomodo
3048 4885 3268 4956 corrigit
3295 4884 3432 4938 viam
3460 4880 3645 4935 suam?
3666 4876 3730 4931 In
3752 4886 3920 4930 curto-

2340 4984 2525 5038 diendo
2549 4999 2802 5038 sermones
2837 4992 2948 5036 tuos
2969 4979 3139 5050 (Psal.
3162 4993 3342 5041 cxvnl,
3367 4977 3443 5046 9).
3472 4974 3525 5028 In
3555 4987 3620 5027 eo
3647 4985 3771 5040 ergo
3797 4982 3919 5023 eor.

2342 5077 2438 5146 rigi
2469 5075 2680 5139 dicitur,
2711 5089 2808 5145 per
2823 5072 2962 5144 quod
2991 5080 3047 5125 et
3068 5071 3371 5140 corrigitur.
3391 5067 3462 5121 Ita
3486 5073 3542 5120 et
3565 5062 3852 5133 Apostolus
3873 5061 3923 5113 in

2341 5185 2407 5225 eo
2455 5169 2590 5224 dixit
2614 5167 2983 5238 pertransiisse
3013 5172 3259 5227 mortem,
3284 5163 3337 5215 in
3379 5174 3485 5230 quo
3505 5171 3687 5211 omnes
3715 5155 3924 5226 propria

2342 5261 2618 5315 voluntate
2642 5263 3004 5328 peccaverunt
3028 5273 3041 5309 :
3073 5269 3178 5309 non
3205 5263 3260 5308 ut
3277 5252 3398 5316 hoc,
3425 5251 3476 5303 in
3492 5263 3611 5318 quo,
3629 5244 3926 5307 autAdaiu,

2341 5360 2433 5406 aut
2462 5359 2734 5423 peccatum
2765 5348 3008 5403 videatur
3027 5344 3339 5409 ostendere;
3388 5339 3484 5398 sed
3512 5341 3566 5394 in
3604 5353 3701 5410 quo
3744 5349 3935 5392 omnes

2342 5450 2625 5512 peccantes
2651 5439 2970 5508 intelligatur
2992 5435 3317 5506 exprimere.

2416 5533 2550 5587 Ave.
2576 5531 2738 5599 Aperi
2790 5528 2980 5583 oculos
3010 5545 3023 5580 :
3053 5528 3106 5582 iu
3160 5525 3332 5582 Adam
3377 5537 3564 5579 omnes
3610 5519 3939 5585 moriuntur,

2344 5622 2398 5677 in
2428 5636 2532 5692 quo
2557 5621 2602 5675 si
2633 5637 2737 5675 non
2767 5628 2888 5674 sunt
2915 5618 3111 5674 mortui
3137 5615 3370 5688 parvuli,
3404 5629 3502 5671 nec
3529 5615 3580 5670 iu
3607 5612 3822 5668 Christo
3849 5625 3939 5664 vt-

2411 5801 2423 5832 ι
2461 5799 2598 5857 t;diti,
2629 5811 2731 5848 cur.
2778 5797 2943 5848 Melius
2967 5805 3043 5848 Ms.
3072 5802 3203 5854 ιω..
3225 5795 3318 5846 cui.
