4126 6514
290 417 419 472 1217

292 529 580 592 viﬁcantur,
602 526 790 597 utquid
811 540 933 582 cum
957 525 1038 581 eis
1058 524 1125 579 ad
1140 521 1477 592 Baptismum
1499 517 1850 573 viviﬁcatoris

286 630 336 678 et
355 621 640 677 salvatoris
667 618 1009 675 simulatione
1033 614 1320 671 damnabili
1347 612 1589 674 curritis,
1617 624 1754 680 quos
1778 608 1853 660 vi-

290 729 376 768 vos
422 728 690 782 sanesque
716 710 996 767 clamando
1036 708 1053 739 ι
1088 705 1349 761 viviﬁcari
1400 703 1689 773 sanarique
1733 714 1844 755 non

294 806 488 860 vultis?

342 890 685 950 CLXXV.—
706 891 822 947 Jun.
852 888 1054 945 Omnes
1095 897 1277 943 autem
1310 902 1409 957 pro
1460 884 1649 941 multis
1684 882 1847 954 poni,

280 985 553 1041 innumera
569 983 782 1054 Scriptu
790 997 967 1036 rarum
980 980 1224 1049 exempla
1249 987 1540 1042 testantur,
1555 976 1851 1032 secundum

279 1072 423 1134 illud,
449 1068 639 1126 Omnes
664 1069 1070 1133 declinaverunt,
1092 1067 1250 1122 simul
1284 1067 1498 1122 inutiles
1533 1065 1663 1137 facti
1686 1073 1809 1119 sunt
1832 1078 1853 1118 :

279 1172 330 1218 et
352 1171 471 1233 post
484 1176 673 1232 pauca,
690 1160 1075 1226 Quidevorant,
1092 1160 1287 1229 inquit,
1314 1158 1514 1230 plebem
1546 1156 1850 1220 meam,sic-

282 1262 335 1306 ut
365 1233 537 1305 cibuin
564 1250 715 1321 panis
738 1248 910 1321 (Psal.
940 1264 1039 1302 xm
1059 1288 1074 1313 ,
1104 1248 1158 1314 5,
1185 1247 1274 1319 4);
1314 1245 1606 1303 ostendens
1641 1246 1711 1299 ab
1742 1242 1848 1298 illis

280 1344 541 1406 omnibus,
569 1354 705 1413 quos
739 1341 940 1396 malum
962 1341 1409 1413 pronuntiaverat
1440 1336 1678 1409 operari,
1706 1337 1852 1413 hanc

275 1431 472 1500 plebem
500 1429 662 1485 fuisse
686 1428 993 1482 discretam.
1027 1423 1083 1479 In
1142 1422 1430 1491 Evangelia
1481 1418 1734 1482 refertur,
1788 1414 1853 1469 Et

272 1521 513 1575 clamabat
563 1519 724 1573 omnis
767 1515 984 1587 populus
1016 1530 1034 1567 :
1060 1511 1345 1582 Craci/ige!
1367 1508 1605 1577 cruci/iga
1637 1504 1849 1579 (Matth.

272 1626 431 1675 xxvn,
481 1610 573 1676 23,
614 1619 661 1663 et
687 1607 989 1673 Luc.xxtn,
1016 1603 1141 1675 21)!
1184 1602 1252 1657 Et
1285 1613 1462 1656 tamen
1506 1594 1854 1670 generalitate

272 1701 413 1756 verbi
435 1700 593 1770 hujus
622 1712 952 1768 nequaquam
981 1704 1071 1748 aut
1110 1690 1374 1763 Apostoli,
1396 1699 1487 1744 aut
1506 1686 1850 1753 Nicodemus,

271 1804 356 1850 aut
381 1786 578 1849 sa'nctze
604 1793 855 1847 mulieres
876 1787 1234 1843 includuntur.
1267 1782 1364 1838 llic
1390 1782 1504 1852 ipse
1540 1778 1851 1850 Apostolus,

272 1902 402 1958 quos
432 1902 574 1943 nunc
620 1885 753 1941 dixit
780 1898 989 1942 omnes,
1018 1881 1177 1951 paulo
1207 1887 1327 1949 post
1369 1876 1566 1931 multos
1591 1871 1851 1929 nominat.

339 1979 474 2034 A06.
509 1978 586 2032 Ad
610 1972 836 2045 hocjam
877 1985 1190 2044 responsum
1244 1977 1347 2034 est,
1402 1981 1510 2021 non
1558 1976 1859 2035 repugnare

273 2070 517 2124 omnibus
569 2069 787 2133 multos,
829 2065 951 2136 quia
1007 2062 1105 2132 ipsi
1154 2075 1343 2116 omnes
1389 2074 1496 2114 non
1543 2056 1719 2128 pauci,
1760 2055 1857 2112 sed

275 2161 421 2215 nntlti
442 2169 585 2215 sunt.
618 2158 684 2213 Et
702 2155 842 2229 quod
873 2154 941 2211 de
964 2154 1174 2210 Psalmo
1192 2149 1646 2215 commemorasti,
1670 2147 1858 2202 Omnes

274 2251 687 2314 declinaverunt,
766 2245 920 2303 simul
967 2244 1172 2299 inutiles
1223 2243 1347 2313 facti
1418 2250 1570 2305 sunt;
1640 2252 1860 2309 prorsus

274 2355 457 2395 verum
501 2336 786 2393 cst:lilios
828 2336 1026 2407 quippe
1073 2333 1368 2395 hominum,
1410 2331 1501 2401 qui
1548 2328 1856 2384 declinave-

279 2439 402 2483 runt
438 2441 645 2491 omnes,
699 2424 953 2480 discrevit
995 2438 1023 2476 a
1070 2421 1193 2477 ﬁliis
1241 2420 1374 2487 Dei,
1427 2433 1564 2489 quos
1615 2432 1721 2472 non
1759 2417 1859 2472 de-

273 2518 530 2574 clinantes
593 2516 960 2580 devorabam;
1007 2515 1150 2569 Deus
1196 2512 1341 2568 enim
1404 2510 1642 2580 respexit
1696 2523 1859 2578 super

275 2612 409 2666 ﬁlios
460 2609 779 2665 hominum:
813 2607 866 2662 hi
924 2620 1111 2661 omnes
1165 2604 1606 2666 declinaverunt;
1658 2600 1727 2656 ab
1777 2599 1859 2655 eis

273 2702 469 2772 quippe
496 2699 702 2770 excepti
728 2709 848 2754 sunt
869 2697 958 2752 lilii
980 2696 1093 2751 Dei.
1121 2696 1194 2750 Ex
1224 2693 1306 2749 his
1325 2708 1454 2765 ergo
1473 2691 1859 2747 declinantibus

272 2792 524 2847 omnibus
555 2791 677 2846 ﬁliis
694 2790 988 2856 hominum,
1013 2796 1129 2843 erat
1148 2786 1308 2842 etiam
1324 2785 1413 2840 ille
1431 2784 1607 2839 omnis
1635 2782 1860 2853 populus

272 2889 362 2957 qui
405 2884 707 2953 clamabat:
736 2881 1020 2952 Cruciﬁge!
1066 2879 1337 2949 cruciﬁge!
1360 2875 1440 2931 Ad
1485 2875 1626 2929 hunc
1665 2874 1861 2945 quippe

275 2977 526 3047 populum
556 2976 699 3030 nullo
728 2971 888 3028 modo
915 2971 1013 3037 illi,
1044 2968 1133 3041 qui
1147 2969 1258 3036 jam
1299 2967 1351 3021 in
1379 2965 1650 3021 Christum
1688 2962 1863 3019 credi-

272 3068 484 3133 derant,
538 3064 895 3137 pertinebant.
929 3060 1064 3115 IIinc
1119 3070 1170 3114 te
1205 3072 1358 3122 exue,
1399 3056 1442 3111 si
1483 3063 1650 3125 potes,
1716 3051 1861 3124 quod

274 3178 407 3215 unus
434 3177 524 3230 pro
566 3158 797 3212 omnibus
840 3162 1070 3209 mortuus
1097 3159 1204 3216 est;
1232 3157 1289 3204 et
1328 3145 1466 3202 aude
1512 3145 1707 3210 dicere,
1754 3158 1860 3198 non

273 3267 464 3307 omnes
493 3259 753 3313 mortuos,
786 3261 883 3317 pro
938 3243 1130 3315 quibus
1176 3248 1419 3296 mortuus
1455 3248 1537 3293 est
1584 3233 1860 3301 Christus;

272 3361 399 3402 cum
429 3345 608 3399 statim
636 3341 729 3396 tibi
750 3337 1038 3410 Apostolus
1065 3334 1243 3388 fauces
1270 3338 1494 3401 premat,
1521 3337 1577 3383 et
1599 3329 1865 3397 opprimat

281 3435 695 3493 audarissimam
746 3438 956 3495 vocem,
1018 3425 1145 3497 quid
1197 3428 1510 3492 sequeretur
1553 3416 1867 3490 ostendens,

271 3540 331 3584 et
360 3528 565 3595 dicens,
599 3523 732 3595 Ergo
756 3536 929 3576 omnes
969 3515 1156 3572 mortui
1175 3524 1313 3569 sunt.
1357 3510 1477 3567 Noli
1526 3511 1604 3565 sic
1650 3508 1867 3565 laudare

272 3617 629 3689 Apostolum;
672 3592 791 3667 vnoli
840 3608 919 3666 sic
960 3622 1252 3677 exponere,
1302 3611 1359 3658 ut
1388 3600 1525 3656 nolis
1568 3599 1772 3662 audire,
1802 3592 1865 3653 bi

273 3687 413 3763 unus
464 3721 556 3776 pro
601 3700 832 3759 omnibus
884 3709 1110 3754 mortuus
1162 3705 1253 3761 est,
1310 3710 1427 3765 ergo
1470 3707 1642 3746 omnes
1682 3687 1867 3743 mortui

273 3810 401 3856 sunt
425 3796 488 3869 (ll
516 3796 634 3851 Cor.
657 3811 713 3862 v,
744 3794 832 3860 Il,
858 3777 1050 3864 l5}.l§i
1095 3789 1193 3844 bos
1225 3800 1410 3842 omnes
1437 3786 1458 3817 ²
1491 3798 1611 3839 cum
1653 3789 1869 3852 peccato

276 3906 431 3948 mors
460 3884 787 3960 pertransiit,
808 3898 905 3955 per
931 3882 1075 3937 illum
1104 3880 1156 3935 in
1185 3893 1293 3950 quo
1320 3891 1509 3933 omnes
1530 3873 1866 3930 moriuntur:
1898 3881 1905 3893 '

274 3983 358 4039 ibi
373 3989 498 4038 sunt
517 3987 573 4035 et
594 3976 822 4049 parvuli,
848 3974 971 4046 quia
998 3982 1055 4031 et
1083 3986 1179 4043 pro
1207 3969 1337 4041 ipsis
1364 3965 1607 4024 Christus
1631 3972 1871 4019 mortuus

278 4082 412 4130 est:
444 4071 533 4142 qui
570 4076 857 4142 preptcrea
900 4078 1001 4136 pro
1040 4061 1291 4119 omnibus
1332 4066 1576 4113 mortuus
1611 4062 1714 4117 est,
1746 4053 1869 4142 quia

276 4140 478 4220 omnes
502 4140 694 4218 mortui
720 4165 865 4214 sunt.
890 4151 1154 4224 Quidquid
1182 4146 1593 4221 argumenteris,
1614 4140 1871 4217 quidquid

281 4252 663 4325 tergiverseris
684 4248 726 4316 ³,
747 4244 1004 4320 quidquid
1026 4242 1445 4315 apostolicorum
1466 4235 1750 4293 verborum
1777 4249 1871 4289 co-

282 4349 434 4403 neris
452 4354 695 4401 evertere
719 4342 834 4395 sive
857 4345 1180 4409 pervertere,
1209 4348 1239 4388 a
1258 4341 1430 4388 morte
1444 4343 1563 4399 qua:
1584 4328 1636 4383 in
1654 4333 1873 4398 peccato

282 4447 395 4501 cst,
422 4433 796 4506 parvulosnon
826 4427 1064 4483 ostendis
1090 4425 1352 4481 immunes
1389 4437 1403 4474 :
1433 4419 1557 4492 quia
1577 4427 1632 4475 et
1666 4432 1765 4490 pro
1793 4416 1873 4472 eis

280 4524 562 4581 Christum
592 4529 859 4575 mortuum
889 4531 1085 4587 negare
1111 4530 1218 4569 non
1246 4511 1436 4567 audes.

363 4610 643 4670 CLXXVI.
699 4608 821 4664 lue.
881 4605 1018 4674 Quid
1077 4618 1205 4674 ergo
1256 4601 1524 4673 egerimus
1584 4602 1871 4668 appareat;

282 4722 487 4766 omnes,
514 4701 770 4773 plurimos
797 4694 1083 4767 Apostolus
1107 4691 1271 4764 dixit;
1302 4705 1436 4761 quos
1462 4689 1584 4744 ideo
1608 4687 1682 4742 ait
1707 4687 1875 4743 obno—

283 4798 413 4851 xios
438 4792 618 4860 morti,
657 4788 909 4862 quoniam
943 4783 1214 4839 voluntate
1248 4780 1460 4851 propria
1498 4786 1873 4849 peccaverunt.

283 4888 411 4944 Non
439 4887 598 4957 igitur
616 4873 1009 4953 originalegsed
1026 4871 1381 4929 voluntarium
1397 4870 1603 4924 crimen
1628 4876 1874 4923 accusat:

284 4987 352 5032 et
377 4956 559 5032 revera
591 4971 721 5029 nihil
748 4967 891 5024 aliud
914 4965 1150 5022 indicant
1170 4961 1349 5027 verba,
1382 4959 1428 5015 si
1457 4969 1642 5014 earum
1672 4956 1803 5012 ﬁdes
1822 4965 1879 5012 et

284 5066 596 5137 proprietas
620 5061 967 5132 expendatur.
994 5055 1127 5112 Nam
1157 5054 1202 5109 si
1228 5060 1502 5124 peccatum
1523 5047 1768 5104 crederet
1809 5046 1878 5101 ad

288 5168 544 5229 posteros
562 5152 903 5224 generatione
929 5148 1224 5210 transiisse,
1248 5143 1300 5199 id
1325 5153 1429 5209 est,
1457 5141 1523 5196 ad
1549 5154 1644 5195 eos
1669 5140 1758 5209 qui
1805 5138 1886 5193 ibi-

286 5267 410 5308 non
470 5250 709 5307 fuerant,
751 5244 819 5298 ab
885 5242 977 5297 illo
1007 5239 1171 5294 fuisse
1220 5237 1538 5309 jaculatum,
1598 5230 1881 5286 falsissime

284 5356 491 5401 omnes
520 5348 769 5409 peccasse
793 5332 1177 5403 pronuntiaret.

376 5437 509 5487 Auc.
541 5429 758 5483 Possem
793 5424 887 5478 tibi
912 5422 1111 5481 dicere,
1135 5416 1412 5484 Quomodo
1432 5414 1599 5472 secuti
1634 5421 1758 5469 sunt
1786 5426 1885 5483 po-

285 5524 431 5583 steri
461 5519 629 5576 Adam
653 5514 922 5587 peccantis
950 5511 1273 5580 exemplum,
1297 5507 1387 5579 qui
1418 5522 1523 5562 non
1552 5505 1621 5560 ibi
1648 5504 1880 5570 fuerunt,

372 5690 389 5719 ⁸
424 5687 499 5735 sic
518 5690 627 5734 uss.
650 5677 773 5730 ΕΔὶῑὶ
797 5684 979 5733 autem,
1004 5669 1299 5735 clamando.

368 5751 392 5780 ε
425 5729 504 5796 iiii
518 5729 767 5794 ἴ
786 5729 995 5798 additur,
1018 5733 1103 5799 qui
1134 5729 1310 5783 Μογιιή
1329 5733 1455 5781 sunt.
1481 5729 1630 5780 Abest
1665 5740 1693 5778 a
1715 5740 1888 5779 manu-

286 5809 850 5926 ‘W‘ﬁ'fummtpus
869 5857 1163 5912 addldh'nus.
1196 5850 1434 5917 quidquid
1459 5847 1802 5914 terqiverreris.

1566 400 1768 460 uasa
1801 378 2184 454 socuuous.

3395 407 3533 464 I2I8

1963 527 2060 568 nec
2081 515 2253 583 ipsum
2279 522 2554 583 porcinum
2590 515 2673 569 vel
2702 515 2971 581 viderunt,
2987 516 3070 573 vel
3105 516 3408 587 audierunt,
3451 521 3538 577 vel

1958 605 2333 661 crediderunt?
2359 606 2464 662 Sed
2487 623 2592 662 non
2620 609 2722 663 hoc
2746 608 2869 665 dico
2896 626 2911 662 :
2948 626 2966 661 α
3003 610 3126 665 Fuit
3167 612 3310 666 enim
3334 612 3537 676 Adam,

1959 705 2013 751 et
2036 697 2086 751 in
2118 697 2211 751 illo
2229 697 2428 755 fuimus
2455 714 2669 764 omnes;
2697 700 2852 769 periit
2875 701 3066 766 Adam,
3094 702 3337 757 etinillo
3352 717 3543 758 omnes

1957 790 2231 859 perierunt
2255 792 2271 822 ⁸
2306 807 2321 844 :
2348 800 2565 861 propter
2593 793 2735 863 quod
2769 794 2820 848 in
2857 794 2947 849 illo
2972 810 3162 850 omnes
3181 796 3486 851 moriuntur
3510 814 3530 848 ι

1962 880 2293 950 (Ambrosius,
2321 882 2408 936 lib.
2437 884 2468 934 7
2500 883 2551 936 in
2598 882 2719 937 Luc.
2750 900 2837 949 xv,
2879 884 2995 955 Si).
3036 886 3347 954 Apostolmn
3383 886 3541 941 audi-

1956 973 2290 1041 apertissime
2312 973 2639 1044 liquentem,
2671 991 2779 1029 non
2807 985 2859 1031 te
2882 976 3273 1032 tortuosissime
3302 976 3542 1048 garrien-

1958 1072 2087 1119 tam.

2028 1153 2332 1209 CLXXVII.
2356 1154 2473 1210 ιω..
2497 1154 2649 1223 Quod
2684 1157 2826 1211 enim
2855 1172 2995 1211 unus
3021 1156 3171 1222 facit,
3194 1165 3249 1212 et
3288 1156 3354 1211 ad
3407 1156 3549 1212 alios

1957 1244 2157 1315 dirigit,
2194 1261 2299 1301 non
2351 1260 2482 1300 vere
2517 1246 2619 1300 hoc
2664 1260 2854 1301 onmes
2906 1246 3099 1303 fecisse
3136 1246 3386 1302 dicuntur
3412 1264 3425 1301 :
3452 1257 3542 1301 aut

1958 1338 2101 1393 enirn
2133 1337 2439 1407 pertransiit
2464 1337 2530 1393 ad
2550 1352 2666 1403 eos,
2689 1348 2744 1393 et
2762 1338 2867 1406 ipsi
2896 1353 3002 1392 non
3027 1347 3418 1406 peccaverunt;
3448 1348 3541 1392 aut

1961 1427 2058 1498 ipsi
2087 1437 2463 1498 peccaverunt,
2490 1444 2599 1498 quo
2616 1444 2864 1483 sermone
2901 1429 3168 1496 negotium
3206 1429 3543 1499 operationis

1959 1520 2294 1588 exprimitur,
2321 1528 2376 1574 et
2398 1519 2466 1575 ad
2486 1534 2582 1575 eos
2620 1535 2726 1575 non
2756 1520 3063 1591 pertransiit
3101 1521 3202 1575 nisi
3247 1520 3544 1576 imitatione

1959 1612 2093 1667 sola.
2542 1648 2549 1651 ι

2031 1702 2168 1758 Anc.
2191 1700 2246 1757 Si
2268 1702 2388 1772 quis
2437 1701 2847 1771 intemperantia
2877 1701 2979 1756 sibi
3026 1701 3317 1773 podagram
3361 1701 3542 1769 faciat,

1960 1807 2186 1862 namque
2210 1792 2533 1847 transmittat
2570 1794 2625 1846 in
2648 1792 2804 1855 ﬁlios,
2849 1792 2990 1862 quod
3028 1807 3169 1862 saipe
3209 1794 3542 1863 contingit’;

1961 1898 2141 1939 nonne
2167 1894 2313 1938 recte
2355 1884 2569 1949 dicitur,
2611 1884 2661 1936 in
2701 1898 2797 1939 eos
2826 1883 2955 1938 illud
2983 1884 3168 1939 vitium
3210 1884 3283 1939 de
3326 1894 3547 1954 parente

1963 1974 2275 2031 transiisse?
2303 1974 2451 2044 Ipsos
2470 1989 2681 2044 quoque
2708 1973 2813 2029 hoc
2840 1975 2893 2029 in
2925 1984 3147 2046 parente
3170 1974 3386 2040 fecisse,
3410 1990 3548 2044 quo-

1962 2067 2106 2122 niam
2136 2066 2349 2136 quando
2378 2068 2493 2136 ipse
2535 2064 2687 2129 fecit,
2712 2067 2766 2120 in
2811 2066 2903 2121 illo
2932 2065 3174 2131 fuerunt;
3226 2081 3289 2121 ac
3313 2066 3392 2122 sic
3442 2064 3546 2136 ipsi

1962 2165 2123 2229 atque
2147 2159 2236 2213 ille
2259 2156 2435 2212 adhuc
2480 2171 2619 2213 unus
2672 2156 2922 2212 fuerunt?
2964 2160 3205 2212 fecerunt
3237 2171 3394 2227 ergo,
3433 2170 3544 2211 non

1962 2250 2175 2305 actione
2197 2249 2492 2314 hominum,
2528 2247 2624 2303 sed
2667 2248 2873 2302 ratione
2894 2246 3004 2317 jam
3056 2248 3342 2303 seminum.
3391 2247 3546 2316 Quod

1962 2357 2093 2414 ergo
2118 2342 2401 2413 aliquoties
2429 2341 2697 2396 invenitur
2725 2341 2781 2395 in
2808 2341 3052 2409 corporis
3076 2338 3298 2404 morbis,
3352 2340 3455 2396 hoc
3490 2341 3547 2395 io

1963 2435 2058 2490 illo
2086 2434 2246 2488 unius
2271 2432 2292 2464 '
2330 2432 2485 2503 primi
2512 2430 2771 2502 genitoris
2818 2432 3036 2500 antiquo
3077 2445 3375 2500 magnoque
3427 2444 3552 2500 pec-

1964 2535 2110 2590 cato,
2141 2540 2249 2595 quo
2269 2533 2458 2579 natura
2490 2523 2720 2578 humana
2749 2523 2996 2577 universa
3018 2521 3202 2577 vitiata
3227 2531 3326 2588 est,
3355 2521 3557 2577 factum.

1966 2631 2087 2673 esse
2116 2624 2365 2693 noverat,
2392 2615 2481 2684 qui
2530 2613 2858 2669 lucidissima
2888 2611 3183 2680 locutione,
3239 2629 3400 2684 quam
3453 2628 3550 2669 vos

1964 2707 2231 2764 conamini
2256 2694 2549 2772 tenebrare,
2569 2704 2800 2771 dicebat,
2829 2705 2931 2759 Per
2957 2721 3115 2758 unum
3152 2705 3403 2758 hominem
3428 2719 3551 2772 pec-

1964 2809 2133 2853 catum
2158 2796 2406 2852 intravit‘
2433 2797 2486 2850 in
2517 2798 2783 2860 mundum,
2808 2804 2855 2851 et
2881 2812 2970 2865 per
2997 2805 3257 2865 peccatum
3303 2811 3470 2860 mors;
3497 2804 3546 2848 et

1964 2890 2038 2945 ita
2064 2891 2118 2943 in
2144 2905 2316 2943 omnes
2341 2888 2565 2941 homines
2585 2886 2870 2958 pelransiit,
2908 2887 2962 2939 in
2996 2902 3093 2956 quo
3115 2901 3289 2939 omnes
3317 2901 3554 2956 peccare-

1965 2980 2282 3048 renitatem.
2311 2996 2365 3044 v,
2393 2980 2505 3049 I2).
2528 2978 2763 3034 Gratiam
2808 2979 3006 3049 quippe
3028 2977 3227 3031 Christi
3273 2992 3553 3033 commen-

1967 3075 2098 3130 dare
2127 3073 2447 3139 intenderat,
2473 3088 2522 3148 a_
2553 3072 2821 3127 contrario
2861 3071 3085 3125 formam
3112 3068 3471 3134 constituens,
3500 3077 3557 3124 et

1967 3163 2391 3237 regenerationis
2422 3164 2717 3234 principem
2756 3160 2983 3232 principi
3031 3159 3400 3232 generationis
3455 3172 3554 3228 ope

1969 3269 2196 3327 ponens.

2010 3397 2019 3403 .
2040 3342 2361 3402 CLXXVIII.
2390 3343 2512 3400 Jun.
2546 3339 2677 3397 Illud
2697 3350 2874 3397 autem
2901 3341 3043 3412 quod
3066 3349 3117 3396 te
3140 3354 3411 3411 opponere
3429 3353 3552 3397 ere-

1970 3439 2150 3495 didisti
2171 3479 2187 3505 ,
2220 3438 2304 3493 vel
2335 3438 2385 3492 in
2406 3437 2519 3491 isto
2547 3436 2716 3500 libro,
2746 3434 2831 3490 cui
2860 3448 3001 3491 nunc
3030 3432 3331 3503 respondeo
3349 3473 3365 3495 ,
3393 3432 3476 3485 vel
3498 3431 3553 3486 in

1972 3530 2059 3585 his
2098 3544 2235 3600 quos
2270 3529 2335 3584 ad
2378 3526 2741 3583 Marcellinum
2771 3526 3097 3594 scripseras,
3126 3534 3244 3579 tum
3280 3523 3559 3579 transiisse

1971 3630 2280 3692 peccatum,
2316 3637 2336 3672 α
2371 3618 2586 3689 quando
2620 3631 2808 3672 omnes
2843 3616 3090 3671 homines
3106 3655 3127 3680 ,
3161 3633 3182 3667 ι
3218 3624 3273 3670 ιιι
3303 3615 3407 3669 tuis
3429 3629 3554 3669 ver-

1971 3709 2054 3768 bis
2079 3717 2232 3771 utar,
2269 3727 2288 3761 ι
2327 3708 2417 3764 ille
2440 3722 2578 3763 unus
2603 3706 2815 3763 fuerunt
2851 3725 2869 3759 ι
2904 3705 3006 3776 (De
3036 3704 3365 3758 Peccalorum
3397 3702 3557 3758 Heri-

1969 3804 2057 3868 tis,
2083 3811 2131 3856 et
2154 3801 2487 3862 Remissionc,
2517 3799 2607 3854 lib.
2638 3789 2773 3864 I,‘n.
2807 3798 2931 3870 II);
2957 3798 3075 3854 sine
3116 3796 3432 3853 difﬁcultate
3459 3812 3556 3852 ve-

1974 3902 2102 3947 ritas
2126 3892 2354 3958 deterit,
2384 3901 2438 3946 et
2468 3890 2700 3945 irrisioni
2723 3889 2936 3959 cuiusce
2956 3889 2978 3921 ⁸
3009 3888 3285 3959 prudentis
3310 3887 3555 3959 exponit.

1974 3983 2107 4039 Nam
2150 3984 2241 4039 tali
2278 3990 2592 4054 argumento
2640 3975 2835 4051 prater
2874 3982 3200 4049 impietatem
3244 3988 3388 4035 tuam
3427 3977 3559 4035 nihil

1974 4075 2118 4130 aliud
2149 4075 2443 4138 indicatur;
2472 4073 2796 4143 impietatem
2815 4113 2831 4136 ,
2862 4074 3077 4142 inquam
3096 4111 3112 4137 ,
3141 4085 3245 4141 qua
3278 4071 3456 4126 credis
3484 4070 3557 4127 ita

1977 4181 2097 4222 esse
2116 4168 2412 4221 animarum
2450 4164 2722 4220 traducem
2742 4203 2759 4229 ,
2786 4163 2840 4218 in
2869 4162 3182 4219 Tertulliani
3211 4161 3339 4217 olim
3363 4170 3420 4218 et
3445 4162 3559 4217 Ma-

1977 4259 2169 4315 nichazi
2192 4257 2510 4330 profanitate
2532 4256 2832 4313 damnatam
2851 4296 2868 4321 ,
2896 4254 3034 4309 sicut
3056 4262 3139 4311 est
3161 4255 3323 4309 etiam
3362 4268 3561 4324 corpo-

1978 4367 2097 4406 rum
2125 4351 2311 4407 tradux
2345 4366 2359 4404 :
2390 4348 2533 4420 quod
2575 4358 2681 4404 tam
2717 4346 2977 4402 nefarium
3003 4355 3119 4412 est,
3151 4355 3209 4402 ut
3244 4361 3366 4402 eum
3395 4362 3427 4403 a
3458 4361 3560 4402 no-

1978 4444 2062 4501 bis
2099 4445 2153 4500 in
2181 4441 2490 4514 ea'epistola
2509 4484 2525 4510 ,
2555 4457 2713 4514 quam
2743 4442 2809 4498 ad
2849 4441 3120 4501 Orientem
3152 4443 3429 4509 misimus,
3461 4457 3560 4498 vo—

1980 4535 2065 4591 bis
2091 4535 2276 4592 fuisset
2314 4535 2578 4604 ohjectum
2599 4575 2615 4602 ,
2640 4543 2694 4588 tu
2721 4533 2777 4589 in
2801 4533 2886 4589 bis
2905 4533 3085 4602 libris,
3116 4549 3251 4605 quos
3289 4550 3460 4604 nuper
3493 4535 3561 4590 ad

1981 4626 2310 4697 Bonifacium
2341 4625 2553 4690 misisti.
2579 4623 2822 4696 negando
2849 4638 2881 4678 a
2911 4632 2965 4679 te
2987 4608 3299 4694 propulsare
3328 4623 3558 4679 coneris.

1981 4717 2078 4773 Ais
2103 4716 2245 4771 enim
2266 4758 2282 4781 ,
2319 4734 2339 4768 ς
2377 4716 2569 4770 Dicunt
2602 4723 2779 4769 autem
2807 4727 2907 4768 nos
2950 4714 3247 4768 animarum
3288 4713 3559 4769 traducem

1981 4805 2260 4871 conﬁteri;
2293 4804 2433 4874 quod
2459 4805 2512 4858 in
2539 4803 2690 4873 cujus
2709 4801 2861 4858 libris
2888 4802 3113 4873 legerint
3136 4803 3316 4858 nescio
3350 4821 3371 4855 ι
3410 4802 3563 4873 (Con.

1982 4909 2061 4954 ενα
2104 4898 2232 4952 duas
2262 4892 2520 4965 Epistolas
2544 4890 2976 4965 Pelagianorum,
3010 4893 3096 4947 lib.
3137 4895 3202 4956 '5,
3237 4910 3291 4949 η.
3330 4893 3423 4965 26)
3458 4910 3471 4947 :
3507 4906 3565 4951 nt

1982 5005 2013 5044 a
2042 4998 2097 5045 te
2122 4987 2368 5044 videlicet
2392 4984 2522 5041 nibil
2568 4985 2672 5040 dici
2711 4984 2817 5040 tale
2842 4982 3053 5054 dejeres
3073 4985 3114 5037 ⁸.
3147 4984 3315 5040 Porro
3333 5027 3349 5051 ,
3380 4992 3438 5040 nt
3466 4987 3563 5041 fato

1985 5078 2114 5135 sitas
2134 5089 2219 5134 tua
2259 5086 2465 5133 tuorum
2486 5076 2772 5131 verborum
2797 5074 3081 5130 collatione
3107 5074 3362 5146 prodatur
3381 5116 3396 5139 ,
3426 5093 3563 5146 quo-

1986 5169 2145 5225 modo
2170 5168 2443 5225 traducem
2482 5166 2776 5222 animarum
2795 5206 2813 5232 ,
2840 5163 3117 5235 profanam
3143 5183 3328 5222 revera
3351 5168 3561 5235 opinio-

1988 5276 2110 5318 nem
2132 5303 2153 5328 ,
2178 5261 2282 5315 tuis
2319 5258 2455 5316 dicis
2482 5258 2728 5315 sensibus
2768 5271 2874 5312 non
2902 5256 3103 5323 teneri;
3144 5272 3266 5313 cum
3313 5256 3565 5328 proﬁtea-

2053 5417 2072 5449 ¹
2106 5414 2228 5486 Ed“!
2244 5409 2495 5486 ’-νείφει
2519 5408 2701 5486 4‘9".»
2731 5408 3132 5486 49'”,
3153 5416 3483 5486 νεεεριεηηῖιι·
3508 5419 3567 5462 Al

1988 5471 2326 5536 manuscripti,
2352 5480 2410 5522 ut
2429 5471 2553 5536 apud
2580 5472 2905 5536 Ambrosium,
2932 5471 3445 5536 petiit..,.‘perierunt.

2054 5540 2076 5603 ξ
2109 5531 2260 5603 Itaex
2278 5531 2507 5603 menenio
2531 5540 2583 5582 et
2604 5534 2884 5603 \‘ignierioi.
2911 5531 2961 5582 lu
2985 5539 3055 5593 Β..
3077 5531 3289 5597 contigit.
3353 5539 3413 5581 lt.

2056 5600 2080 5665 ξ
2109 5598 2246 5665 miti,
2269 5594 2571 5665 illiusuttssq
2594 5594 2781 5665 satius“

2056 5662 2079 5693 δ
2111 5660 2185 5731 sic
2204 5665 2309 5731 Mss:
2336 5664 2392 5706 AI.
2411 5656 2528 5705 miti
2542 5688 2560 5717 ,
2585 5664 2677 5707 Per
2698 5655 2840 5707 unius
2860 5655 3063 5708 hominis
3085 5662 3331 5722 peccatum
3345 5693 3361 5716 ,
3393 5664 3567 5721 pecca-

1994 5730 2098 5777 tum
2117 5724 2326 5770 intrarit.

2059 5784 2083 5851 ξ
2114 5781 2251 5851 miti,
2274 5777 2521 5851 cujusgue.
2546 5782 2678 5843 uss,
2694 5777 2904 5843 cuiusce.

2062 5846 2085 5877 ο
2116 5850 2165 5892 tn
2189 5849 2315 5902 Mss...
2339 5840 2550 5901 ddum.
