4126 6496
520 397 661 453 lilii)

521 516 593 569 ris
612 553 626 577 ,
653 523 845 566 omnes
863 507 1110 563 homines
1134 505 1282 560 illum
1320 519 1483 559 unum
1514 502 1715 558 fuisse?
1739 500 1794 556 Si
1826 499 1968 555 enim
2000 514 2105 551 non

516 602 694 660 credis
725 610 926 673 partem
971 600 1164 653 anima:
1207 597 1503 652 seminibus
1544 595 1832 666 illigatam;
1865 606 1972 661 quo
2015 604 2111 644 ore

519 701 712 757 scribis
735 742 750 767 ,
780 712 970 754 omnes
1024 695 1269 750 homines
1314 692 1483 748 Adam
1530 691 1702 746 solum
1752 687 1913 742 luisse
1936 726 1952 753 ,
1983 699 2106 739 cum

520 794 683 848 homo
728 793 910 863 utique
955 790 1058 845 nisi
1086 790 1265 844 anima
1312 796 1367 843 et
1393 799 1589 855 corpus
1630 782 1788 837 simul
1833 794 1955 837 esse
2002 793 2108 833 non

520 890 690 961 possit
711 887 734 942 l

592 982 729 1037 Aes.
755 979 913 1035 Putas
939 976 1209 1032 hominem
1240 988 1345 1029 non
1373 986 1531 1043 posse
1559 969 1662 1025 dici
1683 969 1853 1024 solum
1878 964 2111 1021 hominis

520 1086 716 1140 corpus
745 1088 759 1125 :
790 1086 911 1124 eum
941 1069 1078 1123 scias
1106 1068 1275 1136 ipsum
1305 1064 1497 1119 Filium
1529 1062 1619 1117 Dei
1646 1061 1862 1115 unicum
1884 1099 1898 1123 ,
1932 1055 2115 1112 Domi-

522 1180 649 1220 num
673 1172 915 1218 nostrum
934 1160 1115 1216 Iesum
1135 1158 1427 1220 Christum,
1460 1156 1560 1210 sub
1590 1153 1778 1209 Pontio
1802 1151 1971 1205 Pilato
1991 1164 2112 1202 cru-

521 1256 761 1319 ciﬁxum,
794 1262 849 1307 et
867 1251 1131 1322 sepultum
1150 1290 1164 1313 ,
1187 1249 1324 1303 sicut
1345 1256 1450 1302 tota
1476 1246 1592 1315 ejus
1619 1243 1857 1299 Ecclesia
1884 1241 2106 1295 confiteo

523 1360 648 1416 tur,
688 1355 744 1402 et
781 1345 1018 1400 hatreses
1054 1343 1271 1406 multm”,
1312 1340 1364 1393 in
1408 1337 1600 1407 quibus
1628 1345 1684 1391 et
1710 1343 1884 1389 vestra
1924 1340 2035 1397 est;
2059 1337 2116 1385 et

525 1452 702 1497 tamen
724 1440 897 1494 solum
917 1451 1110 1506 corpus
1133 1432 1328 1490 Christi
1358 1431 1622 1500 sepultum
1650 1438 1751 1484 est.
1780 1426 1964 1481 Debuit
1986 1437 2115 1493 ergo

523 1534 815 1591 secundum
843 1542 894 1586 te
920 1530 1079 1586 Jesus
1101 1527 1345 1582 Christus
1371 1523 1536 1578 Filius
1566 1521 1659 1575 Dei
1682 1520 1867 1573 unicus
1889 1517 1906 1550 ί
1936 1516 2116 1571 Domi-

524 1643 627 1684 nus
660 1635 841 1681 noster
874 1638 981 1679 non
1018 1620 1122 1675 diei
1163 1618 1432 1688 sepultus;
1461 1612 1710 1685 quoniam
1751 1626 1855 1663 non
1896 1623 1962 1662 ex
2000 1606 2116 1661 solo

523 1733 770 1790 corpore,
803 1715 896 1771 sed
927 1728 994 1769 ex
1023 1712 1198 1767 Verbo
1230 1709 1322 1763 Dei
1356 1717 1409 1762 et
1432 1706 1608 1759 anima
1638 1700 1881 1757 rationali
1912 1705 1968 1754 et
1990 1713 2114 1753 cor-

524 1824 655 1884 pore
677 1818 761 1865 est
786 1807 1034 1864 Christus
1064 1804 1158 1860 Dei
1183 1800 1350 1857 Filius
1380 1798 1568 1853 unicus
1598 1796 1859 1851 Dominus
1882 1802 2064 1847 noster
2097 1804 2113 1846 ε

523 1904 617 1960 scd
639 1919 760 1959 cum
789 1901 1028 1958 venisset
1051 1896 1118 1952 ad
1145 1896 1261 1951 hare
1287 1893 1447 1948 verba
1474 1889 1762 1952 confessio,
1781 1887 1895 1943 Sub
1926 1885 2116 1940 Pontio

524 1998 694 2052 Pilato
729 1993 1017 2049 cruciﬁxus
1055 1997 1164 2054 est;
1207 1985 1396 2055 subjici
1431 1982 1651 2047 debuit,
1684 1988 1740 2035 et
1778 1992 1971 2047 corpus
2000 1975 2117 2045 ejus

523 2089 810 2158 sepultum.
840 2084 951 2140 Nec
976 2083 1043 2139 de
1078 2082 1195 2152 ipso
1224 2079 1398 2149 primo
1432 2074 1670 2137 homine,
1696 2072 1765 2127 de
1791 2085 1898 2140 quo
1917 2068 2114 2140 agitur,

523 2183 703 2239 dicere
739 2179 1015 2250 Scriptura
1042 2174 1257 2240 debuit,
1285 2166 1460 2225 Finxit
1491 2167 1629 2222 Deus
1665 2165 1921 2218 hominem
1946 2161 2119 2233 pulve-

524 2288 631 2330 rem
666 2285 813 2329 terra:
834 2270 987 2345 (Gen.
1016 2283 1076 2333 lt,
1108 2268 1163 2338 7)
1188 2283 1203 2320 :
1226 2264 1347 2335 quia
1375 2262 1548 2316 solum
1574 2256 1808 2314 hominis
1827 2267 2022 2324 corpus
2048 2266 2117 2307 ex

526 2379 667 2423 terra
701 2375 803 2420 est.
831 2342 1008 2434 Ipsum
1044 2358 1278 2427 denique
1307 2356 1471 2410 Demn
1507 2364 1718 2406 errasse
1742 2348 2003 2410 clamate,
2025 2342 2117 2414 qui

528 2466 754 2513 mortem
784 2452 1058 2517 minando,
1082 2448 1216 2505 dixit
1243 2444 1470 2509 homini,
1499 2441 1662 2497 Terra
1680 2457 1754 2505 es,
1777 2448 1826 2494 et
1850 2439 1903 2492 in
1932 2445 2118 2491 terram

526 2550 624 2605 ibis
651 2547 758 2619 (Id.
782 2563 860 2611 Ill,
886 2543 973 2617 I9)
1005 2561 1019 2599 :
1044 2557 1165 2598 cum
1193 2539 1369 2612 potius
1394 2553 1457 2593 ex
1490 2543 1576 2591 tua
1601 2532 1840 2588 doctrina
1874 2526 2119 2615 debuerit

526 2641 727 2707 dicere,
755 2638 922 2694 Terra
947 2641 1032 2691 est
1058 2646 1253 2703 corpus
1282 2640 1453 2694 tuum,
1475 2637 1530 2684 et
1550 2628 1602 2681 in
1630 2634 1824 2680 terram
1846 2622 1962 2677 ibit.
1984 2620 2118 2688 Quia

527 2747 657 2803 ergo
690 2749 709 2784 ι
756 2729 853 2784 fuit
882 2726 1069 2792 Adam,
1098 2733 1155 2779 et
1181 2722 1238 2778 in
1275 2723 1366 2777 illo
1402 2719 1597 2775 fuimus
1625 2730 1814 2771 omnes
1844 2734 1863 2765 ι
1890 2713 2113 2783 (Ambr.,

531 2823 621 2879 lib.
652 2824 720 2890 ‘7,
747 2822 800 2876 in
828 2819 956 2875 Luc.
991 2833 1093 2885 xv,
1113 2813 1207 2887 24)
1228 2856 1242 2880 ,
1269 2812 1409 2885 quod
1437 2821 1563 2867 ante
1600 2823 1700 2864 nos
1735 2804 1981 2862 catholici
2018 2803 2118 2858 do-

527 2926 707 2972 ctores
728 2912 1019 2970 secundum
1039 2909 1342 2980 Scripturas
1361 2912 1572 2959 sanctas
1598 2901 1650 2956 in
1670 2910 1853 2955 sancta
1881 2894 2119 2952 Ecclesia

530 3007 853 3070 didicerunt,
885 3011 1045 3074 atque
1072 3000 1402 3063 docuerunt;
1438 2994 1561 3051 ideo
1584 2991 1721 3059 dixi,
1751 3009 1771 3043 ι
1799 2988 2003 3046 Omnes
2029 2985 2120 3040 ille

529 3109 670 3154 unus
695 3097 941 3161 luerunt;
974 3112 992 3146 ι
1023 3094 1148 3164 quia
1169 3099 1224 3147 et
1259 3089 1334 3145 illi
1367 3087 1496 3154 duo,
1519 3081 1789 3141 masculus
1813 3090 1869 3137 et
1897 3078 2116 3144 femina,

528 3206 637 3248 non
654 3190 765 3261 jam
792 3189 900 3244 duo
926 3194 1114 3252 erant,
1142 3182 1239 3240 sed
1262 3197 1368 3237 una
1397 3195 1523 3235 caro
1548 3175 1762 3246 (Matth.
1786 3188 1876 3229 xtx
1895 3214 1911 3239 ,
1941 3171 2018 3243 6).
2052 3171 2122 3226 Et

529 3298 631 3355 ego
654 3282 724 3338 de
747 3279 999 3336 omnibus
1016 3277 1211 3349 genitis
1233 3275 1343 3331 dixi
1366 3316 1383 3342 ,
1411 3272 1661 3345 quoniam
1686 3267 1901 3341 quando
1933 3278 2125 3337 pecca-

530 3386 646 3432 tum
686 3384 806 3441 est,
834 3386 1023 3428 omnes
1050 3370 1138 3426 ille
1175 3381 1315 3424 unus
1353 3363 1568 3420 fuerunt
1607 3379 1623 3417 :
1662 3359 1898 3416 nOndum
1925 3355 2124 3427 quippe

533 3469 658 3526 inde
697 3466 869 3524 fuerat
897 3462 1037 3520 ullus
1067 3463 1119 3517 in
1145 3469 1372 3516 matrem
1400 3454 1758 3514 seminatione
1787 3449 2120 3514 translusus;

534 3570 588 3619 et
609 3561 791 3632 utique
821 3557 914 3613 lilii
951 3570 982 3610 a
1009 3555 1138 3610 viris
1163 3550 1604 3608 transfuuduutur
1626 3547 1678 3602 in
1717 3543 1963 3601 feminas.
1999 3541 2064 3596 Et
2100 3540 2123 3572 ²

532 3630 772 3725 qualibet
794 3662 945 3721 ergo,
975 3654 1030 3703 et
1048 3644 1378 3717 quantalibet
1404 3647 1573 3714 parte,
1605 3650 1794 3693 omnes
1818 3633 1910 3706 qui
1938 3647 2002 3687 ex
2030 3630 2124 3685 illo

534 3724 641 3805 nati
682 3753 824 3811 sunt,
870 3743 958 3797 ille
1001 3752 1141 3795 unus
1184 3737 1417 3803 fuerunt,
1465 3737 1579 3789 sive
1618 3728 1911 3787 secundum
1951 3724 2125 3779 solum

535 3851 768 3908 corpus,
813 3834 927 3889 sive
967 3829 1260 3886 secundum
1302 3837 1585 3896 utramque
1612 3819 1846 3878 hominis
1874 3825 2122 3887 partem;

535 3905 678 3999 quod
703 3940 789 3982 me
820 3924 1026 3979 nescire
1051 3920 1334 3984 conﬁteor,
1358 3932 1456 3973 nec
1478 3930 1564 3970 me
1590 3912 1776 3985 pudet,
1804 3920 1867 3966 ut
1890 3923 2010 3975 vos,
2043 3905 2125 3961 fa-

538 3997 639 4076 teri
666 4014 876 4074 nescire
899 4013 1040 4087 quod
1070 4010 1252 4069 nescio
1284 4027 1299 4068 :
1333 4024 1433 4065 nec
1471 4007 1592 4063 ideo
1618 4015 1795 4061 tamen
1829 4001 2032 4066 nescio,
2058 3997 2127 4055 de

537 4110 682 4168 omni
713 4108 931 4165 homine
956 4106 1211 4177 scriptum
1237 4115 1378 4167 esse,
1410 4098 1579 4155 Homo
1599 4095 1808 4152 vanitati
1835 4092 2016 4149 similis
2041 4091 2127 4162 fa-

527 4216 648 4260 ctus
675 4210 788 4266 est;
817 4201 923 4256 dies
950 4200 1058 4271 ejus
1084 4195 1223 4252 velut
1260 4192 1436 4249 umbra
1467 4196 1769 4261 prtetereunt
1795 4184 1913 4258 (Ps.
1944 4198 2124 4250 chut,

538 4295 629 4368 At);
660 4293 783 4366 quia
803 4300 858 4347 et
880 4290 1007 4346 alibi
1033 4286 1220 4344 eadem
1241 4293 1423 4342 sancta
1444 4283 1717 4351 Scriptura
1737 4277 1884 4342 dicit,
1916 4273 2129 4330 Verums

541 4367 708 4441 tamen
736 4384 967 4438 universa
992 4380 1188 4435 vanitas
1213 4376 1376 4431 omnis
1404 4375 1552 4429 homo
1573 4373 1740 4427 vivens
1764 4367 1880 4442 (Ps.
1905 4379 2126 4430 xxxvut,

541 4477 598 4551 ϐ)
631 4495 645 4531 :
676 4474 818 4548 quod
839 4473 984 4544 justo
1013 4471 1123 4527 Deo
1152 4475 1370 4525 creante
1399 4480 1504 4521 non
1534 4465 1720 4527 fieret,
1762 4460 1807 4517 si
1848 4468 2127 4530 peccatum

541 4568 800 4642 originale
828 4580 934 4621 non
963 4573 1128 4621 esset.

612 4656 896 4719 CLXXIX.
935 4656 1055 4714 IUL.
1095 4650 1303 4711 Deinde
1331 4649 1538 4706 etiamsi
1577 4647 1678 4704 hoc
1708 4645 1881 4702 solum
1906 4643 1972 4700 ad
2007 4659 2131 4699 care

543 4772 667 4814 nem
712 4752 941 4817 referas;
983 4764 1084 4804 nec
1126 4747 1205 4803 sic
1248 4753 1423 4817 potest
1465 4733 1580 4798 haec
1615 4739 1981 4812 intelligentiae
2030 4748 2131 4793 tum

545 4847 757 4907 fatuitas
784 4846 1027 4905 excusari
1048 4886 1063 4908 ,
1095 4858 1195 4915 qua
1235 4839 1403 4904 dicis,
1439 4856 1457 4890 ι
1488 4837 1686 4893 Omnes
1726 4835 1815 4891 ille
1844 4849 1979 4889 unus
2018 4832 2134 4887 fue-

547 4954 705 5006 runt;
736 4960 757 4995 ι
786 4956 906 4996 cum
929 4954 994 4995 eo
1021 4948 1261 5006 tempore
1282 4946 1387 5003 quo
1409 4930 1646 5001 peccavit
1670 4928 1862 4992 Adam,
1883 4923 1994 4997 jam
2025 4925 2133 4980 duo

545 5043 726 5090 essent
755 5028 1026 5094 homines,
1059 5043 1165 5082 non
1196 5038 1370 5089 unus,
1399 5022 1450 5077 id
1480 5027 1582 5088 est,
1607 5021 1721 5092 ipse
1744 5027 1800 5074 et
1828 5032 1961 5072 uxor
1981 5016 2130 5086 ejus;

547 5128 615 5182 de
642 5139 865 5196 quorum
893 5119 1187 5177 substantia
1208 5158 1223 5185 ,
1257 5133 1362 5176 non
1392 5114 1545 5184 culpa
1570 5155 1585 5180 ,
1610 5128 1777 5184 genus
1808 5110 2084 5165 hominum
2114 5113 2145 5176 ,”

548 5216 840 5275 secundum
862 5214 1001 5287 quod
1032 5214 1172 5268 Deus
1199 5210 1520 5275 instituerat,
1549 5205 1847 5278 pullulavit.

620 5310 757 5365 Δια.
797 5304 915 5362 Jam
962 5302 1092 5372 dixi,
1138 5311 1193 5358 et
1224 5316 1351 5358 ecce
1388 5300 1577 5354 iterum
1615 5296 1776 5353 dico:
1811 5312 1911 5369 ego
1956 5296 2025 5352 de
2056 5294 2139 5353 his

552 5402 659 5458 dixi
684 5442 702 5467 ,
730 5419 749 5451 α
782 5398 980 5455 Omnes
1010 5396 1096 5452 ille
1121 5410 1257 5450 unus
1288 5393 1519 5456 luerunt,
1558 5409 1578 5444 ι
1610 5404 1745 5461 quos
1771 5388 1943 5445 fuerat
1972 5389 2137 5444 semi-

554 5503 806 5555 naturus,
833 5488 885 5545 id
910 5497 1021 5553 est,
1050 5495 1399 5557 generaturus
1431 5483 1620 5537 Adam.
1651 5479 1733 5535 Ex
1761 5480 1851 5533 illo
1880 5494 2007 5547 ergo
2034 5492 2141 5533 una

555 5583 917 5658 principaliter
939 5590 1091 5636 erant
1117 5577 1334 5634 tractari
1360 5584 1640 5631 nascentes
1665 5573 1922 5643 originale
1952 5586 2144 5642 pecca-

619 5761 635 5793 ³
671 5758 819 5816 Editi,
874 5755 1039 5806 Debuit
1061 5769 1163 5806 esse
1186 5755 1447 5807 secundum
1480 5752 1587 5815 ejus
1610 5746 1905 5798 divinitatem
1926 5748 2144 5801 Christus

553 5821 686 5887 ﬁlias
715 5821 799 5871 ne.‘
821 5821 989 5869 unicus
1015 5828 1108 5887 etc.
1138 5820 1453 5869 Etnc.ul.t..tur
1480 5829 1543 5866 ex
1570 5816 1924 5875 manuscriitts.

623 5885 645 5916 ⁸
674 5893 747 5933 suc
771 5890 874 5931 Mss.
899 5888 951 5929 At
977 5880 1117 5939 editi,
1156 5892 1232 5928 ex.

1193 388 1439 448 OI’ERIS
1477 382 1892 444 IMPERFEC'I‘I
1930 378 2207 438 CONTRA
2247 375 2615 443 JULIANUM,
2656 376 2715 436 S.
2757 374 3128 436 AUGUSTINI

3672 377 3810 440 I210

2225 525 2336 569 tum
2359 556 2375 582 ,
2407 516 2497 586 qui
2522 515 2718 586 genuit.
2753 514 2842 570 Illa
2870 526 3047 572 autem
3076 518 3216 588 (qua
3241 518 3523 588 conjuncta
3550 517 3658 574 duo
3697 519 3815 574 fne-

2220 605 2380 677 runt)
2421 606 2563 677 quod
2598 607 2827 678 excepit,
2859 609 3141 678 concepit,
3190 609 3501 680 peperitque
3555 613 3817 680 posterior

2219 697 2460 769 quamvis
2485 699 2789 767 peccaverit
2819 699 2983 768 prior.
3007 698 3160 755 Unde
3184 709 3238 755 et
3262 709 3444 755 sancta
3465 697 3741 770 Scriptura
3765 703 3817 755 iu

2220 788 2414 843 lumbis
2467 788 2634 858 patris
2662 789 2930 844 Abraham
2992 791 3122 846 dicit
3174 789 3338 846 fuisse
3378 791 3516 846 ﬁlios
3557 791 3718 858 Levi,
3763 804 3817 848 et

2221 880 2277 934 in
2330 879 2420 933 illo
2457 894 2488 933 a
2533 880 2812 936 sacerdote
2874 881 3264 938 Melchisedech
3310 883 3474 937 luisse
3519 884 3814 939 decimatas

2224 970 2408 1040 (Hebr.
2437 987 2530 1038 vn,
2558 972 2759 1044 540):
2805 971 2873 1027 ad
2912 972 3168 1030 Hebraaos
3221 974 3511 1044 Epistulam
3566 974 3682 1044 lege
3706 1016 3721 1041 ,
3760 984 3816 1031 ct

2220 1061 2455 1134 linguam
2484 1062 2718 1134 corrige.

2289 1152 2548 1209 CLXXX.
2586 1152 2706 1210 JUL.
2748 1153 2991 1224 Denique
3017 1155 3171 1211 Abeli
3203 1156 3220 1188 ⁸
3252 1155 3359 1211 ﬁlio
3390 1168 3670 1227 parentum
3693 1172 3817 1228 pec-

2218 1256 2394 1302 catum
2428 1246 2560 1301 nihil
2591 1247 2837 1302 nocuisse
2856 1287 2870 1311 ,
2894 1249 3147 1305 Sanctitas
3181 1248 3299 1319 ejus
3326 1248 3614 1320 Seripturis
3637 1252 3814 1306 omni-

2220 1340 2319 1396 bus
2347 1340 2614 1396 celebrata
2646 1350 2892 1397 testatur.

2291 1435 2428 1489 Avo.
2467 1431 2577 1489 Cur
2602 1450 2730 1505 ergo
2755 1449 2860 1489 non
2892 1433 3063 1504 ipsum
3089 1434 3266 1506 posuit
3291 1434 3579 1506 Apostolus
3603 1436 3815 1491 imitan-

2220 1523 2346 1579 dum
2368 1564 2384 1591 ,
2415 1525 2503 1596 qui
2536 1526 2737 1595 primus
2756 1526 2935 1597 justus
2962 1527 3088 1591 fuit;
3120 1528 3213 1582 sed
3235 1540 3355 1583 cum
3384 1528 3451 1582 de
3477 1528 3686 1582 duolms
3718 1529 3815 1583 ho-

2221 1615 2454 1671 minibus
2499 1620 2713 1687 ageret,
2760 1634 2989 1687 quorum
3033 1627 3170 1673 untts
3215 1619 3266 1673 in
3312 1620 3814 1675 condemnationem

2220 1706 2479 1768 mitteret,
2506 1706 2642 1761 alter
2667 1708 2718 1761 in
2743 1706 3200 1776 justificatiouem,
3236 1708 3404 1763 Adam
3431 1709 3566 1765 dixit
3588 1707 3815 1765 ehChri-

2220 1796 2403 1851 s'tum?
2423 1796 2480 1852 Si
2520 1808 2694 1852 autem
2721 1796 2851 1853 Abel
2880 1794 3049 1868 legent
3081 1813 3186 1854 non
3214 1796 3444 1854 habebat
3482 1800 3534 1854 in
3559 1800 3815 1854 membris

2220 1895 2606 1957 repugnantem
2635 1888 2735 1957 legi
2769 1887 2964 1942 mentis
2994 1884 3169 1959 (Rom.
3204 1903 3277 1942 vu
3297 1930 3312 1955 ,
3343 1887 3468 1959 25),
3495 1904 3652 1958 quam
3677 1890 3815 1944 sicut

2214 1977 2392 2047 justus
2417 1973 2715 2033 debellabat
2742 1979 2998 2035 interiore
3024 1980 3320 2037 certamine
3342 2022 3359 2049 ,
3387 1991 3439 2035 et
3467 1981 3510 2036 si
3535 1996 3660 2037 caro
3693 1981 3814 2050 ejus

2220 2079 2327 2123 non
2355 2070 2767 2140 concupiscebat
2793 2071 3049 2126 adversus
3074 2071 3320 2141 spiritum
3351 2064 3548 2142 (Galat.
3584 2087 3616 2126 v
3639 2112 3654 2137 ,
3685 2072 3775 2142 I7)
3796 2112 3811 2134 ,

2220 2155 2356 2213 nihil
2394 2159 2443 2214 ei
2489 2169 2749 2215 nocuerat
2776 2170 3051 2229 peccatum
3092 2171 3395 2231 parentum.
3424 2160 3529 2216 Sed
3574 2161 3813 2232 quisquis

2221 2249 2380 2305 talem
2410 2249 2540 2305 dicit
2577 2250 2741 2306 fuisse
2770 2250 2937 2314 Abel,
2967 2251 3111 2306 dicat
3154 2266 3279 2306 eum
3308 2267 3526 2307 carnem
3570 2267 3675 2306 non
3716 2251 3814 2304 ha-

2219 2338 2404 2395 buisse
2433 2341 2670 2410 peccati:
2707 2355 2829 2396 cum
2870 2342 3052 2410 procul
3077 2340 3242 2396 dubio
3271 2342 3527 2396 Dominus
3571 2339 3813 2396 Christus

2220 2445 2329 2486 non
2357 2430 2629 2487 habuisset
2658 2431 3058 2487 similitudinem
3088 2433 3266 2488 carnis
3292 2430 3518 2504 peccati,
3548 2432 3650 2487 nisi
3672 2433 3813 2487 alios

2219 2532 2339 2579 rum
2367 2524 2605 2578 omnium
2633 2523 2907 2578 hominum
2936 2533 3079 2581 esset
3113 2539 3239 2578 caro
3266 2524 3491 2594 peccati.

2292 2611 2573 2668 CLXXXI.
2613 2612 2734 2668 JUL.
2774 2613 2818 2668 Ε
2848 2613 3065 2685 regione
3091 2615 3240 2681 Cain,
3269 2614 3498 2682 invidus,
3528 2613 3812 2685 parricida,

2220 2699 2289 2760 de
2316 2704 2503 2759 eadem
2543 2713 2731 2760 natura
2772 2706 3110 2776 progenitus,
3152 2721 3259 2759 non
3309 2705 3498 2760 eadem
3544 2705 3818 2761 voluntate

2222 2803 2507 2864 provectus
2530 2838 2546 2863 ,
2586 2793 2999 2851 excarniﬁcante
3021 2797 3255 2851 animum
3294 2807 3529 2852 tremore
3554 2805 3812 2851 vastatur.

2221 2880 2365 2956 Ergo
2392 2886 2443 2940 in
2472 2885 2615 2942 hunc
2641 2886 2896 2941 mundum
2926 2896 3200 2957 peecatum
3233 2887 3460 2943 intrasse
3486 2902 3581 2958 per
3608 2903 3768 2942 unum
3795 2927 3810 2952 ,

2221 2977 2511 3050 Apostolus
2535 2978 2704 3045 dixit,
2736 2988 2791 3035 et
2833 2994 2926 3049 per
2958 2988 3234 3049 peccatt‘hn
3263 2988 3491 3035 mortem
3516 3014 3532 3046 ,
3561 2987 3615 3034 et
3660 2979 3729 3033 ita
3761 2978 3815 3034 iu
3916 2973 3921 2977 ’

2221 3086 2409 3128 omnes
2457 3070 2704 3127 homines
2747 3080 2972 3127 mortem
3013 3071 3368 3142 pertransisse
3420 3072 3510 3142 qui
3561 3087 3816 3143 peccave-

2222 3173 2383 3221 runt:
2427 3179 2548 3236 qua:
2581 3165 2844 3220 sententia
2871 3162 3136 3218 catholico
3173 3163 3407 3235 dogmati
3445 3164 3773 3219 conveniens
3796 3198 3814 3230 ς

2223 3255 2353 3311 nihil
2382 3254 2537 3311 vobis
2566 3251 2800 3325 impertit
2826 3252 3028 3309 auxilii.

2295 3348 2431 3404 Anc.
2489 3346 2711 3401 Mortem
2759 3360 2879 3400 cum
2923 3352 3142 3415 peccato
3187 3345 3541 3414 pertransisse
3588 3343 3822 3400 ostendit

2224 3438 2534 3510 Apostolus,
2563 3438 2812 3504 dicendo,
2842 3429 2909 3492 Et
2935 3438 3009 3492 ita
3034 3437 3087 3492 in
3117 3446 3287 3492 attines
3311 3437 3539 3492 homines
3560 3446 3819 3508 pertrans-

2225 3528 2307 3586 iit.
2335 3531 2562 3602 Propter
2592 3530 2693 3586 hoc
2732 3539 2787 3587 et
2826 3527 3055 3586 infantes
3083 3544 3205 3584 cum
3231 3529 3586 3600 baptizantur,
3619 3515 3827 3583 eruun-'

2227 3632 2316 3679 tur
2349 3623 2417 3680 de
2455 3628 2716 3695 potestate
2765 3624 3144 3680 tenebrarum:
3190 3622 3423 3694 alioquin
3463 3638 3586 3677 cum
3628 3636 3816 3692 magna
3916 3663 3920 3667 .

2226 3716 2418 3784 injuria
2448 3715 2560 3781 Dei,
2590 3716 2726 3770 sicut
2748 3710 2859 3786 jam
2882 3710 3139 3779 diximus,
3161 3722 3216 3770 et
3239 3726 3383 3784 sa-pe
3407 3713 3690 3768 dicendam
3712 3723 3815 3779 est,

2227 3805 2561 3861 exorcizatur
2599 3814 2653 3860 et
2695 3805 3006 3859 cxsulllatur
3047 3804 3222 3875 imago
3252 3804 3379 3868 Dei,
3408 3805 3451 3858 si
3485 3822 3588 3858 uou
3633 3804 3702 3858 ibi
3732 3804 3821 3858 ille

2228 3896 2561 3951 exorcizatur
2584 3903 2640 3950 et
2664 3895 2975 3951 exsuﬁlatur
3007 3895 3252 3966 princeps
3278 3896 3497 3958 mundi,
3532 3896 3618 3965 qui
3654 3895 3822 3948 mitti-

2230 3995 2316 4042 tur
2342 3985 2484 4041 foras
2505 3985 2685 4054 (Joan.
2719 4003 2809 4051 xu,
2842 3987 2933 4058 '5l)
2958 4027 2973 4055 ,
3005 3995 3063 4040 ut
3084 3987 3154 4041 sit
3179 3986 3286 4041 illic
3317 3986 3571 4040 habitatio
3595 3986 3825 4057 Spiritus

2229 4080 2417 4134 sancti.
2466 4075 2655 4134 Scelus
2696 4087 2873 4133 autem
2923 4078 3065 4148 quod
3112 4075 3239 4133 fecit
3285 4077 3438 4143 Cain,
3491 4078 3558 4132 ad
3605 4077 3825 4148 originis

2230 4186 2444 4226 causam
2474 4182 2580 4225 non
2609 4170 2859 4241 pertinet,
2889 4169 3140 4240 quoniam
3176 4169 3449 4223 voluntate
3477 4170 3821 4224 commissum

2230 4273 2313 4319 est
2333 4265 2376 4318 ⁸.

2302 4347 2604 4411 CLXXXII.
2647 4348 2764 4407 Jac.
2806 4347 2900 4405 llis
2924 4349 3066 4405 enim
3094 4356 3177 4405 est
3204 4350 3445 4404 ordinata
3473 4350 3671 4414 verbis,
3703 4349 3825 4421 qui.

2232 4447 2333 4502 bus
2366 4441 2671 4515 exemplum
2714 4440 3020 4513 prarcedens
3040 4481 3056 4508 ,
3086 4449 3141 4496 et
3176 4441 3408 4497 studiqu
3451 4457 3682 4512 sequens
3710 4442 3829 4496 imi‘

2235 4536 2396 4592 tantis
2422 4533 2740 4590 ostenditur.

2304 4628 2441 4683 Anc.
2480 4624 2598 4681 Jam
2640 4625 2735 4680 tibi
2781 4623 2984 4679 dictum
3025 4635 3151 4680 est:
3202 4623 3335 4679 Abel
3379 4638 3507 4694 ergo
3544 4622 3597 4677 ei
3646 4621 3830 4675 debuit

2233 4720 2428 4793 opponi
2453 4735 2483 4773 a
2513 4720 2776 4774 contraria
2811 4726 2983 4789 parte,
3013 4733 3119 4773 non
3145 4716 3413 4775 Christus.

2304 4808 2635 4868 CLXXXIII.
2676 4812 2797 4867 Jun.
2826 4803 3093 4866 Caeterum
3120 4810 3163 4864 si
3186 4808 3588 4878 generationem
3612 4812 3831 4870 peccato

2235 4916 2326 4960 aut
2354 4903 2627 4967 infectam,
2658 4912 2750 4958 aut
2773 4902 3059 4957 obnoxiam
3091 4897 3350 4953 voluisset
3373 4894 3694 4959 ostendere;
3724 4911 3826 4948 non

2236 4997 2459 5052 dixisset
2483 5010 2576 5065 per
2602 5010 2765 5050 unum
2807 4988 3078 5046 hominem
3113 4990 3343 5043 intrasse
3377 4994 3653 5057 peceatum
3679 5022 3696 5053 ,
3736 4984 3829 5039 sed

2238 5103 2334 5158 per
2361 5086 2516 5143 duos.

2312 5181 2445 5253 Ave.
2485 5172 2602 5231 .lam
2646 5185 2964 5241 responsum
3011 5179 3115 5226 est.
3161 5160 3302 5225 Nihil
3348 5162 3510 5235 dicis,
3559 5173 3614 5222 et
3654 5175 3830 5222 tamen

2241 5264 2374 5326 dicis
2416 5277 2470 5322 et
2513 5264 2669 5333 dicis,
2705 5263 2956 5336 quoniam
2998 5271 3202 5318 rectum
3249 5276 3356 5317 non
3403 5269 3556 5334 potes
3593 5254 3833 5316 invenire

2241 5358 2383 5432 quod
2413 5358 2581 5412 dicas.

2314 5442 2643 5505 CLXXXIV.
2682 5444 2801 5502 lus.
2843 5442 2951 5500 Nec
2974 5444 3229 5510 dixisset,
3259 5440 3328 5497 ln
3354 5458 3414 5496 eo
3441 5440 3640 5495 transiit
3673 5453 3829 5503 mors,

2312 5623 2330 5655 ί
2364 5584 2618 5671 uenardus
2639 5627 2692 5671 et
2713 5619 3004 5683 Vlgnierius,
3028 5617 3155 5683 Abel.
3221 5622 3280 5666 tt.

2309 5686 2331 5717 ’
2367 5684 2640 5748 Vignietjips
2654 5720 2669 5743 .
2689 5673 2963 5747 quanquam
2984 5673 3225 5748 uoluntate
3243 5676 3548 5748 commi§§ttttt
3572 5674 3657 5748 est.
3671 5678 3742 5748 et
3762 5673 3840 5748 in:
3912 5688 3918 5699 ε

2245 5738 2461 5810 fra,_caﬁ.
2510 5745 2615 5804 183,
2639 5738 2915 5810 Quanquam
2942 5747 3252 5810 _rectttm._.Et
3272 5752 3377 5802 cap.
3423 5738 3525 5807 183.
3565 5744 3841 5810 quattqtttun

2248 5802 2543 5871 negligentes
2561 5802 2813 5871 rationem.
2839 5805 2958 5854 aditi
2973 5817 3092 5855 vero
3112 5802 3195 5852 alii
3216 5814 3268 5854 et
3290 5802 3599 5863 manuscripti
3616 5802 3840 5846 catmum~

2256 5868 2331 5924 ter
2356 5868 2431 5920 bis
2455 5868 2587 5928 locis,
2612 5868 2858 5927 quoniam.
