4126 6512
305 397 433 456 ίῆι

301 517 351 569 in
373 528 476 582 quo
501 525 681 569 omnes
701 515 1059 577 peccaverunt;
1085 502 1203 570 sed,
1232 501 1288 557 ιιι
1318 516 1384 557 eo
1415 501 1467 556 in
1495 515 1603 571 quo
1630 499 1698 555 de
1738 499 1891 570 primi

300 604 530 659 homints
562 609 618 653 et
652 600 720 653 de
763 597 947 667 prima:
985 594 1222 649 mulieris
1248 591 1507 647 diabolica
1540 590 1807 661 voluptate
1835 598 1892 644 et

304 708 460 748 carne
490 688 804 746 ﬂuxerunt:
845 687 988 758 quod
1026 686 1073 742 si
1113 684 1598 756 pronuntiavisset,
1644 698 1750 736 non
1795 696 1892 737 ve-

304 793 466 839 strum
509 782 700 850 dogma
738 781 1023 835 firmasset.
1072 775 1167 833 sed
1209 790 1398 830 omnes
1436 788 1562 828 suas
1596 772 1893 829 sententias

303 873 597 929 subruisset
622 869 931 941 Apostolus.
956 866 1097 936 Ergo
1116 865 1453 937 peccantium
1483 862 1810 917 voluntatem
1838 868 1894 914 et

305 965 503 1035 peccati
537 970 752 1018 accusat
778 959 1085 1028 exemplum
1113 974 1129 1011 :
1164 972 1233 1011 ac
1260 971 1354 1026 per
1380 955 1512 1021 hoc,
1539 969 1633 1008 vos
1675 962 1731 1008 et
1759 952 1895 1007 ratio

305 1055 661 1126 deprzeliatur.
690 1065 744 1111 et
772 1054 985 1109 Paulus.

373 1150 507 1204 Avo.
550 1148 692 1217 Ergo
745 1147 798 1201 in
854 1147 991 1203 Abel
1042 1147 1214 1217 primo
1260 1144 1407 1214 justo
1459 1156 1659 1213 ponere
1712 1139 1897 1195 debuit

302 1239 692 1311 justilicationis
716 1239 1042 1309 exemplum,
1065 1240 1201 1291 sicut
1230 1237 1282 1290 in
1310 1235 1479 1290 Adam
1507 1234 1675 1304 primo
1705 1247 1895 1302 pecca-

309 1339 420 1384 tore
443 1330 668 1400 positum
697 1330 892 1398 putatis
915 1343 1034 1384 esse
1062 1328 1285 1399 peccati.
1306 1327 1416 1381 Cur
1439 1326 1581 1381 enim
1603 1339 1702 1379 nos
1723 1324 1898 1393 pigeat

307 1422 492 1476 eadem
535 1422 627 1476 tibi
674 1421 1035 1491 respondere,
1070 1436 1191 1475 cum
1233 1429 1286 1476 te
1325 1434 1431 1473 non
1473 1417 1666 1488 pudeat
1707 1414 1894 1471 eadem

308 1516 462 1571 toties
490 1515 687 1570 frustra
717 1512 1010 1584 repetere?

373 1605 681 1662 CLXXXV.
719 1605 839 1661 JUL.
885 1604 1056 1675 Usque
1088 1603 1157 1659 ad
1186 1604 1344 1674 legem
1384 1603 1517 1657 enim
1548 1610 1806 1672 peccatum
1844 1598 1897 1653 in

309 1700 400 1753 hoc
424 1699 612 1753 mundo
637 1714 650 1751 :
684 1706 941 1768 peccatum
969 1706 1136 1751 autent
1161 1713 1262 1750 non
1289 1694 1653 1765 imputabatur,
1676 1709 1790 1746 cum
1817 1692 1900 1745 lea:

305 1802 406 1843 non
427 1798 589 1854 esset;
608 1788 697 1843 sed
722 1788 944 1856 regnavit
966 1792 1102 1841 utors
1122 1788 1184 1840 ab
1205 1785 1373 1839 Adam
1396 1801 1553 1852 usque
1572 1784 1639 1836 ad
1663 1782 1895 1853 Moysen,

308 1882 456 1934 etiam
499 1880 554 1934 in
597 1896 682 1935 eos
723 1882 812 1951 qui
858 1896 962 1933 non
1005 1885 1368 1949 peccaverunt,
1414 1877 1469 1930 in
1515 1874 1901 1935 similitudinem

306 1970 738 2039 pra’vancationis
786 1970 945 2034 Adae,
994 1969 1083 2040 qui
1123 1978 1196 2022 est
1237 1967 1401 2036 {arma
1441 1965 1601 2038 futuri
1640 1963 1814 2036 (Rom.
1843 1979 1896 2030 v,

314 2061 379 2115 15
402 2071 449 2114 et
474 2061 585 2131 ll).
618 2060 942 2128 Qualitatem
972 2058 1172 2129 peccati
1203 2056 1618 2127 appellationum
1647 2054 1901 2110 varietate

311 2149 583 2214 discernit,
617 2162 671 2204 ut
695 2150 838 2205 aliud
858 2149 1105 2204 ostendat
1133 2164 1253 2203 esse
1278 2155 1574 2218 peccatum,
1603 2145 1746 2200 aliud
1767 2161 1903 2214 prte-

310 2242 685 2295 varicationem
711 2256 726 2305 ;
753 2241 969 2311 vultque
997 2240 1049 2294 in
1086 2240 1188 2294 hoc
1213 2238 1478 2294 duntaxat
1506 2238 1655 2304 loco,
1683 2252 1900 2292 omnem

313 2332 521 2402 quidem
552 2332 1039 2403 praevaricationem
1070 2340 1345 2402 peccatum
1374 2330 1578 2395 videri,
1608 2346 1713 2384 non
1740 2343 1902 2385 omne

311 2434 487 2480 autem
515 2436 790 2495 peccatum
820 2424 1343 2496 prtevaricationem;
1374 2432 1435 2477 ut
1462 2438 1559 2493 per
1584 2421 1900 2476 vocabulum

314 2518 737 2587 prwttarirationis
772 2526 990 2587 peccato
1026 2526 1235 2573 crescat
1259 2515 1478 2581 invidia,
1519 2515 1792 2585 magisque
1823 2512 1903 2569 rei

312 2622 431 2663 esse
452 2608 751 2676 videantur,
767 2610 856 2680 qui
879 2609 1075 2665 fuerint
1094 2616 1356 2680 prazcepta
1377 2590 1718 2676 transgressi,
1741 2621 1900 2675 quam

311 2698 402 2768 qui
433 2700 549 2755 sine
576 2700 707 2770 legis
735 2701 1009 2755 admonitu
1038 2701 1054 2732 ¹
1082 2700 1306 2755 rationis
1331 2699 1580 2770 ingenitae
1606 2699 1626 2730 '
1653 2698 1906 2752 dissimu-

311 2786 507 2844 latione
550 2790 893 2861 deliquerint.
935 2793 1074 2845 Ante
1102 2804 1220 2846 eam
1260 2804 1388 2859 ergo
1415 2789 1587 2859 legem
1612 2828 1628 2853 ,
1659 2804 1778 2858 quae
1808 2803 1905 2857 per

310 2878 525 2952 Moysen
546 2881 668 2935 data
689 2890 793 2947 est,
815 2891 869 2935 et
889 2882 1195 2948 consignata
1217 2879 1431 2946 litteris,
1453 2878 1606 2947 cujus
1621 2881 1903 2935 sanctione

309 2980 522 3026 actuum
551 2970 719 3026 ferina
757 2970 1063 3040 pratscripta
1088 2977 1172 3025 est
1194 3008 1211 3034 ,
1242 2984 1402 3038 quam
1435 2969 1679 3037 ignorare
1706 2970 1904 3040 populo

310 3063 410 3116 sub
430 3078 493 3117 ea
520 3061 732 3132 degenti
759 3077 865 3116 non
896 3060 1043 3116 licuit
1062 3060 1105 3126 ³,
1129 3060 1365 3116 medium
1384 3058 1512 3114 illud
1535 3066 1744 3129 tempus
1767 3060 1906 3115 inter

313 3155 481 3210 Adam
509 3163 565 3210 et
584 3154 827 3225 Moysen,
858 3154 1112 3209 mortales
1146 3152 1291 3206 varia
1322 3150 1617 3205 studiorum
1650 3153 1908 3220 pravitate

312 3245 540 3313 pollutos
559 3285 576 3310 ,
607 3244 808 3314 peccati
833 3242 1154 3314 Apostolus,
1184 3256 1291 3297 non
1319 3239 1770 3313 praevaricationis
1807 3255 1906 3297 ac-

313 3344 483 3390 cusat.

385 3430 514 3482 Avo.
550 3426 686 3495 Quid
714 3435 799 3482 est
832 3442 994 3498 ergo,
1025 3425 1273 3497 Regnavit
1300 3440 1436 3478 mors
1460 3423 1523 3478 ab
1550 3423 1715 3478 Adam
1753 3440 1910 3496 usque

312 3517 383 3570 ad
409 3517 655 3589 Moysen,
683 3529 730 3574 et
758 3520 811 3573 in
838 3536 922 3574 eos
945 3518 1031 3589 qui
1056 3534 1156 3571 non
1185 3525 1548 3587 peccaverunt,
1580 3515 1634 3569 in
1662 3515 1907 3569 similitu-

313 3609 481 3664 dinem
501 3611 926 3681 praevaricationis
944 3609 1105 3664 Adet?
1123 3607 1537 3677 Quomodolibet
1552 3606 1695 3662 enim
1717 3607 1909 3662 distin-

315 3702 508 3771 guatis,
527 3712 713 3758 contra
734 3718 829 3758 vos
850 3702 1048 3757 dixisse
1069 3700 1359 3771 Apostolus
1380 3699 1663 3754 invenitur.
1689 3697 1819 3752 Nam
1837 3697 1904 3766 si,

314 3792 569 3864 Regnavit
598 3811 736 3849 mors
764 3803 811 3849 et
835 3794 888 3849 in
908 3809 992 3848 eos
1012 3795 1098 3862 qui
1122 3802 1224 3846 non
1246 3799 1599 3862 peccaverunt,
1649 3789 1907 3847 distinxe-

314 3883 441 3938 ritis
463 3882 506 3948 ‘;
533 3885 802 3955 quomodo
851 3884 923 3940 sit
958 3884 1164 3954 justum
1188 3923 1204 3949 ,
1235 3882 1338 3936 nisi
1380 3890 1602 3952 propter
1647 3881 1909 3952 originale

316 3984 590 4043 peccatum
612 3975 638 4030 Ἰ
663 3976 729 4031 Et
749 3975 870 4032 ideo
897 3986 1143 4046 tanquam
1163 3981 1514 4045 quaereretur,
1536 3987 1702 4043 quare
1717 3988 1908 4042 regna-

314 4063 450 4118 verit
477 4072 532 4119 ct
551 4065 604 4120 in
627 4081 722 4123 eos
741 4068 831 4138 qtti
857 4081 963 4121 non
992 4075 1381 4137 peccaverunt:
1401 4063 1681 4134 responsio
1701 4063 1907 4118 reddita

314 4169 397 4217 est
417 4198 435 4229 ,
466 4158 530 4215 In
555 4159 940 4215 similitudinem
966 4158 1398 4230 praevaricationis
1413 4156 1578 4223 Adte;
1598 4155 1649 4210 id
1673 4165 1774 4220 cst,
1799 4170 1906 4210 non

316 4264 536 4325 propter
555 4268 649 4308 sua
672 4250 885 4323 prepria
909 4260 1146 4322 peccata,
1172 4248 1270 4305 sed
1296 4248 1547 4319 quoniam
1577 4247 1661 4302 sui
1703 4247 1907 4302 similes

314 4351 502 4417 genuit
531 4344 908 4416 praevaricator
946 4341 1157 4409 Adam;
1201 4342 1341 4395 sicut
1381 4347 1748 4410 exposuerunt
1789 4340 1904 4393 haec

313 4439 478 4493 verba
501 4438 662 4493 etiam
682 4436 920 4506 quiante
953 4449 1052 4489 nos
1078 4432 1327 4487 catholici
1368 4431 1621 4487 doctores
1667 4430 1902 4486 fuerunt.

314 4529 570 4598 Quamvis
588 4529 729 4584 enim
760 4535 1033 4597 peccatum
1079 4524 1208 4579 illud
1250 4524 1480 4593 primum
1505 4531 1668 4594 atque
1695 4537 1859 4577 unum
1884 4563 1900 4589 ,

314 4620 456 4690 quod
482 4635 579 4689 per
599 4635 768 4674 unum
793 4619 1066 4672 hominem
1096 4614 1314 4670 intravit
1342 4614 1392 4667 in
1420 4613 1678 4668 mundum
1706 4653 1721 4679 ,
1747 4627 1903 4673 eont—

315 4726 479 4766 mune
505 4711 576 4766 sit
603 4709 865 4773 omnium,
891 4717 1110 4779 propter
1133 4704 1274 4777 quod
1300 4703 1501 4758 dictum
1547 4711 1667 4770 est,
1700 4701 1769 4756 In
1803 4720 1904 4774 quo

314 4816 488 4854 omnes
512 4808 864 4871 peccaverunt;
894 4808 1072 4852 tamen
1102 4810 1196 4849 sua
1230 4793 1441 4865 propria
1467 4792 1672 4862 parvuli
1687 4801 1904 4861 peccata

313 4908 419 4946 non
450 4891 665 4947 habent.
692 4891 757 4946 Et
785 4889 908 4946 ideo
944 4889 1011 4944 de
1037 4888 1143 4945 illis
1169 4887 1332 4941 etiam
1363 4883 1464 4939 hoc
1495 4884 1762 4938 veraciter
1793 4882 1902 4938 dici

316 4984 504 5051 potuit,
531 4982 673 5054 quod
705 4997 809 5037 non
855 4968 1249 5052 peccaverunt;
1283 4976 1378 5033 sed
1422 4976 1666 5047 regnavit
1705 4975 1759 5030 in
1807 4991 1904 5031 eos

316 5090 461 5138 mors
483 5075 536 5128 in
565 5075 967 5141 similitudinem,
991 5083 1049 5128 ut
1093 5072 1296 5127 dictum
1317 5079 1439 5135 esL,
1473 5067 1904 5136 prwvaricationis

313 5166 460 5224 Adae.
496 5163 550 5221 Si
580 5174 756 5219 autem
786 5206 801 5229 ,
838 5164 1082 5235 Regnavit
1121 5179 1262 5217 mors
1309 5158 1374 5215 ab
1416 5159 1586 5214 Adam
1626 5174 1783 5228 usque
1833 5157 1904 5212 ad

309 5258 548 5328 Moysen,
575 5268 621 5312 et
647 5258 699 5310 in
728 5273 813 5311 eos
836 5257 922 5327 qui
942 5273 1044 5310 non
1073 5263 1419 5328 peccaverunt,
1449 5253 1504 5306 in
1520 5249 1904 5308 similitudinem

374 5370 396 5407 ⁸
430 5377 481 5421 tn
500 5377 630 5429 Mss,
663 5367 1096 5429 administratione.

371 5434 395 5464 '
429 5440 479 5481 In
504 5426 649 5482 editis
666 5466 681 5490 ,
707 5427 908 5481 actionis
925 5428 1151 5493 ingenita
1179 5441 1198 5480 :
1219 5426 1473 5493 mendose.

371 5495 396 5526 ³
427 5495 502 5543 sic
526 5481 639 5542 Mss.
669 5481 786 5541 'Editi
809 5505 929 5553 vero
951 5481 1040 5553 pro
1058 5526 1073 5549 ,
1113 5502 1208 5541 non
1224 5487 1387 5553 licuit,
1412 5486 1669 5553 ferebant,
1697 5481 1903 5553 liberum

304 5568 401 5605 non
425 5562 567 5624 erat;
594 5562 645 5604 et
658 5555 812 5624 intra,
837 5546 989 5612 tales';
1012 5546 1136 5613 loco,
1159 5546 1404 5602 mortales.
1438 5555 1580 5598 Forte
1615 5546 1900 5609 legendum,

308 5629 397 5678 per
418 5615 634 5666 medium
650 5615 772 5666 illud
796 5620 1002 5677 tempus.

374 5675 396 5707 ὀ
430 5678 577 5736 ww.
598 5676 712 5747 licet
1108 5687 1203 5747 re
1231 5670 1492 5747 ίρυεηίειίε-
1509 5667 1902 5747 tamenetsi

309 5730 630 5798 prtetereunt,
647 5736 773 5798 licet,
787 5744 856 5795 et,
867 5749 960 5786 non
968 5730 1230 5786 invenietis.
1244 5739 1545 5801 Itaque-post,
1559 5730 1900 5799 distitwetitis,

309 5797 714 5853 subaudiendum,
731 5797 791 5847 ab
804 5797 906 5848 istis
921 5795 1090 5848 verbis.
1103 5805 1159 5844 In
1174 5794 1533 5845 similitndmem
1542 5797 1903 5853 pramarzcatw-

306 5810 714 5855 sttnauotenuutn,
731 5810 791 5847 ao
804 5810 906 5848 istis
921 5810 1090 5848 vernis.
1103 5810 1159 5844 m
1174 5810 1533 5845 summaath
1542 5810 1890 5853 prarmrwtuw-

306 5870 383 5908 tus
409 5859 545 5909 Adte.
574 5866 638 5907 Ac
660 5856 785 5908 forte
825 5858 1121 5925 legendum,
1145 5853 1382 5921 qumodo
1418 5853 1511 5904 erit
1542 5852 1742 5915 iustum,
1788 5856 1890 5900 etc-

1661 379 1866 438 LIBER
1901 376 2281 438 SECUNDUS.

3445 383 3588 440 ηἳῖ

2000 500 2428 570 praevaricationis
2455 499 2603 568 Adio,
2638 499 2688 557 ιιι
2703 510 2807 567 est,
2838 502 2967 561 etin
2993 518 3089 562 eos
3115 505 3206 577 qui
3232 515 3588 575 peccaverunt

1999 590 2213 660 quidem
2239 634 2254 657 ,
2283 592 2376 647 sed
2423 609 2528 647 non
2576 593 2629 648 in
2674 594 3079 650 similitudinem
3132 595 3588 667 praevaricationis

1999 682 2128 736 Αάιυ
2158 694 2540 753 peccaverunt;
2569 685 2839 740 neminem
2866 685 3159 741 secundum
3188 700 3285 741 vos
3311 684 3589 748 invenitis,

1997 776 2119 845 quia
2146 791 2334 832 omnes
2358 778 2448 848 qui
2490 791 2851 849 peccaverunt
2899 781 2952 834 in
2999 779 3408 835 similitudinem
3466 777 3589 843 ejus

1998 883 2271 938 peccasse,
2301 869 2353 924 id
2381 881 2483 937 est,
2511 873 2814 941 exemplum
2845 871 2962 943 ejus
2980 881 3192 927 secutos
3216 886 3336 927 esse
3357 881 3587 927 conten-

1997 958 2145 1013 ditis.
2171 959 2345 1031 Fovea
2374 960 2535 1030 igitur
2557 961 2852 1032 vulpecula:
2877 978 2943 1018 ex
2994 972 3218 1031 utraque
3262 971 3413 1032 parte
3455 978 3589 1018 con~

1996 1050 2142 1111 clusa
2166 1061 2247 1106 est
2280 1069 2294 1105 :
2323 1067 2429 1116 non
2459 1062 2542 1107 est
2578 1070 2680 1123 qua
2714 1056 2911 1122 intret,
2937 1065 2992 1109 ut
3018 1055 3218 1119 lateat;
3247 1063 3341 1110 aut
3385 1055 3431 1109 si
3474 1054 3589 1123 jam

1998 1140 2071 1195 ibi
2100 1141 2318 1206 latebat,
2352 1158 2458 1197 non
2489 1157 2572 1198 εει
2590 1161 2692 1214 qua
2719 1155 2895 1210 exeat,
2923 1155 2979 1200 ut
3001 1148 3213 1201 evadat.

2068 1230 2398 1288 CLXXXVI.
2430 1234 2550 1291 Jun.
2583 1236 2653 1293 Ut
2676 1237 2871 1307 quibus
2896 1237 2983 1292 lex
3007 1236 3130 1293 data
3158 1251 3264 1291 non
3286 1243 3402 1302 est,
3433 1235 3594 1292 intel-

1999 1323 2229 1393 ligantur
2251 1340 2356 1379 non
2378 1341 2498 1382 esse
2521 1338 2786 1398 praecepta
2808 1330 3133 1399 trangressi;
3165 1331 3240 1384 rei
3262 1328 3441 1383 autem
3460 1344 3591 1383 cou-

1998 1416 2300 1482 vincantur,
2320 1418 2572 1488 quoniam
2599 1422 2927 1491 negligentes
2960 1422 3244 1485 rationem,
3273 1437 3433 1492 quam
3463 1437 3590 1491 pro‘

2000 1506 2100 1575 prii
2130 1507 2183 1561 in
2214 1522 2531 1579 unoquoque
2558 1519 2923 1579 protestantur
2947 1510 3171 1567 affectus
3188 1549 3206 1579 ,
3233 1512 3315 1566 vel
3344 1511 3592 1567 humanae

1999 1597 2271 1652 societatis
2292 1599 2377 1654 vel
2417 1600 2635 1669 pudoris
2670 1601 2792 1670 jura
2831 1603 3244 1668 temeraverint;
3272 1612 3431 1673 atque
3471 1602 3592 1657 ideo

2002 1699 2183 1743 mutua
2208 1689 2423 1761 quidem
2448 1691 2763 1760 imitatione,
2796 1708 2900 1749 non
2930 1703 3107 1749 tamen
3134 1694 3286 1765 legis,
3315 1710 3435 1764 qua:
3464 1709 3592 1749 nec-

2001 1778 2129 1833 dum
2159 1780 2264 1834 lata
2293 1790 2431 1847 erat,
2459 1781 2709 1837 dicuntur
2729 1784 3155 1853 transgressione
3185 1799 3452 1855 peccasse.
3489 1783 3592 1841 Us.

2002 1885 2106 1939 que
2131 1870 2197 1925 ad
2229 1870 2399 1942 legem
2423 1888 2552 1944 ergo
2580 1884 2856 1944 peccatum
2885 1875 3019 1942 fuit,
3046 1891 3152 1931 non
3183 1876 3548 1945 pmvaricatio
3573 1892 3589 1929 :

2003 1962 2125 2031 p‘ost
2151 1961 2320 2032 legem
2361 1971 2539 2019 autem
2559 2004 2575 2031 ,
2618 1981 2725 2020 non
2764 1966 2936 2021 solum
2967 1977 3243 2036 peccatum
3264 2007 3280 2032 ,
3308 1966 3402 2022 sed
3430 1966 3591 2022 etiam

2003 2052 2391 2121 prsevaricatio.
2439 2054 2701 2126 Regnavit
2738 2066 2919 2113 autem
2964 2073 3110 2113 mors
3152 2067 3385 2125 aeterna,
3430 2074 3589 2128 quam

2003 2143 2134 2199 Atla:
2152 2185 2167 2210 ,
2191 2145 2234 2200 si
2275 2156 2582 2217 peccasset,
2611 2148 3004 2219 adscripturum
3029 2164 3088 2205 se
3120 2149 3267 2206 Deus
3286 2150 3593 2220 spoponde-

2004 2247 2107 2293 rat.
2153 2237 2435 2309 lgitur~illa
2465 2257 2611 2297 mors
2641 2250 2861 2311 peccato
2902 2242 3085 2297 debita
3105 2282 3121 2307 ,
3154 2258 3299 2298 mors
3323 2243 3551 2313 pinnatis
3574 2280 3591 2309 ,

2002 2330 2244 2400 regnavit
2269 2340 2325 2387 et
2351 2341 2475 2387 ante
2504 2333 2672 2403 legem
2694 2375 2709 2398 ,
2741 2334 2794 2389 in
2821 2350 2915 2389 eos
2933 2335 3024 2406 qui
3046 2344 3433 2405 peccaverunt,
3458 2336 3596 2390 sicut

2005 2420 2058 2476 in
2083 2422 2391 2491 Sodomitis,
2411 2435 2465 2480 et
2487 2425 2570 2479 his
2588 2425 2677 2496 qui
2692 2425 2880 2481 diluvii
2904 2436 3144 2497 tempore
3162 2437 3381 2496 propter
3397 2426 3594 2496 iniqui—

2009 2522 2191 2578 tatem,
2221 2515 2574 2570 voluntariam
2602 2526 2799 2582 tatnen,
2831 2517 2918 2571 vel
2944 2519 3089 2571 varia
3116 2528 3241 2571 sunt
3274 2526 3434 2572 :etate
3459 2532 3594 2571 con-

2005 2607 2224 2676 sumpti,
2244 2608 2482 2677 regnavit
2504 2625 2516 2662 :
2536 2617 2587 2663 et
2610 2615 2732 2678 post
2756 2608 2950 2679 legem,
2970 2607 3022 2662 in
3046 2607 3129 2662 bis
3157 2623 3295 2679 quos
3319 2622 3442 2663 reos
3458 2624 3596 2678 pne.

2006 2686 2345 2755 varicationis
2382 2700 2604 2756 invenit.

2078 2791 2211 2846 Atto.
2253 2790 2515 2857 Quoniam
2546 2798 2772 2845 mortem
2804 2790 2905 2845 nisi
2935 2798 3191 2846 aeternam
3218 2806 3324 2846 non
3353 2790 3434 2846 vis
3476 2806 3600 2847 esse

2007 2880 2307 2952 panalem;
2335 2880 2382 2936 si
2409 2895 2555 2937 mors
2586 2881 2811 2951 ptenalis
2839 2897 2945 2935 non
2983 2888 3099 2946 est,
3139 2897 3258 2950 qua:
3300 2897 3329 2935 a
3371 2892 3601 2952 corpore

2006 2973 2242 3027 animam
2275 2980 2509 3043 separat,
2535 2987 2633 3027 cur
2655 2986 2772 3026 eam
2801 2972 2952 3026 timet
2974 2982 3184 3037 natura,
3211 2986 3369 3041 quam
3395 2972 3473 3026 sic
3493 2972 3602 3026 lau-

2008 3065 2126 3134 das,
2154 3075 2214 3122 ttt
2236 3081 2401 3138 neges
2432 3080 2551 3122 esse
2576 3063 2851 3120 vitiatam?
2873 3063 3009 3133 Quid
3039 3077 3216 3118 causa:
3235 3071 3319 3118 est
3342 3073 3400 3117 ut
3424 3063 3600 3119 infans

2007 3157 2099 3213 ubi
2130 3157 2402 3228 paululum
2430 3156 2500 3212 ab
2531 3155 2749 3213 infantia
2789 3155 3038 3228 progredi
3065 3155 3307 3225 coeperit,
3347 3154 3458 3225 jam
3489 3154 3602 3210 for-

2008 3247 2175 3303 midet
2200 3247 2415 3304 occidi?
2461 3246 2572 3303 Cur
2619 3262 2724 3302 non
2778 3248 2850 3301 ita
2910 3255 2968 3300 ut
2996 3245 3051 3301 in
3097 3259 3372 3310 somnum,
3406 3258 3601 3299 sensus

2009 3351 2093 3397 est
2140 3341 2389 3411 proclivis
2418 3341 2472 3395 in
2526 3340 2792 3396 mortem?
2827 3338 2935 3414 Cur
2993 3337 3168 3409 magni
3198 3336 3461 3392 habentur
3507 3336 3600 3407 qui

2010 3440 2239 3487 mortem
2293 3447 2400 3487 non
2446 3439 2730 3496 metuunt,
2775 3429 2938 3501 hique
2991 3438 3097 3483 tam
3143 3428 3249 3483 rari
3294 3427 3454 3482 sunt?
3492 3427 3602 3483 Cur

2010 3525 2170 3580 etiam
2223 3523 2337 3594 ipse
2388 3523 2475 3594 qui
2539 3522 3026 3592 concupiscentiam
3093 3534 3154 3576 se
3211 3518 3349 3575 dixit
3400 3518 3600 3575 habere

2011 3614 2253 3679 dissolvi,
2304 3621 2360 3670 et
2417 3628 2540 3670 esse
2584 3628 2705 3669 cum
2747 3612 2963 3669 Christo
2992 3611 3253 3683 (Philipp.
3281 3609 3465 3681 t,25),
3492 3626 3599 3665 non

2012 3708 2126 3763 vult
2184 3715 2360 3762 tamen
2420 3705 2681 3776 spoliari.
2739 3703 2832 3759 sed
2895 3702 3260 3774 supervestiri,
3314 3711 3370 3756 ut
3412 3701 3609 3756 absor-

2012 3798 2201 3854 beatur
2227 3795 2455 3851 mortale
2479 3810 2508 3848 a
2540 3794 2643 3849 vita
2678 3792 2762 3866 (ll
2806 3792 2928 3849 Cor.
2958 3810 3016 3860 v,
3044 3794 3079 3847 4
3102 3792 3160 3863 )‘l
3206 3790 3400 3862 thuitl
3445 3790 3603 3846 Petro

2012 3890 2211 3946 dictum
2236 3897 2318 3944 est
2342 3887 2412 3943 de
2439 3887 2557 3958 ipso
2584 3885 2819 3956 glorioso
2846 3883 2973 3952 line,
2999 3885 3140 3939 Alter
3159 3894 3206 3938 te
3231 3884 3415 3954 cinget,
3447 3893 3493 3936 et
3522 3886 3601 3953 [e-

2011 3993 2085 4038 ret
2113 3998 2212 4054 quo
2252 3991 2306 4035 tu
2336 3996 2438 4035 non
2462 3980 2536 4034 vis
2575 3976 2769 4049 (Joan.
2801 3991 2896 4031 xxt
2916 4016 2931 4040 ,
2979 3975 3048 4031 18
3069 3976 3122 4045 )?
3152 3974 3208 4030 Si
3249 3990 3377 4044 ergo
3408 3973 3602 4029 frustra

2014 4089 2161 4131 mors
2192 4073 2430 4135 timetur,
2459 4069 2577 4141 ipse
2621 4068 2780 4124 timor
2806 4067 2922 4138 ejus
2960 4075 3045 4122 est
3088 4081 3282 4135 poena:
3333 4065 3377 4120 si
3423 4074 3603 4122 autem

2014 4166 2192 4220 anima
2223 4162 2460 4232 separari
2488 4175 2518 4214 a
2546 4174 2775 4228 corpore
2798 4156 3112 4213 naturaliter
3145 4170 3250 4212 non
3298 4155 3446 4222 vult,
3490 4156 3605 4225 ipsa

2012 4271 2159 4311 mors
2186 4269 2341 4327 paena
2370 4261 2485 4316 est,
2511 4251 2756 4322 quamvis
2783 4265 2902 4306 eam
2937 4249 2990 4303 in
3023 4262 3179 4302 usum
3207 4247 3405 4303 bonum
3432 4248 3606 4317 gratia

1993 4348 2188 4403 .divina
2215 4352 2513 4401 convertat.

2081 4437 2436 4497 CLXXXVII.
2477 4437 2601 4493 ιω..
2640 4434 2902 4503 Quoniam
2948 4447 3009 4489 ea
3047 4431 3321 4502 judicante
3357 4429 3559 4501 justitia
3586 4460 3615 4495 ,<

2010 4550 2130 4606 qua:
2159 4549 2263 4588 non
2294 4532 2521 4600 imputat
2553 4540 2829 4601 peccatum
2851 4570 2866 4593 ,
2906 4527 3005 4582 nisi
3046 4541 3075 4580 a
3107 4540 3213 4596 quo
3254 4525 3477 4580 liberum
3522 4533 3607 4579 est

2009 4625 2299 4685 abstinere,
2330 4622 2382 4676 hi
2408 4622 2499 4691 qui
2527 4622 2646 4675 sine
2676 4621 2793 4690 lege
2823 4627 3196 4688 peccaverunt,
3231 4616 3349 4670 sine
3375 4616 3491 4683 lege
3510 4617 3607 4682 ju-

2009 4719 2346 4779 dicabtuttur,
2374 4725 2430 4771 et
2458 4715 2511 4770 lti
2538 4713 2633 4783 qui
2662 4714 2714 4766 in
2747 4714 2862 4782 lege
2891 4717 3264 4781 peccaverunt,
3311 4723 3406 4776 per
3431 4707 3603 4775 legem

2004 4812 2384 4886 iudicabuntur
2413 4807 2433 4881 (
2459 4807 2606 4861 Rom.
2635 4821 2694 4869 tt,
2725 4805 2793 4859 12
2815 4804 2855 4874 ).
2884 4801 3036 4871 Quod
3067 4811 3246 4856 autem
3277 4799 3353 4855 ait
3377 4802 3607 4869 Aposto-

2008 4906 2111 4970 lus,
2148 4901 2255 4958 Sed
2300 4899 2524 4972 regnavit
2569 4913 2705 4951 mors
2747 4894 2810 4950 ab
2852 4892 3019 4947 Adam
3064 4907 3222 4959 usque
3249 4890 3320 4944 ad
3352 4889 3596 4961 Moysen,

2010 4997 2162 5049 etiam
2188 4998 2241 5048 in
2265 5009 2352 5049 eos
2376 4992 2461 5060 qui
2492 5006 2593 5044 non
2620 4993 2975 5060 peccaverunt,
2993 4984 3045 5037 in
3067 4982 3450 5038 similitudinem
3472 4997 3613 5051 prie-

2009 5084 2330 5140 varicattonis
2365 5081 2525 5144 Adre;
2562 5079 2687 5135 fecit
2715 5077 3045 5133 translucere
3072 5072 3211 5145 quod
3246 5081 3512 5135 senserat,
3543 5072 3597 5129 id

2009 5186 2114 5240 est,
2152 5174 2367 5230 Judmos
2406 5172 2508 5228 sub
2553 5171 2669 5241 lege
2716 5175 2998 5238 peccantes
3043 5165 3290 5221 similiter
3330 5172 3387 5218 ttt
3432 5162 3601 5218 Adam

2010 5268 2386 5339 praevaricatos
2416 5264 2579 5320 fuisse
2605 5260 2888 5324 deﬁniens,
2924 5259 3049 5329 quia
3089 5265 3143 5313 et
3182 5256 3260 5312 illi
3301 5257 3472 5326 primo
3501 5255 3603 5309 hn-

2011 5359 2172 5424 mini,
2200 5358 2325 5413 licet
2351 5370 2456 5411 non
2484 5354 2654 5418 libris,
2676 5353 2895 5408 auribus
2922 5361 3099 5405 tamen
3125 5348 3492 5404 commendata
3517 5348 3603 5404 lex

2008 5452 2180 5507 fuerat
2205 5446 2505 5504 abstinendi
2537 5460 2564 5498 a
2600 5453 2759 5514 gustu
2786 5443 3029 5497 arboris:
3069 5442 3120 5495 in
3153 5454 3259 5508 quo
3284 5438 3603 5493 obedientia-

2009 5540 2305 5612 exploratio
2331 5536 2456 5601 luit;
2488 5536 2557 5591 de
2600 5551 2702 5604 qua
2747 5542 2932 5588 contra
2979 5540 3304 5601 prazceptum
3344 5527 3596 5592 edendo,

2008 5626 2460 5704 prmvaricationis
2489 5625 2691 5680 crimen
2721 5622 2964 5678 incurrit.
2996 5621 3138 5690 Ergo
3159 5628 3215 5673 et
3253 5627 3372 5686 post
3415 5615 3598 5669 datam

2010 5724 2183 5793 legem
2212 5716 2513 5773 ministerio
2536 5714 2724 5783 Moysi,
2753 5727 2980 5785 peccans
3005 5709 3252 5780 populus,
3274 5708 3324 5760 in
3353 5704 3599 5759 similitu-

2011 5816 2191 5869 dincm
2224 5802 2687 5885 praevaricationis
2737 5802 2865 5858 Atla:
2894 5799 3182 5867 deliquisse
3226 5794 3597 5858 convincitur;
3665 5814 3669 5821 ε
