4126 6536
524 403 665 462 19.Ξῦ

525 521 673 590 quia,
700 517 774 572 ita
801 524 859 570 ut
887 513 1011 579 ille,
1056 511 1188 582 legis
1233 508 1658 578 transgressione
1702 504 1955 576 peccabat
1990 520 2006 557 :
2059 503 2115 559 in

529 609 702 665 media
732 616 909 662 autem
938 612 1098 658 atate
1122 603 1347 657 duarum
1370 601 1571 668 legum,
1603 598 1789 669 prima:
1816 597 1976 663 daue,
2005 612 2116 652 non

530 703 764 771 scriptae,
791 697 1044 755 secunda:
1069 710 1197 750 vero
1221 704 1279 749 et
1304 695 1423 748 lata:
1448 702 1503 748 et
1532 691 1724 746 litteris
1754 689 1961 744 tradita:
1980 729 1996 756 ,
2025 689 2114 759 qui

531 799 905 864 peccaverunt,
932 804 1039 843 non
1066 802 1098 842 a
1139 796 1354 857 peccaro
1392 783 1745 839 ostenduntur
1785 781 1978 844 alieni,
2021 780 2115 835 sed

532 901 637 939 non
682 884 735 938 in
781 879 1178 937 similitudinem
1210 873 1661 947 prmvaricatiouis
1688 871 1839 938 Adae,
1870 872 1996 943 quia
2040 871 2120 928 Ie-

529 992 647 1049 gem
676 991 781 1031 non
808 980 1146 1044 acceperant,
1182 970 1524 1040 perhibentur
1547 981 1778 1023 errasse.

601 1072 739 1126 Auc.
762 1067 864 1126 Ubi
887 1080 1051 1135 negas
1070 1062 1470 1120 similitudinem
1494 1058 1943 1130 praevaricationis
1962 1057 2112 1128 Δότε,

533 1160 721 1229 teipse
744 1157 1033 1222 convincis,
1060 1153 1201 1225 quod
1248 1152 1301 1206 hi
1327 1152 1417 1222 qui
1447 1151 1565 1206 sane
1593 1150 1711 1221 lege
1740 1159 2115 1220 peccaverunt,

537 1268 644 1307 non
675 1250 831 1322 primi
861 1249 1093 1304 hominis
1119 1246 1367 1316 exemplo
1395 1253 1520 1298 sunt
1546 1243 1657 1298 rei:
1689 1258 1795 1297 non
1834 1253 1920 1297 est
1962 1242 2120 1312 igitur

534 1331 908 1408 imitatiofsed
936 1339 1231 1412 generatio,
1277 1353 1381 1409 qua
1427 1352 1522 1407 per
1559 1344 1834 1405 peccatum
1880 1348 2027 1388 mors
2065 1335 2119 1389 in

533 1450 722 1491 omnes
752 1433 998 1489 homines
1023 1430 1347 1502 pertransiit.
1378 1428 1561 1498 Neque
1585 1428 1751 1491 enim,
1778 1427 1823 1481 si
1857 1436 1961 1480 tam
1997 1440 2122 1495 pro-

536 1528 641 1584 lixa
674 1537 912 1596 tempora
938 1537 1059 1594 qua:
1084 1530 1211 1576 ante
1253 1522 1424 1590 legem
1472 1518 1722 1582 luerunt,
1769 1517 2123 1571 transiluisset

537 1621 653 1675 Iure
676 1632 843 1691 mors,
868 1630 989 1688 qua;
1016 1629 1111 1686 per
1136 1619 1416 1684 peccatum
1448 1610 1605 1681 primi
1636 1608 1870 1664 hominis
1907 1608 2123 1663 intravit

534 1713 587 1768 in
618 1709 894 1774 mundum,
924 1716 981 1763 et
1013 1722 1044 1762 a
1068 1704 1271 1761 Judzeis
1299 1717 1517 1773 serpere
1557 1702 1835 1770 inciperet,
1864 1698 1955 1769 qui
1984 1712 2125 1769 prte-

531 1802 856 1857 varieatores
884 1796 1016 1867 legis
1057 1794 1232 1850 allecti
1258 1801 1403 1857 sunt,
1434 1801 1493 1846 ut
1533 1797 1775 1845 servaret
1816 1787 2123 1844 similitudi-

536 1906 659 1948 nem
687 1885 1149 1960 prmvarirationis
1162 1883 1314 1949 Adae,
1331 1883 1601 1937 diceretm-
1619 1880 1688 1936 de
1715 1879 1824 1944 illa,
1852 1877 1954 1932 Per
1966 1893 2124 1932 unum

535 1983 788 2037 hominem
829 1980 1059 2043 intravit,
1104 1986 1155 2033 et
1198 1992 1288 2046 per
1324 1990 1501 2029 omnes
1534 1972 1764 2028 homines
1812 1972 2121 2042 pertransiit.

529 2074 626 2129 Cui
655 2073 822 2138 enim,
848 2085 953 2125 non
981 2068 1104 2123 dico
1145 2068 1329 2132 stulto,
1367 2064 1463 2120 sed
1510 2064 1672 2130 fatuo,
1707 2061 2122 2133 persuadebitis,

530 2174 761 2221 mortem
792 2178 889 2233 per
924 2176 1086 2215 unum
1117 2158 1389 2213 hominem
1435 2156 1688 2222 intrasse,
1719 2163 1774 2209 et
1803 2169 1899 2224 per
1938 2166 2129 2208 omnes

536 2256 781 2311 homines
808 2250 1198 2323 pertransisse;
1228 2262 1387 2318 quam
1415 2245 1593 2300 dicitis
1634 2255 1711 2299 tot
1735 2252 1926 2314 gentes
1954 2249 2007 2298 et
2049 2249 2130 2297 tot

434 2334 447 2351 ⁸
536 2346 733 2402 δωουιιι
759 2341 1164 2415 maetermisisse
1186 2340 1226 2402 ι.
1251 2347 1308 2392 et
1343 2336 1413 2392 ad
1438 2351 1533 2393 eos
1557 2336 1649 2406 qui
1690 2336 1862 2405 legem
1902 2348 2128 2403 accepe-

538 2446 679 2500 rant,
712 2433 927 2489 intactis
950 2431 1184 2496 castoris,
1211 2428 1539 2499 pervenisse,
1565 2440 1688 2480 cum
1717 2435 1773 2481 et
1798 2425 1852 2478 in
1875 2438 1970 2479 eos
1996 2438 2132 2477 tuor-

540 2538 651 2583 tem
680 2539 935 2597 regnasse
954 2522 1165 2585 dicatis,
1196 2520 1287 2591 qui
1314 2533 1422 2574 non
1452 2519 1504 2572 in
1542 2516 1890 2572 similitudine
1924 2529 2130 2585 pra-va-

538 2616 815 2673 ricationis
853 2613 1017 2679 Adae,
1061 2611 1155 2666 sed
1186 2611 1302 2664 sine
1338 2607 1798 2681 praevaricatione,
1844 2607 1969 2676 quia
2014 2606 2132 2661 sine

539 2712 693 2781 lege,
735 2702 1123 2779 peccaverunt?
1164 2703 1394 2758 Prorsus
1438 2716 1543 2754 non
1590 2708 1673 2756 est
1704 2699 1850 2754 unde
1894 2707 2129 2753 vestrum

542 2799 821 2870 corrigatis
845 2811 1107 2861 errorem,
1133 2794 1237 2849 nisi
1266 2792 1502 2848 redeatis
1517 2789 1582 2845 ad
1605 2788 1920 2846 catholicam
1944 2788 2129 2856 Iidem,

539 2908 661 2965 qua:
684 2888 886 2946 homini
910 2888 1082 2958 primo
1109 2885 1334 2957 principi
1358 2883 1718 2955 generationis
1744 2881 2013 2937 hominem
2042 2895 2132 2937 se-

540 2983 773 3039 cundum
802 2979 1093 3050 principem
1124 2974 1546 3046 regenerationis
1568 2973 1812 3045 opponit.

609 3072 987 3133 CLXXXVIII.
1024 3070 1145 3126 ius.
1186 3069 1287 3136 Qui
1312 3067 1481 3123 Adam
1512 3064 1683 3121 forma
1714 3065 1908 3121 dicitur
1930 3062 2089 3119 futuri
2111 3104 2131 3130 ,

541 3167 595 3226 id
622 3176 728 3233 est,
752 3164 988 3219 Christi:
1016 3176 1201 3216 verum
1228 3162 1398 3214 forma
1424 3173 1457 3211 a
1485 3156 1778 3217 contrario.
1800 3165 1859 3210 ut
1878 3155 2015 3210 sicut
2043 3154 2132 3210 ille

544 3256 767 3328 peccati,
797 3255 870 3310 ita
897 3254 983 3307 hic
1003 3249 1223 3322 justitize
1252 3250 1421 3304 forma
1453 3247 1719 3303 credatur.
1744 3245 1848 3302 Sed
1880 3245 2017 3299 sicut
2048 3245 2132 3298 in-

542 3348 783 3407 carnatio
803 3344 1023 3409 Christi,
1045 3342 1262 3414 justitim
1289 3340 1386 3395 fuit
1412 3338 1604 3405 forma,
1636 3354 1740 3392 non
1778 3337 1949 3406 prima
1974 3376 1990 3402 ,
2033 3336 2131 3391 sed

546 3441 784 3499 maxima
805 3456 823 3505 ;
844 3439 967 3511 quia
992 3446 1047 3493 et
1070 3445 1352 3506 antequam
1376 3432 1605 3488 Verbum
1626 3446 1752 3486 caro
1783 3430 1954 3493 ﬁeret,
1977 3445 2040 3485 ex
2069 3444 2132 3485 ea

546 3538 654 3593 ﬁde
679 3551 801 3607 quae
826 3534 879 3589 in
912 3533 1074 3588 Deum
1104 3538 1238 3591 erat,
1266 3537 1322 3584 et
1346 3528 1398 3582 in
1439 3525 1720 3596 Prophetis
1761 3534 1816 3579 et
1857 3524 1908 3579 in
1953 3522 2135 3578 multis

546 3630 669 3685 aliis
694 3626 893 3684 sanctis
918 3623 1117 3678 fulsere
1152 3621 1405 3685 virtutes;
1431 3617 1677 3673 veniente
1704 3625 1882 3671 alitem
1924 3622 2133 3684 temtat-

548 3737 669 3779 rum
716 3716 1081 3791 plenitudine,
1126 3722 1311 3769 exacta
1353 3712 1407 3765 in
1440 3710 1655 3765 Christo
1689 3707 1906 3778 jnstitim
1947 3721 2134 3761 norma

546 3808 893 3881 resplendnit,
923 3816 978 3862 et
1004 3805 1094 3876 qui
1134 3802 1418 3874 prmdictus
1456 3799 1627 3855 fuerat
1664 3806 1818 3870 pater
1845 3796 2006 3851 htturi
2034 3811 2136 3851 sae-

546 3903 674 3968 culi,
706 3911 811 3956 tam
841 3895 1254 3970 pra-cedentum
1283 3900 1628 3958 sanctorum,
1671 3902 1830 3961 quam
1859 3887 2021 3944 etiam
2049 3901 2136 3943 se«

543 3992 819 4065 quentium
849 3994 1217 4045 renumerator
1237 3982 1466 4039 eminuit
1491 3982 1512 4012 ¹
1538 3996 1553 4033 :

618 4087 752 4142 Anc.
780 4080 1135 4155 [ignoscimus
1158 4076 1407 4133 hmresim
1428 4083 1695 4129 vestram:
1720 4070 1965 4127 deﬁnivit
1990 4069 2134 4127 enim

544 4175 812 4248 Pelagius,
842 4171 985 4245 quod
1025 4186 1130 4226 non
1161 4185 1226 4225 ex
1254 4166 1363 4223 fele
1400 4164 1779 4221 incarnationis
1807 4162 2007 4219 Christi
2034 4178 2134 4217 an-

545 4268 677 4339 tiqui
702 4265 933 4321 vixerint
957 4262 1119 4333 justi;
1150 4259 1274 4331 quia
1313 4256 1563 4313 videlicet
1590 4255 1827 4311 nondum
1876 4257 1930 4309 in
1972 4269 2137 4310 carne

547 4366 770 4414 venerat
792 4355 1057 4411 Christus.
1082 4351 1215 4406 Cum
1246 4349 1487 4421 profecto
1512 4347 1562 4403 id
1591 4346 1824 4403 futurum
1856 4362 1963 4402 non
1997 4361 2137 4416 prte-

545 4445 897 4509 nuntiassent,
944 4441 1045 4497 nisi
1083 4441 1288 4511 priores
1316 4439 1496 4509 utique
1518 4438 1886 4494 cruiidissent.
1930 4437 2038 4494 Sed
2081 4438 2135 4491 in

548 4539 691 4595 hanc
739 4534 1120 4591 absurditatetn
1167 4530 1470 4595 cecidistis,
1512 4529 1642 4585 dum
1688 4528 1972 4585 defenditis
2017 4543 2138 4584 esse

548 4631 788 4704 potuisse
814 4642 910 4699 per
929 4634 1173 4680 naturam
1201 4624 1475 4693 legemque
1498 4620 1757 4690 justitiam
1783 4637 1798 4675 :
1830 4617 2140 4674 utrumlibet

550 4732 729 4780 autem
751 4721 795 4775 si
827 4732 1011 4774 verum
1035 4723 1139 4781 est,
1167 4729 1297 4785 ergo
1317 4713 1562 4768 Christus
1579 4712 1745 4782 gratis
1770 4720 2010 4765 mortuus
2033 4720 2135 4764 est.

619 4807 955 4870 CLXXXIX.
987 4807 1107 4863 ιω..
1144 4806 1217 4861 Ita
1243 4805 1403 4859 etiam
1429 4804 1484 4858 in
1512 4810 1661 4873 parte
1680 4799 1945 4856 contraria
1966 4798 2136 4854 Adam

550 4905 744 4963 dicitur
768 4903 936 4959 turma
962 4899 1188 4971 peccati,
1212 4914 1316 4953 non
1345 4897 1535 4967 prima,
1556 4894 1651 4951 sed
1676 4895 1925 4949 maxima.

623 5000 760 5052 Acs.
789 4993 941 5049 Unde
978 5006 1107 5062 ergo
1161 5004 1268 5043 non
1299 4987 1466 5058 prima
1495 5026 1511 5053 ,
1542 4984 1636 5041 sed
1682 4982 1950 5039 maxima?
1972 4997 2140 5053 quan-

560 5085 846 5157 doquidem
870 5093 1087 5153 propter
1111 5078 1386 5135 exordium
1410 5076 1622 5148 generis
1646 5073 1882 5133 humani.
1911 5088 2017 5127 non
2043 5087 2138 5127 ue-

557 5193 653 5250 gas
676 5178 925 5248 primam,
954 5188 1055 5227 nec
1080 5170 1287 5226 invenis
1313 5184 1409 5224 cur
1431 5166 1579 5224 dicas
1604 5164 1911 5227 maximam,
1937 5163 2036 5217 nisi
2065 5163 2141 5216 l‘a-

559 5273 723 5324 tearis
748 5275 892 5320 tanto
918 5264 1133 5335 gravius
1157 5261 1325 5316 Adam
1354 5271 1626 5329 peccasse,
1645 5264 1844 5325 quanto
1871 5255 1939 5308 ibi
1970 5254 2141 5322 major

560 5373 666 5414 non
695 5354 951 5429 peccandi
974 5352 1200 5409 facilitas
1220 5358 1358 5416 erat,
1388 5349 1479 5403 ubi
1502 5347 1682 5400 vitiata
1703 5354 1886 5399 natura
1905 5342 2140 5398 nondum

560 5459 691 5516 erat,
735 5464 834 5504 nec
872 5448 959 5502 lex
1002 5443 1204 5515 peccati
1249 5442 1301 5496 in
1349 5437 1607 5495 membris
1656 5435 1986 5506 repugnabat
2034 5432 2141 5502 legi

562 5543 756 5599 mentis
780 5561 792 5596 :
820 5555 940 5595 cum
966 5554 1069 5608 qua
1097 5550 1254 5606 [mna
1280 5531 1457 5587 omnis
1482 5530 1645 5584 homo
1669 5529 1921 5592 nascitur,
1951 5526 2145 5597 peritu-

562 5650 655 5691 rus
678 5636 733 5688 in
760 5643 1043 5694 :eternum,
1075 5642 1120 5680 Si
1150 5639 1256 5680 non
1288 5629 1629 5682 renascatur;
1657 5629 1712 5674 et
1741 5618 2000 5688 perditus,
2040 5615 2144 5670 nisi

623 5750 640 5779 ι
675 5753 783 5796 ttss.
801 5742 922 5792 Clar.
948 5750 1000 5791 et
1017 5747 1129 5789 Mar.
1155 5745 1281 5799 post,
1304 5743 1348 5787 et
1370 5742 1436 5785 tot
1453 5731 1633 5799 statuta
1649 5731 2009 5795 prmrmisisse
2021 5747 2041 5797 ;
2063 5745 2146 5784 re-

562 5813 822 5871 petttnt,_et
846 5813 1112 5871 pereuntes
1133 5797 1342 5871 lacrumas
1364 5797 1694 5859 pertransisse.

626 5871 645 5899 ¹
669 5869 741 5916 sic
753 5865 852 5915 Itis-5'
887 5866 1020 5922 tiditi,
1047 5865 1254 5911 rmtcuit.

1187 392 1434 453 OPERIS
1469 388 1885 448 IMPERFECTI
1923 385 2195 445 CONTRA
2234 386 2602 458 JULIANUM,
2644 388 2703 446 S.
2745 386 3107 447 AUGUSTINI

3671 390 3810 450 ιω

2224 506 2295 561 ab
2317 521 2383 561 eo
2423 509 2679 578 quaesitus
2718 508 3038 577 inveniatur,
3082 509 3172 581 qui
3198 508 3345 565 venit
3382 521 3627 581 qumrere
3664 511 3807 582 quod

2221 597 2451 666 perierat
2477 599 2625 672 (Luc.
2659 614 2780 668 xu,
2810 600 2920 675 i0).

2294 687 2451 744 CXC.
2480 689 2598 745 ιω..
2628 691 2908 746 Maximam
2935 700 3112 748 autem
3141 690 3262 746 dico
3280 731 3295 757 ,
3335 707 3440 747 non
3469 692 3590 764 quia
3619 692 3809 748 diabo-

2221 778 2329 833 ltmt
2359 783 2529 852 magis
2560 796 2708 836 reum
2737 781 2901 838 fuisse
2924 782 3155 838 diiiitear
3179 800 3194 838 :
3218 782 3313 837 sed
3341 782 3469 853 quia
3501 798 3624 838 cum
3658 784 3811 839 insti-

2222 870 2443 926 tutionis
2483 872 2624 927 ratio
2666 882 2976 943 peteretur,
3026 874 3481 933 accommodatius
3521 877 3807 946 Apostolus

2222 961 2495 1031 hominis,
2557 980 2718 1035 quem
2781 965 3067 1036 plurimum
3134 967 3403 1021 successio
3466 967 3811 1022 humanitatis

2222 1057 2469 1125 aspexit,
2526 1072 2683 1126 quam
2739 1057 2900 1112 aeria:
2951 1057 3263 1112 substantia:
3326 1059 3514 1114 iecerit
3576 1061 3808 1116 mentio-

2223 1159 2370 1200 nem.
2403 1146 2605 1202 Verum.
2630 1148 2681 1201 in
2727 1147 2839 1217 ipsa
2886 1146 3220 1204 humanitate
3260 1149 3484 1219 primam
3528 1151 3808 1206 mulierem

2223 1237 2512 1308 deliquisse
2555 1240 2860 1305 constabat;
2901 1240 2998 1295 sed
3044 1241 3167 1310 quia
3217 1250 3423 1310 patrum
3469 1241 3521 1295 in
3565 1242 3812 1296 omnibus

2224 1329 2498 1386 efﬁcacior
2516 1340 2602 1386 est
2640 1341 2695 1386 et
2723 1332 2892 1401 major
2914 1332 3224 1396 auctoritas,
3252 1348 3374 1387 eum
3410 1331 3545 1387 dixit
3587 1334 3811 1388 formam

2224 1421 2390 1479 fuisse
2420 1424 2643 1493 peccati,
2685 1439 2791 1479 non
2833 1441 2860 1478 a
2900 1440 3010 1496 quo
3050 1426 3216 1495 coepit
3260 1427 3536 1493 delictum,
3580 1427 3678 1483 sed
3722 1429 3812 1499 qui

2226 1530 2322 1584 per
2357 1525 2675 1585 potestatem
2706 1533 2867 1573 sexus
2895 1518 3060 1573 virilis
3085 1560 3099 1582 ,
3146 1519 3313 1589 magis
3357 1520 3519 1575 fuisse
3563 1521 3815 1587 probatur

2227 1605 2519 1662 imitabilis.
2551 1608 2711 1664 Vides
2738 1624 2954 1682 nempe,
3001 1619 3058 1664 ut
3098 1612 3476 1681 consequentia
3519 1612 3815 1668 intellectus

2225 1697 2504 1752 veritatem
2528 1699 2628 1753 sibi
2659 1699 2832 1756 inesse
2860 1711 3103 1757 tcstetur.

2298 1789 2433 1845 Auc.
2474 1789 2590 1845 Non
2619 1790 2968 1847 imitationem
2996 1793 3299 1861 imitationi,
3341 1793 3436 1849 sed
3463 1794 3817 1865 regeneratio-

2228 1896 2350 1936 nem
2381 1882 2707 1951 generationi
2737 1885 3053 1953 opposuisse
3085 1885 3423 1954 Apostolum,
3465 1885 3577 1954 ipsa
3615 1884 3814 1941 Christi

2228 1974 2395 2028 forma
2416 1972 2778 2039 demonstrat;
2804 1974 2894 2044 qui
2912 1976 2929 2007 ι
2953 1974 3153 2029 homini
3178 1976 3350 2045 primo
3371 1975 3533 2030 homo
3552 1976 3816 2032 secundus

2229 2065 2532 2134 opponitur.
2558 2067 2612 2122 Si
2639 2080 2771 2136 ergo
2806 2081 2910 2122 non
2943 2066 3212 2137 pertinent
3238 2068 3302 2123 ad
3319 2067 3814 2137 jnstitiamChristi,

2230 2156 2319 2224 qui
2340 2164 2724 2219 renascuntur;
2750 2172 2855 2212 non
2876 2157 3149 2227 pertinent
3162 2157 3228 2213 ad
3248 2169 3520 2227 peccatum
3538 2158 3689 2224 Adae,
3724 2161 3816 2230 qui

2231 2257 2556 2313 nascuntur;
2595 2258 2653 2302 et
2681 2262 2788 2301 non
2815 2255 2898 2302 est
2922 2247 3167 2302 Christus
3203 2247 3374 2302 forma
3418 2263 3447 2302 a
3493 2250 3761 2304 contrario
3799 2267 3814 2303 :

2231 2337 2326 2392 sed
2355 2339 2478 2407 quia
2512 2339 2680 2393 forma
2708 2347 2812 2405 est,
2843 2338 3029 2409 procul
3059 2337 3221 2394 dubio
3257 2338 3395 2394 sicut
3421 2340 3589 2394 renati
3627 2339 3693 2395 ad
3733 2339 3820 2410 ju-

2233 2431 2431 2485 stitiam
2476 2431 2675 2485 Christi
2719 2439 3029 2496 transeunt,
3075 2431 3234 2485 etiam
3285 2430 3529 2502 parvuli,
3576 2432 3818 2502 quamvis

2233 2523 2446 2591 operari
2470 2521 2732 2592 justitiam
2763 2538 2866 2577 non
2894 2523 3164 2588 valentes;
3197 2523 3267 2577 ita
3297 2538 3419 2577 cum
3440 2524 3666 2577 transitu
3688 2539 3817 2594 pecc

2233 2614 2337 2669 cati
2368 2628 2434 2668 ex
2458 2614 2628 2669 Adam
2649 2616 2758 2669 nati
2778 2624 2925 2681 sunt,
2958 2615 3069 2669 sive
3094 2625 3403 2681 nascuntur,
3443 2618 3699 2686 quamvis»
3718 2632 3817 2672 nec

2236 2714 2511 2775 peccatum
2531 2706 2705 2761 adhuc
2726 2706 2935 2762 valeant
2958 2707 3191 2776 operari.
3221 2708 3464 2778 Agnosce
3491 2710 3737 2774 formam,
3763 2719 3818 2766 et

2235 2798 2342 2851 noli
2373 2812 2493 2853 esse
2516 2799 2938 2855 contradictione
2962 2799 3235 2855 deformis.

2303 2886 2482 2943 CXCI.
2522 2888 2642 2944 Jun.
2684 2890 2834 2945 Nunc
2872 2890 3099 2957 intuere,
3142 2902 3397 2962 quantum
3427 2908 3457 2946 a
3491 2903 3577 2949 tua
3605 2895 3822 2966 exposi-

2238 2978 2383 3034 tione
2409 2978 2740 3046 discordcnt,
2771 2989 2829 3034 ut
2852 2992 3044 3036 caetera
3073 2981 3311 3052 ejusdem
3340 2983 3464 3048 luci,
3496 2983 3565 3038 ita
3594 2984 3681 3039 illa
3702 3000 3821 3040 ver-

2236 3069 2335 3134 ba,
2380 3070 2576 3139 quibus
2610 3071 2901 3140 Aposealus
2938 3073 3267 3142 pronuntiat,
3305 3075 3468 3129 etiam
3509 3074 3565 3129 in
3597 3091 3693 3131 eos
3728 3092 3821 3132 re-

2233 3174 2430 3231 gnasse
2469 3170 2720 3227 mortem,
2764 3162 2850 3231 qui
2886 3177 2990 3216 non
3031 3173 3356 3232 peccauerunt
3398 3165 3452 3218 in
3494 3164 3824 3220 similitudine

2236 3250 2668 3322 ymwkationis
2694 3251 2841 3320 Ade,
2881 3253 2972 3323 qui
2995 3263 3069 3307 est
3093 3252 3260 3323 fama
3289 3254 3466 3324 (amri.
3495 3255 3554 3310 Si
3582 3256 3723 3310 enim
3752 3256 3821 3311 de

2235 3345 2466 3400 naturali
2509 3354 2730 3416 peccato
2757 3354 2958 3415 ageret,
3006 3345 3074 3401 de
3111 3361 3219 3417 quo
3260 3347 3488 3415 dixerat,
3531 3357 3588 3402 ut
3614 3348 3820 3404 videtur

2237 3439 2361 3505 tibi,
2390 3437 2458 3494 In
2495 3455 2595 3510 quo
2622 3455 2792 3494 omnes
2827 3452 3158 3510 peccaverant
3181 3458 3201 3496 :
3239 3442 3332 3513 qui
3360 3454 3545 3498 essent
3580 3442 3656 3509 hi,
3687 3456 3823 3513 quos

2237 3531 2421 3584 statim
2472 3530 2820 3601 pronuntiat,
2878 3546 2987 3586 non
3043 3532 3217 3588 solum
3275 3534 3328 3587 in
3381 3534 3822 3605 prmvaricatioue

2236 3619 2445 3675 Adm’?
2488 3619 2583 3675 sed
2623 3634 2694 3676 ne
2730 3621 2783 3676 in
2830 3620 3174 3678 similitudine
3209 3621 3424 3693 quidem
3464 3623 3637 3694 culpat
3682 3623 3824 3678 illius

2236 3710 2498 3767 obnoxios
2518 3711 2887 3782 deprehendi?

2308 3805 2445 3861 Atto.
2486 3803 2591 3860 Sed
2615 3814 2669 3860 tu
2697 3806 2777 3860 sic
2802 3806 3073 3878 intelligis,
3098 3805 3189 3877 qui
3228 3821 3335 3862 non
3364 3806 3615 3879 intelligis
3639 3819 3660 3863 :‘
3682 3810 3824 3877 Apo-

2238 3898 2409 3952 stolus
2442 3906 2621 3952 autem
2659 3899 2929 3954 rationem
2958 3898 3210 3967 reddidit,
3253 3915 3418 3970 quare
3457 3915 3602 3955 mors
3635 3917 3823 3972 regna.

2239 3991 2382 4048 verit
2409 4002 2463 4048 et
2501 3992 2556 4047 in
2591 4008 2686 4048 eos
2714 3992 2806 4063 qui
2836 4008 2942 4049 non
2973 4005 3348 4065 peccaverunt,
3387 3994 3634 4052 addendo
3662 4006 3717 4052 et
3743 3995 3825 4050 di-

2238 4083 2429 4150 cendo,
2472 4084 2526 4138 in
2564 4084 2945 4139 similitudinem
2972 4084 3403 4156 praeuricationis
3427 4086 3593 4150 Ade;
3635 4086 3690 4142 id
3716 4096 3816 4152 εει,

2238 4184 2522 4247 propterea
2564 4190 2818 4246 regnasse
2856 4175 3145 4231 ostendens
3173 4184 3403 4231 mortem
3445 4186 3495 4233 et
3526 4177 3579 4230 in
3603 4192 3700 4233 eos
3734 4179 3822 4249 qui

2239 4285 2345 4324 non
2403 4276 2775 4338 peccaverunt,
2825 4267 3077 4338 quiritium
3123 4268 3411 4337 quamdam
3463 4268 3825 4325 similitudinis

2241 4362 2465 4417 formam
2516 4377 2584 4417 ex
2635 4362 2766 4416 Atia:
2817 4362 3251 4431 przevarieatinne
3304 4372 3596 4419 traxerunt.
3654 4365 3824 4421 Adam

2239 4455 2440 4524 quippe
2482 4452 2707 4506 induunt
2752 4454 2840 4522 qui
2890 4460 3202 4521 nascuntur,
3250 4453 3386 4509 sicut
3429 4453 3705 4510 Christum
3747 4455 3827 4510 in-

2241 4545 2410 4599 duunt
2438 4545 2527 4614 qui
2555 4551 2923 4598 renascuntur.
3704 4546 3712 4554 ‘

2311 4636 2515 4695 CXCII.
2552 4638 2672 4693 Jun.
2717 4635 2959 4707 Regnavit
2978 4678 2993 4702 ,
3020 4634 3208 4707 inquit,
3233 4652 3367 4692 mors
3389 4637 3538 4691 etiam
3561 4637 3613 4690 in
3633 4651 3719 4689 eos
3740 4635 3829 4704 qui

2242 4750 2343 4788 non
2375 4739 2702 4802 peccaverunt
2742 4732 2795 4783 in
2834 4729 3162 4785 similitudine
3200 4727 3627 4798 prmricationis
3652 4726 3779 4778 Adae
3808 4741 3828 4778 :

2242 4827 2392 4881 vides
2417 4841 2538 4881 eum
2565 4823 2960 4879 distinctionem
2984 4822 3171 4876 fecisse
3195 4821 3550 4890 perspicuam,
3575 4817 3713 4870 inter
3735 4832 3827 4872 eos

2243 4920 2331 4989 qui
2373 4918 2617 4974 similiter
2655 4926 2713 4970 ut
2749 4914 2940 4981 Adam,
2973 4922 3024 4980 et
3052 4927 3145 4967 eos
3180 4911 3273 4981 qui
3313 4908 3645 4964 dissimiliter
3684 4923 3830 4964 erra-

2244 5018 2448 5067 verant.

2317 5103 2451 5156 Anc.
2493 5098 2550 5153 Si
2581 5090 3266 5153 dissimiliter'erraverant,
3309 5088 3397 5143 ubi
3439 5096 3670 5157 estergo
3704 5087 3825 5142 imi-

2248 5190 2462 5247 tationis
2501 5184 2844 5255 exemplum?
2884 5181 3356 5250 llegenerationem
3405 5178 3570 5234 redde
3606 5195 3827 5250 genera-

2249 5281 2401 5345 tioni,
2449 5293 2555 5334 non
2597 5272 2944 5331 imitationem
2994 5269 3307 5335 imitationi;
3348 5281 3400 5325 et
3444 5271 3679 5327 invenies
3716 5272 3826 5327 ior-

2250 5385 2412 5434 lnam,
2455 5382 2614 5439 quam
2662 5361 3053 5418 commendavit
3094 5361 3376 5430 Apostolus
3417 5363 3674 5430 veritatis,
3719 5377 3824 5419 non

2249 5474 2407 5532 quam
2437 5456 2587 5511 tinxit
2611 5453 2856 5522 Pelagius
2878 5453 3043 5507 vestri
3073 5461 3258 5506 auctor
3278 5452 3495 5507 erroris.

2321 5546 2547 5603 CXCIII.
2586 5546 2706 5601 ιω..
2750 5544 2880 5612 Quae
2928 5542 3119 5598 divisio
3167 5543 3395 5597 naturali
3450 5554 3669 5612 peceato
3722 5558 3824 5595 nun

2316 5727 2331 5758 ¹
2361 5720 2801 5786 νίεοίθνίιΰνφζία·
3013 5777 3024 5786 .
3345 5776 3356 5786 .
3423 5775 3454 5786 ..
3520 5773 3534 5786 .

2315 5790 2335 5820 ³
2357 5770 2566 5835 sica—sise
2582 5770 2648 5833 at
2673 5770 2806 5849 (aditi,
2829 5792 2934 5849 non.»
2954 5777 3107 5849 solum
3146 5773 3555 5843 ρτίευιπίοαεὲοηίε
3576 5770 3698 5837 (vel,
3732 5783 3832 5826 non

2258 5851 2408 5901 solum
2431 5861 2520 5897 non
2541 5841 2944 5911 prtemricationi)
2968 5842 3101 5905 .tdw,
