4126 6496
380 292 516 352 η·ἓέ

384 431 556 496 potest
573 423 860 480 convenire
883 437 897 475 :
919 418 1060 491 quod
1087 417 1133 475 si
1153 426 1315 487 esset,
1339 430 1527 472 omnes
1547 427 1762 486 prorsus
1783 425 1962 482 aequa-

384 518 500 570 liter
519 514 828 585 colligaret;
862 527 1020 568 nemo
1049 526 1177 581 ergo
1215 516 1359 564 esset
1385 509 1471 563 cui
1502 506 1700 561 malum
1727 504 1829 559 hoc
1854 517 1960 557 non

383 610 602 667 inesset,
631 613 687 660 et
713 603 888 658 nullus
913 602 1239 657 inveniretur
1260 601 1326 652 de
1350 613 1456 668 quo
1476 612 1601 652 vere
1626 603 1805 665 posset
1825 591 1928 647 dici
1945 632 1961 658 ,

381 697 500 766 quia
528 696 580 749 in
609 693 1009 748 similitudinem
1037 691 1239 762 peccati
1265 690 1402 743 illius
1429 703 1534 742 non
1559 685 1884 754 deliquisset,
1910 682 1960 736 in

381 787 532 857 cujus
558 800 746 840 omnes
775 785 996 839 veritate
1022 791 1350 853 peccassent.

453 879 584 930 Acs.
623 874 776 944 Quod
828 873 1102 929 retinendo
1141 872 1361 936 clamas,
1404 869 1505 924 hoc
1539 882 1722 924 verum
1767 872 1868 927 est,
1910 871 1966 918 et

381 977 564 1024 contra
593 982 690 1021 vos
727 975 852 1021 est:
901 979 1088 1019 omnes
1131 977 1353 1033 prorsus
1393 960 1648 1031 originale
1693 965 1961 1027 peccaturo

382 1061 657 1132 aequaliter
685 1060 985 1129 colligavit;
1019 1073 1177 1113 nemo
1207 1066 1348 1111 eSsct
1375 1055 1459 1109 cui
1491 1054 1685 1108 malum
1719 1053 1818 1106 hoc
1858 1065 1962 1104 non

385 1159 603 1220 inesset,
635 1155 734 1210 nisi
760 1170 862 1224 .per
883 1152 1156 1208 Christum
1184 1151 1352 1223 gratia
1375 1149 1551 1203 divina
1588 1145 1880 1214 prodesset.
1907 1142 1963 1196 In

381 1265 476 1303 eos
501 1247 646 1302 enim
685 1248 773 1317 qui
816 1258 918 1299 non
957 1252 1333 1315 peccaverunt,
1372 1242 1420 1295 id
1453 1250 1552 1304 est,
1580 1240 1673 1309 qui
1714 1253 1808 1292 sua
1840 1251 1964 1306 pec-

379 1347 497 1392 cata
529 1338 738 1407 propria
774 1351 878 1390 non
919 1336 1176 1399 fecerunt,
1210 1345 1263 1386 ut
1293 1348 1436 1387 mors
1477 1338 1742 1400 regnaret,
1775 1327 1958 1383 simili-

388 1428 513 1483 tudo
555 1427 747 1481 meruit
786 1424 1233 1496 prtcvaricationis
1260 1423 1410 1489 Δότε,
1437 1421 1528 1492 qui
1557 1431 1639 1475 est
1675 1420 1841 1473 forma
1879 1416 1965 1472 fu-

387 1520 512 1584 turi,
555 1517 606 1572 id
642 1526 743 1583 est,
787 1516 1004 1571 Christi.
1041 1516 1188 1570 Sicut
1215 1514 1355 1569 enim
1396 1513 1566 1581 primo
1595 1510 1831 1574 homine,
1876 1509 1964 1578 qui

389 1619 713 1673 nascuntur;
763 1609 833 1662 ita
880 1606 1115 1662 secundo
1165 1605 1402 1671 homine,
1449 1604 1538 1674 qui
1591 1611 1962 1666 renascuntur,

383 1701 699 1756 induuntur.

447 1793 681 1848 CXCIV.
721 1791 842 1847 Ιυι..
881 1790 1092 1862 Colligit
1117 1800 1293 1846 autem
1319 1789 1625 1860 Apostolus,
1653 1797 1708 1843 et
1728 1802 1968 1859 pronun-

391 1883 503 1947 tiat,
551 1899 668 1938 esse
705 1884 837 1936 alios
878 1883 965 1952 qui
1012 1882 1368 1952 peccaverint,
1417 1881 1554 1934 sicut
1591 1879 1794 1944 Adam;
1835 1879 1969 1933 alios

389 1991 523 2046 quos
550 1990 646 2029 nec.
673 1973 965 2030 similitudo
989 1975 1220 2042 antiquae
1251 1970 1700 2042 praevaricationis
1724 1985 1969 2040 aSperse-

392 2069 459 2121 rit
497 2085 512 2120 :
544 2066 784 2121 absolute
809 2079 937 2136 ergo
969 2065 1154 2131 claret,
1197 2079 1402 2119 morum
1432 2063 1652 2118 crimina
1692 2078 1830 2128 esse,
1861 2077 1967 2117 non

391 2157 672 2211 seminum.
706 2159 880 2225 Atque
911 2163 966 2208 ut
993 2154 1243 2221 breviter,
1275 2169 1394 2224 qua:
1422 2163 1547 2209 sunt
1582 2162 1723 2219 acta,
1755 2162 1968 2223 repeta-

383 2265 542 2312 mus;
597 2251 670 2302 ait
710 2249 1014 2318 Apostolus,
1070 2263 1167 2317 per
1214 2262 1374 2301 unum
1423 2246 1692 2301 hominem
1740 2244 1971 2299 intrasse

386 2350 658 2409 peccatum
689 2359 703 2394 :
735 2340 834 2395 hoc
864 2341 999 2395 ratio
1022 2339 1253 2395 ostendit
1277 2337 1590 2406 imitationi,
1616 2353 1721 2392 non
1747 2351 1972 2409 genera-

394 2432 519 2485 tioni
550 2447 864 2501 congruere,
895 2446 1012 2501 quae
1039 2439 1122 2485 est
1152 2445 1284 2499 opus
1311 2429 1558 2484 duorum.

461 2523 593 2578 Atto.
633 2522 800 2590 Quam
845 2524 1065 2577 multum
1095 2523 1280 2578 eadem
1325 2523 1481 2588 dicis,
1523 2532 1577 2578 et
1615 2521 1744 2577 nihil
1789 2521 1967 2579 dicis:

385 2629 492 2669 nec
519 2615 686 2678 vides,
714 2616 835 2685 quia
873 2616 916 2669 si
939 2624 1217 2686 peccatum
1249 2614 1560 2670 imitationis
1584 2631 1612 2669 a
1636 2631 1835 2686 genere
1868 2615 1970 2669 htt-

297 2780 309 2791 δ
386 2721 550 2760 mano
591 2717 849 2776 ereptum,
900 2707 1002 2762 isto
1037 2708 1430 2779 significaretur
1473 2708 1622 2767 loco:
1672 2725 1764 2777 per
1808 2723 1970 2762 unam

385 2799 566 2868 potius
608 2815 766 2870 quam
819 2816 913 2868 per
958 2815 1123 2853 unum
1173 2800 1227 2853 in
1275 2799 1532 2853 mundum
1582 2798 1849 2854 diceretur
1891 2799 1972 2853 in-

384 2897 594 2954 trasse;
636 2905 755 2958 qua:
798 2889 868 2942 ita
915 2889 1081 2958 prima
1121 2889 1379 2958 peccavit,
1412 2894 1470 2942 ut
1505 2903 1622 2942 eam
1645 2890 1730 2942 vir
1763 2905 1972 2961 quoque

384 2981 560 3048 ipsius
606 2978 766 3033 fuerit
801 2979 1053 3032 imitatus.
1096 2978 1201 3034 Sed
1242 2980 1363 3048 quia
1407 2981 1829 3050 generationem,
1863 2999 1969 3037 non

381 3070 765 3134 imitationem,
795 3069 1010 3124 volebat
1039 3069 1290 3140 intelligi,
1324 3069 1428 3124 Per
1454 3086 1630 3135 unum,
1660 3071 1848 3139 inquit,
1877 3072 1973 3127 ho-

386 3164 578 3216 minem
617 3172 874 3228 peccatum
907 3163 1110 3216 intravit
1137 3163 1190 3216 in
1217 3162 1459 3216 mundum
1487 3177 1506 3216 :
1534 3171 1623 3216 aut
1649 3164 1836 3218 ambos
1859 3163 1974 3218 sin-

384 3253 558 3322 gulari
594 3269 820 3307 numero
861 3253 1157 3318 includens,
1203 3261 1417 3323 propter
1454 3253 1594 3324 quod
1632 3253 1831 3309 dictum
1871 3261 1974 3321 est,

397 3343 563 3416 Igitur
591 3346 706 3416 jam
747 3362 849 3398 non
889 3355 1006 3398 sunt
1044 3345 1146 3398 duo
1185 3344 1395 3417 (Matth.
1439 3361 1554 3411 XIX,
1597 3347 1686 3418 6);
1726 3357 1816 3400 aut
1853 3361 1973 3403 eum

392 3436 730 3505 potissimum
761 3451 1206 3500 commemorans,
1241 3453 1270 3490 a
1301 3453 1406 3508 quo
1435 3447 1516 3492 cst
1541 3439 1856 3508 principium
1885 3455 1979 3510 ge-

397 3528 620 3582 nerandi
640 3571 655 3594 ,
685 3543 806 3583 cum
835 3529 1116 3584 seminatio
1142 3529 1433 3594 exorditur,
1467 3543 1525 3584 ut
1549 3533 1826 3600 conceptio
1851 3533 1977 3587 sub~

400 3628 671 3689 sequatur.
705 3619 831 3675 lltec
873 3634 1016 3690 sa'pe
1040 3619 1148 3689 jam
1185 3620 1416 3674 diximus
1448 3639 1462 3675 :
1491 3622 1582 3676 sed
1613 3623 1977 3678 iterationibus

395 3711 528 3776 tuis,
559 3722 772 3766 nostras
800 3726 1012 3782 quoque
1038 3711 1119 3767 vel
1150 3711 1342 3777 rarius,
1371 3722 1546 3767 tamen
1577 3713 1841 3780 iterando,
1871 3729 1975 3769 non

391 3800 655 3856 cedimus.

456 3890 670 3948 CXCV.
700 3892 821 3948 ιυι..
848 3892 1073 3950 Secutus
1120 3902 1227 3962 est,
1249 3893 1321 3948 Et
1346 3895 1417 3949 ita
1449 3897 1503 3951 in
1548 3911 1720 3952 omnes
1755 3896 1980 3951 homines

393 4001 534 4038 mors
555 3986 865 4055 pertransiit.
1623 4053 1625 4055 ι

482 4079 619 4134 Atta.
646 4078 779 4146 Quid
810 4086 894 4133 est
911 4120 926 4146 ,
955 4079 1026 4132 ita
1047 4080 1366 4149 pertransiit;
1393 4081 1493 4136 nisi
1521 4080 1788 4152 quomodo
1813 4081 1980 4136 intra-

415 4168 518 4230 vit.
549 4169 601 4223 id
627 4180 748 4235 est,
776 4184 896 4224 cum
920 4180 1166 4239 peccato,
1194 4170 1305 4224 sive
1329 4186 1427 4240 per
1448 4170 1758 4240 peccatum?

471 4258 697 4316 CXCVI.
727 4260 847 4316 JUL.
879 4259 1459 4325 Fecitdistinctionem,
1491 4279 1556 4317 ne
1577 4264 1698 4333 quis
1720 4263 1788 4317 ita
1828 4272 1980 4333 puta-

402 4363 486 4409 ret
511 4355 768 4411 transisse
815 4365 1216 4426 peccatum;ut
1258 4372 1419 4411 mors.
1447 4373 1566 4427 quae
1594 4357 1976 4428 prtecucurrit'

397 4445 671 4515 judicante
692 4447 918 4516 iustitia,
941 4457 1122 4503 secuta
1144 4448 1455 4518 probaretur
1471 4450 1718 4504 materias
1742 4449 1982 4512 ultionis,

406 4551 536 4606 quas
578 4537 629 4591 in
661 4554 978 4609 unoquoque
998 4550 1277 4610 peccatore
1304 4539 1372 4594 de
1409 4539 1583 4594 studio
1611 4539 1762 4593 malta
1786 4540 1980 4593 volun-

405 4629 525 4682 tatis
555 4627 834 4684 invenerat
858 4629 900 4681 '.
924 4628 1172 4684 Ostendit
1217 4630 1394 4700 igitur,
1420 4647 1524 4684 non
1552 4639 1791 4684 naturam
1815 4645 1976 4684 accu-

403 4717 620 4772 sondam
647 4735 786 4785 esse,
816 4720 909 4775 sed
940 4721 1131 4775 studia.

473 4811 609 4867 Anc.
624 4809 844 4866 Frustra
874 4819 927 4866 te
955 4826 1158 4878 versas,
1189 4819 1242 4867 et
1260 4825 1524 4868 reversas.
1555 4807 1722 4865 Adam‘
1751 4811 1976 4880 respice,

403 4907 459 4954 et
478 4900 749 4956 Christum
785 4903 921 4958 :ille
947 4902 1116 4958 forma
1162 4911 1243 4959 est
1269 4901 1465 4966 futuri;
1507 4918 1612 4956 non
1666 4911 1903 4972 estergo
1948 4917 1976 4954 a

405 4992 672 5046 contrario
697 4993 799 5048 iste
825 4993 1135 5055 conformis,
1161 4992 1251 5064 qui
1279 4992 1536 5060 justitiam
1561 5006 1710 5046 suam
1735 4991 1793 5046 in
1819 5006 1978 5046 rena-

406 5093 616 5137 sccntes
639 5083 889 5152 parvulos
903 5083 1125 5154 trajicit,
1152 5083 1196 5138 si
1221 5091 1493 5152 peccatum
1511 5081 1564 5137 in
1587 5089 1865 5137 nascentes
1889 5081 1980 5136 ille

408 5190 511 5229 non
543 5176 756 5244 trajicit.
1207 5191 1213 5198 '

475 5263 724 5323 ειιενιι.
746 5267 863 5323 ius.
890 5264 1196 5337 Subjunxit,
1227 5267 1280 5320 in
1326 5280 1393 5322 eo
1420 5278 1677 5337 regnasse
1720 5273 1978 5327 mortem,

409 5355 460 5406 in
490 5371 590 5424 quo
609 5373 780 5411 omnes
808 5365 1134 5427 peccaverunt
1158 5371 1177 5410 :
1199 5371 1306 5426 quo
1330 5370 1598 5420 sermone,
1630 5368 1735 5409 non
1759 5367 1984 5408 nascen—

412 5447 478 5500 tis
506 5445 654 5501 ruina
676 5486 695 5512 ,
740 5447 833 5503 sed
873 5461 1032 5517 opera
1079 5437 1326 5518 agentis’
1351 5461 1603 5516 expressa
1633 5454 1736 5500 est.
1767 5449 1980 5515 Appro-

474 5557 489 5589 ι
516 5563 598 5606 tus.
644 5563 777 5617 Man,
801 5559 1121 5617 percucurrit.
1291 5591 1296 5596 -

472 5619 493 5648 ³
516 5619 653 5686 inditi,
673 5615 813 5680 quasi
823 5630 958 5686 huic
978 5630 1162 5686 quoque
1189 5624 1465 5682 peccatores
1487 5617 1548 5686 de
1570 5617 1732 5686 studio
1756 5615 1990 5667 malevo-

413 5677 605 5742 luntatis
626 5677 868 5742 ίηύειιετὶιἲ
895 5677 1201 5742 castigantur
1214 5693 1278 5734 ex
1299 5682 1648 5742 manuscriptis.

476 5740 494 5769 η
611 5747 713 5788 Mss.
732 5749 787 5788 Αι
809 5740 944 5798 editi,
967 5740 1187 5804 cogentis.

716 5819 987 5882 Parcus.
1024 5822 1233 5885 Χιν..

1686 295 1888 357 LIBER
1924 291 2295 355 SECUNDUS.

3503 308 3643 372 l226

2070 410 2214 468 bavit
2241 429 2300 470 se
2338 414 2514 487 itaque
2542 417 2853 488 pravitatem
2878 434 3122 494 arguere,
3152 439 3252 481 nec
3278 425 3638 487 innocentiam

2069 517 2326 560 sauciare.

2139 596 2271 650 A-uc.
2296 595 2353 650 In
2379 597 2470 651 illo
2495 610 2856 668 peccaverunt
2895 616 3102 669 omnes,
3136 605 3186 662 in
3213 621 3318 676 quo
3347 608 3645 663 moriuntur

2064 699 2292 742 omnes:
2326 689 2476 760 cujus
2515 705 2543 743 a
2572 694 2841 747 contrario
2870 693 3040 748 forma
3090 705 3203 760 est,
3237 677 3286 752 in
3323 714 3429 768 quo
3469 699 3644 756 viviti-

2065 789 2257 834 cantur
2286 796 2491 837 omnes.
2525 783 2668 839 Sicut
2693 795 2868 840 autem
2889 787 2941 841 in
2963 787 3126 842 Adam
3155 805 3325 844 omnes
3342 793 3651 848 moriuntur.

2067 871 2140 923 sic
2176 872 2228 926 in
2259 871 2458 928 Christo
2487 893 2658 930 omnes
2701 877 3084 946 viri/icabuntur
3135 879 3153 950 (
3178 879 3192 932 Ι
3222 879 3339 935 Cor.
3371 897 3441 935 xv
3465 923 3480 946 ,
3507 879 3628 951 22.)

2069 959 2220 1028 Quod
2250 961 2369 1017 ideo
2397 964 2594 1020 dictum
2615 976 2718 1034 est,
2748 969 2868 1038 quia
2891 969 3027 1023 sicut
3055 985 3214 1025 nemo
3237 971 3334 1024 nisi
3363 987 3455 1044 per
3475 972 3644 1026 Adam

2076 1051 2245 1120 vergit
2271 1053 2322 1106 in
2357 1063 2580 1110 mortem
2607 1098 2622 1122 ,
2655 1057 2727 1110 ita
2758 1074 2915 1113 nemo
2937 1060 3036 1113 nisi
3069 1077 3161 1128 per
3185 1061 3455 1116 Christum
3475 1064 3648 1133 surgit-

2071 1141 2121 1194 in
2153 1141 2329 1196 vitam.
2359 1144 2404 1198 0
2431 1146 2590 1200 homo
2618 1146 2707 1217 qui
2733 1147 2864 1202 nihil
2885 1159 3039 1219 potes
3064 1151 3261 1216 dicere,
3305 1167 3489 1222 posses
3535 1154 3647 1207 sal-

2071 1241 2175 1285 tem
2204 1243 2378 1288 Iacere
2398 1236 2410 1288 !

2140 1322 2409 1378 CXCVIII.
2444 1325 2562 1381 JUL.
2613 1326 2743 1382 Post
2771 1329 2872 1385 hoc
2897 1341 3076 1387 autem
3109 1332 3286 1388 intulit
3309 1374 3323 1396 ,
3374 1349 3540 1405 usque
3578 1335 3643 1390 ad

2071 1414 2240 1483 legi-tn
2273 1433 2521 1486 regnasse
2570 1431 2880 1488 peccatum:
2911 1423 3218 1486 ostendens,
3261 1441 3477 1498 regnum
3521 1441 3648 1498 pec-

2069 1508 2170 1560 cati
2201 1507 2302 1562 lata
2331 1511 2444 1579 lege
2469 1511 2744 1568 cecidisse.

2141 1603 2273 1657 Anc.
2303 1601 2358 1656 Si
2407 1603 2508 1657 lata
2536 1605 2648 1674 lege
2677 1609 2869 1663 cecidit
2894 1623 3112 1676 regnum
3137 1609 3361 1679 peccati,
3393 1625 3520 1684 ergo
3549 1627 3636 1684 per

2071 1691 2241 1761 legem
2265 1693 2466 1762 justitia
2497 1704 2598 1748 est.
2626 1695 2687 1751 Si
2711 1715 2800 1766 per
2824 1706 2979 1769 legem
2991 1700 3194 1771 justitia
3228 1711 3322 1766 est,
3351 1719 3470 1773 ergo
3497 1701 3650 1757 Chri-

2070 1793 2176 1839 stus
2199 1787 2356 1855 gratis
2377 1795 2604 1841 mortuus
2619 1798 2692 1843 est
2716 1787 2907 1861 (Galat.
2931 1807 2985 1856 ll,
3015 1791 3128 1862 2l).
3155 1793 3394 1862 Apostoli
3428 1803 3511 1848 est
3540 1809 3641 1848 vox

2072 1877 2210 1942 ista,
2239 1894 2342 1932 non
2376 1881 2654 1936 meaJam
2705 1885 2969 1955 erumpite
3017 1886 3068 1938 in
3117 1895 3400 1955 apertum,
3443 1888 3646 1943 inimici

2072 1970 2244 2024 crucis
2268 1971 2486 2026 (ηις-ἰαὶ..
2523 1972 2660 2040 Quid
2692 1974 2887 2029 timetis
2933 1991 3176 2046 magnum
3208 1979 3458 2048 pOpulnin
3493 1979 3650 2034 Chri-

2074 2060 2163 2126 sti,
2191 2070 2246 2115 et
2272 2059 2470 2116 Christi
2496 2080 2740 2134 magnum
2764 2065 3019 2135 judicium
3052 2084 3154 2120 non
3188 2070 3421 2125 timetis?
3449 2073 3646 2140 Aperte

2072 2151 2253 2213 dicite.
2289 2153 2569 2209 Justificari
2621 2165 2806 2211 natura
2834 2199 2845 2219 ,
2875 2159 3150 2228 justilicari
3181 2161 3294 2231 lege
3341 2176 3648 2230 posmzmns;

2074 2247 2238 2316 gratis
2268 2258 2505 2302 mortuus
2537 2258 2618 2304 est
2651 2250 2915 2305 Christus.
2962 2251 3066 2306 Sed
3093 2253 3437 2307 formidantes
3467 2256 3651 2308 multi-

2073 2337 2308 2393 tudinem
2338 2339 2700 2404 christianum,
2736 2341 3076 2410 Pelagianam
3128 2343 3346 2397 verbum
3391 2345 3648 2413 supponi-

2077 2427 2169 2495 tis,
2195 2437 2248 2484 et
2272 2430 2632 2499 quaerentibus
2679 2447 2708 2485 a
2738 2433 2908 2498 vobis,
2937 2449 3103 2503 quare
3130 2446 3372 2489 mortuus
3396 2436 3460 2488 sit
3494 2435 3652 2489 Chri—

2075 2527 2209 2587 stus,
2253 2519 2296 2573 si
2324 2530 2513 2576 natura
2546 2521 2627 2576 vel
2659 2522 2744 2576 lex
2772 2523 2934 2578 efﬁcit
2966 2523 3175 2593 justos;
3207 2525 3560 2594 respondetis,
3585 2526 3655 2581 Ut

2073 2611 2180 2667 hoc
2213 2612 2384 2683 ipsum
2431 2612 2634 2668 facilius
2665 2613 2814 2669 ﬁeret
2843 2632 2855 2668 :
2888 2615 3038 2684 quasi
3058 2624 3264 2685 posset,
3287 2617 3526 2685 quamvis
3552 2616 3653 2670 dif-

2078 2703 2268 2758 ﬁcilius
2305 2705 2418 2759 l-leri
2472 2714 2648 2760 tamen
2678 2748 2693 2771 ,
2726 2707 2839 2762 sive
2892 2723 2986 2776 per
3015 2719 3280 2772 naturam,
3312 2709 3425 2764 sive
3456 2724 3551 2778 per
3577 2711 3653 2764 le-

2075 2809 2216 2864 gem.
2269 2795 2519 2861 Christe,
2573 2797 2860 2866 responde,
2911 2799 3105 2862 vince,
3153 2809 3311 2868 atque
3352 2800 3653 2866 convinee;

2075 2889 2266 2951 clama,
2297 2887 2422 2941 Sine
2451 2905 2529 2942 me
2547 2889 2674 2942 nihil
2704 2889 2908 2959 potestis
2954 2891 3119 2959 facere
3147 2889 3326 2958 (Jomt.
3354 2907 3443 2955 xv,
3465 2892 3520 2963 5)
3552 2910 3564 2945 :
3601 2903 3658 2948 ut

2081 2987 2288 3033 taceant
2305 2979 2390 3049 qui
2419 2980 2677 3042 clamant,
2712 2983 2820 3035 Etsi
2848 2981 3134 3048 difficilius,
3161 2994 3334 3038 tamen
3372 3000 3655 3054 possemus

2073 3079 2129 3125 et
2161 3070 2276 3124 sine
2302 3079 2352 3124 te
2377 3069 2550 3125 facere
2581 3086 2600 3124 :
2627 3082 2719 3124 aut
2759 3072 2802 3125 si
2831 3083 3003 3126 tacere
3028 3091 3130 3128 non
3148 3082 3397 3142 possunt,
3424 3090 3482 3129 se
3512 3077 3657 3145 ipsos

2083 3161 2137 3215 in
2164 3157 2390 3217 latebras
2413 3163 2620 3232 aliquas
2639 3162 2932 3228 ducant,-ut
2960 3165 3094 3218 alios
3117 3183 3219 3218 non
3248 3166 3519 3220 seducant.
3551 3167 3659 3226 Cur

2081 3268 2208 3322 ergo
2238 3263 2312 3306 att
2340 3254 2646 3321 Apostolus,
2673 3252 2847 3324 Usque
2866 3255 2998 3308 enim
3025 3256 3094 3309 ad
3125 3255 3285 3325 legem
3311 3267 3566 3324 peccatum
3605 3260 3658 3312 in

2080 3345 2268 3397 mundo
2291 3344 2419 3414 fuit;
2444 3345 2545 3398 nisi
2593 3345 2717 3414 quia
2747 3355 3020 3416 peccatum
3064 3347 3278 3403 auferre
3311 3365 3407 3402 nec
3439 3347 3540 3402 lata
3571 3350 3653 3405 lex

2083 3436 2286 3505 potuit,
2317 3436 2408 3492 sed
2436 3437 2525 3492 ille
2555 3436 2621 3492 de
2663 3453 2770 3508 quo
2806 3438 3004 3492 dictum
3048 3449 3150 3502 est,
3183 3439 3315 3493 Ecce
3343 3441 3518 3512 Agnus
3544 3441 3656 3506 Dei,

2082 3545 2194 3583 ecce
2215 3529 2302 3599 qui
2322 3529 2451 3582 tollit
2476 3539 2682 3600 peccata
2707 3529 2882 3582 mundi
2914 3529 3023 3602 (Id.
3053 3547 3089 3595 I,
3131 3530 3278 3602 ‘29)?

2151 3619 2380 3676 CXCIX.
2398 3620 2517 3676 ιω..
2546 3621 2830 3677 Generatio
2851 3630 3026 3675 autem
3057 3639 3174 3693 quin
3200 3624 3362 3691 cmpit
3386 3623 3452 3678 ab
3467 3623 3657 3690 Adam,

2083 3722 2135 3768 et
2157 3723 2280 3782 post
2302 3714 2470 3782 legem
2496 3723 2807 3782 permanet:
2841 3729 2960 3783 qua:
2991 3713 3034 3766 si
3085 3723 3228 3768 esset
3261 3716 3377 3768 fons
3414 3726 3658 3784 peccato-

2084 3819 2200 3857 rum
2251 3814 2303 3858 et
2340 3803 2516 3858 frutex
2566 3803 2783 3870 diaboli,
2827 3804 2962 3857 sicut
3003 3813 3058 3858 tu
3107 3806 3518 3875 argumentaris,
3553 3821 3655 3859 non

2085 3897 2267 3966 utique
2298 3912 2464 3966 usque
2489 3896 2554 3951 ad
2587 3897 2780 3968 legem,
2811 3896 2906 3950 sed
2951 3906 3008 3951 et
3055 3906 3175 3966 post
3218 3898 3406 3967 legem.
3436 3909 3489 3953 et
3546 3910 3666 3968 post

2077 3987 2352 4042 Christum
2393 3988 2495 4042 hoc
2533 3989 2734 4042 crimen
2788 3988 3009 4059 vigeret.
3058 3989 3336 4042 Peccatum
3391 3990 3568 4059 itaque
3597 3989 3664 4042 de

2085 4096 2190 4151 quo
2215 4080 2502 4150 Apostolus
2541 4080 2860 4149 pronuntiat,
2888 4079 3010 4150 quia
3038 4094 3204 4149 usque
3228 4079 3293 4134 ad
3349 4080 3516 4151 legem
3545 4080 3661 4135 fue-

2085 4175 2186 4240 rit,
2219 4190 2316 4228 nec
2346 4173 2576 4244 potuerit
2605 4187 2821 4227 manere
2868 4181 2987 4240 post
3011 4171 3182 4241 legem
3207 4211 3223 4236 ,
3253 4171 3498 4236 actionis,
3550 4187 3655 4225 non

2088 4264 2374 4320 nativitatis
2412 4278 2536 4318 esse
2556 4261 2913 4317 convincitur.

2157 4359 2292 4412 AUG.
2335 4356 2472 4410 Ecce
2498 4363 2679 4424 aperte
2703 4353 2836 4408 dicis
2859 4395 2875 4420 ,
2907 4367 3011 4407 non
3045 4351 3166 4407 ideo
3199 4352 3400 4406 dixisse
3429 4353 3659 4420 Aposro-

2087 4449 2216 4514 Ium,
2234 4447 2407 4516 Usque
2427 4448 2494 4500 ad
2510 4447 2670 4520 legem
2686 4454 2948 4517 peccatum
2970 4444 3024 4497 in
3047 4442 3234 4497 mundo
3263 4443 3359 4514 fuit
3381 4483 3396 4507 ,
3423 4443 3543 4512 quia
3568 4459 3666 4496 nec

2087 4541 2173 4594 lex
2204 4541 2379 4610 :potuit
2401 4537 2611 4592 auferre
2644 4547 2919 4605 peccaturo
2943 4551 2958 4599 ;
2986 4534 3078 4590 sed
3108 4535 3229 4603 quia
3254 4543 3526 4602 peccatum
3560 4550 3665 4587 non

2088 4636 2259 4704 potuit
2306 4649 2524 4687 manere
2575 4641 2692 4700 post
2738 4631 2906 4700 legem
2941 4646 2953 4682 :
2985 4643 3084 4682 nec
3133 4626 3442 4694 expavescis
3478 4640 3662 4678 vocem

2091 4726 2204 4784 Dei,
2239 4740 2332 4793 per
2359 4722 2628 4778 hominem
2656 4721 2744 4774 Dei
2775 4718 3136 4772 intendentcm
3171 4718 3222 4768 in
3247 4713 3555 4778 Christum,
3588 4724 3682 4797 at:

2091 4833 2196 4886 que
2216 4815 2511 4873 dicentem,
2555 4809 2686 4864 Ecce
2714 4809 2883 4878 Agnus
2924 4806 3014 4861 Dei
3034 4847 3054 4870 ,
3096 4821 3206 4859 ecce
3227 4805 3312 4874 qui
3338 4804 3467 4857 tollit
3493 4819 3668 4873 pecca-

2089 4919 2192 4961 tum
2217 4903 2436 4958 mundi?
2458 4899 2594 4971 Quid
2625 4897 2861 4968 desipis?
2881 4897 3012 4968 quid
3041 4895 3278 4950 insanis?
3308 4894 3422 4949 Non
3453 4901 3662 4960 natura,

2090 5013 2194 5051 non
2225 4995 2344 5057 lex;
2380 4992 2472 5047 sed
2521 5007 2632 5045 ecce
2656 4991 2742 5060 qui
2781 4988 2912 5042 tollit
2943 4997 3199 5057 peccatum
3240 4986 3418 5038 mundi
3450 5001 3467 5038 :
3494 4995 3548 5039 et
3572 5000 3668 5038 au-

2052 5079 2184 5146 'des
2209 5089 2408 5147 dicere,
2440 5084 2642 5156 peccati
2692 5097 2914 5153 regnum
2961 5080 3067 5135 lata
3120 5079 3234 5147 lege
3273 5078 3530 5132 cecidisse
3555 5119 3569 5142 ,
3617 5088 3670 5131 et

2091 5192 2211 5252 post
2241 5181 2408 5250 legem
2449 5192 2554 5232 non
2583 5173 2818 5244 potuisse
2849 5184 3065 5226 manere
3107 5169 3560 5239 peccatuni?cum
3590 5168 3669 5221 ali—

2092 5285 2177 5331 cat
2199 5271 2504 5341 Apostolus,
2533 5269 2596 5324 Si
2616 5284 2703 5338 per
2728 5266 2885 5336 legem
2905 5264 3126 5333 iustitia,
3150 5277 3268 5333 ergo
3297 5260 3526 5315 Christus
3549 5277 3663 5329 gra-

2089 5368 2158 5424 tis
2205 5373 2433 5421 mortuus
2464 5369 2537 5416 est
2558 5375 2578 5415 :
2601 5373 2724 5426 cum
2750 5355 2894 5414 dicat
2921 5353 3213 5426 Apostolus
3234 5393 3250 5419 ,
3305 5351 3440 5419 Quia
3484 5351 3538 5404 in
3569 5351 3674 5420 lege
3726 5353 3728 5356 '

2096 5474 2241 5514 nemo
2270 5454 2582 5526 justiﬁcatur
2611 5448 2807 5517 (Colat.
2838 5463 2917 5511 ιιι,
2948 5444 3041 5518 Il)
3071 5465 3082 5500 :
3113 5461 3230 5500 cum
3278 5442 3413 5498 dicat
3443 5442 3671 5509 Aposto-

2097 5551 2202 5611 lus.
2233 5548 2339 5600 ια
2379 5540 2696 5604 subintrauil,
2735 5548 2789 5593 ut
2828 5539 3106 5592 abundaret
3140 5535 3377 5588 delictum
3403 5529 3574 5599 (Rom.
3618 5543 3669 5585 v,

2095 5639 2188 5706 20)
2223 5657 2235 5690 :
2263 5649 2382 5691 cum
2410 5632 2551 5686 dicat
2572 5631 2879 5696 Apostolus,
2914 5628 2973 5684 Si
3000 5628 3120 5680 data
3149 5633 3272 5688 esset
3318 5623 3398 5675 lea:
3421 5632 3533 5686 (μίαν
3557 5631 3674 5682 pos-

2103 5705 2446 5793 setviriﬁcarc
2468 5762 2482 5785 ,
2509 5722 2711 5773 omnino
2737 5714 2799 5774 ei:
2823 5724 2924 5784 qur
2964 5729 3087 5771 esset
3101 5715 3303 5786 jnstitla
3331 5726 3349 5762 :
3375 5705 3461 5760 sed
3481 5705 3672 5754 σοπτίῑσ·

2775 5805 3278 5880 {Treenta-aeui.)
