4126 6502
635 436 769 497 {29.7

628 560 692 611 si.
718 556 992 627 Scriptura
1014 554 1185 608 omnia
1214 554 1306 607 sub
1337 565 1539 623 peccato
1564 596 1577 618 ,
1626 563 1679 606 ut
1726 552 1996 623 promissio
2018 566 2079 604 ex
2109 550 2212 617 ﬁde

628 645 755 702 Jesu
780 646 969 702 Christi
991 646 1198 699 daretur
1226 644 1538 699 credentibus
1568 642 1776 713 (Gatat.
1809 659 1886 708 ιιι,
1915 642 1980 697 21
2013 652 2060 696 et
2082 640 2155 694 2?.
2176 642 2215 708 ).

634 740 689 792 Si
718 752 877 793 aures
905 736 1135 801 habetis,
1175 750 1269 790 ora
1307 736 1417 806 jam
1448 736 1675 790 claudite
1703 752 1716 787 :
1748 734 1796 789 si
1823 744 1967 789 recte
2010 734 2219 803 aperire

630 842 724 882 ora
751 828 909 883 vultis
934 869 949 893 ,
983 826 1132 896 prius
1172 841 1331 881 aures
1350 824 1544 880 divinis
1578 824 1799 880 vocibus
1824 824 2048 895 aperite.
2079 823 2221 880 Sane

633 920 945 975 memineris
961 930 1012 975 te
1032 919 1255 987 dixisse,
1272 920 1668 991 generationem
1684 918 1913 989 coepisse
1928 919 1997 975 ab
2017 917 2218 982 Adam;

630 1011 723 1081 qui
751 1010 891 1066 soles
915 1009 1095 1066 dicere
1119 1052 1135 1077 ,
1163 1010 1562 1082 generationem
1605 1011 1815 1067 nonnisi
1843 1026 1872 1064 a
1899 1009 2108 1065 duobus
2136 1009 2220 1064 in-

628 1100 828 1175 cipere,
859 1114 913 1161 et
939 1104 1061 1160 ideo
1096 1120 1204 1159 non
1233 1119 1351 1160 eam
1398 1104 1632 1159 voluisse
1654 1103 1878 1174 intelligi
1901 1102 2219 1174 Apostolum

629 1199 682 1251 in
709 1213 776 1253 eo
814 1206 1074 1269 peccato,
1124 1196 1267 1269 quod
1306 1213 1406 1269 per
1453 1213 1616 1251 unum
1670 1196 1942 1252 hominem
1990 1197 2220 1251 intrasse

627 1290 763 1345 dixit
800 1290 854 1344 in
880 1290 1155 1346 mundum.
1190 1289 1323 1359 Quis
1351 1299 1403 1344 te
1455 1304 1613 1359 posse
1639 1288 1886 1344 crederet
1932 1286 2216 1351 oblivisci,

627 1382 770 1452 quod
804 1383 961 1438 toties
989 1382 1203 1437 dixeras
1234 1381 1466 1437 falsum?
1488 1380 1592 1436 Sed
1622 1391 1798 1435 tamen
1831 1380 2028 1435 oblitus
2054 1395 2138 1446 es,
2163 1389 2221 1433 ut

628 1473 913 1544 aliquando
960 1473 1167 1529 diceres
1204 1488 1412 1528 verum.
1455 1472 1919 1542 Expergiscere‘;
1969 1470 2091 1523 audi
2126 1469 2209 1524 vel

629 1577 683 1622 te
708 1567 880 1636 ipsum
912 1584 924 1620 :
953 1566 1021 1621 ab
1049 1566 1218 1620 Adam
1241 1566 1406 1636 cmpit
1431 1564 1742 1636 generatio,
1765 1579 1828 1619 ac
1849 1579 1947 1633 per
1975 1563 2099 1628 hoc,
2125 1578 2221 1634 per

627 1659 1029 1729 generationem
1078 1658 1296 1713 intravit
1342 1668 1662 1728 peccatum,
1710 1658 1851 1728 quod
1910 1673 2005 1729 per
2055 1674 2219 1713 unum

628 1744 898 1799 hominem
950 1742 1168 1797 intravit
1217 1742 1267 1797 in
1303 1742 1557 1795 mundum
1586 1743 1629 1794 ’.
1658 1740 1868 1797 Etenim
1906 1751 1963 1795 tu
1994 1740 2215 1808 dixisti,

629 1831 900 1904 Generatio
923 1844 1091 1888 autem
1117 1851 1228 1903 qua:
1246 1834 1393 1903 coepit
1419 1833 1482 1887 ab
1505 1832 1688 1899 Adam,
1716 1842 1761 1886 et
1786 1841 1899 1904 post
1934 1832 2092 1902 legem
2112 1848 2222 1902 per-

625 1936 812 1979 manet.
833 1902 1229 1980 Convenienter
1259 1902 1418 1995 igitur
1454 1923 1738 1994 Apostolus
1761 1902 1921 1977 unum
1947 1922 2216 1977 hominem

624 2017 821 2085 posuit,
849 2032 878 2070 a
910 2032 1017 2088 quo
1046 2026 1319 2087 peceatum
1349 2015 1566 2070 intravit
1588 2016 1639 2069 in
1663 2013 1939 2081 mundum,
1962 2013 2101 2083 quod
2122 2029 2217 2082 ge-

625 2110 901 2163 neratione
926 2107 1259 2172 traheretur;
1293 2122 1399 2161 non
1428 2105 1722 2172 diabolum,
1751 2121 1780 2158 a
1807 2120 1914 2175 quo
1938 2104 2064 2158 illud
2102 2119 2219 2174 pec.-

621 2213 799 2257 calum
843 2202 1061 2257 intravit
1090 2202 1141 2256 in
1170 2200 1450 2265 mundum,
1479 2199 1619 2269 quod
1640 2198 1861 2253 imitatio
1882 2208 2215 2268 sequeretur.

693 2293 799 2349 CC.
832 2294 953 2349 JUL.
1002 2292 1279 2348 Peccatum
1316 2302 1501 2357 autem,
1534 2292 1724 2360 inquit,
1764 2307 1865 2344 non
1893 2290 2174 2360 imputatur
2200 2331 2214 2355 ,

621 2401 737 2440 eum
784 2384 869 2440 (ea:
910 2402 1013 2438 non
1038 2395 1109 2439 est
1143 2383 1320 2454 (Rom.
1353 2399 1403 2446 v,
1442 2381 1528 2455 15)
1556 2401 1569 2436 :
1596 2398 1698 2452 qua
1741 2382 2035 2448 sententia,
2078 2382 2215 2437 sicut

627 2485 683 2531 et
706 2476 958 2531 omnibus
987 2475 1144 2529 dictis
1170 2475 1302 2538 suis,
1330 2473 1634 2543 opinionem
1664 2472 1897 2528 traducis
1924 2474 2213 2527 interemit.

699 2572 833 2623 Anc.
859 2568 1022 2622 Plane
1047 2583 1168 2621 eutn
1219 2569 1301 2621 lex
1333 2581 1438 2620 non
1466 2576 1566 2626 est.
1600 2564 1745 2620 non'
1775 2565 2066 2635 imputatur
2086 2578 2215 2636 pec-

623 2669 835 2725 catum;
878 2658 975 2714 sed
1008 2659 1075 2713 ab
1102 2658 1407 2713 hominibus
1431 2698 1447 2721 ,
1491 2657 1581 2728 qui
1616 2656 1981 2712 inscrutabilia
2017 2656 2214 2726 judicia

627 2752 721 2807 Dei
752 2752 1017 2807 nesciunt.
1058 2750 1193 2806 Nam
1223 2751 1266 2805 si
1298 2752 1433 2806 Deus
1478 2760 1757 2821 peccatum
1789 2764 1896 2805 non
1944 2751 2212 2820 imputat,

623 2858 745 2898 cum
776 2844 861 2897 lex
905 2858 1010 2896 non
1040 2851 1161 2909 est;
1194 2858 1295 2912 qua
1342 2842 1557 2897 tandem
1582 2842 1797 2912 justiti:
1825 2843 1915 2897 Dei
1964 2842 2052 2913 qui
2100 2843 2216 2897 sine

626 2936 740 3007 lege
762 2946 1138 3005 peccaverunt,
1168 2936 1284 2991 sine
1310 2936 1424 3007 lege
1454 2934 1706 3006 peribunt
1732 2933 1854 3009 (Id.
1886 2951 1942 2996 ιι.
1979 2935 2109 3006 12)?

692 3027 823 3085 CCI.
850 3027 971 3084 JUL.
999 3028 1130 3084 Nam
1156 3027 1201 3083 si
1226 3038 1349 3083 ante
1374 3030 1543 3100 legem
1565 3044 1673 3083 non
1705 3028 1961 3099 imputata
1994 3039 2073 3082 est
2093 3044 2218 3097 pee-

622 3121 728 3175 cati
755 3118 944 3174 tradux
967 3159 984 3185 ,
1031 3130 1152 3189 post
1173 3119 1348 3189 legem
1381 3117 1403 3150 ‘
1437 3129 1615 3173 autem
1642 3134 1746 3173 non
1777 3119 1874 3174 fuit
1896 3162 1911 3185 ,
1943 3135 2215 3191 nunquam

622 3213 841 3267 omnino
870 3227 979 3283 quo
1004 3221 1220 3266 noceret
1254 3211 1488 3265 humano
1515 3210 1700 3282 generi
1736 3212 1881 3266 virus
1910 3210 1933 3244 '
1962 3210 2212 3266 obtinuit.

623 3306 762 3359 Ante
792 3305 961 3374 legem
1001 3304 1143 3358 enim
1175 3304 1491 3373 imputatum
1533 3320 1637 3358 non
1667 3314 1751 3359 est
1772 3305 2016 3358 naturale
2037 3318 2218 3374 pecca-

628 3404 741 3450 tum
772 3412 785 3450 :
812 3394 910 3449 sub
955 3394 1074 3465 lege
1120 3395 1438 3464 imputatum
1478 3409 1586 3449 non
1629 3403 1731 3460 est,
1786 3396 1909 3465 quia
1966 3394 2019 3449 in
2070 3394 2217 3448 nullo

624 3500 855 3555 umquam
883 3484 1004 3538 loco
1027 3484 1161 3554 legis
1183 3484 1264 3539 vel
1287 3492 1640 3540 monstratum
1664 3484 1767 3539 hoc
1791 3484 1871 3538 vel
1902 3484 2214 3554 imputatum

623 3577 867 3631 docetur.
913 3577 1150 3646 Apparet
1205 3590 1332 3645 ergo
1381 3574 1733 3645 Apostolum,
1776 3585 2048 3645 peccatum
2092 3584 2218 3630 ante

584 3712 587 3715 ν
623 3671 798 3741 legem
829 3668 1013 3723 liberte
1036 3668 1324 3722 voltmtatis
1348 3708 1366 3735 ,
1419 3677 1539 3738 post
1564 3667 1734 3737 legem
1758 3677 1937 3723 autem
1961 3668 2216 3738 praevari-

623 3763 893 3816 cationem
922 3760 1143 3814 totidem
1172 3759 1353 3814 libera:
1377 3759 1669 3814 voluntatis
1696 3773 1940 3829 arguere.

697 3855 836 3910 Anc.
864 3850 921 3907 Si
943 3853 995 3907 in
1025 3852 1143 3921 lege
1168 3866 1275 3905 non
1295 3849 1598 3906 ostenditur
1619 3849 1876 3919 originale
1899 3859 2173 3919 peccatum
2199 3891 2215 3916 ,

627 3962 724 4001 cur
759 3960 889 4016 ergo
928 3944 982 3998 in
1007 3944 1124 4014 lege
1162 3943 1339 3997 anima
1393 3941 1601 4012 parvuli
1628 3949 1819 3995 octavo
1846 3939 1932 3994 die
1961 3957 2067 3995 non
2108 3941 2215 3995 cir.

625 4020 845 4095 cumcisi
877 4037 946 4092 de
985 4050 1183 4108 genere
1207 4050 1305 4090 suo
1350 4034 1491 4089 dicta
1521 4044 1605 4089 est
1632 4032 1851 4088 interire
1879 4031 2029 4104 (Gen.
2062 4048 2173 4088 xvu
2196 4075 2213 4101 ,

629 4132 762 4202 ΗΥ(
802 4147 897 4186 cur
956 4130 1157 4185 infante
1199 4137 1328 4183 nato
1352 4168 1368 4194 ,
1415 4124 1739 4181 oll'erebatur
1773 4124 2091 4180 sacrificium
2123 4140 2220 4194 pro

631 4233 853 4295 peccato
898 4220 1097 4294 (Levit.
1140 4235 1240 4285 xu,
1271 4218 1306 4274 6
1330 4218 1394 4291 )‘I
1417 4216 1534 4273 Jam
1563 4258 1578 4281 ,
1609 4231 1823 4287 quaeso,
1858 4225 2010 4271 tace:
2040 4224 2218 4271 atten-

629 4317 695 4372 de
723 4316 1000 4379 infantem,
1025 4322 1078 4366 et
1104 4311 1312 4366 imitare
1349 4325 1455 4364 non
1490 4308 1685 4361 fantem
1715 4307 1755 4359 '.

701 4408 853 4463 CCII.
885 4407 1002 4461 ius.
1038 4407 1110 4460 Ac
1130 4420 1226 4475 per
1247 4403 1367 4466 hoc,
1393 4411 1600 4458 constat
1632 4401 1762 4455 nihil
1789 4415 1912 4456 eum
1933 4399 2001 4456 de
2027 4414 2216 4472 pecca-

629 4508 691 4561 to
716 4496 948 4552 traducis
968 4495 1235 4551 elocutum
1266 4511 1279 4547 :
1307 4509 1427 4564 qute
1455 4492 1701 4564 quamvis
1742 4492 1959 4561 copiosa
1989 4499 2171 4547 essent
2200 4533 2216 4558 ,

628 4588 694 4644 ad
745 4587 1077 4660 probandum
1127 4585 1259 4641 nihil
1304 4583 1618 4654 Apostolun:
1666 4582 1735 4637 de
1776 4581 2051 4653 naturali(
2077 4580 2219 4652 quod

627 4697 749 4738 esse
778 4696 883 4736 non
907 4688 1104 4751 potest,
1122 4688 1178 4734 et
1200 4693 1232 4733 a
1253 4677 1558 4732 Manichteis
1580 4672 1821 4747 (iungitur)
1845 4678 2078 4730 sensisse
2106 4690 2223 4744 pec-

627 4783 748 4829 cato
766 4815 781 4838 ,
810 4788 879 4827 ex
901 4770 1223 4827 abundantia
1252 4778 1426 4824 tamen
1444 4768 1605 4823 etiam
1631 4766 2026 4822 distinctionem
2051 4766 2221 4820 incul-

627 4870 787 4932 cavit,
816 4881 923 4922 non
952 4880 1139 4921 omnes
1164 4862 1383 4919 omnino
1406 4861 1536 4917 Adae
1566 4859 2005 4931 praevaricatione
2053 4857 2227 4928 pollu-

629 4943 748 5023 tos:
777 4958 1207 5031 quandoquidem
1236 4957 1397 5011 etiam
1427 4954 1496 5009 de
1526 4952 1610 5007 his
1632 4992 1648 5018 ,
1682 4952 1735 5006 in
1766 4951 1958 5022 quibus
1987 4964 2085 5021 pro
2113 4949 2185 5003 ini
2210 4984 2216 4990 ς

629 5053 829 5125 quitate
858 5060 1105 5123 regnaret
1136 5048 1404 5111 interitus,
1435 5043 1806 5099 invenirentur
1833 5042 2047 5112 plurimi
2073 5081 2087 5106 ,
2130 5042 2220 5112 qui

629 5167 656 5199 ιι
685 5142 1132 5216 pr:evaricatione
1158 5139 1289 5195 Adre
1312 5139 1636 5193 docerentur
1661 5133 1843 5189 alieni.

700 5239 840 5294 Anc.
884 5226 1266 5297 Calumniose,
1310 5230 1587 5300 linguose:
1624 5224 1810 5279 Omnes
1851 5224 2076 5278 homines
2129 5224 2220 5278 sub

676 5351 713 5399 με
738 5344 1012 5404 stemdus,
1029 5342 1220 5396 diceres
1241 5354 1425 5405 vertam,
1447 5346 1501 5405 et,
1523 5338 1902 5405 expergisceres.
1931 5337 2222 5400 \‘ignierius,

633 5398 822 5460 diceres
835 5398 1027 5479 verum,
1050 5412 1096 5458 et
1116 5398 1543 5469 expergiscereris.
1584 5398 1641 5451 At
1675 5398 1802 5460 itas"
1828 5398 2015 5449 diceres
2037 5408 2219 5448 verum.

635 5479 1062 5583 “33min
1087 5534 1243 5588 ναι..
1274 5538 1361 5589 per
1785 5529 2036 5589 ικααιιιιη
2071 5520 2221 5572 intra

635 5593 696 5642 tit
720 5575 1067 5643 inﬁtianti—tan":
1089 5575 1487 5641 oilyssisrmed'iis
1499 5587 1680 5636 verbis.
1785 5575 1797 5589 ’
2118 5592 2119 5595 ‘

704 5660 724 5685 ³
750 5659 832 5704 Itic
854 5661 1119 5717 negantem
1161 5648 1446 5714 particulam
1486 5648 1789 5698 restituimus
1809 5646 2099 5697 auctoritate
2123 5656 2223 5693 ma-

624 5725 1169 5841 a‘ur‘xﬂii't‘i?r;eg;.lrgem.
1192 5765 1363 5841 Verius
1384 5778 1485 5819 Mss.
1507 5804 1521 5829 ,
1543 5775 1642 5833 post
1663 5742 1828 5834 leg/ehi.

690 5843 720 5873 '
746 5835 1068 5890 \etus'C(idei
1094 5844 1238 5898 Pam,
1261 5835 1403 5898 vires.

686 5902 719 5932 ⁸
738 5910 849 5953 uss.
873 5909 982 5950 star.
1012 5909 1061 5950 et
1094 5894 1250 5962 ιἐιιζ,
1272 5910 1367 5947 non
1392 5894 1637 5951 infantem.

1324 422 1568 493 o'rsms
1607 432 2015 492 IMPERFECTI
2055 431 2330 491 coxraa
2370 430 2726 497 JULlANUil,
2769 431 2825 486 s.
2870 427 3230 487 .tucttsrtxt

3719 442 3826 501 ΗΕΒ

2331 557 2533 616 peccato
2569 546 2842 611 nascimur,
2872 563 3085 616 quorum
3114 546 3220 615 ipse
3251 556 3381 600 ortus
3402 547 3448 601 in
3473 549 3578 603 vitio
3604 562 3665 605 est
3694 555 3829 623 (Ant-

2325 637 2521 691 brosius
2539 679 2554 703 ,
2596 637 2684 692 lib.
2714 638 2736 692 1
2780 639 2843 690 de
2868 635 3189 702 Panitentia,
3212 652 3324 706 cap.
3345 636 3378 690 2
3406 639 3476 692 vel
3496 639 3567 707 5),
3594 644 3671 711 qui
3696 644 3800 700 dixit
3817 691 3829 709 .

2326 729 2649 785 Manichmus
2675 746 2781 784 non
2824 730 2955 793 fuit;
2984 729 3076 784 sed
3106 729 3243 784 sicut
3272 731 3421 786 vestri
3450 731 3661 788 doctoris
3683 737 3832 807 (a)ore

2327 821 2572 877 laudatur
2605 862 2619 886 ,
2650 822 2788 876 inter
2817 823 3105 892 scriptores
3134 822 3509 878 ecclesiasticos
3534 824 3622 879 llos
3660 829 3831 897 quidam

2325 914 2602 983 speciosus
2626 914 2836 968 euiluit.
2864 913 3142 982 Quomodo
3171 924 3342 967 autem
3382 914 3525 977 dicis,
3554 931 3647 970 non
3685 934 3837 974 omnes

2324 1005 2455 1063 Δότε
2481 1009 2913 1077 praavarit-atione
2937 1007 3183 1076 pollutos,
3207 1015 3281 1071 et,
3313 1007 3445 1076 quod
3472 1007 3609 1076 pejus
3626 1012 3837 1080 est,Apo-

2325 1099 2468 1154 stolo
2494 1101 2746 1168 imputas,
2772 1098 2914 1170 quod
2947 1108 2999 1152 tu
3028 1099 3337 1170 insipienter
3358 1099 3524 1168 sapis?
3543 1116 3650 1155 cum
3675 1102 3747 1155 ille
3772 1103 3836 1157 tli-

2325 1200 2431 1257 cat,
2461 1190 2709 1262 Regnavit
2730 1207 2864 1245 mors
2889 1192 2952 1243 ab
2977 1190 3141 1243 Adam
3164 1231 3178 1250 .
3222 1206 3372 1259 usque
3391 1190 3456 1243 ad
3494 1189 3712 1262 Moysen,
3734 1203 3772 1246 et
3801 1194 3839 1245 in

2326 1300 2411 1338 eos
2431 1285 2518 1355 qui
2539 1301 2640 1339 non
2666 1293 3009 1354 pcccaverunt,
3043 1283 3230 1338 volens
3258 1282 3473 1354 intelligi
3496 1284 3716 1354 parvulos
3736 1327 3749 1352 ,
3772 1286 3839 1355 qui

2325 1374 2469 1429 nulla
2510 1375 2723 1446 propria
2750 1384 2970 1445 peccata
3000 1374 3243 1429 fecerunt
3270 1390 3284 1428 :
3313 1382 3367 1428 et
3390 1373 3574 1437 addat,
3612 1374 3658 1428 in
3695 1376 3840 1429 simili-

2325 1466 2500 1520 tudine
2524 1465 2955 1536 pjwvaricationis
2984 1464 3109 1518 Adae
3140 1465 3157 1535 (
3182 1465 3331 1519 Rom.
3359 1480 3410 1529 v,
3460 1462 3576 1535 M),
3607 1466 3840 1519 ostendens

2325 1574 2424 1613 cur
2463 1559 2515 1614 in
2546 1574 2643 1614 eos
2675 1559 2976 1629 regnaverit
2999 1573 3175 1611 mors:
3203 1556 3341 1627 quod
3362 1556 3468 1626 jam
3498 1560 3716 1625 superius
3746 1556 3843 1611 suis

2324 1650 2532 1721 egimus
2558 1649 2776 1724 (Supra,
2804 1666 2919 1719 cap.
2955 1649 3107 1718 191).
3138 1648 3417 1716 Quomodo
3444 1649 3576 1702 enim
3605 1666 3683 1717 per
3722 1666 3843 1702 unum

2325 1742 2579 1797 hominem
2605 1753 2867 1814 peccatum
2881 1742 3085 1796 intravit
3111 1743 3162 1795 in
3185 1741 3445 1806 mundum,
3467 1749 3514 1793 et
3539 1758 3618 1810 per
3639 1751 3843 1810 peccatum

2326 1850 2503 1895 mors:
2542 1833 2588 1888 si
2624 1834 2678 1888 in
2708 1834 2915 1905 aliquos
2958 1832 3024 1888 ad
3055 1835 3154 1887 hoc
3188 1834 3346 1887 unius
3376 1830 3597 1886 hominis
3623 1842 3842 1901 peccatqu

2325 1938 2429 1978 non
2457 1924 2783 1995 pertinentes
2823 1925 3062 1993 regnavit
3093 1932 3265 1978 tamen
3314 1922 3487 1976 mors?
3526 1921 3579 1976 In
3604 1938 3720 1991 quos
3737 1922 3845 1977 enim

2325 2032 2469 2070 mors
2517 2016 2797 2086 regnavit,
2830 2016 3097 2086 pertinent
3125 2014 3191 2070 ad
3239 2024 3511 2084 peccatum
3538 2030 3623 2083 per
3644 2017 3760 2083 quod
3784 2014 3843 2067 in.

2326 2108 2480 2164 travit
2511 2110 2634 2179 :qui
2660 2125 2785 2164 vero
2813 2108 2880 2164 ad
2912 2117 3184 2179 peccatum
3216 2148 3231 2174 ,
3263 2121 3360 2178 per
3396 2105 3533 2177 quod
3571 2120 3700 2161 mors
3721 2107 3848 2162 intra-

2325 2203 2437 2263 vit,
2468 2218 2574 2256 non
2621 2202 2927 2270 pertinent,
2968 2215 3074 2271 quo
3127 2200 3269 2270 justo
3309 2198 3507 2269 judicio
3556 2197 3620 2251 ad
3669 2207 3846 2251 mortem

2325 2292 2627 2363 pertinent?
2655 2292 2774 2347 Non
2803 2302 2981 2347 autem
3001 2291 3274 2363 pertinent
3305 2289 3370 2344 ad
3421 2298 3678 2359 peccatum
3701 2330 3715 2354 ,
3740 2287 3850 2357 quod

2324 2400 2419 2453 per
2447 2400 2607 2438 unum
2638 2383 2908 2438 hominem
2955 2383 3170 2438 intravit
3196 2383 3248 2436 in
3284 2381 3574 2446 mundum,
3614 2381 3730 2451 qoi‘
3771 2394 3850 2432 non

2324 2476 2377 2529 in
2432 2477 2887 2546 prtevariCationis
2934 2476 3076 2531 illius
3118 2474 3473 2530 similitudine
3521 2483 3850 2544 peccaverunt,

2323 2568 2465 2621 sicut
2506 2567 2619 2637 ipse
2646 2567 2823 2621 dixisti
2856 2585 2869 2623 :
2897 2583 3003 2621 non
3047 2567 3206 2637 igitur
3254 2567 3309 2619 in
3351 2580 3446 2620 eos
3475 2565 3698 2634 regnavit
3723 2579 3850 2617 mets.

2321 2658 2455 2726 Quid
2487 2668 2738 2729 estergo,
2772 2658 3016 2729 Regnavit
3038 2674 3172 2711 mors
3193 2657 3350 2712 etiam
3369 2657 3422 2710 in
3451 2672 3534 2709 eos
3558 2656 3637 2725 qui
3663 2670 3749 2708 non
3768 2669 3853 2724 per-

2330 2760 2568 2804 caverunt
2591 2751 2644 2803 in
2670 2749 3004 2804 similitudine
3026 2748 3460 2820 prevaricationis
3483 2746 3640 2811 Adae;
3661 2745 3748 2800 nisi
3764 2746 3854 2812 quia

2323 2841 2562 2913 regnavit
2579 2856 2723 2895 mors
2747 2849 2802 2896 et
2827 2839 2879 2894 itt
2906 2855 2999 2894 eos
3019 2839 3107 2910 qui
3131 2854 3238 2893 non
3262 2844 3637 2908 peccaverunt,
3650 2835 3854 2907 quoniam

2323 2934 2462 2990 nulla
2495 2943 2711 3005 peccata
2740 2934 2954 3005 pr0pria
2985 2931 3412 2987 commiserunt?
3442 2930 3695 3001 Regnavit
3710 2935 3850 2982 autem

2323 3026 2376 3079 in
2401 3025 2751 3081 similitudine
2782 3023 3235 3097 prtevarieationis
3260 3022 3427 3089 Adte;
3458 3022 3577 3093 quia
3609 3021 3722 3075 licet
3745 3017 3858 3073 nulla

2322 3117 2422 3188 ipsi
2475 3116 2688 3189 propria
2720 3125 2935 3187 peccata
2975 3116 3388 3184 commiserint,
3436 3115 3693 3186 pertinent
3719 3122 3857 3168 tamen

2321 3208 2389 3266 ad
2418 3220 2691 3279 peccatum
2727 3226 2823 3281 per
2851 3209 2993 3281 quod
3042 3224 3187 3266 mors
3240 3209 3467 3266 intravit
3510 3208 3561 3263 in
3607 3205 3861 3268 mundum,

2323 3301 2594 3358 trahentes
2621 3302 3023 3359 similitudinem
3046 3301 3539 3373 praevaricationis,
3569 3317 3666 3355 non
3695 3311 3862 3370 pram-

2323 3392 2634 3449 ticationem
2662 3403 2881 3464 peccato
2910 3395 3127 3465 proprio
3153 3392 3542 3464 perpetrando,
3572 3392 3661 3446 sed
3685 3389 3745 3445 de
3758 3401 3862 3459 ptat-

2321 3489 2643 3555 varicatore,
2686 3503 2782 3557 per
2804 3502 2966 3559 quem
3003 3494 3190 3542 natura
3228 3485 3472 3541 humana
3500 3492 3607 3540 tota
3633 3493 3709 3538 est
3748 3480 3864 3534 vitis-

2324 3590 2374 3634 ta
2395 3622 2411 3644 ,
2441 3579 2727 3634 nascendo.
2980 3600 2998 3607 -
3829 3632 3837 3640 .

2392 3668 2570 3723 CCIII.
2597 3669 2716 3725 ιυι..
2752 3668 2883 3725 Vide
2907 3684 3038 3737 ergo
3063 3677 3240 3724 utrum
3266 3668 3452 3724 adhuc
3474 3666 3688 3722 dubium
3709 3663 3776 3717 vel
3799 3660 3868 3713 tibi

2323 3758 2519 3817 debeat
2542 3778 2662 3815 esse
2690 3760 2829 3832 quod
2861 3762 3122 3824 dicimus,
3154 3762 3478 3816 innocentes
3505 3758 3738 3814 videlicet
3774 3764 3867 3806 ante

2323 3853 2557 3923 propria:
2608 3853 2896 3907 voluntatis
2949 3867 3134 3919 usum,
3165 3851 3300 3908 rude
3348 3867 3490 3922 opus
3522 3850 3634 3917 Dei,
3663 3864 3757 3903 non
3780 3862 3874 3916 pcr-

2323 3961 2476 4002 casse
2525 3948 2578 4002 in
2618 3946 2821 4012 Adam,
2866 3946 3080 4017 quando
3102 3988 3118 4013 ,
3165 3939 3434 4016 Apostolo
3470 3953 3626 4011 teste,
3651 3943 3789 3997 etiam
3822 3935 3872 3990 de

2324 4038 2541 4109 iniquis,
2572 4038 2664 4109 qui
2690 4039 2742 4093 in
2766 4037 3114 4094 similitudine
3135 4035 3615 4109 przevaricationis
3642 4030 3762 4090 Atla:
3793 4044 3874 4082 non

2324 4129 2677 4201 deliquerint,
2709 4128 2919 4200 plurimi
2944 4144 3066 4184 esse
3093 4128 3416 4184 doceantur.

2396 4221 2533 4278 Anc.
2562 4221 2680 4278 1am
2713 4234 3028 4290 responsmn
3051 4228 3133 4273 est
3161 4236 3173 4270 :
3202 4233 3339 4288 apus
3365 4228 3456 4275 est
3480 4229 3541 4275 ut
3570 4228 3764 4279 taceas;
3786 4222 3879 4266 nam

2327 4331 2431 4370 non
2486 4322 2640 4384 potes
2678 4312 2782 4368 nisi
2824 4326 3077 4385 perversa
3116 4310 3338 4377 dicere,
3384 4313 3640 4367 conando
3683 4300 3878 4375 Aposwli

2325 4407 2486 4464 verba
2518 4416 2845 4479 pervertere.
2879 4405 2973 4461 Ille
3001 4406 3167 4468 enim,
3215 4414 3268 4460 et
3311 4405 3368 4460 in
3413 4421 3516 4462 eos
3544 4405 3635 4475 qui
3671 4416 3767 4457 non
3790 4408 3884 4467 pec-

2325 4506 2601 4568 caverunt,
2630 4497 2680 4553 id
2702 4508 2804 4565 est,
2829 4497 3081 4568 parvulos
3104 4506 3319 4567 peccata
3351 4498 3578 4567 propria
3602 4511 3703 4549 non
3724 4489 3883 4544 baben-

2327 4601 2437 4660 tes,
2467 4591 2601 4646 dixit
2638 4601 2814 4646 tamen
2846 4602 3102 4659 regnasse
3143 4597 3375 4642 mortem
3412 4588 3470 4643 in
3520 4579 3887 4643 similitudinem

2329 4682 2785 4755 praevaricationis
2808 4682 2938 4736 Adae
2969 4721 2985 4746 ,
3017 4683 3106 4751 qui
3132 4690 3217 4734 est
3250 4678 3431 4736 forma
3464 4678 3630 4735 I‘uturi
3660 4696 3675 4732 :
3702 4674 3811 4745 quia
3835 4669 3888 4723 ita

2325 4775 2573 4831 Christus
2593 4756 2799 4843 trajicit
2827 4773 2878 4827 in
2906 4786 3002 4828 eos
3034 4772 3315 4842 justitiam,
3360 4773 3513 4827 sicut
3538 4768 3710 4826 Adam
3735 4774 3880 4837 pem

2327 4877 2475 4933 tum;
2504 4867 2573 4922 ita
2600 4867 2849 4922 Christus
2877 4865 3041 4918 vitam
3060 4905 3075 4927 ,
3108 4863 3246 4917 sicut
3277 4862 3461 4918 Adam
3499 4870 3750 4917 mortem.
3777 4853 3891 4910 Alio-

2326 4959 2705 5031 quinal’orma
2759 4954 2958 5009 Clu-isti
3005 4953 3163 5009 alieni
3211 4961 3395 5019 erunt,
3427 4962 3488 5008 et
3514 4945 3898 5007 christianiuolt

2327 5063 2485 5111 erunt
2512 5068 2527 5105 :
2555 5048 2698 5121 quod
2742 5048 2955 5119 quidem
2998 5045 3242 5112 sentitis,
3271 5046 3373 5102 sed
3400 5054 3599 5116 aperte
3623 5043 3797 5101 dicere
3816 5036 3899 5090 ωτι

2329 5144 2562 5198 ntidatis.

2397 5233 2574 5291 CCIV.
2594 5233 2721 5290 Jun.
2755 5231 2861 5290 Sed
2890 5231 3164 5287 videamus
3190 5238 3245 5287 et
3271 5238 3501 5287 cetera.
3534 5230 3648 5287 Sed
3671 5244 3770 5284 non
3795 5223 3897 5278 sicut

2328 5328 2585 5392 delictum,
2612 5325 2684 5378 ita
2707 5325 2873 5395 gratia
2899 5339 2917 5378 :
2942 5323 2987 5379 si
3006 5323 3138 5377 enim
3157 5322 3210 5377 in
3233 5321 3383 5376 unius
3400 5321 3604 5377 delicto
3628 5317 3775 5375 multi
3796 5325 3905 5369 ntor'

2330 5420 2404 5473 tui
2440 5426 2587 5482 sunt,
2619 5418 2777 5471 multo
2819 5415 2982 5486 magis
3021 5414 3189 5484 gratia
3216 5412 3313 5468 Dei
3352 5420 3408 5467 et
3439 5414 3666 5478 donum,
3693 5411 3748 5464 in
3769 5402 3908 5477 grati!

2331 5513 2479 5566 unius
2498 5509 2713 5565 hominis
2737 5507 2863 5564 Jesu
2884 5506 3091 5572 Christi,
3105 5506 3157 5560 in
3177 5507 3342 5577 plures
3370 5504 3666 5561 abundavit
3688 5499 3909 5574 (Rom-Vi

2333 5603 2446 5670 15).
2485 5598 2735 5671 Superari
2778 5597 2907 5653 dicit
2951 5577 3150 5652 ma‘lum
3192 5593 3375 5653 delicti
3424 5595 3594 5665 copia
3630 5590 3843 5664 gratis;
3867 5590 3912 5636 ει

2332 5711 2516 5751 eorum
2542 5694 2631 5763 qui
2662 5694 2933 5748 salvantur
2961 5703 3240 5744 numerum
3275 5686 3405 5753 illis,
3439 5701 3586 5759 quos
3612 5677 3907 5758 prevaria.

2401 5830 2418 5860 ⁸
2445 5827 2579 5881 miti,
2605 5822 2736 5885 quia.
2762 5826 2931 5876 Helius
2946 5831 3073 5884 use,
3100 5824 3201 5880 qui.

2394 5889 2479 5952 La)
2497 5885 2695 5949 Pelagii.
