4126 6498
351 441 486 500 129

348 569 488 622 tione
515 566 735 636 periisse
761 581 897 623 asse.
915 567 973 631 it,
997 567 1291 640 anu-ponit.

415 663 550 716 Auc.
589 658 707 715 Jan)
756 675 901 730 sape
937 659 1175 716 diximus
1219 677 1232 713 :
1277 676 1382 716 non
1419 661 1521 726 ait,
1553 663 1768 728 Plures;
1799 669 1890 722 sed
1912 709 1926 732 ,

348 752 530 806 multos
555 767 577 806 ε
604 765 724 818 nec,
765 751 931 822 Magis
975 752 1200 820 multos,
1246 753 1362 819 sed,
1411 755 1574 824 magis
1615 757 1931 823 abundavit;

1699 451 1897 508 LIBER
1935 455 2306 516 SECUNDUS.

3519 241 3563 281 ει

3483 489 3622 548 Ηδυ

2036 575 2199 632 Multo
2223 581 2390 651 magis
2415 591 2590 638 autem
2622 585 2673 640 in
2714 601 2807 644 cos
2835 591 3068 685 abundat
3101 598 3300 666 gratia;
3331 603 3453 672 quia
3484 615 3624 661 tem-

2035 667 2291 737 poraliter
2314 685 2408 740 per
2438 673 2628 738 Adam,
2659 679 2851 736 misere
2877 693 3037 754 atque
3053 667 3368 746 Imortaliter
3394 693 3578 750 vivunt
3603 715 3617 760 ;

2037 771 2131 827 per
2175 757 2442 816 Chrismm
2485 780 2613 821 vero
2659 766 2984 841 beatissime,
3017 784 3074 832 et
3114 779 3230 834 sine
3279 779 3382 849 fine
3423 757 3614 840 victuri

343 841 591 911 quoniam
633 841 689 896 in
726 851 987 897 aeternum
1037 843 1225 898 victuri
1273 853 1421 912 sunt,
1455 845 1510 900 in
1545 861 1682 916 quos
1725 850 1934 904 transiit
2033 858 2179 904 sunt.
2209 851 2438 908 Turbata
2481 867 2564 911 est
2593 867 2769 914 vestra
2809 861 3042 920 inventio
3088 883 3104 922 :
3142 868 3251 937 jam
3283 841 3495 928 tandem
3532 874 3614 928 in-

343 933 446 988 vita
470 931 704 1000 Christi;
735 933 930 1004 quibus
971 935 1038 989 ad
1080 942 1290 1006 tempus
1329 937 1508 992 nocuit
1550 953 1694 995 mors
1734 939 1788 994 in
1835 955 1930 995 eos

346 1025 608 1080 transiens
648 1039 746 1095 per
769 1023 942 1080 Adam
966 1043 988 1084 ;
1016 1041 1145 1081 ecce
1179 1027 1449 1098 quomodo
1478 1029 1647 1084 multo
1676 1029 1846 1100 magis
1875 1031 1928 1083 in

341 1131 436 1174 eos
461 1116 752 1173 abundavit
770 1117 960 1187 gratia,
989 1133 1148 1188 quam
1179 1125 1486 1189 peccatum.

408 1207 561 1264 CCV.
593 1207 716 1264 Jun.
756 1206 811 1264 Si
846 1207 1126 1264 veritatem
1149 1208 1389 1279 Apostoli
1415 1208 1592 1265 verbis
1621 1209 1859 1266 vindicas
1883 1212 1925 1274 ί,

341 1314 440 1356 nec
482 1315 604 1354 cum
645 1299 991 1371 impudenter
1038 1309 1193 1372 putas
1234 1300 1398 1357 fuisse
1441 1303 1762 1368 mentitum;
1797 1304 1928 1360 dum

339 1392 786 1464 quemadmodum
812 1393 880 1449 de
909 1393 1140 1448 naturali
1168 1403 1395 1466 peccato
1424 1394 1623 1450 dicenti
1659 1395 1776 1452 hmo
1799 1411 1924 1452 sen-

340 1485 504 1540 tentia
545 1501 651 1541 nou
683 1486 905 1541 incutiat
943 1486 1168 1558 publica:
1213 1487 1457 1544 falsitatis
1487 1487 1764 1558 pudorem.
1792 1489 1925 1544 Nam

337 1578 381 1632 si
431 1586 578 1634 esset
618 1577 878 1648 originale
922 1587 1230 1648 peccatum,
1269 1578 1410 1650 quod
1458 1594 1672 1636 omnem
1710 1581 1928 1636 omnino

337 1679 579 1725 naturam
615 1670 890 1726 hominum
924 1671 991 1726 ad
1027 1671 1118 1742 jus
1142 1671 1342 1727 diaboli
1389 1671 1592 1728 faceret
1632 1674 1922 1744 pertinere,

337 1761 428 1832 qui
453 1770 568 1817 erat
593 1761 744 1816 locus
779 1760 848 1816 ad
889 1761 1326 1833 aequiparandum
1355 1763 1584 1831 partium
1615 1779 1922 1828 numerum,

335 1867 521 1908 eorum
559 1851 807 1907 videlicet
835 1852 923 1922 qui
955 1853 1247 1918 salvantur,
1273 1861 1330 1908 et
1364 1852 1578 1908 illorum
1619 1854 1708 1926 qui
1750 1855 1920 1909 inter-

336 1943 506 2012 eunt?
551 1943 612 1998 In
659 1944 946 2015 Evangelio
985 1944 1240 2000 Dominus
1275 1959 1400 2002 cum
1426 1945 1704 2002 beatorum
1739 1959 1923 2003 osteup

333 2034 485 2090 deret
506 2036 778 2092 raritatem
804 2053 818 2091 :
845 2035 1010 2104 Quam
1023 2045 1164 2090 arcta
1182 2045 1229 2090 et
1249 2045 1486 2108 angusta,
1500 2037 1691 2108 inquit,
1711 2038 1789 2093 via
1811 2055 1924 2110 qua

331 2125 473 2179 ducit
493 2123 564 2179 ad
587 2125 760 2193 vitam,
790 2135 836 2180 et
865 2127 1015 2196 pauci
1036 2135 1150 2182 sunt
1179 2126 1268 2197 qui
1299 2127 1559 2182 inveniunt
1595 2128 1742 2184 eam!
1771 2145 1924 2199 quam

331 2216 438 2270 tota
463 2225 510 2272 et
531 2215 754 2287 spatiosa
783 2217 862 2271 ria
893 2233 1006 2288 qua
1040 2217 1182 2272 ducit
1198 2216 1280 2272 ’τεά
1302 2218 1633 2289 partitionem
1650 2258 1668 2286 ,
1699 2232 1746 2274 et
1771 2220 1921 2274 multi

329 2317 450 2363 sunt
476 2309 562 2378 qui
585 2309 775 2363 intrant
801 2325 890 2380 per
909 2325 1022 2364 eam
1043 2305 1256 2382 (Matth.
1283 2324 1378 2374 vn,
1414 2310 1482 2365 15
1498 2318 1544 2364 et
1577 2308 1668 2379 Η)
1691 2313 1706 2364 l

403 2403 534 2458 ABG.
561 2400 676 2456 Hoc
703 2409 788 2456 est
812 2415 920 2472 quo
941 2415 1134 2455 sensus
1155 2399 1256 2456 iste
1279 2409 1458 2457 vester
1476 2411 1752 2469 evertitur,
1781 2416 1924 2471 quo-

326 2492 472 2547 niam
517 2492 666 2562 pauci
703 2501 830 2548 sunt
855 2493 945 2564 qui
989 2491 1280 2558 salvantur,
1325 2492 1378 2548 in
1407 2507 1594 2550 eorum
1631 2509 1916 2564 compara—

325 2585 476 2642 tione
518 2585 608 2655 qui
646 2593 914 2656 pereunt:
946 2600 1068 2658 nam
1108 2585 1225 2640 sine
1257 2584 1474 2641 illorum
1517 2585 1922 2656 comparatione

325 2691 425 2746 per
465 2691 525 2732 se
557 2676 704 2747 ipsos
743 2677 904 2732 etiam
942 2675 1043 2744 ipsi
1084 2675 1238 2731 multi
1275 2683 1402 2731 sunt
1433 2691 1448 2742 ;
1491 2689 1680 2732 eorum
1721 2675 1922 2746 quippe

331 2768 726 2825 multitudinem
777 2767 906 2824 dicit
940 2768 1287 2840 Apocalypsis
1319 2783 1602 2824 numerare
1644 2769 1914 2824 neminem

329 2875 492 2932 posse
519 2860 702 2934 (Apoc.
727 2875 823 2926 vn,
850 2859 930 2932 9).
958 2859 1085 2915 Ideo
1112 2859 1309 2916 Paulus
1333 2861 1379 2916 si
1421 2875 1518 2918 eos
1553 2875 1660 2917 non
1691 2862 1913 2928 multos,

319 2950 423 3007 sed
443 2950 625 3022 plures
651 2948 892 3014 dixisset,
923 2965 1028 3004 non
1053 2963 1335 3019 possemus
1356 2963 1452 3005 eos
1483 2950 1665 3006 dicere
1687 2951 1908 3021 paucio-

318 3056 451 3107 res;
493 3040 719 3096 verbum
749 3039 894 3096 enim
937 3039 1350 3110 comparationis
1385 3047 1498 3106 est,
1524 3041 1743 3111 plures:
1771 3043 1915 3112 quod

317 3131 546 3188 verbum
574 3145 672 3186 vos
699 3130 1016 3202 supponitis,
1039 3145 1146 3200 pou
1175 3129 1463 3200 Apostolus
1481 3131 1652 3202 ponit.
1683 3130 1790 3187 Sed
1817 3147 1918 3187 nec

317 3223 404 3278 sic
431 3221 582 3278 vobis
601 3221 740 3277 ratio
757 3220 1023 3277 constabit
1052 3239 1065 3276 :
1090 3231 1265 3278 vestra
1285 3221 1483 3292 quippe
1504 3221 1594 3277 illa
1623 3222 1850 3278 imitatio
1866 3226 1911 3290 ²,

318 3330 484 3386 quam
525 3314 678 3370 vobis
721 3313 974 3371 videmini
1007 3314 1153 3370 velut
1197 3322 1350 3370 acute
1389 3313 1693 3378 invenisse.
1724 3323 1912 3370 contra

319 3406 610 3464 verborum
650 3406 1068 3476 apostolicorum
1105 3406 1460 3462 clarissimam
1497 3407 1776 3462 veritatem
1795 3448 1812 3472 ,
1853 3417 1913 3462 ut

229 3489 233 3492 ⁷
321 3513 430 3554 non
456 3512 553 3568 per
575 3497 998 3569 generationem.
1027 3496 1124 3552 sed
1162 3511 1258 3567 per
1299 3495 1648 3554 imitationem
1672 3539 1688 3564 ,
1717 3511 1911 3568 pecca-

321 3590 506 3646 tores'
533 3605 722 3646 omnes
761 3588 830 3646 ad
856 3599 1130 3660 peccatum
1178 3589 1334 3660 primi
1377 3588 1611 3646 hominis
1644 3591 1912 3662 pertinere

319 3680 627 3748 credantur,
660 3681 828 3736 multo
858 3681 1038 3751 plures
1075 3681 1235 3736 unius
1272 3680 1489 3748 delicto,
1536 3683 1622 3738 vel
1662 3681 1734 3738 ob
1754 3683 1910 3738 unius

319 3773 596 3841 delictum,
621 3774 798 3844 perire
821 3772 1075 3840 afﬁrmat,
1103 3788 1264 3844 quam
1295 3773 1464 3844 gratia
1495 3775 1650 3830 unius
1676 3774 1908 3831 hominis

318 3862 448 3920 Iesu
475 3862 674 3920 Christi
703 3863 938 3920 liberari.
959 3864 1095 3934 Quis.
1111 3863 1258 3920 enim
1285 3877 1391 3920 non
1416 3862 1434 3897 "
1471 3863 1683 3931 videat,
1712 3879 1902 3936 pucea.

322 3965 469 4012 tores
493 3955 673 4026 plures
695 3969 836 4020 esse,
863 3969 1022 4026 quam
1043 3954 1260 4026 iustos?
1283 3969 1418 4026 quos
1439 3966 1770 4027 peccatores,
1800 3974 1908 4014 non

321 4045 545 4118 aliquos,
584 4045 680 4103 sed
706 4041 921 4112 omnes,
948 4061 1062 4108 non
1085 4046 1300 4118 quidem
1346 4061 1441 4118 per
1471 4049 1868 4119 generationem
1885 4093 1904 4116 ,

317 4135 418 4192 sed
443 4145 618 4193 tamen
649 4152 746 4206 per
768 4137 1144 4204 imitationem,
1171 4137 1238 4193 ad
1265 4137 1424 4194 unius
1446 4138 1702 4196 delictum
1729 4141 1907 4198 dicitis

323 4229 614 4298 pertinere.
639 4227 746 4285 Sed
783 4229 886 4285 etsi
914 4244 1018 4285 non
1059 4244 1250 4286 omnes
1276 4239 1607 4301 peccatores,
1647 4231 1744 4288 sed
1786 4242 1905 4289 tan-

323 4333 436 4378 tum
465 4323 902 4393 praevaricatores
929 4322 1081 4394 legis,
1115 4331 1338 4394 peccato
1360 4323 1520 4394 primi
1549 4322 1784 4381 hominis
1809 4340 1906 4395 per

323 4414 632 4474 imitationis
664 4414 931 4490 vinculum
961 4414 1154 4470 dicatis
1188 4415 1468 4480 astrictos;
1494 4414 1656 4472 etiam
1685 4416 1798 4482 sic,
1839 4433 1904 4472 ex

322 4521 432 4576 quo
454 4506 543 4562 lex
569 4505 662 4562 Dei
691 4520 789 4575 per
807 4505 1002 4561 multas
1023 4515 1210 4576 gentes
1249 4505 1594 4575 prtedicatur;
1625 4521 1779 4577 quam
1801 4507 1906 4562 tota

323 4609 370 4653 rt
405 4599 630 4670 spatiosa
663 4599 746 4653 aia
773 4609 866 4663 at,
911 4613 1024 4667 qum
1057 4597 1196 4652 ducit
1235 4597 1305 4650 ad
1337 4598 1626 4662 interitum,
1671 4608 1719 4656 et
1759 4600 1906 4655 multi

323 4692 756 4762 przevaricatores
791 4690 1148 4763 ingrediuntur
1181 4705 1272 4761 per
1303 4689 1485 4744 illam!
1517 4707 1666 4762 quam
1691 4701 1834 4746 arcta
1857 4701 1904 4746 ct

320 4795 533 4855 angusta
567 4785 650 4840 aia
674 4791 752 4840 est
777 4799 892 4854 quae
917 4782 1056 4838 ducit
1091 4781 1160 4836 ad
1201 4782 1376 4850 vitam,
1413 4786 1462 4837 et
1489 4782 1644 4852 pauci
1665 4790 1782 4836 sunt
1815 4781 1903 4852 qui

321 4875 574 4931 inueniunt
593 4875 745 4931 eam!
770 4874 824 4931 in
859 4873 1260 4944 comparatione
1293 4873 1474 4943 utique
1500 4871 1786 4927 multorum
1814 4871 1901 4940 qui

323 4976 571 5037 pereunt,
591 4967 806 5024 etiamsi
829 4965 1014 5038 paucis
1043 4965 1134 5036 qui
1163 4965 1478 5031 liberantur,
1499 4971 1558 5020 et
1583 4963 1904 5033 parvuli.qui

321 5061 567 5132 baptiaati
587 5059 888 5116 moriuntur
905 5057 1188 5114 addantur.
1216 5055 1498 5122 Quomodo
1520 5069 1648 5126 ergo
1670 5055 1903 5124 Aposto-

321 5150 400 5209 lus
421 5151 665 5218 diceret,
692 5149 858 5206 Multo
885 5149 1054 5220 magis
1096 5149 1265 5220 gratia
1310 5147 1402 5203 Dei
1433 5148 1484 5203 in
1523 5147 1704 5216 plures
1731 5147 1902 5201 abun-

319 5242 500 5298 davit?
527 5242 672 5315 quod
700 5257 798 5300 vos
817 5241 1025 5310 dicitis,
1055 5242 1146 5298 ille
1165 5255 1272 5298 non
1297 5240 1434 5296 dixit
1463 5259 1476 5293 :
1505 5239 1604 5296 sed
1625 5239 1716 5295 ille
1743 5239 1907 5314 dixit,

327 5331 488 5390 Multo
503 5335 666 5407 magis
691 5333 966 5390 obturdaoit
985 5333 1040 5389 in
1062 5334 1284 5399 multos;
1307 5331 1431 5403 quia
1464 5334 1624 5388 etiam
1664 5329 1752 5402 qui
1787 5331 1900 5385 sal-

323 5434 528 5492 vantur,
561 5436 618 5482 ut
639 5427 750 5498 jam
788 5426 987 5482 dictum
1019 5433 1124 5492 est,
1151 5424 1203 5479 in
1237 5423 1637 5494 comparatione
1660 5437 1893 5493 pereun-

323 5519 452 5575 tium
493 5520 680 5589 pauci;
709 5519 826 5575 sine
861 5515 1262 5598 comparatione
1299 5528 1478 5571 autem
1525 5515 1757 5578 illorum.
1797 5522 1902 5569 tam

325 5611 472 5666 multi
498 5619 642 5676 sunt,
673 5621 733 5667 ut
771 5625 866 5667 eos
901 5609 1182 5680 quisquam
1221 5619 1508 5662 numerare
1555 5621 1662 5668 non
1705 5605 1898 5678 possit.

385 5721 405 5754 ¹
423 5723 502 5792 sic
520 5727 628 5792 uss.
651 5727 706 5772 At
723 5720 988 5780 Menardus,
1011 5721 1154 5771 verba
1182 5717 1416 5769 initiavit.
1445 5717 1732 5780 \‘ignierius,
1757 5716 1900 5768 verba

385 5905 406 5936 ³
421 5905 494 5954 sic
512 5911 618 5978 lusa.
648 5905 786 5966 miti,
803 5905 1082 5975 peccatoris.

385 5981 409 5998 υ
426 5966 658 6018 Par-uenia
679 5977 866 6028 negans
881 5966 962 6016 lue
982 5965 1206 6014 restituta
1224 5976 1284 6016 ex
1310 5973 1414 6011 uas.

2034 941 2201 996 tentio
2225 945 2542 1023 corrigatur.

2099 1032 2274 1130 CCVI.
2305 1037 2422 1121 Jun.
2457 1039 2568 1096 Hoc
2585 1049 2776 1116 nempe
2800 1046 2944 1118 quod
2971 1049 3169 1119 dicitis.
3195 1055 3388 1112 multos
3411 1067 3466 1112 et
3486 1074 3615 1130 pau-

2029 1138 2146 1193 cos,
2177 1127 2244 1184 ad
2291 1133 2640 1200 quantitatem
2671 1137 2930 1196 inﬁnitam
2959 1143 3230 1213 pertinet;
3267 1127 3519 1218 quoniam
3557 1153 3612 1207 in

2031 1218 2427 1286 comparatione
2474 1231 2682 1292 mutua,
2729 1238 2821 1284 aut
2857 1231 3140 1288 multitudo
3185 1235 3469 1306 invenitur,
3521 1249 3614 1297 aut

2033 1309 2286 1376 paucitas.
2317 1312 2608 1370 Conferens
2644 1318 2822 1392 itaque
2853 1321 2992 1380 Deus
3029 1328 3351 1388 multitudini
3390 1349 3616 1404 pereun-

2032 1400 2160 1454 tium
2196 1417 2289 1457 cos
2327 1405 2414 1473 qui
2444 1407 2686 1466 salvandi
2714 1422 2859 1480 sunt,
2897 1431 3098 1486 paucos
3137 1436 3233 1478 eos
3262 1400 3471 1482 vocavit
3509 1446 3524 1482 :
3565 1441 3622 1484 et

2031 1491 2118 1546 hic
2159 1497 2446 1564 Apostolus
2485 1501 2768 1560 conferens
2815 1506 2898 1562 his
2939 1515 3028 1580 qui
3074 1512 3143 1567 ita
3171 1505 3506 1586 peccassent
3555 1531 3618 1576 ut

2029 1583 2221 1651 Adam,
2257 1586 2373 1642 illos
2411 1605 2544 1660 quos
2580 1594 2746 1650 salvat
2779 1595 2976 1655 Christi
3013 1583 3213 1673 gratia,
3241 1610 3408 1665 multo
3434 1611 3615 1680 plures

2027 1686 2150 1729 esse
2174 1678 2496 1744 pronuntiat.

2097 1765 2232 1822 Anc.
2275 1766 2388 1823 Non
2430 1775 2734 1840 pronuntiat
2775 1778 2972 1848 plures,
3023 1759 3118 1840 sed
3167 1788 3382 1845 multos.
3423 1791 3613 1850 Graece

2026 1853 2230 1908 locutus
2253 1865 2356 1920 est,
2379 1868 2574 1923 πολλοὺς
2599 1863 2750 1932 dixit,
2778 1881 2884 1924 non
2907 1879 3146 1937 πλείστους
3171 1892 3184 1930 :
3215 1877 3355 1948 lege,
3383 1892 3439 1937 ct
3466 1893 3606 1940 tace.

2091 1941 2292 2000 CCVII.
2318 1947 2438 2004 Jun.
2463 1951 2658 2010 Assere
2676 1970 2804 2028 ergo
2819 1957 2921 2016 hoc
2937 1974 3156 2032 peccato
3171 1941 3580 2029 Maniehzeornm
3592 2017 3606 2041 ,

2027 2036 2077 2090 id
2107 2047 2207 2105 est,
2241 2041 2474 2098 traducis
2494 2050 2804 2106 convenire.

2094 2128 2228 2184 Anc.
2272 2131 2525 2191 Doctores
2544 2137 2810 2207 catholici,
2843 2159 2947 2200 non
2973 2145 3246 2207 Mauichaﬁ
3275 2154 3605 2228 deceptores,

2023 2217 2269 2276 dixerunt
2305 2231 2492 2282 omnes
2528 2229 2580 2282 in
2609 2231 2778 2288 Adam
2811 2249 3056 2304 peccasse
3086 2259 3101 2296 :
3137 2241 3210 2299 illi
3236 2243 3340 2301 hoc
3359 2217 3609 2306 dixerunt

2023 2310 2112 2400 qui
2140 2311 2516 2373 intellexerunt
2544 2319 2875 2393 Apostolum,
2907 2329 3048 2399 quod
3075 2347 3170 2390 vos
3195 2339 3399 2407 negatis
3423 2353 3608 2398 contra

2022 2400 2355 2470 Apostolum.
2377 2407 2516 2480 Ergo
2536 2419 2590 2466 et
2614 2427 2710 2469 vos
2727 2414 3044 2490 deceptores
3069 2425 3200 2481 estis
3225 2443 3242 2482 :
3264 2400 3324 2483 Et
3349 2445 3442 2486 vos
3463 2434 3606 2490 enim

2023 2492 2162 2548 sicut
2183 2493 2480 2565 Manichaei,
2509 2501 2602 2556 sed
2627 2502 2844 2562 diverso
2866 2510 3074 2580 morbo,
3099 2513 3358 2574 insanitis.

2090 2587 2312 2682 CCVIII.
2341 2591 2462 2648 JUL.
2499 2594 2630 2652 Nam
2665 2599 2709 2653 si
2731 2600 3152 2676 universitatem,
3176 2624 3336 2682 quam
3365 2612 3609 2673 fecundi-

2020 2685 2106 2734 tas
2133 2678 2362 2738 humana
2389 2687 2627 2756 protulit,
2651 2705 2814 2762 regno
2847 2695 3044 2752 diaboli
3070 2678 3342 2770 peccatum
3367 2711 3608 2766 naturale

2025 2774 2382 2845 transcripsit,
2423 2787 2478 2834 et
2515 2779 2636 2837 inde
2665 2781 2718 2838 in
2745 2795 2984 2844 extrema
3029 2799 3187 2847 mtate
3215 2797 3396 2853 mundi
3439 2799 3602 2874 aliqui

2021 2860 2227 2918 liberati
2257 2881 2354 2934 per
2376 2865 2645 2926 Christum
2683 2885 2966 2944 putantur;
2993 2895 3112 2952 quae
3139 2885 3336 2943 veritas
3365 2898 3478 2958 est,
3513 2860 3606 2948 aut

2019 2965 2140 3022 qua;
2168 2957 2457 3014 auctoritas
2489 2959 2606 3030 ejus
2636 2965 2894 3034 magistri,
2926 2970 3018 3040 qui
3044 2983 3229 3030 contra
3261 2987 3368 3032 tam
3395 2957 3600 3039 clarum

2022 3043 2382 3103 testimonium
2415 3050 2578 3106 totius
2611 3055 2810 3122 mundi,
2853 3057 2980 3114 dicit
3028 3061 3082 3117 in
3128 3065 3305 3134 plures
3340 3068 3598 3139 justitiam

2019 3132 2318 3192 abundasse
2360 3153 2520 3209 quam
2551 3142 2802 3214 culpam?
2827 3145 2964 3216 Quid
3005 3132 3141 3222 ergo
3182 3155 3230 3209 ei
3275 3132 3512 3216 creditur
3536 3163 3604 3218 de

2019 3223 2272 3282 involutis
2294 3228 2629 3299 dogmatibus
2653 3233 2960 3304 disserenti,
2991 3240 3036 3296 si
3061 3241 3130 3299 de
3153 3245 3310 3302 rebus
3339 3258 3442 3305 tam
3485 3267 3594 3322 per.

2017 3317 2216 3387 spicuis
2251 3322 2568 3378 mentiatur?
2587 3325 2739 3392 Quod
2769 3331 2892 3398 quia
2918 3334 3118 3392 sentire
3152 3339 3465 3412 sacrilegum
3485 3317 3594 3403 est.

2019 3407 2071 3503 id
2095 3416 2272 3465 autem
2298 3410 2404 3470 dici
2425 3413 2615 3484 dogma
2637 3425 2784 3472 tuum
2814 3424 3101 3492 compulit,
3135 3407 3398 3486 honore'A
3409 3437 3595 3503 postult

2014 3497 2424 3560 Manichaeorum
2452 3507 2626 3564 vilitas
2645 3521 2973 3568 conteratur.

2085 3593 2221 3650 Auc.
2275 3593 2386 3651 Vos
2421 3599 2597 3668 potius
2639 3603 2919 3673 perspicua
2967 3608 3209 3666 nubilare
3251 3617 3594 3684 contenditis.

2015 3699 2118 3738 non
2141 3685 2312 3741 solum
2341 3703 2444 3743 non
2472 3688 2820 3763 intelligendo
2844 3697 2984 3766 quod
3015 3701 3304 3770 Aposwlus
3329 3707 3480 3776 dixit,
3506 3727 3599 3766 ve-

2015 3789 2132 3829 rum
2181 3776 2344 3833 etiam
2399 3781 2654 3838 mutando
2695 3792 2751 3838 et
2791 3789 3146 3857 supponendo
3183 3795 3325 3864 quod
3366 3797 3456 3854 ille
3493 3817 3598 3856 nou

2013 3865 2164 3923 dixit.
2193 3867 2380 3927 Plures
2403 3872 2547 3928 enim
2573 3889 2679 3930 non
2704 3875 2838 3932 dixit
2867 3878 2974 3944 ille,
3002 3881 3096 3938 sed
3123 3887 3318 3944 multos
3351 3907 3364 3944 :
3396 3891 3486 3962 qui
3519 3904 3600 3948 ta.

2014 3973 2136 4014 men
2181 3961 2363 4028 multi,
2403 3964 2556 4032 pauci
2600 3965 2966 4041 inveniuntur,
3007 3975 3218 4044 quando
3259 3961 3600 4048 pereuntibus

2011 4061 2406 4120 comparantur.
2445 4055 2824 4128 Calumniose,
2869 4059 3146 4132 frontose,
3197 4071 3444 4142 verbose,
3497 4077 3600 4132 hoc

2009 4139 2482 4235 dixitfpostolus,
2517 4147 2657 4217 quod
2694 4149 2957 4208 intellexit
2990 4155 3323 4227 Ambrosius,
3353 4139 3446 4235 qui
3485 4183 3594 4223 non

2010 4241 2124 4286 crat
2158 4231 2482 4291 Manichaeus
2518 4254 2532 4290 :
2564 4235 2754 4294 Omnes
2790 4243 3016 4300 homines
3053 4247 3148 4302 sub
3186 4231 3388 4320 peccato
3432 4261 3600 4312 nasci-

2011 4339 2142 4388 mur,
2169 4341 2384 4394 quorum
2431 4329 2538 4398 ipse
2561 4343 2700 4386 ortus
2723 4333 2776 4387 in
2805 4335 2924 4391 vitio
2949 4348 3023 4392 est
3052 4337 3368 4410 (Ambrosius
3389 4389 3404 4414 ,
3444 4349 3532 4405 lib.
3559 4355 3582 4406 l

2009 4415 2074 4467 de
2097 4413 2416 4482 Puenitentia.
2450 4437 2566 4492 cap.
2595 4422 2632 4478 2
2660 4423 2739 4478 vel
2773 4427 2849 4498 3).
2885 4428 3022 4485 Audi
3051 4433 3220 4502 (sicut
3257 4413 3590 4496 eumlauda-

2009 4507 2080 4560 vit
2113 4510 2364 4579 magister
2387 4513 2530 4582 tuus)
2561 4513 2747 4584 florem
2777 4520 3076 4588 Speciosum
3103 4539 3117 4587 ;
3145 4533 3198 4580 et
3225 4527 3292 4582 de
3320 4537 3410 4584 tuo
3433 4532 3596 4588 corde

2009 4597 2164 4652 istam
2189 4599 2462 4669 spinarum
2501 4602 2914 4672 deformitatem,
2945 4609 3046 4665 hoc
3067 4623 3148 4666 est
3176 4613 3315 4670 fmda
3346 4622 3592 4675 acumina

2006 4688 2264 4757 improba:
2290 4693 2668 4761 contentionis,
2700 4699 2891 4753 evelle.

2075 4775 2255 4836 CCIX.
2282 4781 2400 4837 εισι.
2443 4783 2557 4840 Non
2587 4787 2843 4844 mentitur
2866 4790 3149 4860 Apostolus
3179 4811 3194 4848 :
3223 4809 3350 4866 ergo
3382 4799 3434 4852 in
3479 4801 3595 4870 plu»-

2006 4883 2094 4924 res
2127 4869 2413 4927 abundavit
2439 4871 2636 4930 Christi
2662 4876 2852 4946 gratia,
2887 4894 3045 4947 quam
3072 4881 3203 4938 Adae
3231 4886 3407 4956 culpa,
3437 4869 3592 4962 cujus

2007 4961 2302 5018 imitatione
2329 4961 2585 5020 dicuntur
2621 4979 2874 5036 peccasse
2910 4971 2998 5039 qui
3039 4972 3140 5028 sub
3179 4973 3298 5045 lege
3342 4961 3594 5047 peccave-

2006 5061 2128 5107 runt
2154 5071 2168 5106 :
2210 5053 2310 5108 sub
2337 5053 2452 5124 lege
2477 5065 2656 5112 autem
2686 5071 2853 5128 usque
2874 5059 2939 5114 ad
2968 5060 3238 5119 Christum
3265 5065 3438 5125 Judaei
3479 5083 3594 5128 tau-

2007 5143 2282 5200 tummodo
2321 5143 2681 5217 deliquerunt.
2721 5146 2918 5204 Confer
2942 5167 3072 5222 ergo
3097 5153 3374 5216 Iudaicam
3417 5166 3596 5221 natio-

2007 5252 2128 5292 nem
2143 5238 2333 5305 solam,
2353 5239 2599 5310 perfecta:
2625 5241 2877 5296 duntaxat
2891 5244 3064 5300 aetatis
3083 5247 3182 5302 sub
3203 5249 3320 5322 lege
3345 5255 3596 5326 positam,

2005 5337 2060 5382 et
2089 5343 2184 5398 per
2211 5327 2312 5384 hoc
2335 5329 2389 5384 in
2417 5330 2820 5387 similitudinem
2849 5337 3299 5404 prmvaricattonis
3325 5345 3456 5402 Adae
3471 5362 3596 5418 pee-

2005 5427 2237 5481 cantem,
2267 5419 2356 5490 qui
2386 5430 2600 5491 accepta
2628 5421 2744 5492 lege
2770 5427 3029 5493 peccavit,
3059 5443 3123 5485 ac
3147 5430 3215 5487 de
3255 5433 3593 5494 multitudine

2007 5518 2312 5564 vocatarum
2353 5511 2593 5581 gentium
2649 5527 2745 5582 per
2789 5515 3224 5584 praedicationem
3266 5505 3586 5595 Evangelii,

2006 5615 2190 5656 eorum
2215 5600 2378 5656 millia
2399 5603 2489 5673 qui
2504 5604 2690 5674 gratia:
2714 5615 2840 5662 sunt
2859 5607 3176 5668 liberalitate
3195 5613 3378 5668 salvati
3404 5631 3419 5666 :
3443 5625 3593 5668 tunc-

2005 5709 2110 5764 que
2138 5694 2410 5789 intelliges
2428 5700 2742 5789 qpostolum
2771 5700 2990 5757 Paulum
3029 5720 3155 5760 vere
3200 5704 3588 5776 pronuntiasse,

2005 5784 2071 5838 ad
2104 5783 2282 5854 plures
2305 5783 2530 5858 gratiam
2562 5789 2656 5844 Dei
2685 5799 2740 5845 et
2763 5789 2960 5847 donum
2988 5796 3001 5825 '
3035 5793 3161 5851 Iesu
3184 5792 3378 5850 Christi
3404 5807 3590 5862 perve-

2079 5966 2096 5996 ι
2118 5964 2252 6021 Editi,
2278 5970 2323 6014 et
2351 5965 2557 6028 Domini,
2583 5977 2824 6032 corrupte.
