4126 6534
491 458 622 513 1⁸151

491 575 654 636 uisse,
682 583 840 641 quam
869 569 1180 624 societatem
1211 567 1660 637 praevaricationis
1686 567 1936 636 antiquae.

562 664 702 718 Atto.
738 660 873 716 Cum
895 659 1182 730 Apostolus
1211 658 1480 714 invenitur
1507 672 1614 713 non
1645 657 1825 728 plures
1851 656 2070 722 dixisse,

489 755 586 812 sed
609 753 824 818 multos,
858 753 932 807 tui
957 755 974 784 ⁸
1015 751 1172 822 hujus
1200 752 1496 822 argumenti
1526 749 1770 804 machina
1797 758 1907 804 tota
1943 748 2074 804 sub-

491 845 716 902 vertitur
747 861 760 896 :
790 843 1034 914 quamvis
1071 857 1176 898 non
1207 841 1306 898 soli
1332 840 1534 904 Judaei,
1564 840 1702 895 sicut
1741 840 1835 894 tibi
1875 838 2072 908 placet,

489 937 584 991 sed
605 951 791 992 omnes
813 934 1248 1004 praevaricatores
1267 948 1388 989 esse
1407 931 1762 1003 reperiantur,
1791 930 1882 1001 qui
1903 931 2075 1001 legem

491 1041 614 1081 cum
655 1027 774 1098 ipso
813 1025 1106 1096 Evangelio
1154 1023 1502 1093 praedicatam'
1533 1021 1931 1092 praevaricando
1983 1021 2078 1075 da-

495 1117 841 1173 mnabiliores
863 1117 992 1171 fiunt
1019 1133 1032 1169 :
1056 1115 1300 1186 qualibus
1342 1114 1834 1185 praevaricatoribus
1859 1155 1875 1180 ,
1917 1113 2076 1168 simul

489 1223 614 1266 cum
643 1208 858 1272 Iudaeis,
891 1208 960 1262 ita
1005 1208 1194 1276 plenus
1233 1215 1317 1262 est
1348 1208 1611 1273 mundus,
1643 1214 1700 1260 ut
1741 1205 1796 1260 in
1840 1205 2074 1260 omnium

491 1300 888 1370 comparatione
913 1299 1020 1352 sint
1045 1299 1218 1368 pauci,
1239 1299 1328 1367 qui
1357 1297 1588 1366 parvulis
1608 1311 1820 1366 quoque
1845 1296 2080 1366 baptiza-

491 1395 560 1449 tis
593 1391 788 1448 additis
815 1391 1134 1458 liberantur;
1163 1390 1303 1460 quod
1335 1399 1388 1444 et
1421 1389 1770 1458 responsione
1804 1388 2078 1457 superiore

492 1481 891 1554 comprehendi.
929 1481 1221 1537 Evidenter
1268 1489 1456 1535 contra
1506 1493 1604 1533 vos
1645 1479 1842 1533 clamat
1884 1478 2078 1533 Doctor

493 1573 766 1640 Gentium,
795 1571 939 1627 Sicut
957 1572 1010 1625 in
1041 1571 1206 1625 Adam
1233 1587 1403 1626 omnes
1421 1570 1726 1636 moriuntur,
1757 1569 1830 1621 ita
1853 1569 1908 1621 in
1931 1567 2078 1624 Clari-

495 1675 568 1717 sto
609 1680 782 1717 omnes
819 1663 1205 1732 viviﬁcabuntur
1232 1661 1284 1733 (I
1315 1661 1434 1717 Cor.
1463 1677 1552 1727 xv,
1575 1659 1670 1732 22)
1707 1678 1720 1716 :
1761 1660 1850 1730 qui
1889 1675 2078 1716 onmes

499 1771 602 1809 ιιοη
636 1754 821 1824 pauci,
849 1755 944 1810 sed
971 1753 1122 1809 m‘ulti
1159 1764 1304 1810 sunt.
1343 1755 1422 1808 Ac
1471 1768 1563 1823 per
1605 1753 1735 1820 hoc,
1769 1753 1920 1808 multi
1965 1767 2078 1808 mo-

493 1849 701 1903 riuntur
727 1848 780 1902 in
803 1847 993 1912 Adam,
1022 1847 1174 1902 multi
1201 1846 1608 1902 viviﬁcabuntur
1635 1845 1686 1899 in
1707 1843 1948 1900 Christo:
1981 1844 2078 1900 sed

492 1940 670 2008 plures
691 1939 991 1995 moriuntur
1017 1939 1070 1993 in
1099 1937 1292 2004 Adam,
1323 1953 1479 2008 quam
1509 1938 1560 1990 in
1587 1936 1802 1992 Christo
1830 1937 2070 1992 viviﬁca-

491 2033 723 2086 buntur:
753 2031 932 2101 plures
949 2031 1124 2098 itaque
1143 2029 1210 2083 ad
1237 2029 1375 2084 illius
1403 2038 1652 2096 mortem,
1679 2028 1746 2084 ad
1769 2029 1924 2098 hujus
1949 2043 2076 2085 vero

489 2123 672 2187 vitam,
699 2121 1102 2191 comparatione
1127 2119 1336 2173 illorum
1355 2119 1625 2190 pertinent
1656 2119 1963 2187 pauciores;
1983 2118 2076 2174 sed

487 2215 647 2268 etiam
689 2213 926 2282 ipsorum
956 2225 1053 2281 per
1077 2225 1134 2265 se
1173 2211 1315 2279 ipsos
1344 2225 1406 2264 ea
1446 2219 1530 2264 est
1567 2208 1869 2276 multitudo,
1917 2223 2076 2276 quam

489 2311 772 2360 numerare
818 2318 977 2358 nemo
1007 2302 1176 2372 possit
1201 2302 1399 2370 (Apoc.
1423 2317 1518 2367 vn,
1541 2300 1634 2371 9).
1658 2299 1794 2368 Quid
1819 2309 1902 2354 est
1924 2315 2072 2369 ergo,

493 2395 680 2449 Omnes
721 2395 773 2447 in
807 2393 1010 2450 Christo
1033 2393 1438 2460 viviﬁcabuntur,
1475 2391 1574 2446 nisi
1601 2391 1725 2461 quia
1753 2404 1911 2446 nemo
1939 2390 2076 2444 vivi-

492 2487 757 2553 tlcabitur,
776 2487 878 2541 nisi
901 2487 953 2540 in
986 2485 1115 2540 illo?
1135 2483 1297 2554 Cujus
1333 2485 1410 2539 rei
1442 2482 1840 2537 similitudinem
1870 2481 1940 2538 de
1959 2497 2074 2537 ma-

487 2579 655 2650 gistro
685 2579 835 2650 posui
871 2579 1200 2642 litterarum;
1228 2577 1272 2632 si
1303 2591 1439 2632 unus
1467 2577 1540 2632 sit
1573 2576 1880 2641 incivitate,
1905 2589 1935 2628 a
1969 2591 2076 2646 quo

489 2669 561 2723 ibi
591 2669 836 2724 dicantur
863 2683 1050 2724 omnes
1077 2669 1279 2722 litteras
1305 2667 1542 2732 discere,
1583 2682 1690 2722 non
1731 2667 1854 2737 quia
1886 2681 2076 2721 omnes

489 2759 734 2826 discunt,
765 2760 857 2814 sed
885 2759 1005 2829 quia
1034 2775 1188 2814 nemo
1213 2757 1316 2814 nisi
1365 2758 1434 2812 ab
1473 2758 1589 2828 ipso
1621 2757 1730 2830 (De
1775 2756 1986 2827 Nuptiis
2027 2770 2076 2811 et

489 2851 922 2921 Concupiscentia,
976 2851 1064 2904 tib.
1107 2850 1162 2914 2,
1183 2867 1236 2904 n.
1263 2847 1377 2920 45).
1410 2850 1575 2914 Quam
1607 2848 1932 2904 locutionem
1975 2862 2076 2903 nec

492 2945 704 2999 tentasti
752 2944 1017 3012 refellere,
1052 2943 1175 3014 quia
1217 2943 1392 2998 vidisti
1437 2957 1558 2997 esse
1600 2941 1952 2998 rectissimam
1975 2981 1988 3004 ,
2021 2949 2078 2995 et

491 3035 739 3090 omnibus
759 3043 960 3089 notam.

567 3127 722 3184 CCX.
741 3125 860 3184 Jun.
881 3127 1136 3198 Exposita
1155 3125 1472 3181 liberalitate
1493 3125 1702 3196 gratim,
1720 3125 1774 3180 in
1797 3123 2072 3179 hominum

489 3221 808 3278 salvatorem
839 3221 989 3292 c0pia
1011 3261 1026 3286 ,
1049 3227 1325 3291 comparat
1346 3218 1544 3272 donum
1567 3225 1730 3288 atque
1751 3225 2028 3288 peccatum
2055 3233 2068 3270 :

490 3317 544 3360 ct
563 3305 922 3362 eruditissime
947 3304 1014 3360 ad
1041 3303 1252 3359 laudem
1277 3302 1440 3371 doni,
1473 3303 1702 3372 applicat
1723 3299 1866 3370 quod
1893 3300 2074 3354 multis

493 3396 802 3452 vulneribus
843 3411 950 3458 una
985 3397 1181 3450 virtute
1223 3393 1542 3458 medicetnr,
1585 3391 1652 3446 Et
1693 3408 1797 3446 non
1825 3392 1954 3446 sicut
1986 3407 2077 3461 per

493 3505 664 3555 unum,
699 3489 884 3558 inquit,
919 3497 1195 3557 peccatum,
1227 3487 1301 3540 ita
1325 3496 1372 3540 ct
1397 3485 1610 3540 donum.

558 3581 691 3635 Anc.
737 3579 839 3633 Per
871 3596 1028 3632 unum
1053 3589 1360 3651 peccantem,
1383 3577 1556 3642 dixit;
1585 3591 1723 3642 non,
1765 3575 1869 3632 Per
1910 3591 2073 3631 unum

487 3681 760 3741 peccatum
791 3688 806 3726 :
835 3678 893 3724 ut
915 3669 1054 3741 quod
1075 3669 1271 3725 deinde
1289 3668 1453 3733 dicit,
1481 3666 1746 3722 Judicium
1771 3683 1836 3722 ea:
1859 3685 1962 3724 uno
1981 3669 2072 3722 de-

487 3763 606 3816 licto
633 3763 686 3816 in
717 3761 1218 3827 condemnationem,
1247 3761 1458 3816 nonnisi
1485 3759 1630 3816 illius
1655 3761 1812 3816 unius
1839 3775 2070 3831 peccan-

487 3854 557 3909 tis
607 3853 710 3909 hoc
753 3855 1002 3909 delictum
1047 3853 1217 3923 possit
1242 3851 1483 3923 intelligi.
1515 3851 1669 3920 Quod
1719 3852 1938 3922 quidem
1977 3867 2074 3908 vos

489 3959 594 3999 non
633 3944 794 3998 vultis
845 3943 985 3998 :sed
1030 3941 1156 4012 quid
1201 3941 1386 3996 facturi
1435 3941 1601 4008 estis;
1641 3941 2072 4012 quandoquidem

490 4037 592 4091 hoc
620 4035 754 4090 dixit
781 4035 1089 4105 Apostolus,
1119 4032 1278 4088 etiam
1301 4031 1606 4086 nolentibus
1625 4031 1809 4086 vobis?
1838 4031 2074 4104 Corrigi-

489 4126 619 4182 tuitui
643 4142 774 4200 ergo
801 4143 813 4179 :
849 4141 956 4180 non
993 4125 1135 4179 enim
1167 4122 1374 4178 habetis
1399 4121 1488 4179 hic
1513 4121 1660 4178 aliud
1679 4163 1696 4189 ,
1727 4123 1872 4192 quod
1899 4122 2074 4179 facere

483 4215 744 4274 debeatis.

551 4307 736 4364 CCXI.
765 4305 884 4362 λιιι..
919 4305 1060 4360 Nam
1074 4305 1328 4377 judicium
1369 4320 1432 4358 ea:
1473 4320 1573 4358 uno
1609 4304 1662 4358 in
1695 4305 2072 4360 condemnatio-

487 4417 602 4454 nem
621 4416 640 4464 ;
661 4401 828 4470 gratia
852 4409 1019 4451 autem
1057 4413 1120 4452 ea:
1153 4396 1326 4450 multis
1364 4395 1559 4450 delictis
1584 4395 1636 4449 in
1656 4396 2074 4467 justiﬁcationem

491 4491 668 4564 (Rom.
705 4487 876 4559 ν,16)
909 4507 922 4542 :
966 4487 1020 4542 id
1058 4495 1160 4552 est,
1205 4494 1422 4556 peccata
1466 4483 1681 4556 quidem
1729 4501 1850 4556 quae
1890 4487 2072 4556 gravia

487 4592 630 4646 sunt,
654 4581 812 4637 etiam
833 4580 1038 4650 singula
1065 4586 1286 4649 possunt
1313 4578 1562 4634 sufﬁcere
1581 4577 1647 4631 ad
1677 4579 2072 4634 accusationem

487 4687 541 4732 ct
559 4675 960 4733 damnationem
981 4675 1002 4705 ³
1027 4687 1264 4727 reorum.

560 4775 698 4826 Auc.
739 4769 916 4837 Quare
939 4764 1118 4820 dixisti
1144 4764 1347 4836 gravia,
1380 4763 1522 4833 quod
1548 4779 1652 4816 non
1681 4762 1814 4818 dixit
1840 4763 2070 4834 Aposto-

487 4866 592 4928 lus,
633 4862 734 4916 uisi
757 4860 880 4930 quia
917 4857 1095 4912 vidisti
1121 4899 1137 4924 ,
1163 4857 1208 4910 si
1237 4871 1400 4910 unum
1431 4854 1682 4909 delictum
1710 4854 1824 4908 leve
1847 4855 1934 4919 sit,
1965 4870 2072 4908 non

487 4955 736 5012 sul'licerc
761 4953 828 5010 ad
866 4951 1262 5008 damnationem
1281 4991 1295 5013 ,
1324 4949 1391 5004 de
1421 4965 1524 5020 qua
1569 4948 1917 5018 loquebatur?
1952 4947 2071 5003 Non

489 5062 617 5118 ergo
643 5061 708 5101 ex
738 5058 1073 5116 quocumque
1103 5057 1209 5097 uno
1235 5041 1618 5112 cujuscumque
1647 5038 1843 5094 delicto
1871 5040 2072 5094 esthoc

486 5138 774 5209 judicium;
803 5135 897 5191 sed
924 5151 991 5191 ex
1019 5149 1124 5189 uno
1143 5134 1236 5190 illo
1253 5131 1472 5198 delicto,
1493 5129 1632 5200 quod
1655 5131 1850 5184 factum
1865 5139 1948 5184 est
1976 5143 2073 5198 per

487 5247 650 5286 untun
693 5237 1016 5300 peccantem,
1046 5225 1100 5282 id
1124 5235 1226 5291 est,
1253 5223 1446 5283 Adam.
1468 5223 1727 5294 judicium
1760 5221 1910 5276 estin
1937 5235 2070 5276 con-

486 5323 902 5378 demnationem.
931 5321 998 5375 Et
1018 5319 1195 5375 adhuc
1213 5325 1524 5389 pervertere
1549 5323 1690 5370 recta
1725 5314 1888 5368 verba
1923 5315 2074 5381 Apo—

483 5414 602 5468 stoli
637 5411 812 5477 vultis,
845 5427 912 5467 ne
941 5419 1115 5466 vestra
1135 5425 1254 5480 quae
1277 5419 1526 5478 perversa
1545 5414 1670 5460 sunt
1688 5403 2003 5474 corrigatis?

555 5505 756 5563 CCXII.
788 5504 906 5560 Jun.
939 5503 1120 5560 Gratia
1171 5511 1349 5555 autem
1405 5515 1511 5553 non
1557 5495 1744 5556 eodem
1798 5495 2072 5552 confertur

486 5599 665 5661 modo,
695 5605 750 5652 nt
785 5595 1013 5666 peccatis
1051 5608 1202 5664 aeque
1243 5590 1456 5645 admota
1505 5587 1724 5656 singulis
1766 5587 1957 5643 crebro
1987 5601 2070 5641 re-

485 5699 728 5762 petatur:
753 5687 846 5744 sed
867 5681 1038 5742 infusa
1067 5683 1234 5738 semel
1267 5696 1372 5734 uno
1401 5677 1610 5734 virtutis
1631 5694 1743 5762 suae
1771 5679 1969 5762 impetu
1987 5689 2068 5730 at-

480 5759 584 5852 que
633 5779 952 5852 compendio
998 5777 1212 5832 diversa
1269 5783 1323 5828 et
1369 5773 1594 5844 plurima
1633 5759 1781 5830 ilelet
1824 5759 2064 5828 crimina.

549 5893 858 5948 Iunium.
884 5895 1010 5954 _t_tss.,
1039 5886 1124 5936 tui.
1310 5953 1315 5954 ί
1402 5945 1468 5954 __
1621 5943 1650 5954 Α

545 5957 566 6006 9
593 5945 799 6002 veteres
809 5950 1003 5998 aulicos
1027 5953 1344 6010 praetereunt,
1366 5951 1411 6004 et
1435 5945 1806 5996 darmtationem.

1181 450 1423 508 ()l‘l-IRIS
1462 449 1872 506 IMPERFECTI
1911 445 2178 504 CUNTIiA
2219 449 2580 514 .IULIANL'M,
2622 451 2679 507 S.
2721 451 3086 509 AUCUSTLVI

3621 459 3765 517 123!

2184 564 2306 621 Ideo
2326 567 2421 633 ait,
2448 584 2513 622 ea:
2541 570 2710 623 multis
2731 569 2924 624 delictis
2945 573 2996 624 in
3009 572 3424 643 justi/icationcm
3453 593 3472 628 :
3499 576 3548 630 id
3571 590 3672 644 est,
3701 597 3764 638 ιιι

2181 658 2362 714 multis
2387 658 2596 715 delictis
2621 661 2876 717 liberatos
2916 663 3160 719 homines
3184 663 3250 718 ad
3275 662 3496 735 gloriam
3527 670 3767 738 perducit

2177 750 2570 818 justificatiunis
2606 752 2848 807 indultae.
2880 753 2993 808 Non
3021 769 3148 825 ergo
3176 755 3261 811 hic
3289 773 3448 812 unum
3479 759 3610 816 Adae
3636 779 3765 834 pec-

2181 851 2380 908 catum,
2404 853 2460 896 ut
2485 845 2792 914 suSpicaris,
2819 846 3090 916 intelligit;
3127 846 3222 902 sed
3251 847 3315 902 ad
3347 849 3447 905 hoc
3467 852 3638 908 solum
3664 869 3766 909 nn-

2183 948 2387 988 merum
2416 936 2652 992 admovit
2683 939 2840 992 unius
2866 949 2920 994 et
2947 941 3197 1009 plurium,
3233 942 3370 997 utad
3405 943 3616 1000 laudem
3642 955 3766 1017 gra-

2184 1027 2270 1080 tiae
2309 1030 2630 1097 respiceret;
2661 1030 2782 1100 quia
2825 1047 2928 1085 non
2951 1033 3188 1101 ‘quoties
3230 1045 3504 1104 peccatum
3533 1037 3602 1093 ab
3634 1053 3766 1094 uno.

2182 1132 2390 1188 quoque
2419 1121 2719 1174 mortalium
2748 1119 2938 1186 fuerat,
2973 1124 3128 1177 toties
3151 1125 3312 1179 etiam
3342 1129 3768 1198 frequentaretur

2181 1212 2370 1280 gratia,
2392 1213 2542 1282 quasi
2576 1212 2890 1284 baptismate
2929 1215 3136 1287 singula
3159 1218 3261 1272 nisi
3289 1221 3522 1288 peccatis
3545 1225 3768 1295 singulis

2184 1317 2289 1358 non
2321 1305 2524 1374 possint
2553 1307 2777 1361 mederi.

2253 1399 2390 1454 Aus.
2415 1397 2490 1451 Ita
2519 1397 2621 1452 hoc
2643 1399 2896 1469 loqueris,
2919 1402 3069 1471 quasi
3094 1401 3286 1458 dixerit
3305 1405 3613 1474 Apostolus,
3634 1407 3769 1464 ursa

2181 1487 2254 1540 tia
2281 1497 2455 1542 autem
2490 1489 2657 1543 semel
2684 1503 2750 1543 ex
2778 1489 2958 1545 multis
2981 1491 3191 1549 delictis
3215 1494 3272 1549 in
3305 1495 3759 1564 iustificatiouem.

2183 1577 2296 1631 Non
2327 1577 2430 1634 hoc
2453 1579 2587 1633 dixit
2611 1598 2625 1634 :
2648 1581 2866 1637 attende
2911 1584 3052 1653 quod
3096 1585 3254 1653 dixit,
3298 1596 3353 1642 et
3383 1591 3594 1660 (τόττὶεο
3621 1592 3768 1661 quod

2181 1669 2382 1724 dixisti.
2416 1667 2610 1737 Gratia,
2639 1673 2828 1742 inquit,
2859 1690 2922 1728 ea:
2950 1675 3122 1730 multis
3147 1677 3342 1733 delictis
3359 1679 3414 1732 in
3435 1681 3762 1752 justi/imic-

2183 1776 2316 1814 nem.
2344 1760 2482 1830 Quid
2512 1763 2614 1817 huc
2643 1765 2893 1833 pertinet,
2923 1767 3063 1836 quod
3095 1769 3258 1823 semel
3289 1781 3345 1824 et
3371 1771 3529 1826 simul
3559 1775 3768 1828 unicui-

2182 1867 2286 1921 que
2311 1853 2487 1907 omnia
2517 1853 2855 1910 dimittuntur
2897 1858 2950 1912 in
2997 1857 3308 1928 Baptismo?
3345 1862 3534 1919 Nerine
3578 1873 3632 1920 et
3677 1867 3765 1921 ina

2183 1943 2578 2010 condemnatio,
2610 1946 2676 2001 ad
2701 1963 2858 2018 quam
2883 1949 3142 2019 judicium
3171 1953 3416 2021 perducit
3443 1961 3764 2022 estremu'ui,

2181 2035 2362 2103 procul
2383 2035 2546 2090 dubio
2564 2039 2732 2092 semel
2761 2038 2839 2100 fit.
2865 2040 3101 2095 omnium
3129 2057 3247 2111 quae
3274 2044 3496 2099 remissa
3524 2061 3628 2100 non
3650 2045 3768 2102 fue-

2181 2127 2287 2181 rint
2341 2130 2720 2198 peccatorum?
2767 2129 3046 2206 Etgmagis
3095 2133 3209 2202 ipsa
3251 2133 3524 2190 damnatio
3575 2140 3763 2202 semel,

2179 2232 2336 2286 quam
2363 2221 2607 2276 remissio
2635 2232 2974 2291 peccatorum
3005 2235 3101 2293 p'cr
3123 2225 3347 2295 gratiam
3369 2227 3570 2284 Christi
3599 2229 3768 2286 semel

2181 2307 2258 2362 ﬁt.
2290 2308 2552 2377 Quoniam
2584 2313 2628 2366 si
2659 2317 2778 2383 post
2805 2314 3133 2384 Baptismum
3179 2318 3406 2388 quisque
3441 2323 3762 2390 peccaverit,

2181 2417 2285 2455 non
2315 2402 2503 2458 eadem
2549 2414 2676 2459 sunt
2713 2411 2964 2475 peccata;
2989 2408 3086 2462 sed
3127 2423 3221 2478 per
3263 2409 3508 2466 eamdem
3542 2417 3764 2482 gratiam

2180 2495 2523 2562 peccantibus
2543 2497 2920 2564 remittuntur;
2949 2513 3053 2552 non
3075 2501 3265 2566 seruet,
3299 2515 3397 2556 nec
3425 2504 3644 2572 seruias,-
3671 2505 3768 2560 sed

2179 2585 2340 2638 etiam
2385 2587 2686 2657 septuagies
2729 2590 2926 2658 septies
2971 2589 3183 2650 (Matth.
3231 2597 3392 2661 tvm,
3563 2595 3764 2652 Eadem

2177 2676 2346 2744 gratia
2386 2677 2623 2746 quotidie
2663 2679 2885 2734 dimittit
2931 2682 3210 2736 orantibus
3247 2686 3410 2739 etiam
3455 2687 3764 2757 quotidiana

2180 2775 2416 2834 peccata,
2445 2782 2567 2821 cum
2605 2768 2826 2836 dicunt,
2859 2770 3069 2825 Dimitte
3091 2773 3232 2828 nobis
3258 2771 3422 2828 debita
3445 2783 3656 2839 nostra;
3679 2789 3766 2834 vc;

2178 2857 2374 2912 raciter
2399 2857 2674 2925 addentes,
2707 2862 2838 2915 sicut
2865 2870 2912 2916 et
2933 2879 3024 2918 nos
3039 2864 3338 2919 diuiittimm
3353 2866 3656 2923 debitoribm
3675 2877 3768 2924 no-

2177 2952 2295 3004 stris
2326 2949 2434 3016 (Id.
2467 2968 2548 3018 v1,
2575 2952 2696 3023 12).
2727 2953 2910 3010 Gratia
2937 2971 3064 3028 ergo
3089 2971 3156 3012 ex
3196 2958 3378 3014 multis
3403 2957 3631 3026 delictis,
3653 2957 3766 3018 site

2177 3044 2383 3114 singula
2421 3046 2472 3100 in
2513 3047 2757 3118 singulis,
2786 3049 2898 3104 sive
2925 3050 2978 3105 in
3007 3051 3324 3121 quibusdam
3355 3059 3544 3123 pauca,
3573 3055 3627 3108 in
3649 3056 3764 3126 qui-

2179 3134 2399 3190 busdam
2421 3138 2648 3208 plurima
2672 3139 2957 3206 invenerit,
2985 3143 3099 3198 sive
3118 3155 3237 3214 quae
3262 3155 3386 3199 ante
3409 3145 3762 3216 Baptismu'm,

2177 3227 2290 3282 sive
2308 3243 2428 3299 quae
2457 3241 2638 3299 postea
2659 3233 3087 3302 committuntur,
3112 3243 3164 3290 et
3189 3237 3517 3306 paenitendo,
3536 3240 3762 3306 orando,

2176 3320 2548 3394 eleemosynas
2571 3323 2748 3379 dando
2777 3337 3056 3392 sanantur,
3091 3328 3144 3382 in
3165 3328 3604 3398 justiﬂcationem
3635 3332 3764 3386 mit-

2179 3412 2260 3478 tit,
2301 3429 2437 3483 quos
2473 3429 2506 3469 a
2548 3414 2890 3472 damnatione
2935 3417 3125 3473 liberat
3165 3435 3180 3472 :
3222 3419 3337 3474 haec
3379 3421 3524 3476 enim
3561 3423 3761 3489 omnia,

2177 3504 2290 3574 ipsa
2313 3515 2439 3560 sunt
2459 3507 2644 3574 multa,
2690 3523 2755 3564 ex
2797 3509 2992 3580 quibus
3050 3512 3232 3567 multis
3269 3513 3528 3583 justitieat
3570 3517 3760 3585 gratia.

2175 3596 2306 3665 Quae
2329 3597 2374 3652 si
2399 3613 2504 3653 non
2530 3599 2828 3668 subveniat,
2861 3602 3098 3671 profecto
3126 3603 3288 3660 etiam
3316 3619 3380 3659 ex
3409 3617 3517 3660 uno
3543 3607 3761 3676 delicto,

2177 3703 2284 3742 non
2310 3688 2452 3760 quod
2477 3691 2749 3762 preprium
2775 3692 3002 3764 quisque
3027 3695 3333 3762 committit,
3356 3695 3457 3752 hoc
3477 3698 3621 3752 enim
3645 3699 3765 3754 loco

2177 3793 2284 3833 non
2313 3778 2438 3834 inde
2465 3780 2784 3851 loquebatur
2811 3781 3122 3853 Apostolus,
3153 3783 3247 3839 sed
3279 3786 3423 3856 quod
3463 3799 3558 3858 per
3599 3801 3762 3843 unum

2178 3863 2488 3938 peccantem
2515 3872 2735 3928 intravit
2759 3874 2813 3928 in
2837 3875 3116 3942 mundum,
3141 3876 3248 3931 itur
3267 3877 3318 3931 in
3339 3877 3759 3944 damnationem;

2179 3961 2280 4018 hoc
2321 3964 2466 4018 enim
2499 3965 2790 4036 Apostolus
2831 3967 3232 4025 evidentissime
3262 3973 3545 4040 expressit.
3580 3972 3764 4044 Neque

2177 4053 2318 4108 enim
2359 4054 2434 4108 ait
2459 4055 2597 4110 sicut
2637 4067 2712 4121 tu,
2763 4056 2880 4112 Non
2921 4058 3059 4113 sicut
3099 4071 3198 4130 per
3241 4073 3405 4116 unum
3441 4073 3758 4132 peccatum;

2177 4153 2428 4216 tauquam
2455 4147 2720 4217 singulum
2749 4149 3008 4220 cujusque
3031 4151 3220 4206 volens
3252 4151 3473 4225 intelligi
3495 4171 3512 4207 τ
3534 4155 3631 4211 sed
3664 4157 3758 4223 ait,

2179 4235 2300 4291 Non
2319 4237 2450 4290 sicut
2474 4255 2562 4308 per
2589 4255 2750 4292 unum
2772 4251 3080 4310 peccantem.
3109 4244 3270 4314 Aperi
3299 4245 3504 4312 oculos,
3531 4255 3586 4302 et
3611 4247 3761 4318 lege;

2178 4336 2234 4380 et
2251 4327 2360 4380 noli
2387 4337 2637 4397 tanquam
2665 4331 2823 4384 cacis
2845 4331 2988 4386 aliud
3019 4347 3116 4402 pro
3140 4334 3245 4388 alio
3273 4336 3412 4390 velle
3437 4347 3760 4406 apponere.

2247 4417 2472 4474 CCXIII.
2515 4421 2637 4476 Jun.
2677 4423 2782 4478 Sed
2827 4423 2930 4480 hoc
2975 4427 3182 4482 curavit
3234 4425 3536 4500 exprimere
3568 4431 3761 4496 :Gum,

2179 4513 2372 4584 inquit,
2399 4523 2618 4585 peccata
2646 4518 2851 4587 singula
2881 4533 3002 4574 reos
3029 4535 3157 4576 suos
3181 4522 3452 4578 lethaliter
3475 4521 3760 4579 vulneras-

2177 4617 2316 4668 sent,
2343 4609 2802 4666 innumerabiliter
2825 4609 3104 4668 confossos
3143 4613 3390 4671 homines
3433 4615 3552 4671 haec
3593 4619 3762 4687 gratia

2177 4698 2430 4769 singulari
2455 4709 2506 4755 et
2533 4703 2700 4757 semel
2731 4701 2922 4759 tradita
2949 4705 3146 4762 virtute
3169 4705 3418 4762 salvavit.

2247 4793 2381 4850 Anc.
2417 4789 2518 4845 Per
2540 4807 2695 4848 unum
2724 4805 3032 4866 peccantem,
3053 4793 3223 4862 dixit;
3249 4798 3337 4853 ubi
3368 4797 3536 4852 Adam
3566 4799 3764 4852 intelli-

2089 4925 2094 4928 .
2173 4881 2317 4953 gitur
2345 4901 2358 4937 :
2390 4897 2494 4936 non
2520 4897 2615 4952 per
2639 4897 2804 4940 unum
2829 4897 3127 4956 peccatum,
3157 4887 3244 4942 ubi
3267 4897 3322 4941 tu
3344 4881 3537 4942 ilverbo
3559 4897 3762 4944 mutato

2176 4983 2334 5044 atque
2362 4975 2658 5043 supposito,
2689 4977 2771 5031 vis
2794 4977 3014 5048 intelligi
3046 4979 3257 5049 singula
3290 4979 3647 5049 singulorum.

2247 5065 2472 5122 CCXIV.
2498 5067 2616 5122 ιω..
2649 5066 2710 5122 Si
2747 5068 2882 5122 enim
2903 5069 2965 5122 ob
2991 5070 3143 5123 unius
3161 5068 3398 5123 delictum
3423 5085 3559 5125 mors
3577 5083 3764 5142 regitu-

2175 5161 2242 5214 uit
2266 5177 2354 5230 per
2380 5175 2570 5224 unum;
2601 5159 2764 5213 multo
2799 5160 2964 5230 magis
2998 5161 3086 5226 qui
3119 5160 3485 5216 abundantiam
3507 5165 3688 5236 gratia
3709 5173 3762 5220 α

2177 5251 2364 5304 donum
2399 5249 2614 5318 justitiae
2635 5247 2912 5318 accipiunt,
2937 5251 2992 5303 in
3019 5250 3120 5304 vita
3155 5251 3438 5322 regnabant
3471 5269 3562 5325 per
3601 5267 3758 5309 unum

2174 5342 2348 5396 Iesum
2374 5339 2629 5394 Christum
2653 5338 2830 5410 (Rom.
2847 5355 2903 5408 v,
2931 5339 3045 5412 i7).
3071 5343 3472 5415 Consequenter
3485 5346 3630 5416 quod
3650 5361 3760 5402 cae-

2178 5434 2254 5502 pit
2272 5431 2504 5486 afﬁrmat
2525 5447 2537 5482 :
2561 5429 2695 5485 duas
2721 5431 2862 5486 enim
2883 5435 3060 5503 posuit
3087 5437 3403 5504 sententias,
3432 5439 3644 5507 utrique
3665 5451 3759 5491 vo-

2177 5523 2293 5580 lens
2320 5521 2606 5578 convenire
2626 5523 2767 5594 quod
2795 5525 2848 5579 in
2875 5526 2978 5583 line
2992 5529 3288 5599 subjunxit.
3305 5530 3410 5586 Per
3429 5545 3594 5586 unum
3611 5531 3754 5586 enim

2175 5615 2264 5686 qui
2293 5613 2394 5668 fuit
2429 5613 2598 5670 forma
2624 5617 2844 5686 peccati,
2877 5627 2932 5674 et
2961 5619 3014 5674 in
3041 5619 3196 5692 cujus
3238 5621 3588 5676 similitudine
3611 5635 3756 5692 prue-

2177 5707 2480 5762 varicantur
2527 5707 2625 5762 sub
2671 5708 2787 5780 lege
2837 5721 3140 5780 peccantes,
3187 5713 3496 5783 pronuntiat
3530 5725 3756 5783 regnare

2241 5822 2254 5850 ι
2293 5826 2374 5867 HIC
2399 5819 2638 5890 ineditis
2661 5821 2908 5875 exciderat
2945 5824 3172 5887 particula
3215 5837 3418 5888 negans,
3451 5835 3562 5884 tntae
3596 5831 3673 5873 est
3707 5823 3756 5872 in

2177 5888 2520 5943 manuscriptis.

2241 5947 2260 5974 '
2298 5949 2343 5990 In
2371 5951 2496 6004 Mss,
2515 5952 2596 5996 ttto
