4126 6506
341 432 483 489 ηπ

336 557 590 613 mortem;
631 555 685 600 et
735 560 828 616 per
867 559 1028 598 unum
1058 557 1281 613 regnare
1310 540 1362 596 iu
1393 541 1497 594 vita
1526 538 1905 594 abundantiam

335 652 574 709 quosque
601 637 786 709 gratiae
820 643 1155 699 consecutos,
1181 649 1299 704 qua}
1329 631 1495 703 gratia
1522 631 1768 686 virtutem
1793 628 1912 684 imi-

337 729 572 786 tantibus
603 727 838 798 prodest.
867 712 984 782 Non
1007 725 1264 780 remansit
1289 738 1416 794 ergo
1442 721 1510 778 de
1535 737 1640 776 uno
1665 721 1910 792 quaestio,

336 823 457 894 quia
485 824 586 879 hoc
609 821 752 892 quod
779 819 1044 875 subditum
1079 830 1193 874 est:
1219 831 1312 872 eos
1341 816 1589 872 videlicet
1618 815 1671 869 in
1696 814 1801 868 vita
1829 828 1916 869 re.

324 930 520 987 gnare,
554 914 646 985 qui
695 910 1074 968 abundantiam
1121 909 1306 979 gratia:
1367 906 1722 978 perceperint,
1753 904 1915 961 etiam

338 1009 564 1081 primum
611 1006 741 1062 illud
781 1004 1029 1071 absolvit,
1060 1012 1116 1057 ut
1150 1017 1310 1057 nemo
1338 1000 1586 1056 videlicet
1624 1007 1842 1068 cogatur
1864 998 1916 1051 in

338 1107 589 1164 mortem,
621 1097 722 1152 nisi
749 1097 837 1167 qui
870 1095 1171 1164 exemplum
1201 1092 1471 1162 peccantis
1493 1090 1844 1143 adamaverit.

409 1194 545 1247 Atto.
573 1189 736 1259 Cujus
761 1188 1064 1258 exemplum
1089 1187 1357 1256 peccantis
1376 1182 1738 1238 adamaverit?
1759 1179 1920 1234 Nemo

340 1281 581 1352 peprimi
614 1278 844 1334 hominis
875 1295 886 1331 :
921 1278 1063 1333 hunc
1087 1277 1227 1331 enim
1255 1275 1479 1331 formam
1497 1274 1632 1329 dicis
1650 1288 1770 1327 esse
1799 1286 1921 1341 pec-

339 1374 466 1439 cati,
495 1381 712 1442 propter
731 1369 1106 1432 imitationem,
1133 1382 1237 1422 non
1263 1375 1482 1436 propter
1500 1364 1916 1435 generationem;

343 1463 584 1534 proinde,
617 1461 782 1516 sicut'
818 1459 973 1526 dicis,
1011 1476 1030 1511 ι
1060 1472 1218 1514 nemo
1246 1457 1298 1512 in
1325 1465 1550 1512 mortem
1570 1455 1795 1526 cogitur,
1821 1453 1920 1508 nisi

339 1554 430 1624 qui
475 1553 776 1622 exemplum
817 1549 1089 1620 peccantis
1135 1548 1293 1618 hujus
1341 1545 1710 1602 adamaverit:
1745 1563 1766 1597 ι
1816 1559 1921 1598 non

343 1659 470 1715 ergo
497 1650 762 1714 coguntur
797 1642 852 1696 in
889 1649 1146 1705 mortem,
1192 1639 1286 1710 qui
1331 1652 1438 1692 non
1484 1637 1537 1691 in
1577 1634 1924 1691 similitudine

344 1734 796 1806 praevaricationis
843 1731 981 1803 ejus,
1026 1731 1165 1787 sicut
1208 1729 1502 1795 existimas,
1545 1732 1920 1798 peccaverunt.

341 1828 625 1898 Quomodo
653 1843 784 1899 ergo
806 1827 964 1893 dicis,
994 1835 1223 1881 mortem
1259 1837 1513 1894 regnasse
1555 1822 1688 1877 etin
1707 1835 1806 1876 eos
1833 1818 1923 1890 qui

343 1933 698 1993 peccaverunt
737 1919 952 1992 quidem
992 1935 1088 1990 per
1115 1918 1340 1974 liberum
1367 1915 1668 1981 arbitrium,
1693 1911 1787 1968 sed
1815 1927 1921 1965 non

341 2013 396 2068 in
441 2012 790 2068 similitudine
836 2009 1290 2082 praevaricationis
1329 2007 1481 2074 Adtu,
1513 2007 1636 2076 quia
1660 2006 1778 2060 sine
1807 2004 1925 2072 lege

342 2103 729 2174 peccaverunt?
753 2102 867 2157 Non
899 2102 1085 2172 itaque
1116 2107 1471 2172 peccaverunt
1495 2097 1611 2168 ejus
1639 2093 1921 2164 exemplo:

339 2197 591 2265 quoniam
617 2212 724 2249 non
765 2202 1050 2265 peccantes
1077 2194 1130 2247 iu
1157 2190 1503 2265 similitudine
1527 2186 1923 2259 prtevaricatio-

330 2262 425 2340 nis
470 2285 606 2356 ejus,
653 2262 782 2340 noni
821 2285 1123 2355 exemplum
1167 2262 1438 2353 peccantis
1479 2279 1860 2334 adamaverunt
1905 2290 1920 2328 :

335 2385 594 2448 quauan
625 2376 765 2430 enim
813 2376 882 2430 ab
919 2374 1019 2429 hac
1039 2373 1384 2429 similitudine
1413 2370 1715 2442 peccantis’
1743 2368 1920 2438 hujus,

340 2478 546 2523 tantum
564 2469 638 2522 ab
664 2469 962 2523 imitatione
982 2467 1214 2536 exempli
1246 2465 1405 2535 hujus
1435 2464 1592 2519 alieni
1620 2472 1765 2517 sunt.
1790 2459 1922 2516 Cum

337 2559 500 2630 igitur
525 2568 579 2614 et
606 2559 660 2612 in
681 2573 779 2614 eos
808 2559 1112 2628 regnaverit
1142 2571 1307 2621 mors,
1339 2555 1465 2626 quid
1492 2563 1576 2610 est
1599 2553 1741 2624 quod
1768 2552 1921 2617 dicis,

342 2667 365 2702 ι
401 2658 460 2704 ut
484 2666 646 2706 nemo
669 2659 902 2720 cogatur
940 2653 997 2704 in
1045 2659 1294 2715 mortem,
1323 2648 1423 2702 nisi
1479 2645 1571 2716 qui
1617 2644 1922 2714 exemplum

337 2743 615 2813 peccantis
635 2743 990 2809 adamaverit,
1021 2762 1041 2795 ι
1076 2741 1194 2810 ejus
1219 2741 1493 2804 videlicet,
1523 2753 1682 2808 quem
1711 2745 1926 2807 propter

336 2834 692 2891 imitationem
720 2833 954 2888 formam
979 2833 1064 2887 vis
1088 2832 1249 2886 fuisse
1268 2828 1508 2899 peccati?
1530 2827 1670 2883 Ecce
1703 2841 1812 2881 non
1832 2824 1927 2880 ad-

333 2929 659 2980 amaverunt
683 2923 955 2994 peccantis
983 2920 1305 2988 exemplum,
1332 2918 1422 2987 qui
1439 2931 1548 2972 non
1583 2918 1636 2973 in
1669 2915 1924 2986 prtermi-

333 3016 568 3076 oationis
624 3014 741 3083 ejus
787 3011 1136 3069 similitudine
1184 3017 1577 3078 pecwverunt;
1627 3015 1686 3061 et
1740 3013 1922 3064 tamen

327 3107 504 3164 etiam
528 3104 774 3175 regnavit
801 3104 854 3159 in
875 3118 970 3160 eos
993 3117 1161 3157 mors.
1188 3103 1270 3156 An
1296 3098 1578 3156 visredire
1607 3096 1672 3152 ad
1696 3095 1923 3152 catholi—

335 3197 790 3260 cam-veritatem,
819 3202 878 3250 ut
911 3194 968 3250 in
1014 3209 1109 3250 eos
1146 3205 1359 3263 quoque
1396 3198 1626 3246 mortem
1671 3201 1922 3258 regnasse

337 3291 579 3356 fatearis,
614 3290 710 3360 qui
752 3303 856 3344 non
901 3293 1280 3357 peccaverunt,
1307 3281 1522 3353 propria
1547 3295 1652 3337 non
1683 3278 1928 3335 faciendo

331 3390 582 3454 ιωω,
605 3380 706 3436 sed
735 3395 956 3451 regnum
985 3377 1174 3433 mortis
1217 3376 1270 3430 in
1307 3373 1656 3430 similitudine
1676 3371 1929 3442 praevari-

335 3475 569 3534 cationis
589 3474 732 3543 ejus,
760 3473 827 3528 de
853 3472 1006 3542 cujus
1031 3478 1200 3541 stirpe
1227 3478 1352 3525 sunt
1377 3469 1511 3534 nati,
1537 3478 1784 3538 tanquam
1813 3464 1924 3520 bac~

335 3567 602 3626 reditario
627 3565 858 3621 miseria:
892 3563 1013 3635 jure
1024 3560 1359 3618 subierunt?
1381 3560 1471 3616 Sic
1498 3559 1694 3631 quippe
1721 3557 1928 3614 intelle-

340 3667 544 3714 xerunt
583 3657 698 3712 hrcc
732 3656 1023 3728 apostolica
1063 3655 1226 3711 uerba
1260 3653 1508 3709 doctores
1534 3651 1807 3718 Ecclesiae,
1840 3649 1927 3720 qui

342 3750 595 3806 viderunt
621 3766 683 3805 ea
707 3766 812 3805 non
843 3763 1000 3819 posse
1027 3758 1171 3804 recte
1197 3746 1446 3817 intelligi,
1473 3745 1574 3801 nisi
1587 3745 1748 3800 .in.eis
1777 3745 1924 3800 intel-

341 3841 541 3912 ligatur
573 3839 818 3896 obnoxiae
850 3838 1205 3894 successionis
1230 3836 1394 3907 .origo
1439 3836 1680 3906 peccati;
1711 3844 1930 3905 propter

340 3932 491 4002 quod
514 3932 756 3987 dixerunt
777 3971 792 3991 ,
824 3929 1074 4000 parvulos
1108 3927 1396 3983 secundum
1437 3926 1604 3981 Adam
1637 3926 1928 3982 carnaliter

342 4031 537 4089 natos,
581 4021 884 4091 contagium
935 4019 1122 4074 mortis
1164 4019 1394 4088 antiqua:
1439 4016 1608 4088 prima
1658 4016 1932 4071 nativitate

339 4113 666 4169 contrahere
695 4110 984 4183 (Cyprium,
1019 4110 1184 4180 Epist.
1207 4110 1297 4172 6o,
1323 4110 1394 4164 ad
1423 4107 1634 4179 Fidum)
1663 4126 1675 4161 :
1707 4124 1806 4164 nec
1825 4108 1933 4163 Ma-

343 4206 540 4262 nicbazi
565 4204 800 4269 fuerunt,
831 4205 925 4260 sed
954 4221 1048 4260 vos
1075 4204 1387 4273 Pelagianos
1407 4243 1424 4268 ,
1466 4203 1558 4258 Dei
1588 4202 1810 4272 spiritu,
1841 4202 1932 4272 qui

345 4313 450 4369 per
476 4313 567 4350 eos
593 4296 802 4354 locutus
828 4305 931 4362 est,
958 4294 1366 4350 damnaverunt.

423 4388 624 4446 CCXV.
651 4390 769 4446 JcL.
802 4389 920 4444 Vita
951 4398 1127 4445 autem
1156 4390 1208 4444 in
1237 4404 1336 4460 qua
1365 4388 1633 4460 regnaturi
1659 4396 1783 4443 sunt
1807 4403 1932 4444 san-

344 4481 459 4550 eti,
486 4491 683 4536 acterna
713 4491 1076 4542 monstratur:
1109 4494 1236 4550 ergo
1275 4487 1330 4534 et
1367 4495 1512 4534 mors
1538 4494 1656 4548 qua:
1685 4478 1933 4547 iniquita-

346 4585 458 4628 tem
489 4573 836 4628 voluntariam
863 4572 1138 4642 sequitur,
1177 4581 1373 4625 acterna
1401 4570 1670 4625 credatur.
1719 4569 1931 4639 Itaque,

344 4664 480 4716 sicut
501 4680 590 4733 per
609 4663 757 4720 unius
777 4662 1090 4720 delictuntin
1113 4678 1283 4722 omnes
1307 4661 1532 4715 homines
1551 4661 1605 4714 in
1625 4661 1934 4720 eondenma-

348 4757 579 4822 tionem;
606 4755 679 4809 sic
699 4764 751 4815 et
771 4771 872 4825 per
898 4754 1048 4810 unius
1068 4753 1325 4823 justitiam
1352 4753 1405 4812 in
1431 4751 1858 4814 omnesltomines
1883 4751 1936 4804 in

345 4849 761 4920 iustiﬁcationem
786 4848 917 4906 vitm.
945 4846 1092 4902 Sicut
1121 4845 1254 4899 enim
1275 4861 1364 4916 per
1381 4844 1534 4902 tutius
1555 4843 1936 4902 iuobedientiam

348 4952 640 5010 peccatores
659 4940 920 4998 constituti
959 4947 1072 4994 sunt
1115 4937 1299 5002 multi;
1327 4938 1400 4991 ita
1425 4945 1472 4991 et
1511 4952 1599 5004 per
1628 4936 1789 4992 sanius
1807 4935 1936 4990 [obe-

348 5034 593 5088 dientiam
623 5034 754 5104 justi
784 5032 1146 5088 constituentur
1171 5029 1320 5084 multi
1363 5029 1537 5101 (Rom.
1570 5046 1622 5095 v,
1661 5031 1724 5084 l8
1743 5038 1791 5084 et
1818 5029 1934 5098 .19).

346 5123 542 5178 Omnis
567 5132 650 5181 est
673 5123 846 5182 soluta
880 5122 1206 5192 perplexius
1226 5161 1241 5187 ,
1271 5119 1608 5189 impudenter
1636 5120 1702 5180 de
1731 5121 1940 5176 uni-ver-

348 5217 511 5271 sitate
527 5215 787 5271 calumnia
800 5214 1124 5280 concitatur,
1148 5213 1478 5282 ineptissime
1499 5213 1550 5266 in
1571 5212 1748 5282 scirpo
1769 5211 1940 5266 nodus

348 5306 631 5374 quarritur.
661 5304 978 5360 Pronuntiat
1006 5303 1309 5373 Apostolus,
1342 5318 1445 5357 non
1467 5317 1656 5358 omnes
1679 5316 1819 5364 esse,
1847 5302 1939 5356 sed

349 5397 554 5451 multos
582 5396 625 5463 ³,
653 5396 742 5466 qui
781 5411 875 5466 per
899 5395 1312 5450 inobedientiam
1346 5394 1502 5464 primi
1529 5393 1790 5458 hominis,
1822 5409 1942 5463 pec-

348 5498 476 5542 cata
505 5487 852 5551 didicissent;
885 5494 938 5541 et
966 5485 1163 5540 multos
1189 5500 1329 5552 esse,
1362 5500 1466 5540 nou
1497 5499 1704 5551 omnes,
1730 5486 1817 5554 qui
1851 5499 1945 5552 per

348 5578 580 5634 alterius
621 5577 974 5633 obedientiam
997 5619 1011 5642 ,
1051 5577 1310 5648 justitiam
1341 5585 1521 5632 essent
1556 5577 1752 5644 adepti.
1800 5575 1939 5630 Nihil

429 5692 442 5720 ι
479 5697 638 5750 Forte,
665 5688 727 5748 si,
746 5694 818 5738 ut.

427 5753 448 5819 ξ
476 5752 549 5800 sic
566 5749 669 5801 Mss.
697 5757 809 5800 Mar.
833 5757 885 5800 et
907 5757 1030 5800 Port.
1057 5749 1174 5818 l-Zditi
1196 5757 1377 5819 autem,

431 5813 449 5843 ³
483 5821 618 5871 διες..
649 5823 743 5862 non
764 5823 925 5872 comes
960 5824 1060 5864 esse
1094 5813 1174 5872 qui
1211 5823 1294 5871 per
1318 5813 1351 5861 ir

353 5875 542 5934 verbis,
570 5874 655 5924 sed
678 5871 862 5923 multos.

1445 5749 1614 5800 tracti.

1427 5808 1683 5861 edientt'mu
1705 5845 1720 5869 ,
1756 5812 1946 5861 omissis

1641 425 1841 481 LIBER
1877 425 2254 484 SECUNDUS.

3465 439 3599 494 123l-

2021 538 2106 595 hic
2132 539 2200 596 de
2223 551 2413 598 exortu
2455 542 2799 602 humanitatis
2840 547 3032 618 agitur,
3079 563 3256 606 mores
3289 551 3342 606 in
3369 550 3600 611 diversis-

2020 631 2208 688 studiis
2254 636 2625 706 publicantur:
2665 638 3022 695 iucbedientia
3051 649 3106 696 et
3145 641 3447 697 obedientia
3477 653 3594 698 stus

2019 725 2225 782 diorum
2271 743 2518 799 operam,
2564 746 2670 786 non
2711 732 3089 802 generationis,
3141 732 3389 789 ostendit.
3445 734 3600 789 Certe

2022 818 2108 872 ubi
2138 821 2516 891 opportunius,
2547 822 2592 877 si
2620 823 2747 894 quid
2789 824 3082 880 secundum
3114 834 3166 881 te
3203 835 3417 895 saperet
3455 827 3600 893 Apu-

2022 910 2222 978 stolus,
2254 914 2624 982 pronuntiaret
2666 932 2853 972 omnes
2891 916 2957 972 ad
2984 917 3484 973 condemnationem
3524 917 3602 972 ire

2023 1002 2308 1068 nascendo,
2339 1013 2534 1074 paucos
2562 1015 2737 1061 autem
2764 1005 2828 1061 ad
2857 1010 3017 1062 vitam
3042 1005 3332 1072 credendo.
3357 1022 3516 1078 quam
3550 1007 3600 1061 iu

2027 1091 2127 1146 hoc
2156 1092 2296 1161 loco,
2340 1095 2428 1150 ubi
2453 1112 2658 1151 summa
2700 1098 3074 1170 disputationis
3099 1099 3413 1170 complenda
3453 1101 3603 1154 erat?

2025 1181 2217 1238 Debuit
2241 1185 2382 1240 enim
2422 1186 2635 1254 dicere,
2677 1187 2828 1244 Sicut
2856 1205 2951 1260 per
2991 1189 3408 1246 inobedientiam
3450 1191 3606 1245 unius

2023 1271 2256 1329 hominis
2279 1283 2594 1345 peccatores
2625 1280 2896 1335 constituti
2937 1290 3062 1336 sunt
3103 1296 3325 1347 omnes;
3361 1281 3468 1336 imo
3498 1297 3604 1336 non

2028 1381 2121 1434 per
2145 1366 2579 1436 iuobedientiam,
2606 1370 2722 1435 sed,
2746 1372 2883 1427 sicut
2904 1388 3000 1443 per
3019 1373 3416 1443 generationem
3447 1373 3602 1442 primi

2029 1457 2258 1515 hominis
2285 1469 2590 1529 peccatores
2616 1463 2724 1518 nati
2749 1473 2873 1518 sunt
2898 1479 3117 1529 omnes;
3149 1465 3216 1518 ita
3247 1473 3301 1519 et
3331 1479 3426 1533 per
3450 1465 3608 1519 unius

2025 1551 2381 1607 obedientiam
2405 1556 2536 1624 justi
2565 1557 2959 1613 constituentur
2979 1557 3151 1611 multi.

2099 1644 2230 1699 Anc.
2267 1644 2378 1700 lmo
2406 1645 2587 1701 debuit
2627 1646 2842 1712 dicere,
2875 1647 3021 1703 Sicut
3064 1663 3157 1717 per
3195 1647 3606 1702 inohctlientiant

2023 1746 2175 1787 suam
2200 1743 2514 1803 peccatores
2548 1738 2820 1792 constituti
2861 1747 2988 1793 sunt
3018 1739 3200 1803 niulti;
3243 1739 3315 1793 ita
3356 1754 3452 1809 per
3480 1739 3608 1794 obe-

2024 1820 2280 1878 dientiam
2309 1840 2458 1880 suam
2481 1825 2610 1894 justi
2636 1830 3027 1884 conStituentur
3051 1829 3202 1884 multi
3228 1848 3241 1884 :
3273 1839 3385 1896 aut,
3417 1830 3460 1884 si
3490 1829 3610 1884 imi~

2029 1916 2312 1984 tationem,
2341 1935 2500 1989 quam
2528 1935 2621 1975 vos
2649 1920 2702 1976 in
2727 1923 2931 1992 magnis
2956 1922 3229 1993 angustiis.
3247 1923 3518 1978 constituti
3551 1932 3606 1977 et

2030 2021 2380 2080 persequente
2407 2012 2629 2067 veritate
2653 2014 2904 2069 coarctati
2925 2056 2940 2082 ,
2971 2015 3238 2070 invenisse
3263 2030 3357 2069 vos
3388 2015 3605 2084 putatis,

2024 2114 2132 2169 qua
2154 2103 2304 2156 exire
2333 2103 2578 2172 possetis,
2607 2102 2708 2159 hoc
2733 2104 2854 2159 loco
2887 2104 2978 2161 ille
3005 2104 3381 2160 commendare
3406 2105 3606 2160 voluis-

2028 2201 2139 2256 set,
2165 2192 2353 2247 debuit
2377 2193 2586 2262 dicere,
2617 2194 2764 2251 Sicut
2800 2212 2895 2267 per
2919 2196 3268 2252 imitationem
3301 2197 3609 2253 iuobedien-

2031 2283 2118 2336 tia:
2157 2285 2311 2338 unius
2343 2285 2579 2341 hominis
2616 2297 2922 2357 peccatores
2961 2290 3233 2344 constituti
3269 2299 3394 2344 sunt
3421 2289 3608 2355 multi;

2029 2373 2101 2427 ita
2127 2382 2182 2429 et
2210 2390 2303 2444 per
2325 2377 2670 2432 imitationem
2698 2379 3013 2434 obedientia:
3039 2380 3194 2435 unius
3229 2380 3459 2434 hominis
3481 2379 3608 2450 justi

2028 2466 2418 2521 constituentur
2444 2468 2612 2522 multi.
2643 2469 2782 2524 Ecce
2801 2479 2854 2524 et
2873 2483 2972 2541 ego
2995 2469 3104 2524 dixi
3125 2470 3393 2540 quomodo
3413 2470 3612 2525 debue-

2029 2557 2098 2611 rit
2125 2557 2408 2627 Apostolus
2439 2558 2601 2628 loqui,
2633 2559 2675 2613 si
2706 2559 2806 2615 hoc
2830 2561 2990 2615 vellet
3015 2559 3215 2628 dicere,
3237 2560 3378 2631 quod
3408 2575 3503 2616 vos
3531 2562 3613 2618 di-

2031 2649 2186 2704 citis:
2218 2664 2284 2704 ne
2322 2657 2476 2720 putes
2515 2650 2712 2721 aliquid
2738 2665 2985 2722 magnum
3024 2666 3174 2714 esse,
3219 2666 3316 2721 pro
3341 2651 3611 2706 voluntate

2033 2747 2213 2794 nostra
2239 2741 2401 2794 verba
2427 2754 2782 2810 componere,
2809 2757 2914 2796 non
2945 2742 3176 2796 auctoris
3205 2740 3530 2795 voluntatem
3557 2742 3613 2794 in

2033 2830 2209 2885 verbis
2237 2830 2352 2900 ejus
2379 2847 2662 2901 exponere.
2706 2832 2844 2886 Dixit
2872 2847 3033 2902 ergo,
3079 2847 3174 2900 per
3199 2831 3606 2886 inobedientiam

2034 2922 2191 2976 unius
2217 2922 2468 2989 hominis,
2489 2939 2648 2993 quem
2673 2924 3030 2995 generationis
3053 2924 3344 2995 principem
3369 2933 3610 2988 noverat,

2033 3021 2341 3081 peccatores
2359 3015 2679 3068 constitutos
2707 3028 2824 3068 esse
2863 3015 3088 3078 multos;
3119 3015 3369 3083 quoniam
3399 3015 3487 3070 illa
3528 3014 3609 3069 iu-

2031 3101 2338 3158 obedientia
2371 3112 2463 3159 est
2505 3112 2692 3160 natura
2739 3105 2970 3160 humana
3013 3104 3232 3160 vitiata:
3265 3114 3321 3160 et
3362 3121 3456 3175 per
3479 3105 3612 3161 obe-

2031 3195 2283 3250 dientiam
2313 3197 2468 3250 unius
2499 3195 2755 3261 hominis,
2782 3197 2870 3267 qui
2901 3197 3315 3268 regenerationis
3349 3208 3430 3252 est
3461 3198 3608 3267 prin-

2035 3303 2190 3356 ceps,
2233 3286 2404 3356 justos
2430 3287 2676 3341 constitui
2708 3288 2938 3353 multos;
2980 3289 3102 3358 quia
3142 3289 3282 3344 illius
3314 3289 3612 3344 obedientia

2035 3389 2223 3434 natura
2251 3380 2478 3433 humana
2501 3387 2738 3445 sanatur,
2761 3381 2848 3448 qui
2876 3379 3044 3435 factus
3063 3390 3146 3435 est
3163 3381 3419 3437 obediens
3447 3397 3612 3450 usque

2034 3471 2100 3526 ad
2127 3480 2352 3526 mortem
2379 3471 2553 3526 crucis
2579 3469 2836 3541 (Philipp.
2867 3486 2923 3533 ιι,
2953 3471 3032 3540 8),
3063 3472 3262 3540 utjusti
3286 3472 3613 3527 constituan-

2035 3571 2122 3617 tur
2151 3577 2244 3632 per
2285 3561 2401 3631 ejus
2428 3559 2688 3632 gratiam,
2732 3563 2891 3617 etiam
2929 3562 3021 3632 qui
3067 3577 3170 3618 non
3200 3562 3286 3618 hic
3325 3579 3422 3634 per
3462 3579 3611 3619 suam

2033 3652 2490 3707 conversationem
2511 3651 2641 3720 justi
2662 3666 2782 3708 esse
2806 3661 3118 3723 potuerunt;
3144 3652 3279 3708 sicut
3303 3655 3352 3708 hi
3376 3655 3466 3724 qui
3488 3669 3618 3709 con-

2037 3743 2186 3797 tinuo
2228 3750 2347 3811 post
2373 3741 2636 3796 lavacrum
2684 3743 3101 3812 regenerationis
3145 3744 3451 3814 exspirant,
3500 3745 3616 3798 sive

2033 3834 2353 3906 grandioris,
2383 3835 2497 3890 sive
2515 3834 2770 3890 infantilis
2790 3837 2978 3891 aetatis.
3011 3836 3160 3893 Unde
3185 3839 3372 3893 maluit
3391 3839 3614 3894 verbum

2036 3925 2194 3980 futuri
2220 3926 2477 3995 temporis
2501 3941 2731 3996 ponere,
2763 3937 2817 3982 et
2841 3930 3207 3982 constituentur
3231 3929 3408 3985 dicere
3425 3973 3438 3995 ,
3475 3945 3578 3984 non
3598 3973 3614 3997 ,

2035 4018 2320 4072 Constituti
2347 4027 2497 4083 sunt,
2527 4020 2776 4089 quoniam
2807 4019 2935 4090 justi
2965 4020 3050 4074 illa
3074 4019 3311 4090 justitia,
3343 4037 3461 4092 quae
3500 4023 3616 4078 sine

2033 4110 2148 4165 ullo
2177 4118 2395 4179 peccato
2432 4110 2565 4174 erit,
2601 4110 2652 4165 in
2684 4111 2841 4166 futuri
2886 4113 3068 4166 saeculi
3107 4115 3404 4168 aeternitate
3428 4114 3617 4169 victuri

2037 4209 2180 4256 sunt.
2209 4201 2338 4256 Cum
2369 4210 2547 4256 autem
2576 4201 2645 4256 de
2675 4203 3038 4270 peccatoribus
3069 4219 3174 4257 non
3204 4204 3368 4265 dixit,
3401 4204 3619 4259 Consti-

2037 4300 2270 4356 tuentur,
2299 4291 2414 4359 sed,
2445 4292 2701 4346 constituti
2727 4301 2872 4356 sunt,
2903 4293 3152 4349 smculum
3181 4294 3282 4349 hoc
3307 4295 3446 4366 quod
3479 4312 3618 4365 pra:-

2038 4382 2190 4448 terit,
2229 4382 2315 4437 ubi
2336 4381 2447 4452 jam
2475 4382 2652 4437 vitiata
2679 4392 2762 4437 est
2787 4382 3013 4439 hurana
3042 4395 3229 4440 natura
3247 4426 3262 4448 ,
3293 4385 3457 4441 verbo
3483 4396 3619 4441 tem-

2040 4475 2184 4545 poris
2213 4475 2461 4545 praeteriti
2481 4477 2765 4543 expressit.
2786 4475 2904 4532 Jam
2932 4493 3058 4532 vero
3081 4477 3150 4532 de
3171 4480 3348 4534 multis
3369 4480 3490 4549 quia
3521 4481 3617 4550 ipsi

2037 4576 2162 4620 sunt
2189 4581 2407 4632 omnes,
2440 4565 2568 4620 satis
2594 4567 2687 4620 tihi
2717 4581 3024 4637 responsum
3053 4579 3152 4624 est.
3181 4570 3260 4624 Tu
3285 4581 3462 4625 autem
3487 4587 3622 4640 quos

2039 4657 2326 4726 Apostolus
2349 4655 2483 4710 dixit
2505 4673 2726 4721 omnes,
2765 4674 2869 4712 non
2912 4659 3126 4727 potuisti
3158 4660 3258 4714 nisi
3291 4661 3307 4691 ¹
3346 4661 3621 4714 contradi-

2038 4746 2211 4802 cendo
2237 4762 2533 4816 exponere,
2580 4758 2635 4802 et
2678 4748 2934 4815 dicendo,
2979 4748 3096 4804 Non
3134 4760 3257 4804 sunt
3299 4766 3520 4814 omnes;
3553 4753 3620 4806 ad

2040 4837 2181 4906 quod
2212 4845 2262 4890 te
2291 4837 2432 4891 nulla
2460 4837 2749 4891 necessitas
2773 4845 3010 4908 cogeret,
3041 4839 3088 4894 si
3114 4839 3433 4895 catholicum
3461 4857 3622 4912 quam

2041 4927 2378 4997 Pelagianam
2417 4942 2635 4980 sensum
2681 4937 2861 4983 tenere
2907 4929 3202 4985 maluisses.
3235 4931 3436 4987 Omnes
3475 4934 3621 4989 enim

2042 5027 2322 5087 propterea
2347 5015 2596 5072 dicuntur
2634 5024 2690 5073 et
2713 5019 2896 5083 multi,
2926 5028 2987 5074 ut
3010 5019 3382 5078 discernantur
3409 5023 3478 5080 ab
3507 5026 3617 5091 eis,

2043 5107 2132 5176 qui
2163 5122 2282 5161 cum
2314 5108 2420 5161 sint
2447 5123 2655 5173 omnes,
2683 5118 2808 5164 sunt
2835 5120 3010 5165 tamen
3043 5113 3217 5181 pauci.

2114 5198 2338 5256 CCXVI.
2366 5200 2482 5256 Jun.
2506 5202 2657 5267 Quod
2687 5203 2730 5256 si
2760 5208 2830 5257 ita
2858 5204 3121 5259 intulisset
3143 5245 3157 5269 ,
3187 5221 3292 5261 non
3325 5208 3497 5263 minus
3524 5209 3620 5263 do-

2043 5293 2264 5349 cebatur
2299 5293 2460 5363 impia
2500 5309 2654 5360 esse,
2699 5309 2860 5365 quam
2899 5296 3074 5366 inepta
3108 5301 3368 5354 sententia
3395 5339 3412 5368 ,
3437 5317 3539 5371 qua
3575 5309 3630 5355 et

2045 5386 2372 5456 comparatio
2397 5385 2509 5456 ipsa
2540 5387 2592 5441 in
2612 5387 2826 5443 diverso
2847 5391 3120 5462 proposito
3147 5406 3492 5460 personarum
3517 5402 3630 5447 sto-

2047 5477 2303 5534 lidissime
2329 5479 2612 5534 doceretur
2633 5519 2648 5543 ,
2677 5495 2799 5535 cum
2826 5496 2916 5537 res
2943 5497 3051 5538 non
3073 5481 3275 5539 similes
3297 5483 3363 5542 ad
3391 5483 3631 5538 collatio.

2049 5587 2171 5628 nem
2215 5571 2495 5635 venirent,
2545 5582 2728 5629 natura
2769 5574 3016 5632 videlicet
3048 5585 3106 5634 et
3139 5577 3418 5639 voluntas;
3466 5582 3524 5627 ut
3576 5573 3627 5625 in

2052 5674 2200 5735 parte
2236 5664 2361 5720 mali
2397 5665 2656 5732 seminum
2701 5669 2989 5725 necessitas
3029 5679 3348 5738 poneretur,
3390 5667 3441 5718 in
3481 5671 3627 5732 parte

2051 5773 2177 5814 vero
2201 5758 2324 5814 boni
2355 5745 2515 5813 studii
2542 5759 2652 5814 sola
2681 5759 2930 5826 libertas;
2967 5761 3073 5816 imo
3093 5760 3201 5829 jam
3233 5771 3335 5813 non
3366 5752 3583 5808 libertas
3607 5788 3624 5813 ,

2120 5875 2132 5903 ¹
2163 5878 2226 5920 Ex
2253 5872 2584 5934 manuscriptis
2599 5873 2920 5933 restituentis,
2939 5869 3048 5922 nisi.
