4126 6502
498 423 637 479 ςέζῖὤ

493 535 746 611 quoniam
778 546 883 587 non
913 527 1228 600 suppetebat
1252 524 1479 581 facultas
1508 520 1735 593 eligendi
1765 519 1891 575 boni
1919 527 1974 574 et
1997 530 2089 571 ca—

497 626 652 685 vendi
697 623 822 681 mali
847 664 865 689 ,
904 622 950 679 si
998 618 1256 676 naturalis
1301 628 1478 673 reatus
1527 614 1732 669 luisset.
1794 611 1927 667 Dicit
1962 624 2092 680 ergo

501 717 787 791 Apostolus
812 713 1027 786 sapiens
1067 720 1124 767 et
1162 706 1405 765 eruditus
1443 703 1701 761 Ecclesiae
1739 700 1963 765 doctor,
1994 713 2094 770 per

501 809 914 869 inobedientiam
979 803 1251 862 exstitisse
1311 798 1676 869 transisseque
1745 802 2020 867 peccatum
2049 793 2091 860 ‘,

492 899 946 973 imultiplicarique
966 894 1245 969 justitiam.

582 997 722 1052 Anc.
754 991 855 1050 Ubi
891 999 976 1047 est
1000 988 1143 1062 quod
1175 987 1411 1052 dixeras,
1456 999 1562 1039 non
1608 990 1884 1053 peccatum
1923 986 2097 1033 trans-

503 1094 653 1154 isse,
703 1084 798 1142 sed
846 1092 1073 1140 mortem
1118 1080 1377 1153 (Supra,
1419 1074 1742 1148 capp._63,
1786 1072 1889 1137 64,
1925 1068 2098 1142 I96)?

504 1181 645 1237 Ecce
698 1190 839 1233 nunc
883 1173 1058 1240 dicis,
1109 1186 1204 1241 per
1250 1167 1665 1226 inobedientiam
1691 1167 1736 1230 ’,
1778 1179 1898 1234 qua:
1941 1161 2098 1217 unius

506 1267 743 1324 hominis
790 1270 1206 1322 commemorata
1251 1270 1373 1328 est,
1420 1274 1524 1313 non
1571 1255 1745 1312 solum
1792 1252 2096 1318 exstitisse,

506 1375 691 1413 verum
718 1358 878 1412 etiam
908 1355 1163 1411 transisse
1190 1362 1488 1424 peccatum.
1516 1349 1597 1404 An
1624 1346 1752 1418 quid
1771 1347 1918 1418 prius
1946 1344 2100 1399 dixe-

507 1452 583 1505 ris
629 1449 867 1505 fortassis
908 1447 1108 1502 oblitus
1151 1444 1246 1499 es?
1290 1439 1673 1499 Gratulandum
1721 1447 1806 1495 est
1846 1434 2099 1493 oblivioni

507 1551 648 1608 true,
689 1556 792 1611 qua
836 1554 1023 1593 verum
1062 1534 1399 1605 compelleris
1418 1533 1639 1589 ‘dicere.
1677 1530 1811 1585 Nam
1835 1527 1978 1600 quod
2008 1527 2100 1583 tibi

507 1632 720 1688 videtur
743 1674 760 1700 ,
799 1631 854 1687 iu
883 1629 1170 1685 collatione
1195 1626 1587 1683 contrariarum
1616 1622 1846 1693 partium
1873 1635 1977 1676 non
2002 1618 2100 1675 de-

508 1724 637 1779 bere
664 1738 732 1780 ex
760 1736 865 1777 una
894 1729 1047 1793 parte
1075 1719 1200 1790 poni
1248 1716 1623 1774 necessitatem
1664 1712 1888 1769 seminis
1908 1752 1922 1776 ,
1951 1721 2006 1768 et
2032 1727 2100 1767 ex

507 1815 677 1870 altera
705 1813 943 1869 studium
966 1811 1257 1867 voluntatis
1277 1849 1296 1874 ,
1340 1806 1592 1863 stolidum
1635 1818 1760 1861 esse
1797 1803 2099 1874 reperires,

509 1905 553 1960 si
581 1903 838 1974 videres,
863 1903 1022 1959 sicin
1067 1900 1203 1956 mala
1243 1907 1398 1971 parte
1439 1897 1562 1952 illos
1597 1895 1685 1965 qui
1732 1892 2000 1964 pertinent
2034 1893 2102 1949 ad

509 1997 780 2053 hominem
830 1995 1060 2067 primum
1085 2034 1102 2060 ,
1150 1990 1485 2047 connexione
1533 1984 1934 2058 generationis,
1983 1983 2102 2041 sine

511 2090 690 2146 studio
715 2104 829 2145 sua:
868 2085 1197 2154 voluntatis,
1239 2082 1441 2154 peccati
1486 2081 1716 2137 traxisse
1757 2076 2057 2149 contagium
2082 2118 2101 2144 ,

509 2181 964 2253 quemadmodum
993 2180 1071 2236 illi
1099 2178 1343 2250 parvuli,
1388 2176 1478 2248 qui
1521 2175 1788 2245 pertinent
1819 2173 1887 2229 ad
1926 2171 2103 2227 homi-

511 2292 634 2332 nem
666 2273 961 2332 secundum
988 2315 1003 2340 ,
1035 2272 1153 2328 sine
1181 2270 1358 2325 studio
1383 2269 1612 2339 propriae
1641 2264 1930 2321 voluntatis
1955 2305 1971 2332 ,
2005 2278 2104 2335 per

512 2383 698 2436 pacem
749 2364 1169 2437 regenerationis
1224 2362 1444 2434 jllSIilllB
1499 2359 1787 2431 participes
1838 2357 1990 2412 Iiunt.
2044 2355 2102 2410 Si

510 2471 689 2516 autem
738 2474 924 2515 semen
961 2473 1029 2514 ex
1078 2467 1301 2527 utraque
1342 2462 1491 2526 parte
1527 2451 1812 2522 deposcis:
1842 2450 1982 2505 sicut
2009 2463 2105 2518 per

512 2551 681 2607 Adam
732 2566 916 2608 semen
964 2549 1177 2607 carnale
1223 2547 1468 2601 vitiatum
1509 2552 1629 2610 est,
1661 2542 1741 2598 sic
1764 2542 1907 2612 viget
1943 2540 2105 2610 spiri-

513 2644 654 2699 tuale
695 2658 791 2714 per
836 2642 1131 2698 Christum.
1178 2638 1330 2708 Quod
1382 2651 1567 2692 semen
1610 2633 1897 2689 insinuavit
1946 2630 2101 2686 nobis

511 2730 749 2784 Joannes
784 2727 1056 2798 apostolus
1079 2768 1096 2793 ,
1140 2724 1359 2788 dicens,
1398 2721 1462 2775 Et
1509 2737 1610 2775 non
1651 2726 1811 2790 potest
1856 2731 2100 2785 peccare,

509 2821 627 2891 quia
654 2836 822 2876 semen
845 2822 956 2893 ejus
982 2820 1036 2874 in
1070 2820 1183 2888 ipso
1208 2825 1373 2870 manet
1415 2813 1434 2887 (
1457 2812 1477 2867 l
1497 2810 1655 2867 Joau.
1685 2826 1742 2865 ιιι
1770 2851 1785 2877 ,
1812 2806 1905 2880 9).
1948 2806 2103 2875 Quod

512 2914 565 2969 in
613 2914 791 2968 futuro
839 2911 1038 2968 sreculo
1084 2910 1228 2965 bono
1276 2908 1452 2978 potius
1498 2902 1813 2975 apparebit,
1870 2900 1960 2955 ubi
2010 2899 2102 2970 qui

508 3015 708 3073 erunt,
753 3020 979 3076 peccare
1024 3020 1129 3060 non
1178 3008 1465 3074 poterunt;
1511 3015 1617 3054 non
1665 2998 1717 3053 in
1761 2997 1861 3052 hoc
1903 2996 2103 3051 szeeulo

507 3098 743 3169 maligno
768 3138 784 3161 ,
813 3096 898 3151 ubi
929 3105 983 3152 et
1014 3094 1066 3151 hi
1097 3094 1186 3165 qui
1214 3093 1482 3163 pertinent
1503 3088 1569 3145 ad
1599 3087 1855 3144 steculum
1887 3094 2101 3156 peccata

510 3206 614 3245 non
646 3189 947 3245 habiturum
973 3231 989 3257 ,
1024 3188 1219 3243 habent
1248 3183 1389 3241 unde
1412 3180 1652 3255 quotidie
1678 3189 1863 3252 petant
1890 3194 1919 3233 a
1943 3179 2101 3235 Patre

507 3281 715 3337 veniam
748 3290 1107 3351 peccatorum.

578 3372 828 3428 CCXVII.
883 3373 1006 3430 Jun.
1054 3373 1132 3426 Ac
1180 3386 1274 3440 per
1322 3368 1461 3436 hoc,
1513 3364 1745 3423 destruit
1790 3362 2099 3433 Opinionem

508 3464 714 3535 peccati
741 3464 1000 3519 naturalis
1024 3504 1041 3530 ,
1070 3472 1124 3517 ct
1150 3461 1309 3517 docet
1333 3459 1464 3514 alias
1487 3473 1609 3514 esse
1632 3471 1825 3513 causas
1849 3455 2099 3510 substan-

508 3557 598 3613 tiae
620 3597 636 3622 ,
658 3557 793 3613 alias
814 3555 1124 3613 voluntatis.
1155 3554 1235 3609 Ac
1273 3567 1343 3608 ne
1376 3550 1725 3621 intelligentia
1765 3549 1879 3601 haec
1916 3554 2101 3601 nostro

510 3649 681 3720 magis
710 3647 1002 3720 imputetur
1028 3645 1245 3718 ingenio
1268 3687 1286 3711 ,
1312 3658 1472 3713 quam
1503 3639 1799 3711 apostolico
1821 3637 2054 3707 dogmati
2083 3679 2098 3703 ,

507 3760 571 3800 ea
595 3760 715 3814 quze
742 3742 864 3798 huic
889 3742 1010 3798 loco
1033 3740 1237 3797 addidit
1258 3781 1272 3801 ,
1306 3738 1606 3794 audiamus.
1634 3735 1741 3789 Lex
1768 3746 1939 3788 autem
1977 3734 2099 3789 sub-

506 3835 744 3898 iutravit,
797 3834 1001 3904 inquit,
1057 3842 1114 3886 ut
1155 3830 1436 3886 abundaret
1478 3828 1757 3882 delictum:
1797 3826 1886 3881 ubi
1932 3835 2101 3882 autem

508 3926 783 3981 abundarit
819 3934 1119 3996 peccatum,
1158 3920 1585 3993 superabundavit
1621 3919 1825 3991 gratia;
1871 3926 1928 3972 ut
1970 3918 2102 3973 sicut

507 4020 733 4092 regnavit
763 4026 1019 4089 peccatum
1047 4017 1103 4071 in
1132 4024 1345 4070 mortem
1368 4054 1386 4081 ,
1415 4013 1487 4068 ita
1515 4020 1564 4068 et
1596 4012 1764 4084 gratia
1800 4018 1972 4082 regnet
2011 4026 2102 4080 per

507 4111 787 4188 justitiam,
846 4110 901 4164 in
949 4109 1102 4163 vitam
1147 4117 1423 4170 cateruam,
1482 4120 1570 4174 per
1618 4101 1801 4158 Iesum
1846 4100 2102 4156 Christum

510 4203 783 4259 Dominum
822 4212 1047 4257 nostrum
1092 4199 1283 4272 (Rom.
1315 4214 1368 4265 v,
1396 4196 1467 4252 20
1489 4205 1536 4251 et
1558 4195 1622 4250 2|
1649 4194 1693 4268 ).
1723 4195 1920 4249 Assere
1944 4193 2103 4264 igitur

505 4293 956 4367 quemadmodum
999 4300 1273 4362 peccatum
1314 4299 1503 4356 tuum,
1549 4286 1602 4343 id
1646 4294 1730 4341 est
1755 4325 1771 4351 ,
1821 4284 2057 4340 traducis
2082 4326 2098 4352 ,

445 4416 454 4424 ο
507 4386 735 4458 (εωρει-ἰι
760 4385 1036 4442 abundare
1064 4392 1184 4453 post
1212 4382 1416 4452 legem,
1453 4394 1573 4451 quae
1602 4385 1723 4449 post
1748 4376 2099 4433 ministerium

509 4479 679 4552 Moysi
701 4478 722 4509 ³
753 4478 1084 4534 incrementa
1113 4473 1430 4544 susceperit.

580 4574 720 4629 Anc.
768 4570 883 4625 lmo
927 4577 982 4624 tu
1043 4582 1226 4624 assere
1254 4608 1267 4631 ,
1315 4562 1625 4636 quomodo,
1666 4562 1806 4617 sicut
1860 4560 2103 4631 superius

428 4680 439 4705 ἰ
508 4662 688 4718 dixisti
720 4660 741 4733 (
768 4660 943 4731 Supra
968 4701 982 4723 ,
1012 4676 1127 4729 cap.
1164 4657 1267 4713 I98
1294 4658 1333 4727 ),
1365 4669 1589 4726 regnum
1618 4651 1820 4723 peccati
1851 4651 1957 4706 lata
1987 4651 2104 4721 lege

503 4749 797 4819 ceciderit:
835 4768 957 4807 cum
986 4751 1124 4806 dicat
1155 4748 1444 4817 Apostolus
1467 4789 1482 4811 ,
1516 4746 1623 4801 lata
1652 4744 1770 4816 lege
1803 4741 2103 4798 abundasse

508 4858 804 4919 peccatum.
856 4845 973 4917 Ego
1017 4854 1195 4899 autem
1236 4840 1379 4912 quod
1422 4838 1532 4896 dixi
1569 4852 1794 4894 assero:
1837 4838 1962 4908 quia
1998 4836 2101 4891 etsi

508 4953 614 4993 non
643 4952 878 4993 asseram
896 4977 914 5002 ,
945 4935 1149 4991 clarum
1173 4942 1277 4989 est.
1308 4932 1595 4987 Peccatum
1623 4929 1820 4999 quippe
1841 4926 2106 4998 originale

506 5028 604 5082 fuit
630 5036 686 5081 et
713 5036 836 5082 ante
862 5026 1037 5096 legem
1063 5042 1076 5078 :
1104 5024 1225 5093 quia
1259 5038 1355 5092 per
1389 5035 1554 5076 unum
1596 5018 1868 5074 hominem
1912 5034 2101 5088 pecca-

508 5128 617 5175 tum
649 5118 865 5173 iutravit
894 5118 950 5171 in
979 5116 1237 5171 mundum
1258 5155 1274 5181 ,
1297 5121 1488 5167 etcum
1511 5110 1604 5165 illo
1632 5125 1778 5165 mors
1800 5125 1893 5181 per
1912 5124 2105 5165 omnes

509 5211 754 5266 homines
779 5208 1087 5280 pertransiit
1111 5206 1131 5279 (
1157 5205 1310 5260 Rom.
1341 5219 1395 5271 v,
1426 5201 1494 5257 I2
1513 5200 1554 5274 ).
1587 5202 1716 5257 Erat
1759 5208 1815 5257 et
1856 5200 2107 5256 volunta-

505 5303 643 5357 rium
672 5318 685 5354 :
714 5301 967 5372 quoniam
993 5298 1083 5370 qui
1113 5298 1232 5353 sine
1257 5295 1374 5365 lege
1398 5300 1791 5364 peccaverunt,
1834 5293 1951 5349 sine
1980 5294 2101 5365 lege

509 5391 759 5461 peribunt
804 5388 934 5462 (Id.
977 5404 1056 5453 ιι,
1104 5384 1240 5457 12).
1289 5383 1620 5441 Subintmvit
1659 5392 1840 5440 autem
1889 5384 2009 5451 lex,
2042 5393 2102 5439 ut

504 5484 797 5542 abundaret
821 5493 1096 5556 peccatum
1127 5482 1147 5553 (
1171 5479 1258 5537 Id.
1287 5497 1342 5549 v,
1365 5480 1439 5536 20
1464 5479 1482 5551 )
1511 5498 1525 5535 :
1552 5479 1674 5552 quia
1703 5480 1786 5534 his
1808 5476 2097 5550 generibus

569 5602 583 5629 ¹
611 5596 849 5686 "pe-rem
878 5593 987 5645 loco
1026 5595 1076 5645 in
1115 5594 1260 5645 editis
1299 5595 1531 5643 omlssum
1550 5590 1743 5651 fuerat,
1779 5589 2101 5651 "misissem

504 5666 771 5795 theiiiii',
806 5731 900 5770 non
941 5731 1030 5784 per
1494 5717 1674 5776 Abest,
1710 5727 1822 5776 non,
1860 5726 1889 5764 a
1930 5723 2100 5763 manu-

726 5852 872 5913 ttar.,_
890 5841 1091 5909 cmperit
1110 5842 1357 5896 abundare
1393 5855 1479 5907 per
1516 5840 1700 5905 legem,
1730 5837 1799 5889 rel
1835 5850 1921 5902 per
1954 5832 2100 5886 mini-

504 5914 703 5958 stcrmut
720 5915 889 5972 loves.

1177 410 1422 470 OPERIS
1458 406 1869 466 IMPERFECTI
1907 403 2182 461 CONTRA
2220 400 2582 470 JULIANUM,
2622 401 2680 458 S.
2722 397 3090 457 AUGUSTINI

3639 402 3775 461 0236

2200 522 2576 586 peccatorum,
2618 528 2735 583 qua:
2781 521 2905 568 ante
2942 512 3114 582 legem
3160 510 3371 567 luerunt
3392 554 3406 576 ,
3452 514 3615 570 etiam
3657 513 3785 570 illud

2195 609 2460 674 accessit,
2506 606 2651 680 quod
2694 605 3059 679 praevaricatio
3094 615 3449 676 nuncupatur.
3495 606 3593 663 Ubi
3644 606 3789 661 enim

2196 699 2280 756 lex
2308 715 2414 757 non
2440 710 2561 765 est,
2582 714 2683 756 nec
2704 698 3100 770 praevaricatio(
3119 692 3269 754 Rom.
3294 713 3371 764 tv,
3391 699 3459 754 15
3483 696 3523 764 ).
3542 697 3647 755 Ubi
3666 711 3793 767 ergo

2198 794 2282 851 his
2310 794 2558 851 omnibus
2586 793 2871 866 generibus
2900 802 3238 863 peccatorum
3274 792 3565 848 abundavit
3610 806 3794 863 pecca-

2198 896 2311 943 tum
2336 927 2356 957 ,
2384 884 2839 957 superabundavit
2866 885 3034 955 gratia
3062 885 3080 954 (
3110 883 3193 938 Id.
3224 899 3278 952 v,
3304 883 3378 940 20
3403 885 3442 955 ):
3472 883 3593 954 quia
3624 884 3682 939 in
3715 882 3796 936 his

2197 979 2289 1048 qui
2312 977 2380 1034 ad
2406 992 2526 1034 eam
2552 977 2819 1049 pertinent
2842 1017 2855 1040 ,
2882 976 3123 1031 omnium
3144 976 3364 1031 istorum
3390 989 3648 1045 generum
3669 987 3795 1031 rea-

2199 1079 2310 1125 tum
2338 1068 2517 1136 delet,
2575 1078 2630 1124 et
2684 1068 2902 1139 insuper
2948 1068 3112 1124 donat
3153 1078 3214 1122 ut
3256 1066 3790 1138 delectatiopeccatl

2194 1163 2417 1234 iustitia:
2441 1161 2791 1217 delectatione
2831 1161 3105 1225 vincatur;
3149 1166 3308 1230 atque
3344 1158 3412 1213 ad
3449 1173 3567 1214 eam
3607 1165 3789 1228 postea

2202 1256 2542 1327 perveniatur
2564 1253 2726 1309 vitam
2749 1292 2765 1319 ,
2791 1252 2877 1306 ubi
2905 1252 3110 1306 nullum
3130 1250 3230 1306 erit
3252 1250 3470 1305 omnino
3495 1259 3788 1318 peccatum.

2201 1344 2481 1415 Quomodo
2509 1359 2638 1415 ergo
2664 1359 2751 1399 res
2777 1358 2881 1398 non
2912 1341 3115 1398 similes
3143 1341 3195 1396 in
3232 1341 3571 1397 collationem
3611 1340 3792 1396 venire

2201 1453 2309 1494 non
2338 1436 2575 1503 debent,
2600 1437 2738 1491 sicut
2766 1435 2920 1505 paulo
2946 1441 3069 1490 ante
3093 1432 3308 1498 dixisti;
3338 1448 3460 1488 cum
3489 1447 3553 1487 ex
3576 1439 3792 1489 contra-

2203 1531 2297 1586 riis
2328 1530 2416 1585 liat
2444 1532 2542 1584 ista
2570 1529 2784 1584 collatio
2808 1569 2823 1595 ,
2850 1537 2906 1584 et
2933 1544 2996 1584 ex
3026 1543 3130 1583 una
3159 1537 3306 1599 parte
3329 1528 3608 1599 generatio
3630 1542 3793 1597 pona-

2202 1631 2291 1678 tur
2307 1665 2323 1689 ,
2344 1632 2399 1678 et
2418 1637 2485 1678 ex
2507 1622 2673 1677 altera
2697 1620 3032 1692 regeneratio
3054 1638 3070 1687 ;
3095 1636 3165 1677 ex
3185 1637 3286 1676 una
3312 1636 3535 1693 regnum
3562 1621 3753 1676 mortis
3774 1662 3790 1685 ,

2203 1728 2269 1770 ex
2294 1713 2462 1770 altera
2487 1727 2709 1784 regnum
2737 1712 2863 1768 vitae
2887 1729 2901 1776 ;
2926 1727 2993 1768 ex
3018 1727 3121 1767 una
3147 1711 3469 1768 abundantia
3494 1754 3511 1779 ,
3535 1728 3607 1767 ex
3626 1713 3791 1768 altera

2204 1807 2450 1863 remissio
2479 1814 2859 1877 peccatorum;
2887 1820 2953 1861 ex
2985 1820 3089 1861 una
3116 1804 3404 1861 delectatio
3426 1805 3627 1876 peccati
3650 1846 3666 1870 ,
3697 1818 3793 1875 per

2206 1910 2409 1955 naturae
2448 1899 2633 1954 vitium
2674 1913 2842 1969 usque
2878 1898 2946 1953 ad
2983 1897 3386 1954 consuetudinis
3420 1897 3616 1953 malum
3643 1899 3682 1966 ⁸,
3726 1913 3791 1952 ex

2202 1992 2370 2048 altera
2413 1990 2655 2062 przelium
2692 1999 2875 2045 contra
2914 1989 3398 2060 concupiscentiam
3442 1989 3657 2055 carnis,
3699 2004 3794 2060 per

2203 2086 2371 2141 sancti
2396 2084 2624 2155 Spiritus
2651 2082 2970 2155 adjutorium
2991 2124 3007 2152 ,
3032 2099 3200 2155 usque
3224 2082 3290 2138 ad
3316 2083 3554 2139 victoria:
3575 2097 3756 2153 pacem
3774 2124 3790 2145 .

2204 2196 2323 2251 qua:
2353 2180 2554 2234 nullum
2585 2178 2904 2233 intrinsecus
2930 2219 2946 2245 ,
2980 2176 3180 2232 nullum
3207 2175 3541 2232 extrinsecus
3567 2175 3794 2245 patietur

2206 2270 2520 2326 inimicum?
2550 2269 2675 2324 llme
2702 2277 2821 2323 tene
2844 2307 2860 2335 ,
2891 2268 2937 2323 si
2965 2267 3047 2322 vis
3074 2283 3234 2322 sanus
3259 2281 3381 2322 esse
3403 2284 3419 2320 :
3443 2276 3498 2322 et
3525 2266 3632 2322 noli
3660 2281 3793 2321 con-

2206 2370 2283 2417 tra
2305 2361 2422 2417 lucc
2445 2404 2460 2426 ,
2485 2377 2604 2431 qua:
2623 2361 2690 2416 ad
2709 2376 2893 2416 sanam
2910 2360 3206 2415 doctrinam
3225 2361 3519 2431 pertinent,
3538 2359 3792 2416 insanire.

2274 2451 2547 2507 CCXVIII.
2596 2451 2717 2507 Jux.
2768 2450 2930 2506 Certe
2972 2451 3023 2505 iu
3063 2450 3147 2506 his
3192 2451 3325 2507 locis
3365 2450 3677 2520 Apostolutn
3725 2447 3795 2504 de

2206 2557 2425 2617 peccato
2452 2546 2675 2600 naturali
2703 2544 3021 2600 disseruisse
3041 2544 3341 2600 contendis.
3366 2543 3445 2598 Ad
3468 2546 3492 2576 ’
3511 2532 3611 2598 hoc
3636 2559 3793 2613 supra

2204 2638 2449 2705 dixerat,
2505 2652 2675 2708 usque
2711 2638 2778 2692 ad
2828 2637 2998 2708 legem
3046 2636 3246 2703 fuisse,
3303 2646 3359 2691 ut
3410 2635 3796 2706 intelligeretur

2205 2738 2325 2800 post
2352 2730 2521 2801 legem
2541 2744 2662 2784 esse
2679 2728 2902 2784 desiisse
2929 2746 2942 2782 :
2967 2744 3107 2783 nunc
3131 2737 3308 2783 autem
3329 2727 3396 2782 de
3415 2727 3603 2783 eodem
3623 2727 3749 2783 dicit
3769 2767 3786 2793 ,

2203 2822 2345 2893 quod
2368 2822 2591 2893 reperit
2608 2836 2851 2879 crescere
2869 2831 2924 2879 et
2948 2822 3218 2878 abundare
3241 2830 3362 2891 post
3380 2822 3571 2893 legem.
3597 2819 3794 2877 Catho-

2209 2916 2309 2970 lico
2339 2913 2633 2970 intellectui
2658 2930 2816 2985 quem
2844 2915 3116 2984 sequimur
3137 2955 3154 2981 ,
3199 2922 3486 2984 utrumque
3527 2913 3631 2969 hoc
3651 2907 3795 2970 ‘con-

2205 3006 2393 3062 venire
2435 3005 2886 3061 monstravimus:
2932 3014 3023 3060 tuo
3062 3021 3189 3062 vero
3230 3004 3463 3076 dogmati
3488 3018 3589 3074 qua
3620 3005 3794 3075 impu-

2204 3096 2384 3152 dentia
2417 3096 2747 3160 vindicatur,
2779 3105 2835 3151 ut
2873 3113 3035 3151 untun
3075 3096 3322 3165 idemque
3366 3104 3636 3166 peccatum
3682 3096 3797 3166 lege

2206 3190 2307 3243 lata
2326 3229 2341 3255 ,
2375 3187 2621 3259 superius
2638 3186 2853 3259 quidem
2875 3186 3137 3243 defecisse
3158 3229 3173 3255 ,
3206 3203 3350 3243 nunc
3367 3196 3543 3243 autem
3563 3186 3796 3243 crevisse

2203 3279 2450 3337 dicatur?
2479 3280 2761 3350 Quomodo
2783 3296 2912 3351 ergo
2939 3290 3058 3350 post
3080 3280 3253 3352 legem
3293 3280 3527 3336 abundat
3559 3281 3797 3337 naturale

2202 3382 2478 3443 peccatum
2499 3377 2524 3429 ?
2550 3375 2811 3430 Acriusne
2839 3382 3116 3444 coeperunt
3149 3374 3401 3445 genitalia
3431 3373 3756 3429 commoveri
3777 3415 3794 3439 ,

2205 3476 2261 3521 ut
2288 3466 2357 3522 de
2384 3467 2686 3537 augmentis
2712 3474 2768 3523 et
2791 3467 3026 3522 novitate
3057 3476 3295 3521 motuum
3327 3473 3545 3535 peccato
3569 3474 3661 3520 tuo
3686 3465 3794 3519 vir-

2205 3569 2292 3616 tus
2320 3558 2567 3615 videatur
2591 3559 2883 3630 adjuncta?
2912 3561 2995 3614 An
3038 3559 3124 3615 lex
3159 3559 3281 3615 data
3320 3558 3659 3614 nascentibus
3680 3567 3796 3623 est,

2203 3659 2262 3706 ut
2301 3651 2394 3722 qui
2436 3650 2506 3707 de
2544 3651 2796 3717 libidine,
2847 3667 3006 3722 quam
3039 3651 3176 3707 dicis
3224 3651 3540 3706 diabolicam
3585 3664 3705 3706 esse
3743 3658 3796 3705 et

2203 3742 2437 3797 radicem
2464 3740 2804 3814 fructumque
2833 3743 3033 3812 peccati
3059 3743 3103 3810 ⁸,
3133 3742 3297 3813 geniti
3322 3750 3477 3797 erant
3498 3781 3514 3808 ,
3541 3740 3799 3797 admone-

2204 3843 2388 3890 rentur
2413 3834 2701 3890 emendare
2727 3835 2869 3905 quod
2895 3834 3020 3889 facti
3049 3844 3202 3889 erant
3224 3833 3267 3901 ⁸,
3295 3845 3351 3895 et
3387 3841 3595 3905 gestum
3632 3847 3799 3889 corn-

2202 3941 2333 3997 gere
2362 3941 2520 3995 quem
2548 3925 2846 3982 habuerant
2870 3968 2883 3991 ,
2907 3941 3027 3982 cum
3054 3941 3148 3982 eos
3166 3933 3485 3997 generarent
3509 3923 3799 3995 parentes?

2205 4022 2468 4090 Cogerent
2509 4030 2779 4090 postremo
2828 4035 2946 4090 qua:
2991 4018 3129 4074 facta
3162 4028 3354 4086 erant,
3400 4016 3592 4073 infecta
3638 4031 3796 4080 esse;

2204 4112 2345 4185 quod
2397 4112 2471 4167 illi
2521 4112 2708 4168 audire
2754 4110 3001 4167 videlicet
3049 4120 3375 4177 renuentes,
3427 4109 3798 4165 inohedicnlia:

2204 4208 2407 4262 crimen
2435 4206 2807 4262 incurrerent?
2826 4208 2893 4260 At
2912 4204 3015 4260 hoc
3040 4219 3069 4259 a
3101 4204 3246 4259 nullo
3262 4204 3545 4259 stultorum
3564 4243 3579 4268 ,
3603 4198 3797 4257 nedum

2205 4314 2235 4355 a
2266 4300 2384 4371 lege
2408 4315 2565 4370 quam
2596 4299 2734 4353 Deus
2759 4297 2903 4353 dedit
2930 4340 2944 4364 ,
2973 4306 3183 4367 poterat
3210 4297 3458 4366 imputari
3481 4296 3523 4348 ³.

2279 4400 2415 4449 Aue.
2438 4391 2705 4461 Numquid
2728 4391 2921 4445 alicubi
2943 4390 3174 4445 diximus
3198 4430 3213 4455 ,
3239 4397 3510 4459 peccatum
3538 4385 3800 4457 originale

2206 4485 2441 4541 crevisse
2473 4492 2594 4553 post
2622 4483 2831 4551 legem?
2861 4484 2965 4538 Aut
2994 4481 3099 4537 hoc
3130 4480 3352 4551 intelligi
3383 4481 3627 4534 volumus
3658 4479 3708 4531 in
3736 4492 3803 4532 eo

2207 4576 2349 4648 quod
2392 4577 2467 4631 ait
2509 4575 2797 4645 Apostolus
2822 4615 2837 4639 ,
2883 4573 2993 4628 Lex
3034 4573 3367 4636 subintravit,
3416 4582 3472 4625 ut
3524 4569 3803 4624 aburtdaret

2207 4668 2483 4722 delictum?
2511 4664 2813 4721 Abundavit
2839 4665 2982 4721 enim
3007 4706 3022 4731 ,
3054 4679 3158 4719 non
3181 4665 3304 4733 quia
3335 4661 3462 4716 illud
3492 4675 3663 4731 genus
3682 4673 3802 4713 cre-

2207 4762 2315 4827 vit,
2345 4758 2487 4831 quod
2516 4767 2640 4813 ante
2663 4758 2770 4827 jam
2801 4756 2972 4813 fuerat
2993 4773 3010 4823 ;
3033 4755 3128 4811 sed
3158 4755 3279 4826 quia
3308 4768 3478 4824 genus
3504 4751 3644 4806 aliud
3673 4764 3801 4820 pec-

2207 4853 2309 4908 cati
2363 4852 2625 4916 accessit,
2693 4849 2836 4920 quod
2903 4849 3020 4903 sine
3059 4847 3177 4918 lege
3220 4861 3325 4899 non
3378 4852 3530 4908 erat,
3581 4838 3631 4894 id
3685 4848 3801 4904 est,

2210 4945 2578 5015 praivaricatio
2601 4984 2617 5009 ,
2652 4943 2789 4998 sicut
2830 4940 2989 5011 paulo
3032 4946 3156 4993 ante
3197 4933 3632 4990 monstravimus.
3664 4929 3805 4985 Con-

2207 5036 2534 5107 cupiseentia
2563 5042 2644 5089 est
2673 5044 2850 5087 autem
2890 5028 3105 5091 carnis,
3149 5034 3203 5079 et
3243 5022 3408 5078 libido
3449 5021 3801 5093 genitalium,

2206 5139 2392 5186 contra
2439 5142 2600 5199 quam
2650 5132 2958 5179 sanctorum
3002 5118 3217 5174 castitas
3251 5125 3468 5188 pugnat.
3516 5116 3663 5170 llane
3707 5113 3800 5169 tibi

2206 5224 2432 5279 multum
2459 5221 2788 5291 placentem,
2829 5211 3080 5284 quoniam
3115 5224 3235 5265 cum
3285 5210 3397 5280 ipsa
3444 5223 3539 5264 sua
3588 5222 3759 5279 pugna
3792 5246 3807 5267 ,

2206 5315 2294 5371 cui
2331 5318 2591 5385 repugnat
2626 5309 2786 5365 etiam
2824 5305 3073 5378 pudicitia
3111 5303 3437 5375 conjugalis,
3482 5301 3696 5359 nonnisi
3739 5298 3806 5355 ad

2272 5459 2286 5491 ι
2312 5456 2448 5514 aditi,
2471 5464 2622 5516 itaque
2643 5450 2708 5516 ad
2736 5447 3123 5502 coruuetudiuem
3152 5446 3349 5500 ntalem.
3390 5454 3516 5507 διες..
3549 5455 3700 5507 usque
3741 5439 3808 5492 ad

2206 5511 2561 5571 consuetudinis
2583 5511 2777 5564 malum.

2269 5584 2290 5614 ³
2318 5587 2477 5638 Forte,
2500 5584 2567 5627 at.

2269 5633 2473 5713 {Codex
2498 5648 2624 5697 man,
2650 5634 2935 5688 diabolith
2957 5648 3060 5687 esse
3080 5634 3333 5686 traducem
3352 5633 3658 5698 fructumque
3694 5637 3808 5690 να.

2208 5710 2516 5837 “ima.
2543 5771 2595 5837 ιι
2620 5762 2755 5823 eam.
2774 5759 2909 5837 [μοι
2932 5759 3106 5837 recturi
3127 5764 3285 5837 εςφειε

2266 5830 2287 5861 ⁵
2314 5827 2447 5885 mliti,
2472 5833 2517 5877 et
2540 5825 2631 5885 hoc
2652 5840 2683 5875 τι
2703 5817 2834 5875 nullo
2855 5817 3124 5879 stultorum.
3149 5819 3327 5871 nedum
3362 5817 3464 5881 lt’!)e
3485 5825 3636 5885 illum!
3675 5818 3801 5885 {mf‘

2208 5888 2339 5940 dedit
2371 5880 2575 5953 postera,
2609 5884 2856 5954 imperari.
2898 5886 3197 5948 castigantur
3234 5894 3262 5931 a
3287 5889 3388 5931 Mss.
3410 5880 3413 5881 ⁷
3438 5887 3546 5928 star.
3592 5881 3644 5926 et
3673 5880 3799 5923 ναι.
