4126 6514
413 397 549 454 1237

412 510 548 565 filius
576 506 935 578 procreandos
961 522 1027 564 ea
1055 506 1190 564 bene
1214 515 1370 563 utens
1388 547 1403 573 ,
1425 503 1546 561 aliis
1565 513 1744 561 autem
1763 502 1998 560 motibus

408 599 525 670 eius
548 597 850 665 obsistens;
883 597 1020 654 banc
1058 612 1191 669 ergo
1221 611 1342 654 cum
1381 596 1481 653 ista
1526 609 1622 651 sua
1660 608 1835 667 pugna
1875 592 1998 665 quia

409 690 571 745 etiam
588 689 640 745 in
655 688 886 761 paradisi
899 703 1083 760 pacem
1092 689 1302 745 conaris
1312 686 1592 745 admittere
1610 687 1691 743 vel
1706 685 1782 761 (α)
1797 683 1998 740 immit-

412 789 528 837 tere
553 820 568 845 ,
600 779 716 852 ipse
741 779 794 835 in
824 779 1137 852 paradisum
1161 794 1266 835 non
1296 779 1537 850 disponis
1564 779 1787 835 intrare.
1813 776 1998 845 Quan-

406 872 594 929 talibet
617 881 795 929 autem
821 871 921 928 abs
942 883 996 928 te
1022 871 1333 929 defensione
1354 871 1658 941 muniatur,
1678 879 1732 927 et
1752 868 2000 926 laudibus

402 965 695 1022 adornetur
717 1006 732 1030 ,
763 973 857 1022 aut
882 965 1065 1021 vitium
1091 975 1176 1022 est
1195 1007 1211 1031 ,
1253 974 1347 1021 aut
1391 965 1572 1021 vitiata
1608 972 1693 1021 est
1720 980 1735 1018 :
1765 978 1866 1020 nec
1892 962 1997 1019 im-

403 1056 600 1112 merito
618 1098 633 1122 ,
657 1057 917 1112 militibus
929 1055 1134 1112 Christi
1153 1098 1168 1123 ,
1191 1071 1219 1110 a
1241 1056 1433 1128 quibus
1455 1055 1788 1122 debellatur,
1812 1054 1998 1112 odiosa

400 1157 524 1215 est;
558 1163 679 1205 cum
705 1164 808 1220 qua
839 1149 953 1219 ipse
977 1149 1253 1205 concludis
1271 1191 1287 1215 ,
1315 1156 1371 1204 ut
1392 1164 1511 1205 eam
1536 1158 1592 1204 et
1618 1162 1923 1220 expugnare
1945 1156 1997 1202 te

400 1239 550 1296 dicas
574 1281 592 1309 ,
632 1250 688 1297 et
724 1240 944 1296 laudare
990 1256 1100 1295 non
1134 1240 1439 1296 erubescas.
1468 1239 1572 1295 Per
1601 1237 1996 1294 hancrhumana

400 1348 525 1402 qua:
573 1334 811 1389 nascitur
832 1371 848 1399 ,
895 1347 1021 1389 caro
1061 1332 1267 1404 peccati
1306 1341 1427 1388 est:
1472 1339 1688 1402 propter
1723 1328 1864 1401 quod
1901 1343 1998 1398 per

402 1427 549 1483 illam
579 1427 724 1483 nasci
761 1426 929 1483 noluit
965 1426 1093 1496 ille,
1130 1426 1221 1497 qui
1259 1434 1414 1480 natus
1436 1432 1520 1481 est
1556 1424 1610 1480 in
1651 1421 1998 1479 similitudine

400 1518 578 1590 carnis
604 1517 805 1589 peccati
834 1515 1031 1591 (Rom.
1061 1532 1154 1573 vnt
1176 1557 1194 1584 ,
1224 1517 1259 1573 5
1284 1516 1326 1588 );
1352 1531 1418 1572 ac
1453 1531 1546 1587 per
1574 1514 1678 1571 hoc
1698 1555 1714 1582 ,
1754 1514 1998 1585 quamvis

402 1610 456 1665 in
482 1626 644 1667 carne
667 1626 791 1667 vera
816 1652 832 1678 ,
862 1625 971 1666 non
1010 1619 1188 1667 tamen
1245 1610 1299 1665 in
1338 1624 1501 1666 carne
1534 1608 1759 1680 peccati.
1788 1608 1865 1664 Ex
1898 1607 1999 1664 hac

399 1703 829 1775 concupiscentia
854 1745 870 1770 ,
901 1710 1150 1774 suscepta
1197 1709 1328 1771 tua,
1376 1701 1473 1758 tibi
1515 1701 1730 1773 quidem
1774 1698 1996 1771 pulchra

402 1794 562 1850 nimis
585 1834 600 1859 ,
631 1792 725 1850 sed
773 1792 915 1849 foeda
953 1793 1205 1849 omnibus
1240 1792 1473 1860 sanctis,
1512 1790 1855 1863 generatione
1888 1798 1994 1844 tra-

402 1883 548 1940 hitur
570 1885 844 1956 originalis
874 1885 1077 1955 peccati
1104 1884 1375 1940 vinculum
1400 1926 1416 1951 ,
1443 1884 1558 1940 sola
1588 1882 1995 1954 regeneratione

398 1976 712 2033 solvendum
743 1994 757 2031 :
792 1977 918 2032 illud
949 1978 1144 2032 factum
1171 1986 1254 2031 est
1280 1992 1375 2046 per
1409 1975 1577 2031 Adam
1603 2017 1618 2041 ,
1664 1976 1764 2030 hoc
1807 1973 1864 2027 fit
1902 1988 1997 2041 per

397 2067 673 2126 Christum
698 2087 713 2136 ;
744 2070 887 2150 illud.
897 2086 994 2147 per
1017 2085 1174 2141 quem
1208 2078 1482 2139 peccatum
1514 2069 1733 2123 intravit
1761 2067 1811 2120 in
1835 2082 1990 2121 mun-

399 2162 527 2217 dum
551 2202 568 2230 ,
594 2159 697 2217 hoc
730 2177 827 2232 per
870 2177 991 2218 eum
1031 2162 1122 2233 qui
1170 2162 1306 2217 tollit
1350 2170 1627 2231 peccatum
1674 2159 1876 2214 mundi.
1905 2156 1996 2214 Sic

399 2254 641 2325 agnoscit
666 2254 835 2311 Adam
865 2263 922 2312 et
948 2254 1221 2315 Chrismm
1246 2296 1263 2321 ,
1287 2253 1377 2326 qui
1404 2269 1470 2311 ex
1497 2254 1666 2309 Adam
1696 2251 1906 2308 transiit
1926 2250 1995 2307 ad

399 2346 702 2404 Christuma

470 2438 698 2496 CCXIX.
728 2440 850 2498 Jun.
892 2439 1032 2509 Quid
1070 2457 1200 2514 ergo
1246 2441 1486 2498 additum
1528 2451 1651 2513 post
1697 2441 1866 2512 legem
1912 2449 1996 2497 est

400 2541 620 2602 peccato
645 2533 911 2602 naturali,
956 2534 1100 2607 quod
1142 2533 1357 2606 quidem
1399 2548 1506 2591 non
1548 2534 1723 2589 solum
1756 2532 1993 2602 prohibi-

402 2632 515 2678 tum
538 2623 555 2658 ί
596 2633 692 2680 aut
731 2625 1146 2683 condemnatum
1169 2667 1186 2692 ,
1228 2624 1417 2683 vei-um
1465 2625 1625 2682 etiam
1667 2640 1767 2681 nec
1806 2623 1996 2680 leviter

401 2714 754 2787 vituperatum
782 2728 873 2773 aut
905 2722 1135 2774 tenuiter
1157 2727 1431 2775 ostensum
1461 2718 1718 2789 probatur
1746 2716 1801 2773 in
1832 2716 1995 2789 lege?

471 2809 607 2866 Anc.
634 2810 948 2866 Ostenditur
969 2819 1026 2867 et
1051 2812 1103 2865 in
1134 2812 1252 2882 lege
1272 2852 1288 2877 ,
1319 2810 1414 2867 sed
1451 2811 1498 2866 si
1535 2810 1688 2867 vobis
1723 2809 1996 2865 auferatur

400 2900 647 2956 velamen
677 2900 696 2972 (
719 2899 761 2954 ll
785 2899 902 2956 Cor.
932 2917 988 2955 ιιι
1012 2940 1029 2968 ,
1054 2901 1124 2957 16
1140 2903 1185 2973 ).
1208 2901 1345 2969 Quid
1365 2901 1507 2957 enim
1531 2900 1673 2956 aliud
1699 2900 1997 2957 ostenditur

398 2992 743 3048 damnatione
762 2993 955 3047 anima:
977 2992 1120 3047 illius
1146 2992 1236 3062 qui
1257 3000 1448 3048 octavo
1473 2992 1562 3047 die
1582 3008 1687 3046 non
1711 2992 1994 3047 circumci-

399 3082 549 3136 ditur
572 3082 591 3152 (
613 3079 741 3137 Gen.
769 3097 885 3137 xvn
910 3123 924 3147 ,
954 3082 1022 3136 Η
1041 3078 1089 3155 )?
1108 3081 1234 3153 quid
1258 3081 1402 3138 aliud
1428 3080 1759 3147 ostenditur,
1782 3081 1998 3151 quando

400 3172 611 3229 infante
632 3183 759 3228 nato
799 3173 1122 3228 sacrificium
1162 3188 1260 3244 pro
1301 3181 1519 3243 peccato
1551 3170 1771 3242 jubetur
1814 3170 1995 3227 offerri

401 3266 421 3334 (
446 3262 604 3318 Leuit.
641 3280 716 3319 xu
742 3305 759 3330 ,
786 3265 819 3320 6
841 3262 888 3336 )?
914 3263 1056 3335 quod
1074 3264 1184 3334 jam
1209 3279 1371 3334 supra
1398 3264 1711 3319 memoravi.

471 3359 679 3418 CCXX.
706 3361 823 3418 Jun.
854 3361 1014 3418 Certe
1040 3379 1108 3419 ne
1153 3374 1205 3419 tu
1240 3364 1456 3435 quidem
1497 3364 1634 3421 adeo
1672 3363 1870 3435 desipis
1893 3404 1910 3433 ,
1936 3372 1999 3421 ut

400 3451 551 3507 dicas
586 3453 787 3522 peccati
826 3452 1097 3509 traducem
1144 3460 1266 3523 post
1296 3455 1759 3511 circumcisionem
1802 3454 1995 3511 factam

400 3557 523 3601 esse
549 3543 807 3615 majorem
835 3561 848 3597 :
878 3544 1148 3615 quomodo
1173 3561 1303 3617 ergo
1325 3546 1615 3602 abundavit
1644 3554 1762 3617 post
1784 3547 1953 3617 legem
1978 3588 1993 3614 ,

401 3652 521 3706 quze
545 3651 647 3694 nec
665 3637 906 3708 arguitur
922 3637 974 3692 in
998 3638 1115 3709 lege
1134 3679 1149 3704 ,
1175 3654 1274 3693 nec
1296 3638 1575 3708 proditur?
1595 3641 1664 3694 At
1690 3638 1792 3694 boc
1809 3638 1931 3695 vide
1950 3642 1992 3704 ’,

402 3743 561 3798 quam
588 3743 732 3784 sanie
761 3729 1127 3800 intelligentia:
1150 3731 1397 3785 concinat
1416 3773 1432 3798 ,
1472 3746 1592 3802 qua;
1627 3738 1900 3801 peccatum
1940 3730 1995 3786 in

400 3820 516 3876 sola
539 3820 902 3893 delinquentis
920 3822 1192 3877 voluntate
1211 3822 1504 3878 constituit.
1534 3822 1711 3895 Usque
1730 3822 1795 3877 ad
1822 3822 1994 3895 legem

406 3912 538 3969 dicit
576 3914 867 3985 Apostolus
907 3912 1075 3970 fuisse
1115 3924 1393 3983 peccatum
1445 3912 1638 3986 (Rom.
1667 3931 1722 3982 v,
1760 3915 1892 3985 15),
1938 3921 2000 3970 ιιι

402 4015 526 4076 post
549 4005 719 4076 legem
752 4005 1082 4077 intelligatur
1121 4005 1286 4061 fuisse
1325 4006 1725 4076 praevaricatio,
1754 4006 1997 4076 promul-

400 4106 521 4168 gata
557 4097 804 4154 videlicet
842 4106 1107 4169 prmeepta
1146 4099 1575 4169 transgrediens;
1603 4108 1764 4170 atque
1785 4101 1884 4156 hoc
1907 4116 1997 4172 ge-

403 4204 533 4245 nere
560 4189 851 4245 abundavit
889 4189 1007 4261 lege
1027 4189 1049 4220 ⁸
1088 4188 1498 4246 subintroeunte
1526 4199 1801 4260 peccatum
1822 4207 1836 4255 ;
1859 4206 1996 4261 quo-

402 4283 544 4338 niam
574 4283 745 4339 reatui
768 4282 886 4353 ejus
909 4282 976 4338 de
1002 4282 1444 4353 praevaricatione
1476 4283 1643 4337 crevit
1681 4283 1876 4338 invidia
1901 4299 1916 4349 ;
1944 4291 2000 4338 et

402 4386 539 4444 opus
579 4373 735 4428 malae
778 4372 1113 4441 voluntatis,
1150 4373 1289 4427 sicut
1325 4380 1450 4428 ante
1502 4371 1672 4443 legem
1720 4381 1998 4442 peccatum

401 4473 521 4521 erat
543 4505 558 4529 ,
589 4463 661 4519 ita
692 4474 812 4535 post
839 4465 1009 4535 legem
1039 4464 1205 4534 coepit
1227 4478 1349 4519 esse
1379 4462 1734 4533 transgressio
1762 4481 1776 4518 :
1807 4478 1997 4535 qnam-

404 4558 485 4612 vis
515 4573 620 4613 non
651 4571 719 4613 eo
749 4556 1033 4627 proposito
1048 4557 1219 4627 legem
1250 4556 1391 4610 Deus
1417 4555 1631 4621 tulerit,
1664 4565 1723 4611 ut
1748 4557 2000 4613 mortales

404 4651 596 4707 fierent
621 4652 737 4723 ejus
765 4651 1045 4707 sanctione
1073 4651 1304 4721 pejores.
1329 4650 1512 4719 Neque
1536 4652 1677 4706 enim
1702 4651 1787 4705 lex
1814 4665 2000 4720 pecca-

404 4753 517 4797 tum
542 4751 636 4797 aut
664 4758 825 4797 causa
869 4742 1107 4812 peccati;
1149 4741 1242 4795 sed
1288 4741 1597 4796 mandatum
1635 4750 1877 4796 sanctum
1903 4782 1919 4808 ,
1945 4749 2003 4797 et

401 4835 623 4904 justum,
649 4843 704 4891 et
730 4835 932 4891 bonum
958 4834 978 4906 (
1003 4832 1089 4888 Id.
1112 4849 1183 4888 vn
1202 4875 1217 4899 ,
1244 4834 1275 4888 7
1295 4842 1340 4887 et
1365 4833 1494 4909 l2).
1526 4832 1720 4888 Verum
1748 4833 1869 4904 quia
1896 4833 1996 4889 de-

403 4927 760 4998 linquentium
789 4929 1023 4999 pravitas
1042 4968 1058 4994 ,
1081 4942 1146 4983 eo
1171 4941 1231 4983 se
1255 4926 1401 4983 ferro
1418 4969 1433 4993 ,
1461 4942 1567 4998 quo
1587 4929 1762 4983 curari
1785 4927 1996 4994 debuit,

406 5018 741 5089 vulneravit,
769 5019 1084 5089 obstititque
1111 5018 1338 5074 consilio
1364 5017 1460 5073 Dei
1485 5060 1502 5084 ,
1528 5026 1589 5074 ut
1627 5018 1751 5074 inde
1786 5019 1999 5087 pericli-

406 5119 608 5166 taretur
648 5111 794 5167 unde
837 5110 1096 5167 debuerat
1138 5109 1352 5178 sanari;
1399 5108 1530 5164 dicit
1572 5109 1892 5179 Apostolus,
1933 5109 2001 5166 de

406 5200 596 5257 effectu
627 5217 849 5267 rerum,
890 5202 1199 5271 opinionem
1243 5201 1409 5257 divini
1445 5201 1694 5268 consilii,
1733 5216 1843 5271 quo
1876 5201 1999 5257 data

408 5292 490 5348 lex
516 5292 732 5361 fuerat,
763 5293 1013 5364 injuriam
1056 5293 1362 5363 pertulisse.
1413 5291 1481 5348 Et
1513 5293 1635 5364 quia
1674 5308 1779 5347 non
1818 5291 1918 5348 fuit
1956 5294 2001 5350 is

408 5397 701 5455 proventus
724 5383 1115 5441 emendationis
1137 5384 1385 5439 humanae
1409 5426 1423 5450 ,
1451 5384 1511 5439 in
1526 5397 1689 5455 quem
1714 5383 1853 5439 lator
1871 5383 2002 5455 legis

408 5475 748 5544 intenderat,
795 5476 890 5533 sed
933 5477 989 5532 in
1031 5475 1277 5548 plurimis
1316 5491 1547 5534 evenere
1582 5475 1895 5533 contraria:
1936 5490 2004 5532 co

474 5625 684 5691 lterte.
709 5633 805 5691 φη
828 5618 1136 5691 www.-
1275 5678 1327 5691 -.
1452 5679 1463 5690 .

407 5678 701 5795 ‘d'ht-‘digh'e
676 5684 741 5733 ad
751 5678 842 5734 hoc
860 5679 1071 5733 intende.
1092 5687 1221 5740 uss,
1236 5686 1287 5731 at
1309 5678 1397 5731 hoc
1419 5679 1541 5731 vide.
1563 5686 1700 5732 Forte
1718 5678 1999 5743 legendum,

511 5757 571 5796 uc
706 5779 720 5792 .

475 5807 496 5838 ³
516 5811 582 5868 Ex
605 5813 710 5854 atas.
736 5804 1038 5868 restituimus
1058 5804 1297 5868 ἤια-ἰείη.

474 5867 549 5929 (α)
580 5872 719 5919 Forte
736 5865 1020 5928 delendum,
1042 5862 1294 5918 admittere
1320 5862 1408 5915 rel.

1722 392 1921 449 LIBER
1956 388 2332 449 SECUNDUS.

3557 399 3693 455 1258

2110 517 2280 573 usque
2313 504 2384 559 ait
2420 504 2706 575 profecisse
2749 507 2923 564 studia
2972 511 3304 580 peccantium
3330 553 3345 576 ,
3378 521 3432 566 ut
3475 529 3579 567 non
3621 515 3692 568 ob

2103 596 2246 652 aliud
2274 597 2544 654 videretur
2567 597 2689 654 data
2717 599 2798 654 lex
2836 615 2991 661 esse.
3026 615 3188 672 quam
3227 613 3286 656 ut
3331 602 3555 673 improbi
3584 605 3691 659 im-

2105 688 2389 758 probiores
2414 689 2637 760 fierent,
2665 699 2727 751 et.
2743 691 2809 747 ad
2849 703 3125 763 peccatum
3154 695 3533 765 praevaricatio
3564 696 3691 767 jun-

2101 788 2336 850 geretur.

2174 873 2312 928 Auc.
2358 872 2439 928 Tu
2478 872 2614 931 dicis
2654 874 2754 931 ista
2778 915 2795 943 ,
2839 875 2932 946 qui
2971 876 3251 933 consilium
3286 878 3381 934 Dei
3425 879 3478 934 in
3520 878 3692 935 danda

2102 961 2219 1035 lege
2248 978 2354 1018 non
2382 964 2552 1036 ipsum
2580 968 2725 1037 sapis
2743 1005 2766 1037 ,
2791 968 2931 1038 quod
2961 969 3236 1040 apostolus
3273 970 3468 1027 Paulus
3508 982 3693 1028 osten-

2101 1055 2217 1122 dit;
2247 1066 2297 1113 et
2319 1056 2387 1113 ad
2414 1073 2506 1133 eas
2523 1057 2886 1132 blasphemias
2906 1060 3019 1132 ipse
3041 1071 3093 1118 te
3113 1062 3362 1135 impingis
3384 1105 3400 1131 ,
3425 1075 3481 1120 ut
3500 1065 3649 1122 dicas
3669 1104 3686 1132 ,

2108 1165 2128 1200 ι
2155 1146 2473 1237 Opinionem
2500 1150 2668 1207 divini
2695 1153 2940 1221 consilii,
2970 1169 3078 1224 quo
3102 1154 3222 1211 data
3249 1156 3333 1213 lex
3364 1156 3574 1227 fuerat,
3607 1160 3693 1227 ing

2097 1235 2289 1306 iuriam
2313 1235 2643 1309 pertulisse:
2675 1262 2694 1295 ι
2729 1253 2977 1315 tanquam
3006 1246 3150 1301 aliud
3174 1246 3371 1304 factum
3399 1250 3502 1316 sit,
3531 1265 3691 1322 quam

2105 1331 2244 1387 Deus
2273 1332 2506 1389 futurum
2537 1334 2710 1392 fuerat
2738 1338 3020 1408 opinatus;
3057 1355 3230 1411 neque
3259 1341 3363 1398 hoc
3390 1347 3695 1413 provenerit

2102 1421 2208 1476 lata
2236 1422 2386 1493 lege,
2422 1423 2566 1495 quod
2607 1424 2745 1481 lator
2784 1427 2919 1499 legis
2957 1428 3277 1487 intenderat.
3321 1432 3487 1489 Deum
3532 1433 3694 1505 igitur

2101 1512 2339 1568 omnium
2357 1515 2641 1585 praescium
2663 1517 2958 1575 futurorum
2976 1562 2989 1586 ,
3005 1522 3298 1579 secundum
3316 1534 3458 1580 tuam
3480 1526 3694 1598 sapien-

2102 1602 2227 1658 tiam
2247 1643 2265 1670 ,
2295 1618 2393 1660 sua
2423 1605 2606 1662 fefellit
2633 1607 2897 1664 intentio?
2926 1611 3041 1667 Non
3067 1613 3083 1645 ⁸
3125 1615 3358 1670 attendis
3383 1617 3525 1687 quod
3554 1619 3691 1674 scri-

2099 1700 2249 1761 ptum
2275 1702 2395 1783 est‘,
2423 1694 2602 1752 Multa:
2627 1699 2951 1769 cogitationes
2984 1702 3036 1756 in
3076 1704 3228 1757 corde
3262 1706 3358 1760 viri
3379 1722 3399 1771 ,'
3423 1708 3691 1763 consilium

2098 1794 2266 1840 autem
2292 1785 2502 1843 Domini
2528 1800 2695 1845 manet
2719 1792 2774 1847 in
2797 1803 3042 1849 aeternum
3066 1796 3085 1867 (
3111 1795 3270 1852 Prov.
3291 1814 3384 1854 nx
3410 1843 3426 1863 ,
3448 1800 3511 1855 21
3544 1843 3560 1867 ,
3585 1819 3687 1858 sec.

2099 1876 2243 1932 LXX
2265 1876 2308 1951 ).
2339 1879 2396 1936 Si
2424 1895 2553 1952 ergo
2578 1882 2658 1939 vis
2688 1899 2847 1940 nosse
2870 1927 2885 1951 ,
2929 1895 3187 1957 quantum
3226 1889 3431 1946 homini
3464 1892 3544 1949 fas
3571 1904 3686 1957 est.

2097 1986 2204 2039 quo
2241 1971 2469 2025 consilio
2511 1973 2603 2028 Dei
2644 1976 3025 2046 omnipotentis
3053 1986 3108 2035 et
3143 1980 3321 2035 omnia
3363 1984 3692 2053 przescicntis

2098 2058 2183 2114 lex
2212 2060 2331 2115 data
2366 2062 2521 2117 fuerit
2540 2104 2556 2130 ,
2589 2063 2794 2121 intuere
2813 2067 2952 2137 quod
2972 2067 3103 2123 dicit
3120 2068 3439 2139 Apostolus:
3471 2072 3533 2127 Si
3555 2073 3690 2126 enim

2097 2152 2217 2207 data
2263 2165 2387 2209 esset
2435 2155 2517 2210 lea:
2541 2172 2658 2228 qua:
2694 2170 2859 2229 posset
2900 2161 3181 2230 viviﬁcare,
3228 2164 3432 2217 omnino
3478 2181 3541 2218 ετ
3583 2164 3692 2238 lege

2095 2254 2221 2299 esset
2230 2246 2455 2316 justitia.
2500 2246 2568 2302 Et
2610 2257 2859 2319 tanquam
2904 2251 3206 2309 diceremus
3231 2295 3246 2320 ,
3278 2255 3384 2309 Cur
3411 2270 3540 2326 ergo
3567 2255 3687 2311 data

2096 2336 2216 2391 est?
2247 2335 2354 2391 Sed
2381 2337 2663 2402 conclusit,
2693 2340 2903 2410 inquit,
2937 2341 3211 2414 Scriptura
3235 2345 3406 2399 omnia
3440 2347 3532 2401 sub
3572 2364 3691 2416 pec-

2097 2435 2209 2481 cato
2233 2468 2246 2492 ,
2280 2437 2338 2481 ut
2361 2429 2628 2499 promissio
2666 2447 2729 2485 ea:
2761 2432 2865 2500 ﬁde
2887 2431 3014 2487 Jesu
3038 2432 3225 2490 Christi
3246 2434 3454 2491 daretur
3481 2437 3691 2491 creden-

2098 2521 2230 2576 tibus
2259 2518 2472 2594 (Galat.
2499 2537 2596 2589 ιιι,
2623 2522 2685 2578 2t
2718 2564 2732 2589 ,
2759 2522 2833 2578 22
2855 2525 2894 2598 ).
2927 2525 3068 2583 Ecce
3103 2526 3247 2599 quod
3287 2537 3371 2585 est
3405 2528 3688 2584 consilium

2096 2611 2235 2667 datae
2260 2613 2414 2685 legis.
2441 2613 2574 2687 Quis
2596 2624 2775 2672 autem
2808 2619 2978 2675 nescit
3003 2660 3019 2688 ,
3051 2635 3161 2676 non
3186 2621 3317 2692 legis
3336 2664 3352 2689 ,
3383 2622 3479 2679 sed
3510 2623 3686 2678 homi-

2098 2719 2226 2760 num
2274 2705 2406 2761 vitio
2459 2708 2577 2778 lege
2628 2708 2964 2765 subintrante
3014 2711 3319 2769 abundasse
3371 2716 3689 2785 peccatum?

2096 2796 2204 2853 Sed
2229 2798 2332 2885 hoc
2356 2799 2542 2856 vitium
2572 2842 2587 2867 ,
2614 2818 2721 2872 quo
2749 2804 3014 2873 prohibita
3046 2807 3162 2877 plus
3191 2806 3498 2876 delectant,
3539 2818 3594 2865 et
3633 2810 3692 2863 lit

2096 2889 2268 2944 virtus
2303 2892 2507 2960 peccati
2551 2892 2638 2948 lex
2675 2892 2740 2964 (Ι
2767 2893 2889 2951 Cor.
2922 2911 2992 2951 xv
3012 2937 3029 2965 ,
3060 2896 3131 2953 56
3158 2897 3209 2969 ),
3239 2914 3344 2954 non
3384 2908 3539 2954 sanat
3584 2886 3713 2956 nisi

2098 2978 2374 3035 vivificans
2399 2980 2618 3051 spiritus
2640 3023 2657 3049 ,
2683 2999 2790 3040 non
2821 2986 2998 3041 littera
3027 2987 3278 3044 occidens
3304 3006 3318 3043 :
3349 3006 3469 3060 qua:
3510 3003 3687 3046 tamen

2096 3069 2163 3125 ad
2193 3069 2296 3127 hoc
2318 3072 2460 3129 utilis
2488 3073 2625 3141 fuit,
2657 3076 2780 3146 quia
2809 3091 2931 3132 cum
2960 3077 3072 3149 ipsa
3103 3079 3406 3148 occideret,
3435 3097 3529 3151 per
3553 3098 3692 3152 prm-

2097 3161 2478 3219 varicationem
2503 3205 2518 3229 ,
2548 3176 2825 3221 crescente
2851 3184 2944 3236 per
2968 3169 3378 3237 prohibitionem
3400 3171 3689 3241 cupiditate

2100 3254 2399 3323 peccandi,
2454 3256 2811 3312 vivificantem
2864 3258 3120 3329 Spiritum
3173 3260 3301 3317 fecit
3350 3264 3583 3335 inquiri,
3635 3274 3692 3321 et

2098 3347 2371 3417 hominem
2402 3349 2471 3405 de
2498 3364 2595 3405 sua
2621 3351 2817 3406 virtute
2860 3352 3129 3409 letlialitcr
3170 3354 3527 3412 confidentem
3552 3397 3568 3421 ,
3597 3358 3692 3413 ad-

2095 3437 2354 3507 jutorium
2396 3441 2581 3510 gratia:
2631 3441 2724 3497 Dei
2767 3441 3023 3512 cbmpulit
3075 3459 3333 3514 poscere,
3378 3447 3480 3502 sub
3532 3447 3688 3518 lege,

2099 3530 2340 3600 quamvis
2367 3540 2552 3586 sancta
2577 3542 2627 3587 et
2653 3531 2796 3602 justa
2823 3542 2877 3589 et
2903 3534 3038 3589 bona
3065 3576 3081 3603 ,
3107 3544 3282 3593 tamen
3309 3536 3645 3596 deiicientem
3673 3581 3688 3604 ,

2100 3631 2261 3691 atque
2308 3622 2376 3677 ad
2420 3623 2691 3693 operanda
2736 3640 2856 3695 qua:
2904 3637 3125 3691 sancta,
3179 3644 3298 3698 quin
3340 3628 3518 3698 justa,
3570 3647 3691 3701 qua:

2102 3714 2240 3770 bona
2294 3722 2455 3780 sunt,
2522 3714 2623 3771 sibi
2691 3715 2976 3773 subvenire
3042 3720 3272 3790 propriis
3328 3720 3529 3778 viribus
3584 3739 3691 3778 non

2100 3806 2386 3860 valentem.

2168 3894 2400 3951 CCXXI.
2429 3896 2545 3953 Jun.
2576 3897 2704 3954 iure
2738 3898 2895 3969 igitur
2923 3900 3025 3956 hoc
3059 3916 3255 3972 genere
3287 3902 3481 3959 dicitur
3516 3904 3692 3961 abun-

2099 3985 2259 4042 dasse
2283 3986 2568 4056 delictum,
2599 3988 2740 4060 quod
2770 3998 2825 4045 et
2860 3998 2984 4067 ante
3017 3990 3216 4063 legem,
3250 4002 3305 4049 et
3335 4004 3454 4065 post
3483 3996 3654 4067 legem
3674 4038 3689 4062 ,

2101 4079 2519 4152 uniuscujusque
2545 4081 2914 4138 committebat
2938 4066 3219 4151 voluntas;
3249 4085 3342 4140 sed
3372 4096 3498 4143 ante
3523 4066 3692 4158 legent

2104 4172 2393 4241 peccatrix,
2410 4181 2529 4242 post
2545 4173 2716 4243 legem
2735 4181 2912 4228 autem
2929 4175 3088 4230 etiam
3109 4177 3522 4246 przevaricntrix.
3546 4179 3697 4235 Tunc

2101 4279 2230 4336 ergo
2247 4266 2515 4321 crescitet
2537 4265 2775 4321 abundat
2791 4266 3007 4336 aliquid,
3033 4284 3153 4324 cum
3175 4270 3227 4325 in
3249 4286 3442 4340 genere
3466 4286 3565 4325 suo
3585 4276 3696 4327 col-—

2103 4353 2218 4425 ligit
2243 4356 2575 4412 incrementa
2601 4373 2615 4410 :
2641 4356 2782 4412 sicut
2812 4366 3029 4427 peccato
3054 4357 3236 4415 libera:
3261 4361 3549 4417 voluntatis
3576 4373 3698 4432 post

2103 4447 2321 4521 Moysen
2358 4449 2602 4504 cumulus
2642 4451 3084 4519 transgressionis
3112 4452 3340 4508 accessit
3372 4471 3384 4507 :
3412 4452 3481 4509 de
3506 4454 3695 4510 eodem

2103 4542 2245 4597 enim
2273 4558 2472 4614 genere
2498 4542 2617 4610 fuit,
2645 4544 2773 4600 licet
2799 4543 2852 4599 in
2887 4554 3128 4615 tempore
3152 4545 3385 4613 diverso,
3419 4546 3470 4602 id
3498 4557 3602 4613 est,
3630 4547 3698 4604 de

2104 4636 2242 4689 mala
2270 4636 2573 4700 voluntate,
2603 4651 2722 4706 quae
2749 4644 2800 4690 et
2840 4645 2966 4692 ante
2997 4636 3166 4706 legem
3188 4678 3207 4704 ,
3236 4647 3290 4692 et
3330 4648 3449 4707 post
3490 4638 3658 4709 legem
3680 4678 3695 4703 ,

2105 4741 2213 4781 non
2238 4736 2425 4780 coactu
2456 4725 2837 4795 insuperabili,
2868 4725 2960 4780 sed
2992 4726 3168 4781 studio
3198 4727 3529 4798 vituperabili
3559 4729 3696 4785 deli-

2103 4817 2277 4886 qnit'.
2306 4816 2437 4883 Qua:
2461 4831 2582 4870 cum
2613 4816 2682 4869 ita
2712 4816 2837 4876 sint,
2868 4816 2958 4870 tibi
2989 4815 3117 4870 nihil
3150 4825 3321 4886 potest
3348 4818 3413 4872 de
3439 4822 3699 4888 apostoli-

2104 4908 2182 4963 cis
2214 4907 2501 4963 convenire
2539 4907 2735 4961 verbis.
2766 4905 2949 4977 Neque
2976 4907 3121 4963 enim
3151 4910 3557 4967 subintrocunte
3586 4912 3701 4983 lege

2104 5009 2381 5072 peccatum
2418 5000 2656 5056 traducis
2686 5009 2778 5056 aut
2813 5001 3086 5071 copiosius
3113 5000 3307 5059 factum
3337 5005 3582 5074 docetur,
3609 5019 3703 5065 aut

2105 5090 2357 5163 grandius
2383 5111 2399 5154 ;
2426 5107 2526 5148 nec
2553 5092 2786 5163 peccatis
2813 5092 3102 5149 voluntatis
3132 5094 3260 5151 illud
3286 5097 3558 5156 abundare
3581 5100 3703 5171 jure

2106 5187 2325 5253 dicitur,
2352 5186 2494 5259 quod
2524 5186 2605 5242 ad
2631 5188 2960 5243 nascentium
2998 5189 3322 5246 voluntatem
3366 5208 3700 5264 nequaquam

2107 5279 2336 5336 attinere
2363 5287 2708 5335 monstratur.
2737 5278 3006 5352 Non-ergo
3031 5282 3320 5339 abundavit
3353 5293 3470 5355 post
3499 5287 3667 5357 legem
3685 5329 3699 5348 ,

2106 5372 2248 5444 quod
2274 5373 2360 5428 lex
2387 5387 2487 5427 nec
2512 5371 2793 5442 prohibere
2817 5374 3008 5443 potuit,
3040 5390 3139 5430 nec
3165 5377 3371 5445 punire.
3408 5376 3505 5432 Ubi
3534 5389 3702 5430 auum:

2108 5464 2380 5520 abundavit
2404 5466 3127 5536 peccatum,.superabundavit
3151 5469 3317 5539 gratia
3342 5485 3362 5522 :
3389 5478 3440 5521 ut
3468 5469 3595 5523 sicut
3620 5486 3702 5520 re-

2109 5556 2279 5626 gnavit
2304 5564 2562 5627 peccatum
2585 5556 2639 5609 in
2664 5566 2904 5624 mortem,
2935 5559 3006 5612 ita
3031 5560 3195 5629 gratia
3224 5570 3393 5631 regnet
3429 5577 3516 5628 per
3540 5560 3699 5627 justi-

2114 5647 2236 5701 tiam
2259 5648 2312 5700 in
2340 5646 2494 5699 vitam
2522 5655 2760 5701 cateruam
2772 5686 2784 5699 .

2178 5802 2548 5869 f‘Mss.,nonnc.
2760 5866 2767 5869 _
2806 5864 2829 5869 __
2939 5859 2949 5869 .

2182 5866 2198 5895 ν
2223 5870 2326 5912 Mss.
2355 5870 2462 5912 star.
2493 5873 2543 5913 et
2567 5871 2710 5925 νυνι..
2736 5864 2986 5926 delinquit.
