4126 6536
501 389 643 446 1950

565 508 704 560 Ave.
735 501 1004 574 Originale
1044 507 1316 570 peccatum
1353 516 1458 556 non
1495 499 1710 571 quidem
1751 507 1871 570 post
1909 497 2079 569 legem

492 596 663 652 crevit
686 612 700 650 :
724 591 817 649 sed
841 600 1018 646 tamen
1042 591 1130 646 lex
1148 591 1308 646 etiam
1337 590 1530 660 ipsum,
1557 591 1710 660 cujus
1735 587 2078 644 abolitionem

1212 385 1457 442 OPERIS
1495 380 1913 440 IMPEIIFEC'I'I'
1947 381 2221 437 CONTRA
2259 383 2618 452 JULIANUM,
2665 385 2723 443 S.
2766 389 3138 448 AUGUSTI?"

3637 398 3774 455 {illo

2193 495 2372 570 Usque
2403 503 2604 560 adeone
2633 504 2824 562 surdus
2860 522 2953 572 es,
2985 517 3044 563 ut
3077 510 3176 564 ista
3213 525 3319 566 non
3355 511 3572 568 audias?
3607 531 3773 587 usque

2185 591 2320 648 adeo
2339 610 2532 663 cacus,
2557 608 2613 652 ut
2637 599 2735 655 ista
2760 616 2864 657 non
2886 602 3100 659 videas?
3117 602 3385 662 Conﬁtere
3403 621 3531 678 ergo
3553 620 3774 677 peccato

491 685 898 743 circumcisione
927 683 1144 739 infantis
1178 683 1530 753 signiﬁcaret,
1563 683 1764 738 invenit
1791 701 1805 737 :
1837 683 1974 738 sicut
1999 682 2084 736 in-
2184 697 2420 741 mortuos
2450 690 2699 759 parvulos
2727 691 3047 763 baptizatos,
3078 696 3336 752 conﬁtere
3366 700 3576 754 tandem
3604 702 3756 772 origi-

487 779 640 834 venit
658 779 816 832 etiam
840 785 1052 848 peccata
1076 776 1404 848 ignorantia},
1427 792 1546 847 quae
1567 791 1666 832 nec
1687 777 1800 846 ipsa
1820 775 1940 831 data
1962 775 2078 846 lege

485 879 806 944 creverunt;
835 869 1260 940 quandoquidem
1301 870 1475 939 potius
1514 870 1624 937 ipsa
1664 867 1960 938 ignorantia
1989 868 2074 922 di-

485 963 692 1018 inuta
713 969 815 1028 est,
837 961 958 1031 quia
982 961 1202 1016 scientia
1231 961 1360 1030 legis
1379 962 1620 1016 accessit.
1646 959 1752 1016 Sed
1774 969 2069 1030 peccatum,

485 1054 604 1110 sine
625 1069 731 1125 quo
750 1068 908 1110 nemo
929 1053 1183 1120 nascitur,
1203 1053 1372 1108 crevit
1393 1053 1680 1108 voluntatis
1699 1068 1938 1120 accessu,
1962 1053 2072 1108 ori-

483 1145 645 1216 ginali
677 1145 1102 1216 concupiscentia
1139 1144 1384 1200 trahente
1420 1145 1691 1215 peccantis
1728 1159 2002 1220 assensum
2027 1146 2068 1199 ⁸.

483 1235 789 1292 Abundavit
814 1245 989 1290 autem
1017 1245 1316 1306 peccatum,
1339 1234 1391 1290 id
1409 1243 1511 1302 est,
1535 1236 1693 1290 nimis
1719 1236 1907 1302 crevit,
1925 1245 2070 1305 post--

483 1343 706 1399 eaquam
733 1343 830 1399 per
857 1329 1026 1400 legem
1052 1329 1185 1383 facta
1206 1337 1291 1384 est
1311 1328 1542 1399 cognitio
1563 1329 1764 1398 peccati
1789 1327 1962 1398 (Rom.
1988 1344 2061 1394 Ill,

480 1419 620 1493 20),
650 1431 704 1476 et
736 1421 898 1490 erepit
923 1421 1082 1476 etiam
1114 1419 1556 1491 praevaricatione
1581 1421 1810 1489 peccari.
1840 1420 1992 1487 Quod
2019 1421 2064 1476 si

480 1513 660 1582 velitis
678 1513 974 1578 advertere,
1005 1521 1062 1568 et
1082 1517 1422 1583 acquiescere
1446 1512 1684 1576 veritati;
1713 1512 1855 1567 nulla
1881 1527 2066 1568 neces-

477 1608 635 1661 sitate
687 1603 983 1676 cogemini,
1025 1613 1208 1674 aperte
1243 1603 1499 1674 Apostolo
1547 1603 1916 1660 contradicere
1953 1605 2062 1660 cla-

476 1699 639 1753 manti
658 1739 674 1762 ,
709 1696 810 1751 Per
837 1713 992 1752 unum
1029 1696 1280 1751 hominem
1322 1707 1580 1767 peccatum
1607 1696 1808 1750 intravit
1833 1697 1887 1750 in
1916 1713 2064 1751 mun-

472 1792 626 1854 dum,
663 1799 710 1843 et
744 1806 832 1858 per
868 1795 1123 1858 peccatum
1161 1803 1332 1852 mors;
1361 1798 1406 1841 et
1439 1789 1510 1841 ita
1543 1793 1596 1841 in
1628 1804 1798 1842 omnes
1837 1788 2062 1842 homines

472 1883 758 1950 pertransiit
787 1879 912 1952 (Id.
941 1897 994 1945 ν,
1028 1879 1141 1949 l2).
1174 1879 1270 1933 lllo
1305 1879 1447 1934 enim
1485 1878 1727 1944 dicente,
1770 1881 2059 1947 pertransiit

469 1994 559 2046 per
590 1994 798 2043 omnes,
824 1993 952 2032 cum.
973 1991 1070 2033 vos
1099 1994 1202 2032 non
1246 1993 1340 2048 per
1367 1993 1556 2032 omnes
1595 1980 1943 2048 pertransisse
1971 1979 2056 2035 di-

466 2069 618 2132 citis,
658 2068 784 2138 quid
825 2068 968 2123 aliud
1004 2083 1162 2140 quam
1203 2069 1460 2138 Apostolo
1497 2070 1894 2125 contradicitis?
1921 2079 1975 2126 et
2009 2073 2052 2128 si

401 2182 421 2216 .r
466 2164 724 2234 Apostolo
743 2206 758 2230 ,
791 2164 974 2233 utique
1004 2163 1234 2218 Christo.
1262 2163 1398 2233 Quid
1427 2178 1554 2234 ergo
1583 2163 1889 2232 miramini,
1911 2164 2052 2235 quod

463 2253 803 2308 abominatur
829 2269 922 2308 vos
949 2255 1182 2310 Ecclesia
1211 2255 1432 2320 Christi,
1461 2255 1548 2325 qui
1575 2256 1856 2311 sententiis
1885 2257 2054 2310 letha-

463 2344 600 2399 libus
636 2345 829 2400 vestris
869 2345 1110 2400 inﬁrmos
1151 2346 1393 2414 parvulos
1432 2346 1748 2401 subtrahere
1785 2339 2048 2403 conamini

463 2435 868 2490 medicamentis
899 2437 1198 2491 salubribus
1226 2435 1461 2490 Christi?

534 2527 784 2583 CCXXII.
824 2529 944 2584 Jun.
992 2529 1175 2598 Aperit
1216 2542 1274 2583 se
1315 2529 1600 2600 Apostolus
1620 2529 1813 2584 clarius
1849 2530 1900 2585 in
1929 2547 2049 2600 pro-

461 2633 638 2686 ecssu,
664 2627 720 2672 et
745 2618 922 2683 docet,
952 2619 1006 2673 in
1031 2618 1327 2688 perditione
1355 2619 1542 2673 salutis
1579 2618 1847 2685 humanm,
1879 2621 2045 2676 Deum

459 2711 612 2780 copia
637 2726 750 2766 suae
778 2711 1135 2767 miserationis
1167 2711 1497 2768 admonitum
1516 2755 1530 2779 ,
1561 2713 1857 2784 desperatis
1887 2715 2046 2771 rebus

457 2801 813 2857 efﬁcaciorem
840 2803 998 2857 solito
1025 2802 1338 2858 medicinam
1368 2803 1582 2870 tulisse;
1611 2814 1666 2860 ut
1685 2821 1821 2875 quos
1843 2822 2044 2879 prince-

459 2894 562 2961 ptis
587 2907 690 2947 non
718 2903 1046 2960 correxerat,
1078 2893 1352 2950 neiieﬁciis
1379 2895 1670 2967 obligaret;
1700 2906 1755 2953 et
1783 2899 1853 2952 ita
1881 2898 2046 2953 devo-

456 2983 654 3040 tionem
675 2985 912 3055 exigeret
933 2985 983 3039 in
1010 2985 1260 3048 futurum,
1286 2996 1342 3041 ut
1365 3002 1468 3041 non
1493 2987 1775 3058 imputaret
1796 2999 2037 3059 peracta;

452 3077 831 3149 studerentque
867 3079 1122 3150 deinceps
1157 3080 1428 3135 custodire
1461 3081 1719 3151 justitiam
1759 3081 2037 3149 homines,

451 3185 610 3242 quam
637 3171 955 3242 compendio
981 3172 1308 3228 credulitatis
1339 3171 1549 3228 fuerant
1577 3177 1828 3230 assecuti.
1856 3177 2038 3232 Abun-

451 3262 626 3317 dantia
648 3279 775 3334 ergo
803 3263 1213 3333 praecedentium
1244 3274 1601 3334 peccatorum,
1633 3277 1736 3320 tam
1760 3267 2038 3325 abundan-

449 3356 518 3410 tis
544 3355 923 3410 misericordiae
948 3357 1124 3427 exegit
1151 3357 1406 3411 auxilium
1435 3371 1449 3411 :
1478 3358 1729 3428 quoniam
1762 3359 1862 3414 nisi
1895 3369 2038 3416 tanta

447 3447 598 3517 copia
621 3445 944 3516 indulgentis
962 3447 983 3478 ³
1010 3448 1216 3514 fuisset,
1241 3448 1382 3502 nulla
1409 3447 1510 3502 alia
1531 3447 1811 3520 disciplina
1838 3453 2038 3508 morbis

446 3544 553 3590 tam
583 3536 832 3606 gravibus
867 3538 1192 3594 subveniret.
1227 3538 1421 3594 Verum
1459 3539 1511 3594 in
1547 3539 1649 3595 hac
1685 3540 1853 3596 divini
1888 3557 2039 3598 cem-

446 3630 786 3684 mendatione
807 3629 1071 3694 beneﬁcii,
1095 3631 1229 3686 vidit
1249 3630 1536 3701 Apostolus
1553 3632 1838 3702 objectioni
1860 3633 2035 3690 locum

447 3729 628 3790 patere
654 3736 837 3775 eorum
865 3721 954 3791 qui
981 3721 1160 3776 dicere
1192 3731 1455 3792 poterant,
1485 3723 1539 3779 Si
1568 3724 1668 3779 rite
1695 3726 1882 3781 merita
1912 3741 2038 3782 cau-

445 3827 624 3868 sarum
648 3813 715 3867 dc
741 3811 1018 3868 eﬁ‘ectibus
1043 3814 1391 3880 aestimamus,
1415 3823 1470 3867 et
1497 3823 1833 3883 peccatorum
1860 3818 2031 3886 copia,

445 3915 499 3959 ut
525 3904 891 3960 misericordia
911 3905 1005 3959 Dei
1032 3906 1291 3972 afﬂueret,
1319 3907 1656 3975 impetravit;
1685 3909 2033 3965 insistendum

447 3995 680 4064 peccatis
705 4003 820 4058 est,
853 4004 910 4048 ut
945 3997 1128 4065 gratia:
1157 4012 1262 4050 non
1296 3996 1435 4051 desit
1472 3998 1708 4052 ubertas.
1737 3999 2036 4057 Occurrcns

448 4091 627 4158 itaque
652 4089 886 4157 opinioni
913 4089 1172 4158 ejusmodi
1205 4106 1217 4140 :
1248 4089 1387 4157 Quid
1412 4106 1530 4161 ergo
1555 4092 1797 4157 dicemus,
1829 4094 2036 4164 inquit?

447 4181 848 4255 permanebinms
872 4181 924 4235 in
949 4192 1174 4253 peccato,
1203 4192 1256 4235 ut
1279 4181 1444 4252 gratia
1469 4183 1728 4237 abundet?
1753 4187 1932 4240 Absit:
1951 4189 2036 4250 qui

443 4275 580 4329 enim
607 4274 790 4327 mortui
813 4290 985 4326 sumus
1013 4283 1234 4344 peccato,
1261 4275 1686 4344 quemadmodum
1715 4278 1880 4331 adhuc
1905 4281 2035 4332 viue-

445 4383 559 4420 mus
596 4367 647 4420 in
678 4366 777 4420 eo?
807 4366 882 4418 An
917 4365 1164 4436 ignoratis
1195 4366 1432 4435 quoniam
1468 4368 1763 4439 quicumque
1797 4371 2036 4443 baptizati

444 4473 618 4511 sumus
644 4457 694 4510 in
719 4454 918 4510 Christo
943 4455 1090 4520 Iesu,
1115 4457 1166 4508 in
1193 4455 1387 4510 morte'
1406 4457 1541 4511 illius
1563 4458 1805 4528 baptizati
1827 4464 2036 4518 sumus?

444 4549 735 4620 Cousepulti
763 4565 880 4619 ergo
905 4564 1081 4604 sumus
1109 4549 1207 4616 illi,
1247 4565 1337 4620 per
1363 4546 1680 4620 Baptismum
1711 4553 1764 4606 in
1791 4563 2029 4620 mortem,

443 4653 499 4696 ut
527 4642 948 4714 quemadmodum
976 4642 1190 4695 surrexit
1218 4641 1446 4696 Christus
1474 4643 1526 4697 in
1553 4645 1718 4714 gloria
1749 4641 1941 4712 Patris,
1963 4647 2035 4700 ita

441 4747 490 4791 et
515 4752 606 4790 nos
630 4735 680 4789 in
712 4735 930 4789 novitate
955 4735 1070 4788 vine
1095 4734 1424 4788 ambulemus.

511 4826 644 4882 Ave.
675 4825 940 4896 Numquid
981 4826 1102 4880 ideo
1141 4841 1245 4880 non
1283 4841 1379 4881 vos
1414 4826 1704 4896 apostolica
1740 4827 1840 4883 ista
1870 4829 2030 4885 verba

443 4917 725 4983 sull'ocant,
747 4918 866 4988 quia
893 4925 948 4972 et
973 4931 1068 4971 vos
1093 4932 1152 4970 ea
1181 4917 1634 4983 commemoratis,
1659 4934 1727 4973 ne
1752 4919 2033 4975 oblivisca-

444 5025 564 5064 mur
598 5024 754 5079 quam
804 5010 954 5064 ﬁrma
998 5009 1264 5064 conemini
1306 5009 1498 5064 domus
1543 5010 1638 5065 Dei
1686 5009 2032 5070 fundamenta

443 5101 778 5156 convellere?
804 5102 994 5156 lusane
1014 5143 1027 5162 ,
1059 5115 1178 5156 cum
1209 5100 1431 5156 dixisset
1457 5101 1773 5170 Apostolus,
1807 5101 1868 5158 Si
1894 5121 2031 5158 mor-

445 5195 514 5246 tui
541 5209 714 5248 sumus
744 5203 967 5262 peccato,
999 5192 1247 5262 quomodo
1275 5191 1440 5244 adhuc
1467 5193 1682 5246 vivemus
1710 5193 1762 5246 in
1787 5211 1844 5246 eo
1861 5195 1887 5247 Ζ)
1916 5195 2033 5250 ideo

443 5283 698 5353 subjecit,
730 5283 808 5337 An
833 5285 1077 5354 ignoratis
1101 5283 1336 5351 quoniam
1361 5285 1656 5351 quicumque
1677 5281 1916 5354 baptizati
1943 5303 2030 5340 su-

444 5393 556 5429 mus
577 5376 630 5428 in
653 5374 848 5430 Christo
872 5375 1018 5436 Iesu,
1043 5375 1094 5428 in
1121 5384 1278 5428 morte
1301 5375 1458 5442 ipsius
1483 5375 1719 5445 baptizati
1741 5380 1952 5432 sumus?
1978 5391 2034 5434 ut

445 5473 738 5543 baptizatos
766 5473 817 5528 in
853 5473 1066 5529 Christo
1100 5486 1336 5530 mortuos
1365 5479 1613 5547 probaret
1641 5495 1760 5536 esse
1792 5492 2030 5550 peccato.

498 5593 522 5661 l'
548 5589 701 5649 aditi,
740 5597 989 5653 peccantes
1032 5602 1064 5639 a
1099 5603 1257 5642 sensu.
1304 5593 1624 5644 Emeudantur
1660 5607 1725 5645 ex
1768 5597 2032 5646 manuscri-

441 5661 716 5788 ¹”ῗ’.ιῖοῖιον
739 5712 1066 5788 ιηςιιιιαεηεέω·
1167 5778 1177 5788 .
1317 5777 1330 5788 .
1791 5787 1797 5788 ,
1872 5785 1880 5788 _
1991 5779 2000 5788 .

486 5775 561 5892 ἐπ
550 5784 696 5827 vetus
719 5775 1141 5828 codex'ronarum
1165 5778 1213 5828 in
1235 5791 1296 5828 eo
1317 5777 1422 5830 loco
1446 5780 1653 5844 Apostoti
1666 5785 1964 5841 constanter,
1983 5779 2034 5830 in

437 5852 482 5888 ιιι
565 5849 661 5890 ω.

2183 777 2303 834 nale
2327 791 2600 848 peccatum
2621 799 2634 847 ;
2659 798 2765 839 non
2785 786 2926 840 enim
2951 787 3091 842 aliud
3112 789 3196 844 cui
3217 801 3552 846 morerentur
3571 791 3767 846 habire-

2180 877 2303 923 runt
2330 886 2343 922 :
2371 879 2463 924 aut
2486 871 2571 928 dic
2597 884 2799 943 aperte,
2832 877 3084 946 baptizari
3111 895 3204 934 eos
3231 896 3337 935 non
3369 895 3642 952 oportere;
3674 895 3766 940 aut

2178 971 2299 1012 cum
2339 959 2696 1030 baptizantnr,
2723 980 2828 1020 non
2865 981 2964 1021 eos
2990 968 3040 1022 in
3069 969 3281 1025 Christo
3315 970 3442 1028 Iesu
3481 973 3763 1043 baptizari.

2176 1058 2268 1103 aut
2305 1065 2408 1105 non
2449 1053 2502 1106 in
2536 1064 2708 1112 morte
2745 1057 2910 1127 ipsius
2955 1060 3254 1130 baptizari:
3282 1074 3337 1118 et
3373 1064 3492 1120 dele
3529 1067 3572 1120 si
3615 1077 3765 1136 potes

2176 1140 2415 1211 Apostoli
2447 1145 2602 1200 verba
2628 1146 2873 1215 dicentis,
2906 1150 3222 1225 Quicumque
3246 1155 3489 1225 baptizati
3511 1175 3691 1214 sumus
3709 1161 3768 1214 ire

2173 1230 2375 1288 Christo
2399 1233 2547 1304 Iesu,
2576 1239 2629 1292 in
2657 1250 2816 1294 morte
2837 1243 2996 1313 ipsius
3021 1244 3260 1316 baptismi
3283 1265 3474 1304 sumus.
3505 1251 3690 1318 Porro,
3715 1253 3760 1307 si

2174 1320 2289 1378 haec
2320 1327 2480 1382 verba
2517 1329 2696 1388 delere
2733 1349 2839 1389 non
2879 1346 3062 1404 potes,
3093 1339 3230 1396 sicut
3268 1355 3373 1396 non
3411 1352 3564 1412 potes
3594 1361 3608 1398 :
3638 1359 3758 1400 cum

2171 1431 2302 1488 ergo
2327 1420 2499 1486 audis,
2527 1425 2859 1496 quicumque;
2887 1428 2995 1484 noli
3020 1431 3155 1486 velle
3182 1432 3305 1488 inde
3332 1436 3578 1504 parvulos
3600 1451 3759 1507 sepa-

2170 1524 2290 1565 rare
2321 1529 2334 1566 :
2368 1515 2614 1582 permitte
2643 1517 2910 1574 Christum
2940 1522 3098 1577 etiam
3129 1525 3362 1593 parvulis
3389 1541 3508 1582 esse
3536 1526 3760 1594 Iesum;

2167 1607 2417 1674 quoniam
2441 1624 2548 1662 non
2567 1613 2800 1682 exceptis
2822 1613 2974 1683 ipsis,
2992 1615 3086 1670 sed
3109 1631 3229 1671 cum
3251 1617 3378 1686 ipsis
3403 1619 3606 1674 salvum
3632 1620 3759 1676 facit

2166 1697 2417 1766 pepulum
2441 1715 2593 1754 suum
2616 1717 2644 1753 a
2669 1704 2900 1772 peccatis
2919 1719 3126 1771 eorum,
3151 1719 3366 1778 propter
3385 1710 3526 1779 quod
3552 1711 3757 1766 dictum

2165 1798 2245 1842 est
2265 1791 2332 1844 ab
2350 1793 2558 1861 angelo,
2597 1793 2804 1849 Vocabis
2823 1813 3002 1852 nomen
3023 1799 3133 1869 ejus
3147 1798 3324 1854 Iesum
3342 1799 3553 1869 (Matth.
3579 1818 3615 1868 ι,
3632 1801 3749 1874 21).

2233 1880 2506 1936 CCXXIII.
2537 1883 2655 1938 Iun.
2696 1887 2829 1941 Dicit
2857 1903 2957 1942 nos
2985 1899 3224 1944 mortuos
3251 1905 3372 1946 esse
3406 1901 3656 1962 peccato,
3684 1910 3752 1950 eo

2156 1969 2267 2040 jam
2293 1981 2550 2043 tempore,
2573 1991 2679 2046 quo
2701 1987 2754 2030 ut
2779 1980 3141 2048 acciperemus
3167 1982 3504 2053 indulgentia:
3523 1983 3746 2052 donum,

2160 2066 2464 2120 renuntiare
2506 2083 2602 2121 nos
2646 2069 2846 2124 tnuudo
2878 2073 3228 2144 oumibnsque
3264 2077 3495 2145 peccatis
3521 2076 3762 2150 prolem,

2155 2169 2342 2211 sumus
2373 2174 2386 2209 :
2417 2167 2574 2228 atque
2612 2159 2734 2216 ideo
2766 2163 3002 2218 muneris
3033 2179 3300 2221 memores
3327 2166 3526 2224 debere
3559 2170 3637 2224 sic
3665 2171 3748 2225 vi-

2155 2262 2302 2316 vere,
2334 2258 2393 2304 ut
2419 2249 2632 2306 Christo
2658 2255 2954 2324 consepuhi
2979 2271 3102 2312 esse
3127 2256 3445 2325 doceamur;
3477 2268 3634 2330 atque
3661 2275 3749 2317 re-

2154 2341 2541 2397 surrectionem
2567 2343 2682 2414 ejus
2708 2347 2994 2416 conspicua
3027 2351 3306 2405 sanctitate
3342 2361 3615 2422 gestemur.
3641 2370 3655 2406 :
3685 2361 3746 2410 et

2153 2430 2420 2498 quomodo
2451 2432 2567 2500 ille,
2600 2445 2880 2506 postquam
2915 2441 3205 2494 resurrexit
3231 2455 3258 2493 a
3289 2443 3540 2508 mortuis,
3570 2443 3749 2499 nullas

2154 2521 2487 2577 inﬁrmitates
2527 2527 2800 2596 corporis,
2848 2528 2992 2582 nulla
3038 2528 3244 2600 ﬂagella
3296 2535 3623 2602 perpetitur;
3669 2536 3739 2589 ita

2151 2611 2309 2666 etiam
2336 2622 2390 2667 et
2420 2629 2518 2668 nos
2551 2631 2670 2672 esse
2710 2617 3122 2676 invulnerabiles
3154 2624 3386 2692 peccatis
3415 2625 3657 2679 omnibus
3686 2637 3740 2682 et

2151 2704 2291 2759 vitiis
2317 2705 2636 2762 adnitamur.
2670 2708 2732 2764 Si
2758 2711 2890 2764 enim
2924 2711 3254 2784 complantati
3289 2732 3462 2770 sumus
3498 2718 3738 2775 similitu-

2148 2795 2256 2850 dini
2278 2799 2294 2827 ¹
2325 2800 2499 2852 mortis
2531 2801 2674 2871 ejus,
2701 2802 2853 2857 simul
2877 2813 2924 2856 et
2952 2807 3324 2860 resurrectionis
3346 2810 3366 2839 ³
3391 2810 3619 2876 erimus;
3643 2810 3738 2870 hoc

2145 2887 2388 2955 scientes,
2422 2891 2662 2962 quoniam
2693 2901 2830 2948 vetus
2858 2894 3005 2949 homo
3034 2907 3202 2951 noster
3236 2899 3387 2952 simul
3411 2901 3642 2969 conﬁxus
3665 2911 3742 2955 est

2145 2986 2300 3045 cruci,
2329 2989 2382 3034 ut
2407 2981 2692 3037 destruatur
2717 3001 2901 3056 corpus
2930 2989 3142 3057 peccati,
3172 2999 3228 3043 ut
3258 2991 3393 3044 ultra
3421 3009 3521 3045 non
3549 2993 3738 3048 servia-

2144 3086 2257 3125 mus
2296 3082 2514 3141 peccato.
2550 3075 2648 3140 Qui
2682 3077 2815 3130 enim
2850 3087 3080 3132 mortuus
3117 3092 3220 3146 est,
3251 3081 3566 3150 justiﬁcatus
3599 3092 3672 3137 est
3701 3101 3740 3138 α

2145 3173 2345 3232 peccato
2371 3165 2544 3236 (Rom.
2580 3183 2650 3232 vt,
2677 3169 2810 3241 1-2).
2838 3168 2992 3224 Clara
3022 3171 3208 3228 ﬁdeles
3236 3174 3441 3230 ratione
3464 3176 3732 3231 constrin-

2141 3253 2216 3324 git
2251 3273 2264 3308 :
2296 3253 2351 3309 Si
2384 3256 2564 3325 vultis,
2595 3258 2785 3329 inquit,
2810 3263 3212 3318 resurrectionis
3237 3264 3354 3334 ejus
3379 3263 3494 3321 ﬁeri
3523 3267 3740 3335 partici-c

2145 3360 2258 3414 pes,
2286 3347 2534 3403 virtutem
2564 3365 2776 3420 quoque
2803 3353 2992 3408 mortis
3019 3353 3320 3421 imitamini,
3349 3364 3406 3408 ut
3433 3357 3627 3410 mortui
3656 3357 3736 3410 vi-

2145 3436 2231 3490 tiis
2255 3437 2306 3490 in
2332 3437 2527 3494 virtute
2555 3439 2743 3496 vivatis
2766 3460 2780 3496 :
2806 3450 2930 3497 tunc
2951 3443 3091 3498 enim
3118 3445 3268 3500 eritis
3289 3447 3342 3500 in
3370 3446 3456 3500 illa
3481 3445 3734 3502 felicitate

2141 3537 2437 3596 consortes,
2465 3530 2508 3585 si
2536 3532 2722 3587 mortis
2740 3533 2857 3602 ejus
2878 3534 3159 3606 imaginem
3183 3538 3432 3606 tuleritis,
3458 3539 3733 3595 moriendo

2145 3622 2392 3688 peccatis.
2419 3621 2580 3677 Vetus
2605 3624 2746 3678 enim
2773 3623 2934 3680 homo
2961 3637 3142 3682 noster
3162 3628 3319 3684 debet
3346 3631 3489 3684 cruci
3515 3632 3632 3700 ejus
3655 3631 3740 3687 ala

2144 3715 2277 3767 ﬁxus
2298 3714 2498 3781 doceri,
2521 3726 2576 3770 ut
2594 3715 2834 3772 destruat
2857 3734 3054 3789 corpus
3080 3722 3301 3790 peccati,
3327 3721 3634 3779 fortitudine
3657 3725 3733 3782 vi»

2141 3803 2331 3859 debcet
2361 3807 2640 3874 passionis.
2662 3804 2866 3878 Corpus
2893 3820 3069 3864 autem
3097 3813 3322 3882 peccati,
3348 3815 3733 3870 consuetudine

2141 3911 2235 3950 sua
2277 3897 2507 3966 Paulus,
2548 3900 2704 3966 vitia,
2747 3917 2854 3956 non
2896 3903 3246 3958 substantiam
3276 3907 3452 3961 carnis
3481 3907 3728 3977 appellat.

2141 3987 2231 4042 Sic
2251 3989 2392 4043 enim
2421 3991 2680 4060 sequitur,
2712 3989 2779 4046 Ut
2808 3993 3092 4048 destruatur
3119 4011 3301 4067 corpus
3329 3999 3542 4068 peccati,
3569 4010 3623 4053 ut
3652 4001 3733 4053 ul-.

2141 4091 2219 4133 ινα
2245 4097 2345 4134 non
2371 4083 2644 4136 serviamus
2670 4095 2890 4154 peccato.
2925 4084 3028 4153 Qui
3057 4088 3191 4142 enim
3216 4099 3444 4144 mortuus
3471 4101 3563 4154 est,
3583 4091 3733 4161 justi.

2139 4175 2320 4242 ﬁcatus
2345 4185 2416 4229 est
2442 4193 2473 4228 a
2500 4185 2721 4246 peccato.

2211 4272 2346 4322 Aue.
2387 4267 2797 4335 Quomodolibet
2843 4270 3208 4341 interpreteris
3251 4288 3446 4344 corpus
3491 4276 3727 4346 peccati,
3791 4319 3794 4321 ›

2141 4371 2246 4411 non
2273 4359 2490 4427 negabis
2521 4360 2767 4428 parvulos
2798 4361 2848 4414 in
2879 4361 3093 4418 Christo
3114 4362 3240 4418 Iesu
3272 4367 3566 4435 baptizatos
3595 4383 3728 4422 tuor-

2141 4458 2261 4503 tuos
2279 4463 2398 4504 esse
2425 4458 2664 4520 peccato,
2688 4467 2755 4505 ne
2775 4452 3108 4521 apertissime
3130 4471 3291 4525 neges
3313 4471 3408 4512 eos
3434 4456 3737 4526 baptizatos.

2139 4541 2191 4594 iu
2222 4553 2390 4596 morte
2416 4542 2615 4598 Christi
2641 4542 2801 4610 Iesu;
2827 4561 2891 4599 ac
2916 4561 3011 4615 per
3039 4546 3140 4602 hoc
3171 4564 3334 4618 neges
3361 4549 3651 4620 baptizatos
3676 4551 3733 4605 in

2137 4633 2348 4688 Christo
2373 4633 2520 4689 Jcsu.
2548 4635 2857 4706 Quicumque
2878 4639 3021 4692 enim
3046 4638 3286 4710 baptizati
3311 4657 3482 4695 sumus
3506 4643 3558 4694 in
3579 4641 3729 4696 Chri.

2135 4736 2212 4782 sto
2239 4723 2391 4790 Iesu,
2423 4727 2476 4780 in
2505 4737 2664 4780 morte
2691 4728 2850 4798 ipsius
2879 4727 3120 4798 baptizati
3146 4747 3338 4784 sumus.
3379 4731 3469 4786 Dic
3494 4747 3620 4803 ergo
3644 4736 3727 4786 cui

2139 4826 2354 4886 peccato
2375 4819 2692 4882 moriuntur,
2716 4834 2835 4874 cum
2862 4821 3063 4890 parvuli
3090 4821 3426 4890 baptizantur
3446 4823 3496 4877 iu
3514 4821 3736 4878 Christo.

2135 4910 2297 4966 Iesu?
2323 4910 2426 4966 Sed
2454 4911 2579 4981 quid
2606 4907 2753 4966 dic'as
2771 4953 2786 4976 ,
2814 4913 3028 4983 penitus
3055 4929 3162 4967 non
3194 4913 3443 4978 habebis,
3478 4914 3577 4968 nisi
3608 4929 3730 4968 cum

2139 5015 2247 5060 tota
2269 5005 2504 5061 Ecclesia
2526 5005 2721 5059 Christi
2748 5005 3034 5076 intelligas,
3064 5013 3223 5075 atque
3249 5005 3597 5076 respondeas,
3628 5003 3731 5058 Per

2137 5116 2293 5154 unum
2314 5099 2562 5154 hominem
2585 5109 2843 5169 peccatum
2862 5099 3064 5153 intravit
3082 5100 3135 5152 in
3153 5099 3418 5164 mundum,
3442 5110 3487 5153 et
3509 5117 3596 5170 per
3617 5117 3731 5170 pec-

2137 5202 2308 5247 catum
2331 5207 2502 5255 mors;
2523 5201 2569 5245 et
2597 5193 2668 5244 ita
2691 5192 2743 5244 in
2770 5207 2942 5244 attines
2966 5191 3192 5244 homines
3217 5194 3526 5262 pertransiit,
3552 5192 3606 5244 in
3633 5207 3730 5254 quo

2137 5301 2309 5340 omnes
2339 5291 2680 5352 peccaverunt.
2716 5283 2856 5338 Ecce
2881 5282 2969 5350 qui
3009 5293 3228 5352 peccato
3257 5284 3577 5349 moriuntur,
3607 5297 3726 5336 cum

2139 5377 2190 5431 iu
2215 5385 2386 5430 morte
2406 5373 2599 5429 Christi
2621 5372 2744 5428 Iesu
2771 5373 2974 5444 parvuli
2997 5372 3349 5443 baptizantur.
3373 5375 3544 5444 Rogo,
3565 5373 3729 5428 nolite

2137 5483 2258 5524 esse
2292 5466 2421 5521 sicut
2463 5481 2631 5533 equus
2660 5475 2712 5518 et
2741 5465 2945 5526 mulus,
2979 5480 3084 5521 non
3116 5465 3373 5520 habentes
3403 5466 3726 5519 intellectum

2140 5556 2310 5626 (Psal.
2337 5571 2487 5616 xxxu,
2517 5555 2595 5623 9).
2620 5555 2812 5611 Audite
2836 5575 2848 5611 :
2879 5555 2940 5612 Si
2964 5558 3144 5610 mortui
3165 5573 3335 5610 sumus
3357 5567 3576 5627 peccato,
3599 5571 3726 5624 quo-

2139 5647 2288 5702 ntodo
2325 5647 2540 5700 vivemus
2579 5647 2631 5701 in
2663 5649 2757 5702 eo?
2785 5648 2864 5702 An
2893 5648 3136 5719 ignoratis
3163 5649 3401 5718 quoniam
3429 5649 3728 5718 quicumque

2205 5777 2378 5844 1min,
2402 5775 2451 5826 in
2473 5776 2830 5844 similitudinem
2849 5792 2867 5838 ;
2883 5779 2984 5844 sed
3009 5781 3258 5844 contrariis
3279 5779 3630 5840 manuscriptis.
3648 5835 3683 5844 __

2206 5843 2224 5874 '
2249 5841 2387 5903 aditi,
2405 5845 2448 5892 et
2469 5841 2830 5894 resurrectionis
2847 5839 2966 5902 elus.
2997 5845 3157 5902 abest,
3182 5841 3303 5904 ejus,
3322 5853 3349 5891 ιι
3371 5839 3721 5906 maenaa-mtas
