4126 6558
454 439 584 497 12Δί

404 584 409 587 -
445 553 685 623 baptizati
714 569 889 609 sumus
915 552 1193 611 iu‘Christo'
1220 551 1376 620 Iesu,
1406 551 1459 606 iu
1489 560 1648 605 morte
1680 550 1839 621 ipsius
1866 547 2031 619 bapti-

445 648 547 700 zati
570 647 783 701 sumus?
805 645 1136 717 Quicumque
1161 645 1316 717 igitur
1340 644 1587 715 baptizati
1607 658 1789 699 sumus
1810 642 1862 696 in
1883 639 2037 696 Citrio

1774 433 1972 490 LIBER
2009 432 2384 496 SECUNDUS.

2283 555 2502 612 omnino
2532 564 2827 628 peccatum,
2864 578 2965 618 nee
2993 565 3400 639 orig/insigne:
3426 564 3721 646 proprium,

2142 644 2242 699 nisi
2267 647 2389 714 quia
2419 647 2731 718 similitudo,
2758 652 2911 724 cujus
2946 655 3022 711 rei
3050 656 3342 714 similitudo
3365 644 3498 726 errat,
3527 644 3723 724 nomen

445 746 531 791 sto
554 736 702 804 Iesu,
729 747 948 808 peccato
973 738 1167 792 mortui
1192 752 1377 792 sumus
1399 752 1414 793 :
1438 735 1560 806 quia
1594 735 1644 788 in
1672 741 1845 789 morte
1870 731 2034 803 ipsius
2054 764 2087 773 ε
2140 737 2387 806 accepit?
2428 737 2681 796 Novimus
2705 743 2846 798 enim
2875 743 3146 801 Christum
3177 748 3230 802 in
3258 749 3603 811 similitudine
3631 772 3722 812 νει

445 831 691 901 baptizati
721 847 927 888 smnus.
960 831 1153 886 Audite
1171 872 1187 896 ,
1218 830 1528 900 Quicumque
1555 827 1794 899 baptizati
1817 840 1988 880 sumus
2012 840 2032 878 :

443 941 617 997 neque
642 925 781 980 enim
811 925 1011 995 parvuli
1036 933 1089 979 et
1115 940 1219 978 non
1250 923 1499 992 majores,
1532 930 1623 976 aut
1646 934 1776 975 vero
1802 918 2031 989 majores

441 1027 495 1074 et
521 1034 624 1078 non
654 1017 892 1088 parvuli;
919 1017 1044 1082 sed,
1069 1016 1398 1088 quicumque,
1428 1015 1481 1070 id
1506 1022 1620 1080 est,
1650 1011 1766 1067 sive
1793 1009 2027 1081 parvuli,

437 1111 552 1165 sive
578 1109 828 1179 majores,
855 1108 1098 1181 baptisati
1123 1124 1295 1162 sumus
1318 1108 1369 1161 in
1396 1106 1595 1162 Christo
1619 1101 1766 1162 Iesu.
1790 1102 1842 1156 iu
1871 1109 2030 1154 morte

436 1199 578 1255 illius
602 1198 842 1271 baptizati
867 1214 1062 1265 sumus,
1093 1213 1156 1254 ac
1187 1212 1279 1268 per
1309 1202 1430 1264 hoc,
1461 1210 1651 1252 sumus
1675 1191 1869 1248 mortui
1899 1205 2024 1259 pec-

436 1299 577 1346 cato.
600 1291 706 1344 Aut
724 1305 851 1361 ergo
871 1300 1055 1360 aperte
1078 1290 1239 1345 dicite
1260 1304 1363 1344 non
1385 1303 1505 1351 esse
1526 1286 1850 1357 Baptismum
1871 1281 2026 1338 Chri-

435 1379 503 1435 sti
530 1379 763 1450 parvulis
784 1379 1165 1446 necessarium,
1189 1387 1282 1434 aut
1305 1383 1577 1449 peccatum
1599 1374 1683 1432 cui
1706 1374 2021 1438 moriuntur,

434 1471 648 1542 quando
687 1473 740 1527 in
772 1470 988 1527 Christo
1027 1473 1393 1542 baptizantur,
1429 1466 1603 1526 dicite
1629 1466 1970 1540 parvulorum
2006 1482 2020 1518 :

432 1572 526 1618 aut
553 1564 675 1634 quia
706 1563 907 1619 nullum
946 1564 1168 1634 potestis
1201 1563 1345 1619 aliud
1376 1561 1647 1628 invenire,
1679 1557 1895 1614 uiridem
1925 1554 2024 1611 ali-

432 1657 645 1727 quando
671 1657 941 1723 agnoscite
968 1658 1225 1728 originale
1252 1665 1550 1727 pcccatum.

503 1740 776 1804 CCXXIV.
811 1747 933 1804 Iun.
964 1748 1163 1819 Nempe
1192 1763 1311 1803 enm
1334 1745 1646 1801 viventibus
1682 1740 2015 1813 loquebatur,

431 1850 488 1895 et
514 1840 596 1895 his
621 1839 830 1897 dicebat
855 1841 1111 1911 justitiam
1144 1855 1239 1910 per
1267 1838 1519 1911 mysteria
1549 1837 1713 1892 fuisse
1740 1833 2016 1891 collatam.

431 1931 708 2000 Quomodo
734 1947 863 2004 ergo
889 1931 965 1987 ait
993 1947 1115 1988 eum
1140 1931 1485 2002 justiﬁcatum
1516 1943 1656 1994 esse,
1684 1942 1841 1997 quem
1874 1938 2018 1979 mor—

431 2033 608 2088 tuum;
638 2024 737 2078 nisi
758 2026 880 2093 quia
904 2023 1020 2079 sine
1044 2022 1225 2094 aliquo
1243 2021 1477 2077 ostendit
1497 2020 1765 2089 ambiguo,
1787 2024 2014 2073 mortem

432 2113 519 2169 hic
553 2113 1068 2170 abrenuntiationem
1113 2129 1347 2178 vocare;
1387 2122 1442 2168 et
1487 2111 1608 2167 ideo
1647 2126 1679 2165 a
1721 2125 1781 2165 se
1821 2123 2013 2163 nomen

428 2206 616 2262 mortis
638 2207 860 2275 assumi,
885 2217 941 2262 ut
964 2208 1210 2264 ostendat
1236 2208 1302 2262 ita
1336 2206 1518 2262 ﬁdeles
1542 2221 1572 2258 a
1603 2203 1851 2275 peccatis,
1878 2201 2013 2257 sicut

431 2306 669 2354 mortuos
697 2299 765 2355 ab
789 2298 997 2354 actibus
1025 2299 1222 2355 debere
1245 2295 1496 2354 cessare?

500 2395 632 2446 Avo.
675 2390 846 2445 llomo
872 2391 1225 2456 contentiose,
1248 2390 1295 2447 si
1319 2390 1420 2445 hoc
1451 2390 1570 2444 loco
1597 2385 2009 2460 apostolicorum

428 2483 711 2537 verborum
734 2498 879 2539 mors
902 2482 1295 2539 abrenuntiatio
1323 2490 1560 2547 vocatur,
1579 2490 1637 2535 ut
1668 2480 1759 2551 qui
1793 2487 2012 2548 peccato

424 2568 783 2639 abrenuntiat,
822 2586 1043 2646 peccato
1085 2576 1343 2632 moriatur
1386 2593 1401 2631 :
1447 2574 1625 2630 recole
1661 2569 2006 2644 quemadmo-

424 2665 549 2722 dum
595 2668 646 2722 in
685 2668 923 2724 Ecclesia
959 2667 1182 2735 Christi,
1215 2668 1268 2723 in
1306 2681 1410 2738 qua
1449 2665 1744 2736 baptizatus
1784 2678 1874 2727 es,
1907 2661 2010 2716 Ba-

330 2812 345 2819 ,
425 2760 688 2829 ptismatis
713 2761 965 2832 mysteria
991 2761 1364 2821 celebrentur;
1396 2769 1450 2815 et
1477 2759 1717 2815 invenies
1741 2755 1882 2828 quod
1907 2754 2009 2810 ab-

422 2851 731 2906 renuntient
744 2859 799 2906 et
817 2851 1025 2921 parvuli
1046 2866 1143 2923 per
1161 2865 1253 2905 ora
1273 2850 1612 2920 gestantium,
1628 2849 1765 2904 sicut
1784 2846 2009 2902 credunt

422 2954 521 3010 per
556 2956 652 2995 ora
690 2940 1045 3012 gestantium‘
1090 2956 1105 2993 :
1144 2938 1287 3009 quod
1326 2938 1466 3009 apud
1503 2953 1600 2993 vos
1632 2932 1742 3007 jam
1785 2937 2008 2991 forsitan

426 3045 535 3085 non
576 3029 653 3084 ﬁt.
677 3029 767 3086 Sic
802 3029 946 3085 enim
985 3028 1284 3100 profecistls
1322 3029 1374 3084 in
1414 3029 1585 3099 pejus,
1611 3028 1709 3097 ipsi
1740 3036 2006 3089 errantes,

426 3131 484 3177 et
516 3122 650 3177 alios
688 3123 740 3176 in
778 3136 1018 3178 errorem
1058 3122 1329 3177 mittentes
1367 3110 1447 3192 (ll
1477 3119 1608 3174 Tim.
1648 3135 1725 3185 ιιι,
1759 3120 1823 3174 l7
1846 3122 1885 3188 ),
1916 3118 2009 3188 qui

425 3211 576 3267 vobis
604 3212 992 3281 consenserint,
1024 3227 1131 3267 non
1169 3211 1367 3267 debere
1395 3210 1768 3267 abremmtiarc
1812 3224 2007 3280 parvu-

426 3303 536 3359 lum
573 3302 979 3376 baptizandum,
1019 3303 1140 3374 quia
1180 3317 1286 3358 non
1325 3303 1485 3357 traxit
1522 3301 1783 3373 originale
1821 3314 2009 3371 pecca-

430 3405 541 3451 tum
573 3413 588 3451 :
626 3404 719 3450 aut
744 3396 789 3450 si
817 3394 977 3450 debet
1015 3394 1393 3449 abrenuntiare
1420 3401 1652 3463 peccato,
1684 3391 1865 3458 dicite,
1882 3389 2004 3456 cui;

422 3497 477 3543 et
503 3502 740 3542 errorem
769 3474 1005 3541 vestrum
1042 3484 1331 3556 aliquando
1359 3484 1629 3554 corrigite.

491 3576 745 3634 CCXXV.
785 3577 907 3633 Iun.
949 3577 1011 3633 Si
1038 3578 1171 3631 enim
1200 3576 1387 3631 mortui
1413 3592 1588 3631 sumus
1625 3590 1741 3629 cum
1780 3572 2003 3641 Christo,

420 3669 669 3726 credimus
687 3670 808 3741 quia
833 3671 1050 3722 vivemus
1078 3685 1191 3721 cum
1219 3665 1454 3731 Christo;
1478 3666 1692 3721 scientes
1713 3666 1833 3736 quia
1857 3665 2006 3721 Chri-

421 3770 528 3814 stus
552 3760 823 3814 suscitatus
851 3777 882 3813 a
909 3759 1120 3813 mortuis
1137 3760 1251 3831 jam
1273 3775 1374 3812 non
1397 3758 1628 3824 moritur,
1654 3774 1790 3813 mors
1809 3758 1863 3811 in
1890 3773 2005 3812 eum

420 3851 524 3911 iam
561 3868 663 3905 non
688 3850 1028 3905 dominabitur
1045 3866 1064 3905 :
1083 3850 1220 3922 quod
1243 3851 1376 3904 enim
1404 3857 1634 3904 mortuus
1662 3858 1734 3904 est
1774 3857 1998 3920 peccato,

419 3954 645 4000 mortuus
668 3954 742 4000 est
777 3945 950 4009 seruet,
994 3944 1130 4017 quod
1156 3953 1323 3998 autem
1359 3944 1496 4009 vivit,
1526 3943 1644 3997 vivit
1683 3941 1811 3997 Deo.
1846 3940 1926 3995 Ita
1952 3951 2001 3996 et

417 4054 503 4092 eos
525 4038 760 4109 deputate
785 4053 871 4092 vos
896 4036 1154 4091 mortuos'
1183 4052 1291 4090 esse
1323 4045 1549 4106 peccato,
1580 4035 1796 4089 viventes
1830 4043 2001 4087 autent

416 4130 547 4197 Deo,
570 4130 624 4184 in
648 4127 849 4184 Christo
866 4126 993 4183 Iesu
1028 4126 1203 4199 (Rom.
1227 4142 1299 4190 vt,
1330 4126 1515 4196 8-H).
1542 4124 1822 4194 Quomodo
1845 4123 2004 4180 Chri-

416 4234 548 4285 stus,
592 4221 782 4291 inquit,
810 4220 899 4291 qui
940 4228 1157 4290 peccato
1195 4229 1436 4274 mortuus
1473 4225 1557 4273 est
1592 4216 1779 4279 semel,
1814 4215 1866 4271 id
1893 4224 1998 4282 est,

419 4322 639 4382 propter
675 4319 887 4382 peccata
916 4314 1095 4365 nostra
1129 4318 1370 4364 mortuus
1401 4316 1486 4365 est
1512 4307 1703 4373 semel,
1727 4307 1864 4362 ultra
1891 4321 1998 4362 non

416 4404 662 4471 moritur,
703 4401 796 4458 sed
835 4402 965 4456 vivit
1015 4401 1068 4456 in
1118 4400 1284 4472 gloria
1326 4399 1423 4456 Dei
1465 4418 1479 4456 :
1529 4399 1601 4454 ita
1639 4408 1696 4455 et
1732 4413 1861 4465 vos,
1898 4397 2000 4454 de-

416 4506 593 4569 putate
622 4512 719 4552 vos
759 4503 976 4567 peccato
1012 4503 1283 4563 mortuos,
1323 4493 1453 4549 solis
1490 4493 1671 4563 vivere
1706 4500 1762 4548 et
1796 4493 2000 4548 servire

416 4592 719 4647 virtutibus.

483 4686 620 4740 Anc.
661 4681 706 4738 0
734 4681 865 4736 mira
890 4678 1191 4750 expositio!
1233 4676 1521 4747 Apostolus
1556 4675 1686 4730 dicit
1722 4673 1995 4731 Christum

416 4783 636 4846 peccato
667 4782 934 4829 mortuum
961 4788 975 4825 :
1007 4779 1060 4825 et
1084 4776 1138 4823 tu
1163 4768 1318 4830 dicis,
1343 4768 1393 4822 id
1420 4776 1522 4830 est,
1549 4775 1763 4837 propter
1784 4774 1995 4837 peccata

311 4866 317 4871 ’
416 4875 618 4923 nostra.
643 4865 785 4935 Ergo
814 4862 954 4933 quod
982 4860 1115 4916 dicit
1142 4860 1254 4923 ille,
1284 4857 1376 4915 Sic
1401 4869 1447 4932 et
1472 4874 1559 4912 vos
1595 4858 1876 4911 existimate.
1910 4873 1997 4911 vos

414 4968 638 5013 mortuos
663 4972 771 5010 esse
803 4962 1004 5025 peccato
1032 4967 1051 5005 :
1090 4951 1191 5004 hoc
1231 4947 1493 5019 putandus
1519 4956 1602 5003 est
1636 4945 1838 5012 dicere,
1870 4946 1997 5001 Exi-

414 5049 624 5104 stimate
672 5059 767 5101 vos
813 5051 1054 5099 mortuos
1102 5054 1222 5095 esse
1267 5046 1486 5109 propter
1529 5045 1747 5108 peccata
1781 5036 1996 5091 vestra?

413 5139 527 5199 Non
567 5138 750 5208 utique
776 5136 881 5191 hoc
905 5133 1032 5190 dicit
1051 5133 1156 5188 isto
1176 5131 1340 5197 loco;
1380 5144 1481 5189 nec
1509 5140 1566 5184 tu
1603 5128 1683 5185 sic
1720 5127 1993 5199 intelligis,

416 5228 508 5286 sed
536 5236 759 5300 peccato
788 5235 1053 5292 mortuos,
1081 5240 1147 5280 ne
1172 5231 1390 5297 peccato
1415 5221 1675 5282 viverent,
1702 5218 1994 5275 conﬁteris.

412 5321 646 5378 Ostende
683 5335 811 5390 ergo
837 5327 892 5372 et
915 5315 1187 5372 Christum
1235 5323 1501 5369 mortuum
1549 5312 1712 5368 fuisse
1755 5320 1990 5381 peccato,

344 5414 392 5502 θ
414 5430 481 5471 ne
505 5410 943 5469 inconvenienter
971 5407 1258 5480 Apostolus
1290 5405 1507 5470 dixerit,
1533 5406 1682 5502 sic-et
1719 5420 1826 5458 vos.
1864 5403 1997 5457 Pro-

417 5515 533 5573 pter
554 5500 846 5558 auferenda
875 5498 1018 5555 enim
1058 5508 1241 5553 nostra
1271 5506 1509 5567 peccata.
1540 5494 1633 5550 sed
1662 5505 1834 5549 tamen
1869 5508 1997 5564 pec-

417 5605 540 5662 cato
578 5602 822 5649 mortuus
846 5600 928 5647 est
951 5608 965 5645 :
989 5599 1046 5645 et
1069 5590 1172 5645 hoc
1205 5588 1493 5659 quomodo,
1525 5588 1613 5656 qui
1654 5586 1855 5641 nullum
1896 5585 1995 5639 ha-

479 5689 496 5718 ι
524 5692 754 5736 veterum
779 5683 1011 5733 librorum
1048 5681 1335 5740 auctoritate
1363 5679 1662 5730 restituimus
1699 5678 1804 5727 haec
1826 5679 1995 5740 veris,

413 5747 535 5802 sicut
557 5735 759 5810 credunt
781 5758 868 5810 per
890 5758 977 5796 ora
998 5735 1297 5808 gestautiwn.

481 5812 499 5841 ί
523 5809 655 5869 Εάίιί,
682 5801 902 5871 deputata
939 5801 1266 5857 commonitos.
1298 5809 1352 5854 Αι
1367 5809 1497 5863 Mss,
1520 5801 1743 5867 depuwte
1766 5812 1844 5853 eos
1866 5813 1995 5852 mor-

415 5879 537 5927 (MS.

2118 1008 2236 1063 ‘cati
2286 1025 2300 1062 :

2116 826 2282 884 ‘nisse
2312 831 2489 885 carnis
2517 833 2716 901 peccati
2745 832 2920 905 (Rom.
2944 852 3060 903 vut,
3090 838 3186 909 3);
3235 842 3482 910 quoniam
3513 843 3564 898 in
3595 861 3726 901 vera

2134 931 2296 999 carne
2320 922 2485 988 venit,
2509 923 2602 979 sed
2631 940 2737 980 non
2768 926 2909 983 sicut
2947 928 3037 983 alii
3069 928 3312 986 homines
3333 932 3385 987 in
3414 948 3576 990 carne
3596 951 3722 1006 pec»-

2356 1020 2595 1068 mortuus
2632 1023 2716 1071 est
2765 1032 2895 1090 ergo
2942 1018 3034 1074 ille
3081 1019 3445 1079 similitudini‘
3489 1031 3716 1095 peccati,

2132 1115 2289 1171 quam
2335 1105 2553 1175 gerebat
2595 1106 2649 1162 in
2674 1122 2836 1165 carne
2869 1110 3117 1178 mortali;
3170 1127 3235 1168 ac
3277 1116 3357 1171 sic
3402 1118 3715 1188 mysterium

2131 1204 2329 1251 nostra!
2358 1198 2544 1254 salutis
2574 1200 2832 1271 implevit,
2861 1214 2919 1257 ut
2958 1218 3058 1260 nos
3097 1213 3319 1275 peccato
3359 1223 3713 1271 moreremur.

2128 1285 2281 1355 cujus
2312 1288 2400 1342 ille
2426 1290 2826 1348 similitudinem
2868 1296 3071 1365 gessit:
3106 1296 3229 1353 ideo
3254 1296 3306 1352 in
3340 1309 3513 1355 morte
3550 1300 3715 1372 ipsius

2128 1378 2495 1449 baptizamur;
2525 1384 2647 1454 quia
2680 1386 2818 1441 sicut
2854 1387 2906 1442 in
2947 1388 3040 1443 illo
3069 1404 3194 1444 vera
3242 1406 3388 1446 mors
3430 1391 3563 1448 facta
3608 1404 3714 1458 est,

2126 1469 2292 1526 ita'in
2324 1474 2477 1530 nobis
2522 1492 2643 1532 vera
2678 1477 2737 1532 ﬁt
2765 1481 3010 1535 remissio
3055 1491 3417 1550 peccatorum.
3466 1485 3573 1542 Sed
3621 1486 3712 1543 hic

2124 1571 2250 1616 sunt
2274 1571 2326 1618 et
2353 1566 2554 1634 parvuli
2585 1585 2599 1622 :
2640 1568 2951 1640 Quicumque
2978 1573 3123 1626 enim
3168 1573 3410 1644 baptizati
3454 1595 3628 1633 sumus
3655 1579 3711 1633 iu

2124 1652 2323 1710 Christo
2366 1655 2514 1721 Iesu,
2563 1659 2617 1714 in
2658 1671 2818 1717 morte
2857 1663 3015 1731 ipsius
3062 1663 3304 1735 baptizati
3349 1684 3545 1723 sumus.
3594 1669 3710 1726 Non

2122 1746 2263 1800 enim
2299 1747 2377 1802 sic
2414 1748 2655 1807 homines
2681 1752 3012 1823 haptizantur
3047 1755 3098 1809 in
3125 1756 3356 1817 Christo.
3388 1769 3442 1813 ιιι
3467 1761 3626 1830 aliqui
3655 1761 3708 1815 in

2120 1846 2295 1892 morte
2322 1837 2507 1908 ipsius,
2535 1841 2698 1912 aliqui
2736 1858 2845 1899 non
2875 1845 2927 1899 in
2955 1854 3124 1900 morte
3155 1846 3318 1917 ipsius
3341 1847 3708 1918 baptizentur;

2119 1927 2212 1981 sed
2242 1928 2379 1984 sicut
2419 1931 2513 1995 ait,
2554 1931 2609 1987 in
2638 1946 2744 2004 quo
2781 1936 3097 2006 loquebatur
3128 1937 3241 2009 ipse
3267 1939 3531 2006 Christus,
3572 1940 3707 2010 Qni-

2117 2033 2345 2090 eumque
2383 2020 2717 2094 baptizantur
2739 2027 2792 2082 in
2822 2027 3038 2084 Christo
3079 2028 3225 2097 Iesu,
3250 2032 3301 2085 in
3342 2042 3511 2088 morte
3540 2036 3708 2103 ipsius

2117 2108 2487 2180 baptizantur:
2519 2132 2582 2172 ac
2622 2133 2720 2189 per
2760 2119 2884 2185 hoc,
2914 2122 3234 2194 quicumque
3275 2124 3612 2195 baptizautur
3649 2128 3702 2181 in

2116 2199 2329 2259 Christo
2355 2204 2500 2273 Iesu,
2536 2221 2753 2279 peccato
2773 2214 3090 2268 moriuntur.
3123 2215 3214 2270 δι’
3240 2218 3573 2286 quicumque;
3602 2219 3707 2274 nti-

2115 2308 2219 2363 que
2243 2303 2299 2350 et
2328 2299 2568 2364 parvuli:
2607 2300 2701 2356 sed
2737 2302 2821 2357 cui
2862 2314 3084 2373 peccato
3123 2308 3325 2374 parvuli
3370 2307 3707 2363 ntoriuutnr?

2114 2380 2231 2437 Iam
2263 2385 2478 2443 tandem
2516 2398 2700 2459 quieso
2737 2393 3087 2448 conﬁteatur'
3114 2396 3406 2467 generatio,
3440 2414 3507 2453 ne
3548 2415 3700 2452 men-

2116 2475 2277 2530 tiatur
2307 2480 2677 2549 regeneratio;
2724 2484 3045 2539 conﬁteatur
3070 2486 3121 2539 in
3150 2488 3383 2555 parvulis
3410 2503 3536 2542 caro
3577 2505 3703 2559 pee-

2114 2568 2240 2633 cati,
2273 2579 2330 2623 ut
2355 2585 2460 2625 non
2492 2580 2716 2641 negetur
2739 2575 2898 2630 etiam
2926 2590 3022 2646 pro
3052 2577 3287 2648 parvulis
3314 2588 3521 2635 mortua
3557 2580 3709 2636 simi-

2114 2657 2282 2713 litudo
2307 2662 2483 2715 carnis
2506 2663 2730 2731 peccati.

2182 2751 2460 2809 CCXXVI.
2500 2753 2621 2811 Ion.
2651 2754 2755 2814 Ubi
2784 2756 2875 2813 hic
2897 2771 3027 2829 ergo
3054 2768 3336 2817 accusatur
3362 2762 3586 2818 natura?
3609 2762 3702 2819 ubi

2111 2838 2360 2898 humanae
2403 2844 2713 2902 substantiae
2754 2850 3038 2919 culpantur
3079 2852 3338 2908 exordia?
3387 2855 3475 2910 ubi
3526 2866 3703 2912 motus

2112 2935 2416 3002 generantis
2463 2938 2742 3008 arguitur?
2789 2940 2933 2996 Luce
2959 2943 3156 2998 clarius
3196 2954 3298 3010 est,
3337 2946 3478 3016 quod
3516 2947 3626 3003 sola
3669 2964 3699 3003 a

2112 3022 2363 3094 Magistro
2404 3025 2653 3082 Gentium
2704 3032 3050 3086 conveniatur
3093 3035 3357 3101 voluntas,
3391 3048 3447 3092 ut
3492 3039 3703 3095 abdicet

2111 3115 2317 3172 occulta
2349 3117 2624 3174 dedecoris
2656 3120 2731 3194 (ll
2760 3121 2879 3176 Cor.
2912 3139 2984 3188 tv,
3015 3124 3094 3192 2),
3124 3136 3177 3181 et
3207 3126 3260 3181 in
3301 3128 3573 3184 meliorem
3619 3133 3700 3186 vi-

2113 3214 2218 3262 tam
2248 3216 2457 3263 actuum
2485 3211 2816 3269 correctione
2864 3214 3126 3283 proﬁciat.
3165 3214 3270 3271 Sed
3313 3217 3424 3288 jam
3470 3221 3699 3291 accipiat

2110 3299 2371 3368 expositio
2393 3309 2572 3355 nostra
2601 3302 2998 3372 compendium,
3031 3321 3131 3361 nec
3155 3307 3493 3379 interpretari
3526 3312 3575 3365 iu
3611 3312 3695 3368 his

2098 3389 2241 3445 locis
2267 3389 2405 3446 dicta
2435 3391 2670 3460 Apostoli
2712 3405 3052 3461 perseveret;
3099 3397 3270 3467 ipsum
3307 3399 3375 3455 de
3398 3400 3509 3456 suis
3532 3402 3701 3459 disse-

2109 3490 2320 3536 rentem
2350 3482 2596 3537 sensibus
2620 3476 2917 3537 audiamus.
2956 3483 3012 3540 In
3043 3486 3148 3542 ﬁne
3176 3487 3546 3559 disputationis
3583 3493 3699 3559 ejus

2108 3571 2422 3641 apparebit,
2464 3573 2618 3641 cujus
2661 3573 2893 3644 dogmati
2944 3574 3182 3648 ﬁdeique
3228 3583 3547 3637 consentiat.
3594 3584 3703 3641 Nos

2108 3677 2304 3731 nempe
2330 3662 2578 3730 dicimus,
2608 3663 2677 3720 de
2700 3675 2920 3735 peccato
2947 3668 3259 3737 Apostolqu
3289 3670 3572 3728 voluntatis
3603 3673 3702 3726 liu-

2108 3770 2316 3822 manaz,
2354 3771 2475 3827 quze
2525 3756 2578 3811 in
2630 3773 2950 3829 unoquoque
2995 3770 3252 3830 peccante
3288 3772 3406 3830 est,
3464 3764 3701 3820 loculum

2108 3844 2316 3903 fuisse:
2358 3857 2413 3903 tu
2455 3863 2606 3917 vero,
2632 3848 2701 3906 de
2740 3865 2807 3907 eo
2838 3851 2979 3922 quod
3022 3853 3218 3909 Fausto
3255 3857 3448 3920 credis,
3478 3874 3701 3929 genera-

2108 3939 2254 3994 tione
2284 3940 2680 4009 transmissum,
2709 3952 2764 3999 et
2790 3958 2819 3996 a
2845 3944 3052 4000 cmictis
3079 3946 3196 4002 sine
3222 3947 3492 4005 voluntate
3519 3966 3701 4006 susce-

2107 4037 2279 4101 ptum.
2307 4028 2748 4088 Concertationes
2778 4034 2955 4105 itaque
2981 4045 3199 4101 nostrae,
3226 4038 3271 4094 si
3304 4038 3494 4108 placet,
3526 4040 3698 4095 faces-

2105 4132 2261 4188 sant;
2297 4131 2353 4179 et
2379 4134 2436 4178 ut
2460 4124 2804 4182 mediocriter
2829 4139 3005 4198 agam.
3029 4129 3429 4188 dissinmlcmus
3458 4134 3701 4203 Apostoli

2104 4205 2437 4278 dignitatem,
2468 4223 2570 4277 qua
2617 4210 2888 4279 prtescribi
2931 4223 3142 4282 posset,
3182 4216 3389 4270 etiamsi
3417 4217 3567 4273 vobis
3605 4234 3704 4287 per

2104 4297 2280 4352 omnia
2310 4298 2427 4368 ejus
2452 4298 2613 4354 verba
2643 4300 3011 4369 concinerent,
3036 4313 3212 4360 tamen
3242 4306 3388 4361 illum
3418 4323 3515 4376 pro
3534 4308 3698 4363 uilicii

2104 4389 2186 4445 sui
2212 4389 2498 4460 splendore
2543 4391 2671 4447 nihil
2703 4401 2808 4447 tam
2850 4393 3091 4451 deforme
3117 4398 3385 4463 sensisse;
3433 4399 3696 4471 ambigui-

2106 4489 2268 4536 tatem
2313 4495 2435 4539 esse
2480 4482 2860 4550 elocutionum.
2894 4500 2999 4540 non
3045 4501 3300 4543 sensuum
3348 4492 3696 4560 pravitatem:

2105 4570 2207 4626 hoc
2234 4571 2406 4627 solum
2434 4574 2483 4629 ei
2526 4572 2579 4628 in
2609 4575 2861 4645 praesenti
2905 4580 3118 4649 negotio
3143 4579 3488 4645 concedatur,
3532 4590 3589 4636 ut
3617 4579 3702 4636 vir

2103 4681 2209 4720 non
2241 4667 2566 4737 perturbata:
2612 4668 2829 4737 mentis.
2878 4670 3047 4741 magis
3090 4672 3287 4742 scripta
3327 4687 3421 4727 sua
3451 4688 3607 4742 quam
3639 4684 3699 4727 tu

2102 4756 2431 4812 intellexisse
2470 4757 2737 4813 credatur.
2793 4757 2916 4814 Non
2961 4775 3081 4831 ergo
3108 4770 3314 4832 regnet,
3345 4762 3545 4831 inquit,
3578 4779 3695 4829 pee-

2101 4860 2270 4904 cutum
2288 4850 2342 4903 in
2365 4859 2523 4903 vestro
2540 4850 2751 4904 mortali
2770 4866 2983 4922 corpore
2999 4852 3068 4904 ad
3091 4852 3425 4906 obediendum
3445 4854 3491 4907 ei
3515 4854 3695 4925 (Rom.

2100 4957 2176 5003 Vl.
2220 4939 2332 5014 12).
2370 4941 2587 4996 Possem
2613 4940 2725 5011 jam
2771 4940 2860 4996 hic
2899 4941 3101 5009 dicere,
3132 4942 3515 4999 exhortationis
3544 4948 3693 5002 testi-

2102 5030 2285 5086 monio
2310 5031 2592 5101 probatum
2626 5047 2770 5097 esse,
2793 5030 2863 5087 de
2901 5032 3135 5102 peccatis
3162 5048 3286 5089 eum
3315 5049 3474 5105 agere
3499 5033 3695 5093 volu'n-

2101 5122 2270 5177 tatis:
2301 5122 2423 5194 quia
2472 5121 2607 5177 mala
2658 5122 2701 5178 si
2748 5131 2929 5179 essent
2976 5124 3257 5190 naturalia,
3291 5140 3387 5196 per
3434 5126 3700 5197 justitiam

2102 5211 2315 5270 defendi
2345 5221 2579 5283 possent,
2602 5227 2697 5282 per
2717 5212 3139 5268 misericordiam
3172 5225 3443 5284 postremo
3469 5217 3696 5280 deﬁeri;

2102 5306 2251 5361 nullo
2299 5317 2476 5362 autem
2522 5318 2679 5376 pacto
2737 5305 3156 5362 admonerentur
3195 5308 3452 5364 cavenda.
3496 5309 3700 5378 Quovis

2102 5400 2245 5455 enim
2276 5400 2500 5455 naturali
2528 5398 2694 5466 malo,
2721 5399 2765 5455 si
2792 5399 2958 5454 ullum
2986 5414 3107 5457 esse
3132 5410 3334 5473 posset,
3360 5401 3461 5458 hoc
3489 5403 3693 5457 malum

2168 5556 2186 5627 ξ
2220 5554 2358 5627 ξρξιξ,
2381 5551 2910 5627 similitudineﬂerms
2920 5561 3048 5627 lusa...
3072 5554 3394 5627 similitudim.
3579 5615 3591 5627 υ
3739 5568 3744 5575 '

2165 5616 2187 5647 ³
2220 5615 2365 5676 aditi,
2388 5621 2583 5678 peccato
2603 5615 2889 5666 moriuntur.
2932 5616 3256 5680 Quicmque,
3280 5616 3472 5680 utique,

2136 5675 2179 5729 i:
2200 5676 2330 5729 quod
2354 5690 2417 5727 ex
2441 5677 2776 5729 manuscrintis
2796 5679 3086 5729 restituitur.

2101 5689 2179 5739 ss;
2200 5689 2330 5740 quoa
2354 5690 2417 5727 ex
2441 5689 2776 5740 manuscripus
2796 5689 3086 5729 restituitur.
3502 5735 3512 5745 .

2132 5739 2190 5812 __‘
2211 5738 2349 5812 tta‘in
2372 5740 2719 5812 atauusaiptts
2734 5740 2906 5812 verbo,
2942 5737 3245 5812 confiteatur,
3271 5737 3367 5812 illic
3390 5747 3581 5812 passive
3600 5746 3692 5812 pq

2103 5801 2214 5912 33?.-
2243 5807 2298 5850 Αῑ
2318 5798 2553 5911 “magilis.
2577 5798 2856 5865 conﬁteatur
2877 5798 3198 5866 generatione,
3223 5798 3475 5849 mentiatur
3501 5805 3690 5856 regem.

2106 5875 2131 5910 r
2182 5874 2286 5913 torte
2313 5873 2328 5911 :
2453 5874 2502 5909 e.
3619 5909 3625 5913 Δ
