4126 6506
476 344 615 400 ιξιδ

472 470 590 516 erat
629 460 802 532 majus
828 460 1069 532 insaniae,
1096 476 1200 533 qua
1228 460 1528 526 tenebatur,
1556 458 1873 531 quicumque
1901 454 2057 510 devo~

475 556 672 610 tionem
701 554 756 610 in
785 554 1040 611 cavendis
1079 554 1240 612 rebus
1270 552 1597 611 naturalibus
1621 551 1884 622 exigebat.
1923 549 2066 619 Apo-

470 645 644 701 stolus
666 654 844 702 autem
871 646 1005 702 nihil
1025 646 1202 711 sanxit
1222 645 1364 717 quod
1392 644 1557 716 possit
1575 643 1696 714 jure
1722 638 2062 711 reprehendi.

471 734 757 792 Peccatum
802 736 981 808 itaque
1022 737 1313 793 voluntatis
1354 734 1608 803 ostendit,
1649 732 1791 805 quod
1834 732 2066 788 inculcat

472 826 669 883 debere
696 826 877 882 vitari.

542 918 679 974 Anc.
719 916 850 985 Quis
887 918 1096 989 ignorat
1123 933 1228 973 non
1277 917 1424 988 loqui
1461 916 1776 988 Apostolum
1807 915 2061 987 parvulis,

470 1005 566 1063 sed
593 1008 674 1063 eis
699 1009 786 1077 qui
818 1018 1043 1080 possunt
1079 1009 1376 1080 intelligere
1415 1008 1573 1064 verba
1604 1008 1853 1075 dicentis,
1886 1016 1942 1063 ct
1968 1007 2064 1062 ad-

472 1096 688 1168 iuvante
733 1099 827 1155 Dei
873 1101 1040 1172 gratia
1093 1100 1312 1157 obedire
1359 1100 1678 1173 praeceptis?
1726 1099 1833 1157 Sed
1882 1099 2062 1170 utique

470 1202 635 1263 agunt
656 1193 817 1249 etiam
853 1209 975 1248 cum
1002 1192 1127 1249 ﬁliis
1155 1194 1287 1261 suis,
1316 1201 1374 1248 ut
1396 1193 1845 1265 quemadmodum
1870 1194 2064 1247 crescit

473 1282 525 1338 in
546 1282 627 1338 eis
654 1283 877 1338 rationis
899 1300 1047 1348 usus,
1077 1284 1147 1338 ita
1173 1293 1454 1340 exseratur
1478 1283 1797 1340 obedientim
1825 1282 2056 1346 fructus;

472 1388 540 1429 ne
568 1373 621 1429 in
652 1389 877 1429 vacuum
896 1377 1121 1445 gratiam
1150 1375 1241 1431 Dei
1263 1376 1594 1445 susceperint
1625 1373 1700 1449 (ll
1729 1374 1848 1431 Cor.
1878 1390 1954 1441 vn,
1985 1374 2057 1446 l),

470 1466 684 1537 quando
722 1468 1022 1539 regenerati
1063 1476 1208 1534 sunt,
1241 1468 1559 1525 nescientes.
1588 1467 1965 1524 Verumtamen
1998 1467 2061 1522 il—

471 1559 578 1616 lam
631 1560 907 1631 pulchram
956 1571 1257 1631 suseeptam
1311 1568 1634 1633 tuam,‘qute
1680 1560 1938 1617 deformis
1979 1569 2062 1615 est

473 1652 725 1708 omnibus
750 1652 1167 1710 debellatoribus
1208 1653 1340 1719 suis,
1367 1654 1855 1725 concupiscentiam
1884 1652 2061 1709 carnis

470 1743 611 1813 dico,
642 1760 741 1815 per
767 1760 927 1815 quam
956 1744 1213 1809 nascitur,
1242 1754 1297 1802 et
1323 1761 1447 1801 cum
1474 1761 1578 1817 qua
1611 1746 1846 1800 nascitur
1866 1743 2057 1800 homo:

470 1835 607 1892 hanc
633 1850 761 1908 ergo
781 1835 1266 1908 concupiscentiam
1291 1836 1490 1902 carnis,
1508 1834 1748 1891 cohiberi
1774 1834 2061 1905 Apostolus

466 1929 727 2000 prsecipit,
752 1944 852 1984 nec
881 1943 1107 2001 regnare
1148 1928 1425 1998 permittit,
1466 1943 1693 1999 eamque
1732 1928 1933 1998 peccati
1963 1941 2061 1981 uo-

466 2021 611 2076 minc
655 2020 921 2091 appellat;
956 2019 1080 2091 quia
1125 2020 1287 2075 et'de
1333 2022 1506 2090 primo
1551 2028 1772 2090 peccato
1801 2020 2057 2091 originem

465 2111 632 2179 ducit,
665 2120 720 2167 et
760 2111 999 2183 quisquis
1027 2111 1143 2182 ejus
1185 2112 1418 2167 motibus
1454 2110 1521 2167 ad
1553 2112 1733 2167 illicita
1773 2127 2063 2167 consense-

470 2200 558 2263 rit,
587 2210 775 2271 peccat
802 2219 816 2256 :
845 2217 965 2274 qua:
990 2211 1116 2258 tunc
1146 2204 1284 2257 nulla
1312 2204 1415 2259 erit
1443 2203 1494 2258 in
1519 2204 1695 2271 nobis,
1721 2203 1933 2274 quando
1961 2204 2060 2259 imi-

468 2294 693 2348 mortale
716 2308 914 2364 corpus
957 2293 1272 2351 habebimus
1302 2312 1321 2352 :
1351 2295 1578 2366 ideoque
1614 2313 1735 2352 cum
1761 2308 1944 2369 posset
1973 2296 2058 2351 di-

466 2397 611 2447 cere,
642 2381 763 2438 Non
792 2393 962 2455 regnet
1000 2396 1260 2454 peccatum
1293 2386 1347 2439 in
1373 2398 1534 2441 vestro
1577 2404 1807 2458 corpore,
1846 2403 1941 2442 cur
1966 2387 2061 2442 ad-

465 2473 602 2529 didit
635 2474 875 2541 verbum,
907 2485 962 2532 et
986 2477 1081 2544 ait,
1110 2476 1164 2531 in
1202 2487 1364 2531 vestro
1392 2478 1594 2531 mortali
1616 2494 1847 2548 corpore,
1877 2479 1975 2533 nisi
2004 2488 2062 2533 ut

469 2576 596 2621 tunc
623 2582 964 2637 spcraremus
1002 2569 1183 2636 istam,
1212 2584 1371 2640 quam
1409 2579 1683 2639 peccatum
1726 2579 1900 2637 vocat,
1927 2584 2060 2625 con»

467 2657 852 2727 cupiscentiam
896 2675 1002 2714 non
1043 2656 1298 2724 futuram,
1328 2658 1542 2730 quando
1570 2658 1796 2715 mortale
1834 2675 1940 2714 non
1966 2658 2064 2713 ha-

466 2749 714 2805 bebimus
738 2751 974 2820 corpus?
1000 2749 1131 2805 Nam
1162 2759 1216 2805 tu
1243 2750 1331 2806 dic
1360 2750 1532 2816 nobis,
1560 2765 1657 2805 cur
1679 2766 1785 2805 non
1812 2750 1907 2816 ait,
1938 2749 2061 2806 Non

464 2841 533 2895 sit
582 2851 842 2912 peccatum
879 2842 932 2896 in
960 2851 1121 2897 vestro
1147 2841 1352 2896 mortali
1391 2858 1634 2915 corpore;
1677 2842 1771 2898 sed
1800 2843 1893 2909 ait,
1936 2841 2060 2897 Non

464 2942 636 3006 regnet
662 2949 683 2988 :
722 2934 821 2989 nisi
843 2935 962 3006 quia
996 2935 1095 2990 ista
1122 2934 1572 3004 concupiscentia,
1602 2950 1719 3006 qua;
1754 2951 1857 2991 non
1885 2944 2061 3006 potest

464 3006 568 3080 nisi
594 3040 715 3081 esse
741 3026 792 3080 in
827 3041 991 3083 carne
1030 3026 1262 3093 mortali,
1295 3026 1347 3081 in
1382 3027 1461 3082 eis
1490 3037 1695 3098 regnat,
1726 3029 1814 3099 qui
1843 3028 2059 3087 deside-

465 3114 560 3171 riis
596 3115 713 3185 ejus
742 3117 808 3172 ad
843 3117 984 3171 mala
1029 3117 1381 3187 perpetranda
1409 3119 1781 3185 consentiunt;
1826 3129 1883 3176 et
1907 3119 2058 3177 abea

465 3224 802 3280 quocumque
843 3210 1091 3277 illexerit,
1120 3211 1246 3266 victi
1291 3211 1672 3282 pertrahuntur
1712 3212 1913 3284 majore
1954 3214 2054 3271 im‘

468 3307 613 3368 petu,
640 3300 792 3369 quia'
836 3299 951 3372 iege
979 3299 1348 3372 prohibentur,
1375 3302 1418 3357 si
1448 3302 1617 3374 gratia
1644 3318 1749 3358 non
1774 3303 2054 3374 juvantur:

468 3392 519 3445 in
563 3391 644 3447 eis
671 3403 872 3460 autem,
899 3393 988 3465 qui
1033 3394 1147 3450 Deo
1172 3395 1404 3451 donante
1442 3397 1642 3452 faciunt
1667 3398 1807 3469 quod
1853 3415 2056 3469 praece-

466 3493 614 3551 ptum
652 3493 756 3552 est,
788 3485 837 3540 id
868 3495 968 3551 est,
997 3498 1280 3544 commotae
1317 3497 1477 3561 atque
1520 3489 1735 3546 instanti
1775 3507 1883 3547 non
1926 3491 2058 3549 obe-

464 3577 640 3645 diunt,
676 3594 776 3635 nec
803 3580 852 3634 ei
881 3596 1030 3635 arma
1070 3580 1320 3638 exhibent
1353 3583 1616 3650 membra,
1648 3584 1788 3641 inest
1814 3584 2053 3656 quidem,

464 3668 556 3725 sed
589 3685 693 3725 non
722 3678 927 3743 regnat.
957 3670 1224 3728 Probatur
1247 3684 1426 3730 autem
1453 3675 1685 3742 inesse',
1707 3675 1833 3731 dum
1859 3691 2058 3733 concu-

463 3759 737 3829 piscuntur
785 3762 921 3816 mala
954 3781 967 3817 :
998 3770 1051 3818 ct
1095 3763 1350 3834 probatur
1388 3781 1491 3821 ιιοιι
1522 3781 1769 3837 regnare,
1800 3767 1926 3822 dntn
1963 3767 2054 3837 ju-

460 3851 618 3906 stitim
640 3850 994 3910 delectatiOne
1020 3855 1265 3911 vincente
1291 3873 1395 3912 non
1427 3858 1577 3913 fiunt.
1606 3858 1887 3928 Quomodo
1911 3862 2053 3916 cnim

461 3942 795 4013 pra'cipimur
816 3945 864 3999 ei
892 3961 1000 4000 non
1016 3946 1255 4015 obedire,
1280 3950 1378 4004 nisi
1394 3949 1624 4020 jubenti,
1643 3956 1757 4007 sive
1776 3951 2055 4008 suadenti?

460 4033 738 4098 Quomodo
763 4044 940 4091 autem
970 4036 1144 4094 facere
1174 4038 1278 4095 hoc
1308 4050 1502 4109 potest,
1534 4043 1578 4096 si
1606 4059 1710 4096 non
1743 4045 1928 4099 inest?

529 4121 829 4179 CCXXVII.
888 4125 1008 4182 Juc.
1066 4126 1246 4200 Neque
1291 4130 1563 4187 exliibeatis
1614 4133 1836 4188 membra
1890 4144 2053 4190 uestra

455 4229 600 4267 arma
620 4214 898 4285 iniquitatis
923 4229 1127 4288 peccato
1148 4236 1168 4275 :
1196 4221 1285 4275 scd
1306 4223 1532 4279 exhibete
1556 4241 1642 4279 vos
1666 4224 1791 4292 Deo,
1810 4236 2053 4297 tanquam

456 4320 519 4358 ca:
555 4308 764 4361 mortuis
812 4309 1043 4376 uiuentes,
1087 4320 1138 4365 et
1176 4315 1397 4367 membra
1453 4324 1615 4369 vestra
1656 4332 1801 4370 arma
1835 4318 2054 4389 justitiae

460 4394 586 4448 Dco.
653 4395 924 4453 Peccatum
973 4402 1106 4453 enim
1156 4402 1209 4454 in
1255 4402 1391 4457 vobis
1438 4420 1540 4458 non
1584 4404 1874 4460 dominatur
1901 4424 1920 4460 :
1950 4426 2050 4463 non

455 4487 587 4540 enim
622 4488 713 4540 sub
742 4489 851 4560 lege
870 4490 1006 4557 estis,
1032 4492 1121 4546 sed
1146 4493 1237 4547 sub
1263 4496 1428 4564 gratia
1460 4495 1636 4565 (Rom.
1670 4514 1742 4565 vl,
1781 4500 1845 4556 l5
1865 4511 1911 4555 et
1936 4503 2045 4570 H).

460 4576 556 4638 Eo,
582 4576 769 4648 inquit,
801 4579 1007 4634 debetis
1042 4582 1244 4638 servire
1272 4584 1380 4640 Deo
1410 4585 1637 4650 ﬁdelius,
1668 4605 1773 4659 quo
1796 4590 1957 4646 etiam
1990 4592 2051 4647 li-

458 4667 707 4725 bet-alius.
750 4669 1034 4726 Peccatum
1073 4673 1270 4744 quippe
1307 4675 1680 4734 dominabatur
1723 4680 1892 4748 vobis,
1926 4700 2046 4738 cum

456 4769 693 4818 reatuum
723 4762 1063 4834 impendebat
1090 4766 1253 4828 ultio;
1283 4779 1464 4838 postea
1483 4781 1660 4827 autem
1687 4789 1845 4843 quam
1877 4776 2046 4845 gratia

458 4849 547 4904 Dei
593 4852 883 4909 bcneticia'
926 4857 1202 4912 consecuti
1245 4861 1391 4925 esus,
1422 4869 1476 4917 et
1500 4861 1759 4931 depositis
1803 4875 2043 4921 reatuum

456 4943 779 5011 pettderibus
826 4949 1156 5019 respirastis,
1204 4951 1432 5021 ingenuo
1484 4956 1686 5025 pudore
1732 4959 2045 5015 commoniti

454 5033 661 5090 debetis
687 5038 912 5104 gratiaut
942 5040 1143 5097 referre
1168 5042 1475 5100 tnedicanti.

526 5126 662 5183 Anc.
704 5127 783 5183 Tu
815 5141 993 5185 vestro
1034 5147 1207 5200 more,
1234 5135 1322 5205 qui
1352 5135 1420 5191 de
1453 5147 1632 5193 vestro
1659 5137 1932 5196 descendit
1958 5157 2045 5197 er-

451 5232 595 5285 rore,
619 5233 723 5273 non
748 5222 993 5290 agnoscis
1030 5224 1253 5293 gratiam
1282 5225 1381 5280 nisi
1423 5227 1474 5281 in
1512 5227 1824 5285 dimissione
1855 5246 2044 5300 pecca-

451 5316 661 5371 torum;
696 5321 749 5364 ut
779 5311 890 5381 jam
915 5312 984 5370 dc
1009 5323 1207 5372 ca:tero
1234 5333 1328 5387 per
1362 5318 1586 5374 liberum
1618 5322 1898 5378 arbitrium
1928 5324 2041 5394 ipse

449 5396 614 5453 homo
653 5418 711 5457 se
748 5402 921 5474 ipsum
968 5403 1189 5462 fabricet
1225 5407 1450 5479 justum.
1484 5409 1587 5467 Sed
1624 5428 1727 5468 non
1774 5413 1875 5470 hoc
1914 5416 2043 5470 dicit

508 5577 530 5656 ξ
848 5594 976 5656 cum.
1008 5583 1298 5656 vignierius,
1322 5585 1518 5656 mti._ttt
1540 5592 1867 5656 tuanusu-ipti,
1905 5593 2037 5656 quia.

439 5696 449 5714 ε
474 5713 477 5714 ν
508 5641 530 5670 ’
554 5642 700 5712 Editi,
725 5643 953 5714 probatur
975 5641 1134 5696 autim
1154 5659 1256 5697 esse
1271 5641 1294 5709 ;_
1312 5641 1361 5700 et
1382 5649 1520 5710 inira,
1544 5651 1586 5700 si
1608 5664 1700 5701 non
1720 5641 1805 5702 est.
1833 5641 1887 5704 tit
1910 5641 2037 5714 55s.,

432 5712 610 5757 ωηερε.
635 5712 771 5754 mest.

510 5764 535 5794 ⁸
551 5770 621 5815 διε
647 5774 746 5817 uss.
775 5767 890 5817 editi
923 5783 1051 5827 ὀι-υ,
1073 5770 1247 5831 gratia:
1272 5771 1529 5836 bear/icio;
1546 5776 1742 5837 omisso,
1776 5775 1876 5827 Dei.

1127 341 1373 401 OPEl'tlS
1408 339 1825 399 IMPERFECTI
1861 338 2055 397 CONTI

2179 336 2546 407 JULIANUM,
2588 340 2647 398 S.
2690 340 3059 400 AUGUSTINI

1462 6485 2133 6504 ρ---λᾼ-

3623 355 3753 409 lt!“

2172 452 2430 519 Ecclesia,
2468 470 2586 525 quie
2629 454 2823 512 clamat
2870 466 2998 524 tota,
3029 457 3170 528 quod
3213 458 3396 515 didicit
3435 477 3464 515 a
3510 463 3761 534 Magistro

2173 544 2355 599 bono:
2386 543 2469 600 Ne
2496 562 2588 601 nos
2618 547 2807 618 inferas
2845 552 2898 602 in
2928 551 3249 605 tentatiouem
3285 549 3495 619 (.Ilattn.
3530 568 3599 616 vt,
3636 555 3754 611 l5):

2173 653 2277 691 non
2322 636 2425 693 hoc
2458 636 2606 705 dicit,
2632 641 2719 710 qui
2748 640 2895 707 dicit,
2928 641 3147 696 Oramus
3174 652 3342 696 autem
3380 643 3448 696 ad
3495 642 3673 709 Deum,
3700 662 3761 701 ne

2169 729 2294 799 quid
2318 730 2519 802 faciatis
2557 731 2681 785 mali
2709 730 2781 800 (ll
2803 730 2923 789 Cor.
2952 750 3067 800 xm,
3104 736 3158 806 7)
3190 753 3202 790 :
3237 752 3342 791 non
3380 737 3481 791 hoc
3515 738 3641 793 dicit
3668 740 3756 810 qui

2169 817 2315 886 dicit,
2350 818 2545 892 Rogavi
2570 840 2663 893 pro
2688 833 2754 891 te,
2783 822 2954 892 Petre,
2982 843 3045 880 ne
3074 829 3277 896 deﬁciat
3319 828 3446 899 ﬁdes
3486 839 3571 883 tua
3606 830 3755 901 (Luc.

2169 925 2300 973 xxu,
2330 910 2445 983 δί).
2480 910 2585 967 Isto
2623 913 2766 970 enim
2812 914 2973 971 modo
3017 918 3184 988 gratia
3232 927 3289 972 ut
3326 935 3432 974 non
3480 935 3760 990 peccemus

2167 999 2314 1068 facit,
2334 1017 2440 1057 non
2465 1019 2586 1073 quae
2615 1005 2949 1074 peccavimus
2968 1008 3140 1064 diluit.
3164 1008 3401 1081 Utroque
3427 1012 3569 1065 enim
3601 1013 3760 1068 modo

2166 1090 2385 1162 adjuvat
2418 1094 2607 1165 gratia,
2634 1104 2688 1151 et
2727 1096 3044 1154 dimittenda
3082 1116 3202 1171 qua:
3243 1102 3381 1157 male
3425 1102 3666 1170 fecimus,
3704 1116 3759 1160 et

2166 1185 2474 1257 opitulando
2512 1194 2569 1243 ut
2595 1188 2928 1248 declinemus
2955 1209 2986 1247 a
3021 1195 3174 1251 malis
3212 1205 3267 1251 et
3296 1197 3434 1253 bona
3481 1199 3754 1255 faciamus.

2236 1276 2562 1335 CCXXVIII.
2591 1281 2712 1339 JoL.
2746 1283 2943 1341 Verum
2972 1287 3095 1358 quia
3121 1288 3382 1359 ejusdem,
3407 1308 3566 1361 quam
3594 1307 3756 1363 supra

2166 1380 2503 1440 exposuerat,
2522 1374 2830 1444 quaestionis
2848 1376 3155 1434 incurrebat
3173 1380 3417 1447 occasio;
3445 1390 3502 1436 ut
3516 1397 3754 1453 oppone-

2165 1467 2315 1516 retur
2339 1461 2604 1532 videlicet,
2636 1464 2890 1522 liberatos
2914 1483 2945 1523 a
2968 1467 3105 1538 lege,
3124 1485 3243 1539 qua:
3278 1470 3571 1527 intentabat
3599 1472 3751 1537 iram,

2165 1563 2384 1607 securos
2439 1568 2596 1623 posse
2638 1555 2739 1611 sub
2776 1557 2961 1627 gratiae
3013 1558 3107 1613 Dei
3147 1560 3470 1632 benignitate
3512 1577 3751 1633 peccare,

2164 1642 2400 1699 subdidit
2445 1646 2685 1715 protinus
2716 1665 2729 1699 :
2765 1648 2903 1716 Quid
2926 1651 3091 1722 ergo?
3134 1653 3473 1723 peccabimus,
3516 1656 3755 1725 quoniam

2165 1752 2265 1789 non
2286 1753 2462 1792 sumus
2486 1737 2578 1792 sub
2608 1737 2734 1811 lege.
2758 1741 2846 1795 sed
2868 1741 2959 1796 sub
2985 1743 3149 1815 gratia
3166 1746 3193 1798 .’
3218 1742 3359 1798 Absit
3378 1760 3397 1797 :
3418 1762 3487 1799 an
3513 1748 3755 1818 ignoratis

2162 1829 2403 1899 quoniam
2429 1830 2514 1884 cui
2554 1832 2796 1887 cxlribetis
2837 1851 2924 1889 vos
2966 1852 3131 1891 servos
3157 1836 3224 1890 ad
3251 1837 3602 1905 obedientium,
3627 1840 3755 1894 serui

2162 1920 2283 1974 estis
2319 1922 2428 1993 ejus
2464 1924 2544 1977 cui
2574 1924 2828 1987 obedistis,
2852 1927 2955 1981 sive
2978 1928 3193 1999 peccati,
3220 1929 3322 1983 sive
3346 1929 3639 1985 ob’editiouis
3657 1932 3750 2001 jn-

2163 2011 2313 2065 stitia:
2328 2011 2500 2085 (Rom.
2522 2031 2596 2079 γι,
2627 2016 2750 2072 {Set
2770 2018 2894 2089 l6)?
2919 2019 3106 2075 Iamne
3128 2022 3174 2075 ei
3202 2021 3488 2088 credimus,
3511 2022 3579 2079 de
3602 2023 3755 2094 cujus

2164 2101 2477 2159 disseruerit
2507 2105 2762 2163 hactenus
2792 2109 3098 2166 conditione
3130 2113 3373 2183 peccati?
3414 2112 3526 2179 Cui,
3561 2115 3751 2186 inquit,

2164 2192 2407 2249 exlu'betis
2436 2212 2520 2251 vos
2540 2214 2709 2253 seruos
2735 2200 2807 2253 ad
2828 2202 3181 2271 obedicndum,
3205 2206 3314 2275 ejus
3340 2206 3471 2260 servi
3494 2207 3631 2273 estis,
3652 2208 3754 2262 sive

2166 2286 2378 2353 peccati,
2418 2287 2521 2342 sive
2536 2288 2770 2360 justitiaz.
2799 2289 2898 2347 Ubi
2930 2293 3016 2346 hic
3045 2308 3173 2366 ergo
3207 2294 3467 2351 indicatur
3507 2297 3576 2351 ab
3612 2297 3754 2367 Apo-

2163 2378 2302 2433 stolo
2329 2391 2607 2449 peccatum
2647 2382 2797 2451 illud,
2831 2384 2973 2455 quod
3001 2397 3125 2443 ante
3172 2387 3459 2443 voluntatis
3491 2397 3749 2460 tempora,

2166 2479 2289 2527 ante
2338 2472 2699 2529 obedientium
2753 2477 3020 2543 studium,
3067 2487 3193 2535 ante
3241 2480 3481 2537 scientia:
3528 2491 3583 2538 et
3625 2498 3753 2538 cou-

2166 2546 2405 2618 scientize
2435 2573 2671 2633 a‘tatem,
2702 2566 2832 2635 ipsis
2879 2569 3096 2640 fingitur
3127 2573 3501 2641 supervolasse
3538 2575 3752 2629 semini-

2164 2651 2303 2708 bus?
2344 2655 2491 2725 quod
2506 2664 2653 2713 certe
2673 2658 2773 2713 nisi
2803 2659 2855 2714 in
2884 2660 3298 2718 Manichmorum
3326 2662 3497 2732 libris,
3525 2665 3749 2722 inveniri

2168 2761 2272 2801 non
2300 2757 2493 2817 potest.

2234 2839 2368 2895 Anc.
2410 2838 2527 2896 Non
2580 2851 2704 2897 sunt
2755 2842 3165 2902 Manichaeorum
3216 2848 3359 2915 libri,
3401 2849 3488 2905 ubi
3538 2850 3749 2922 legitur.

2164 2925 2381 2984 Fuimus
2419 2930 2552 2985 enim
2593 2941 2641 2986 et
2676 2950 2767 2987 nos
2810 2944 2993 2990 natura
3038 2936 3135 2999 ﬁlii
3177 2937 3286 3005 ine,
3333 2940 3462 2994 sicut
3508 2950 3553 2996 et
3589 2928 3777 2996 (reteri.

2164 3016 2379 3091 (Ep/tas.
2410 3036 2471 3088 ιι,
2500 3021 2554 3093 3)
2579 3040 2591 3075 :
2619 3021 2792 3093 quod‘
2824 3040 2919 3080 vos
2956 3042 3093 3081 novo
3125 3043 3295 3095 more,
3327 3029 3420 3085 sed
3469 3031 3749 3102 impuden-

2164 3110 2370 3166 tissimo
2412 3127 2527 3175 ore,
2572 3111 2997 3184 interpretamini
3027 3133 3092 3173 ex
3141 3134 3340 3190 grmco,
3371 3130 3426 3176 ut
3468 3116 3753 3193 Apostolus

2163 3201 2363 3283 dixisse
2399 3204 2662 3269 videatur,
2699 3223 2803 3261 non
2852 3219 3073 3275 natura;
3106 3211 3199 3267 sed
3248 3230 3475 3283 prorsus,
3505 3215 3606 3270 hoc
3647 3227 3749 3282 est,

2161 3275 2355 3367 fuimus
2383 3315 2590 3369 prorsus
2620 3300 2727 3370 ﬁlii
2747 3305 2854 3356 irae.
2888 3302 2951 3357 Et
2980 3302 3117 3359 forte
3146 3303 3246 3361 hoc
3277 3306 3563 3363 emendare
3591 3308 3753 3365 aude-

2161 3388 2286 3444 bitis
2327 3391 2378 3445 in
2418 3391 2691 3449 codicibus
2728 3393 2962 3449 vestris:
2993 3412 3097 3451 non
3142 3397 3483 3477 enim’vultis
3525 3399 3748 3470 acquie-

2160 3497 2312 3537 scere
2332 3524 2347 3549 ,
2390 3484 2531 3554 quod
2562 3485 2660 3540 nisi
2689 3484 2823 3553 haec,
2854 3498 3053 3558 quanto
3079 3491 3279 3558 verior,
3314 3499 3461 3546 tanto
3484 3493 3756 3565 antiquior

2161 3572 2297 3629 tides
2327 3585 2489 3641 esset,
2522 3576 2623 3632 hoc
2660 3592 2849 3633 oumes
2878 3578 3028 3635 latini
3072 3580 3289 3637 codices
3333 3598 3437 3637 non
3470 3584 3748 3641 haberent.

2158 3664 2269 3722 Nec
2294 3666 2413 3722 ideo
2450 3676 2626 3723 tamen
2670 3671 2960 3741 Apostolus
3004 3688 3228 3730 monere
3257 3691 3362 3731 non
3390 3675 3589 3742 debuit,
3623 3679 3753 3734 obe-

2159 3758 2410 3816 dieudum
2448 3777 2570 3817 esse
2594 3764 2839 3832 justitize,
2867 3782 2971 3821 non
3019 3753 3255 3838 peccato,
3286 3769 3406 3839 quia
3434 3785 3623 3827 omnes
3652 3771 3750 3827 hoc

2162 3852 2335 3906 mines
2379 3853 2480 3907 sub
2524 3864 2742 3923 peccato
2773 3858 3062 3919 nascimur,
3103 3875 3332 3928 quorum
3380 3860 3495 3931 ipse
3522 3871 3671 3918 ortus
3696 3862 3749 3917 in

2157 3943 2286 3998 vitio
2333 3944 2787 4018 est(Ambrosius,
2844 3948 2930 4003 lib.
2983 3951 3007 4004 ί
3059 3949 3123 4004 de
3177 3950 3499 4017 Paenitentia,
3551 3971 3666 4025 cap.
3714 3956 3752 4009 2

2158 4036 2237 4090 uel
2271 4033 2363 4109 ὅ).
2404 4035 2538 4092 Cum
2564 4037 2706 4093 enim
2733 4040 3092 4107 generationis
3125 4051 3306 4098 reatus
3330 4046 3751 4115 regenerationis

2157 4127 2487 4199 indulgentia
2527 4127 2686 4185 fuerit
2713 4131 3010 4199 absolutus,
3037 4132 3394 4189 obediendum
3421 4144 3503 4191 est
3530 4136 3752 4206 justitite

2156 4219 2390 4290 spiritui,
2422 4221 2507 4276 cui
2550 4223 2877 4291 consentire,
2911 4239 3010 4280 nec
3048 4224 3402 4282 obediendum
3434 4237 3515 4283 est
3547 4244 3750 4286 concu-

2158 4314 2431 4384 piscentize
2456 4315 2655 4381 carnis,
2685 4326 2872 4372 contra
2901 4333 3060 4389 quam
3098 4328 3305 4375 certare
3348 4321 3605 4376 debentes
3634 4342 3649 4377 :
3679 4323 3749 4377 ita

2156 4422 2287 4461 sane
2311 4416 2367 4461 ut
2394 4407 2562 4476 ipsam
2593 4424 2805 4479 quoque
2843 4409 3201 4465 obedientiam
3243 4412 3382 4482 piam
3422 4413 3621 4469 donum
3656 4413 3747 4470 Dei

2154 4512 2275 4552 esse
2321 4497 2743 4567 meminerimus,
2784 4500 2926 4571 quod
2975 4503 3219 4572 promisit
3265 4520 3361 4574 per
3407 4505 3744 4577 pr0phetam,

2153 4589 2358 4655 dicens,
2388 4589 2533 4648 Dabo
2559 4592 2631 4647 eis
2656 4610 2744 4647 cor
2766 4597 3101 4667 cognoscendi
3139 4614 3236 4665 me,
3268 4609 3315 4653 et
3342 4616 3510 4655 aurcs'
3528 4602 3744 4656 audien-

2153 4690 2224 4735 tes
2266 4681 2484 4752 (Jcrent.
2530 4701 2672 4750 XXIV,
2716 4687 2819 4758 7):
2855 4689 2998 4759 quod
3046 4690 3171 4761 quid
3215 4703 3298 4747 est
3338 4692 3512 4760 aliud,
3560 4710 3740 4766 quam,

2155 4773 2512 4830 obedicntcs?

2222 4864 2501 4922 CCXXIX.
2532 4867 2651 4923 ιω..
2685 4868 2947 4927 Cmtertun
2979 4874 3261 4945 Apostolus
3290 4877 3524 4932 ostendit
3553 4878 3617 4950 (si
3661 4889 3737 4934 ta-

2152 4974 2272 5014 men
2304 4960 2532 5031 aiiquam
2559 4962 2627 5015 ab
2652 4960 2952 5018 hominibus
2985 4966 3080 5018 Ιιςιυ
3112 4976 3425 5035 tempestate
3453 4968 3611 5024 iidem
3640 4972 3738 5024 im-

2151 5054 2341 5125 petrat)
2368 5095 2383 5121 ,
2415 5070 2600 5110 servos
2640 5072 2698 5111 se
2731 5075 2833 5111 non
2863 5059 3040 5114 dicere
3087 5062 3323 5129 peccati,
3358 5062 3456 5116 nisi
3487 5078 3580 5117 eos
3606 5078 3742 5134 quos

2148 5154 2357 5200 con5tat
2384 5146 2657 5202 voluntate
2679 5150 2891 5217 propria
2908 5151 3178 5209 obediisse
3194 5161 3430 5221 peccato,
3451 5154 3603 5223 cujus
3625 5171 3742 5209 mu-

2151 5237 2349 5292 tatione
2369 5239 2390 5270 ³
2412 5279 2427 5302 ,
2462 5238 2511 5292 id
2541 5248 2616 5292 est
2640 5281 2657 5305 ,
2686 5240 3003 5307 voluntatis,
3034 5255 3312 5311 ccepi-runt
3342 5246 3543 5302 servire
3576 5246 3739 5316 juszi-

2149 5329 2257 5384 tiae.
2287 5328 2658 5385 Obedientiam
2690 5346 2817 5401 ergo
2846 5332 2897 5385 iu
2931 5334 3105 5389 medio
3131 5336 3444 5404 collocavit;
3474 5348 3528 5394 et
3553 5339 3604 5392 ei
3635 5340 3736 5393 int-

2149 5420 2352 5491 putavit
2374 5420 2514 5490 quod
2544 5421 2624 5474 vel
2650 5422 2788 5476 vitiis
2817 5423 2982 5493 prius,
3000 5427 3082 5481 vel
3107 5441 3285 5498 postea
3309 5428 3628 5503 studuerunt
3647 5446 3736 5499 pa-

2150 5526 2269 5566 rere
2300 5510 2599 5565 virtutibus.

2220 5605 2353 5659 Avo.
2400 5603 2499 5670 Qui
2538 5605 2810 5662 contidunt
2850 5609 2903 5663 in
2941 5610 3135 5668 virtute
3172 5628 3264 5669 sua
3308 5612 3494 5687 (Psal.
3539 5598 3734 5681 sunt,

2212 5716 2226 5745 ί
2252 5722 2298 5765 tn
2322 5722 2449 5777 Mss,
2474 5729 2604 5779 quos.

2211 5779 2229 5806 ’
2347 5780 2395 5827 in
2429 5786 2535 5830 uss.
2559 5782 2693 5843 aditi,
2720 5782 2981 5835 imitatione

2180 6487 2453 6496 ——_7
