4126 6554
478 440 613 499 ms

470 561 589 630 7),
640 557 767 613 vani
811 565 937 613 sunt
960 597 976 621 ,
1024 555 1162 612 sicut
1210 568 1346 616 vos;
1397 561 1451 608 et
1494 550 1872 618 destruentur,
1920 548 2059 604 sicut

468 667 794 798 “CCXXX.
845 739 963 796 Jun.
1014 738 1220 794 Gratias
1258 747 1428 792 ααιειιι
1471 735 1581 791 Deo
1603 777 1620 802 ,
1668 734 1803 802 quod
1846 734 2014 804 [ιάιιὸι
2036 773 2052 800 ,

1768 431 1970 490 LIBER
2007 430 2390 490 SECUNDUS.

3605 452 3755 509 ιξιδ

2167 546 2394 606 hibeatis
2411 591 2427 617 ,
2452 551 2609 623 quale
2630 553 2948 612 adhibuistis
2983 567 3107 615 ante
3127 559 3440 619 criminibus
3472 580 3486 618 :
3516 579 3749 636 cumque

2166 639 2356 709 injuria
2381 640 2449 697 sit
2475 642 2815 701 honestarum
2849 662 3026 703 rerum
3046 689 3061 711 .
3089 648 3137 706 si
3162 650 3253 706 tali
3276 663 3594 723 appetantur
3616 673 3747 728 pro-

2163 733 2357 800 posito,
2378 734 2535 804 quale
2562 746 2645 791 est
2670 736 2999 795 deformibus
3019 738 3317 810 impensum
3344 743 3535 810 rebus;
3564 756 3742 804 tamen

467 832 671 902 inquit,
719 832 847 886 serui
878 832 1104 899 peccati;
1147 830 1237 886 sed
1264 828 1502 884 obedistis
1544 842 1610 883 ea:
1631 826 1816 893 corde,
1858 827 1913 880 in
1942 841 2054 879 eaut
2159 822 2453 895 disciplinae
2476 826 2617 894 huic,
2643 829 2698 885 in
2726 845 2828 901 qua
2852 831 3000 895 estis,
3025 831 3241 901 sufficit,
3267 835 3312 888 si
3337 835 3422 891 vel
3449 837 3541 892 tali
3569 838 3743 894 inten-

465 930 683 997 formant
709 925 955 979 doctrina
971 964 987 991 ,
1017 924 1071 978 ia
1094 939 1246 994 quam
1281 921 1456 977 traditi
1493 922 1609 976 estis
1638 936 1658 976 :
1686 919 1884 976 liberati
1905 922 1922 952 ³
1954 935 2051 972 au-

465 1030 564 1071 tem
592 1033 625 1071 a
654 1024 891 1088 peccato,
922 1015 1051 1071 servi
1077 1016 1197 1071 estis
1244 1015 1367 1087 facti
1404 1015 1619 1087 justitiw
1652 1012 1828 1086 (Rom.
1857 1027 1911 1068 vl
1932 1053 1948 1080 ,
1980 1012 2048 1067 17

462 1120 510 1165 ει
540 1110 653 1181 ιε).

533 1204 666 1259 Atta.
696 1202 868 1258 Surde
886 1245 900 1267 ,
922 1201 1046 1257 audi
1068 1201 1380 1273 Apostolum
1405 1201 1604 1272 gratias
1624 1208 1870 1273 agentem
1896 1199 2008 1254 Deo
2030 1241 2045 1262 ,

458 1294 598 1364 quod
628 1294 746 1364 ejus
768 1294 1029 1350 doctrinas
1056 1311 1121 1349 ex
1151 1293 1313 1350 corde
1339 1293 1692 1350 obedierunt:
1717 1292 2049 1364 quandoqui-

457 1388 580 1443 dem
602 1428 617 1451 ,
647 1403 754 1442 non
780 1387 949 1455 dixit,
978 1386 1182 1443 Gratias
1210 1386 1316 1443 Deo
1334 1428 1349 1452 ,
1381 1387 1503 1458 quia
1534 1386 1816 1457 praedicata
1841 1395 1925 1442 est
1951 1400 2048 1440 vo-

460 1478 541 1533 bis
566 1478 805 1534 doctrina
832 1477 984 1549 ejus;
1015 1478 1110 1535 sed
1129 1521 1146 1547 ,
1174 1479 1294 1550 quia
1318 1477 1572 1534 obedistis.
1599 1477 1715 1533 Non
1741 1477 1885 1533 enim
1922 1492 2042 1534 om-

457 1584 554 1625 nes
574 1569 867 1626 obaudiunt
888 1570 1177 1642 Evangelio
1203 1569 1313 1643 (Id.
1337 1586 1369 1625 x
1389 1611 1405 1639 ,
1447 1569 1571 1641 l6);
1610 1569 1704 1625 sed
1732 1570 1924 1641 quibus
1943 1568 2044 1624 da-

459 1670 573 1716 tum
594 1670 711 1727 est,
739 1669 801 1717 ut
823 1660 1111 1717 obaudiant
1142 1678 1157 1715 :
1190 1661 1362 1728 sicut,
1392 1657 1563 1715 Nosse
1587 1661 1879 1731 mysterium
1903 1660 2045 1730 regni

456 1751 698 1805 (telorum
715 1751 853 1807 vobis
879 1752 1055 1806 datum
1078 1760 1183 1817 est,
1211 1751 1287 1806 ait
1313 1750 1603 1815 Dominus;
1629 1750 1731 1804 illis
1756 1758 1921 1803 autem
1942 1766 2043 1805 non

453 1851 526 1896 est
550 1842 724 1896 datum
751 1840 978 1915 (Matth;
1002 1858 1131 1909 xm,
1173 1840 1284 1913 ll).
1322 1840 1441 1897 Non
1468 1856 1597 1912 ergo
1622 1857 1686 1897 ex
1712 1841 1877 1897 corde
1894 1883 1910 1909 ,
1939 1840 2042 1897 hoc

452 1940 537 1985 est
557 1946 624 1987 ex
650 1931 938 1997 voluntate,
969 1931 1296 1999 obedissent,
1325 1932 1370 1987 si
1396 1948 1502 1987 non
1530 1942 1922 2001 praeparantur
1948 1948 2042 1986 vo-

455 2024 630 2079 luntas
641 2038 671 2078 a
689 2023 916 2078 Domino
936 2042 949 2078 :
966 2024 1203 2093 alioquin
1225 2022 1553 2079 mendaciter
1563 2022 1616 2078 ei
1631 2022 1699 2078 de
1718 2022 1817 2077 hac
1831 2039 1890 2078 re
1906 2024 2039 2093 Apo-

451 2113 625 2169 stolus
641 2115 840 2184 gratias
858 2114 987 2185 agit,
1009 2115 1053 2171 si
1078 2114 1179 2170 hoc
1198 2114 1312 2183 ipse
1331 2129 1436 2169 non
1460 2113 1603 2169 fecit.

522 2200 800 2259 CCXXXI.
830 2205 949 2260 Jun.
981 2204 1061 2259 Ex
1087 2205 1248 2261 corde
1267 2205 1515 2281 ,qinquit,
1541 2204 1857 2261 obedientia:
1903 2203 2036 2259 facta

452 2296 691 2363 mutatio,
712 2295 959 2352 liberavit
984 2312 1080 2352 vos
1107 2311 1136 2350 a
1167 2304 1407 2367 peccato,
1426 2305 1480 2352 et
1504 2296 1770 2352 sanctitati
1796 2296 1918 2352 fecit
1943 2295 2038 2351 ad—

453 2386 674 2442 luctere.

523 2482 651 2537 Anc.
671 2479 776 2537 Sed
795 2480 910 2536 haec
932 2480 1157 2536 mutatio
1177 2479 1413 2536 dextera:
1435 2478 1644 2535 Excelsi
1664 2486 1766 2534 est.
1786 2478 1923 2533 Audi
1941 2476 2038 2532 ho-

450 2572 645 2627 minem
677 2573 766 2627 Dei
799 2573 935 2628 hanc
977 2575 1029 2627 in
1058 2571 1270 2627 Psalmo
1312 2571 1533 2643 gratiam
1578 2569 1952 2631 conﬁtentem,
1983 2578 2038 2624 et

447 2663 591 2718 disce
610 2663 730 2733 quis
752 2670 919 2717 mutet
944 2663 996 2717 in
1024 2663 1214 2718 melius
1238 2661 1470 2717 hominis
1494 2660 1843 2716 voluntatem.
1872 2659 1939 2713 Et
1958 2661 2036 2712 di-

446 2758 520 2823 xi,
553 2757 741 2826 inquit,
775 2755 928 2810 Nunc
949 2755 1112 2825 carpi;
1136 2755 1245 2810 haec
1266 2764 1338 2809 est
1361 2753 1643 2808 immutatio
1671 2753 1893 2807 dextera:
1920 2748 2030 2806 Ex.

444 2848 564 2902 celsi
587 2847 761 2917 (Paul.
789 2862 964 2908 ιιιιί,
996 2846 1110 2912 ιη.

513 2935 816 2993 CCXXXII.
846 2935 965 2990 Jun.
1001 2933 1297 2988 Humanum
1329 2943 1403 2989 est
1430 2933 1567 3006 quod
1585 2935 1698 2988 dico
1725 2943 1930 3005 propter
1952 2933 2032 2986 in-

446 3030 733 3095 ﬁrmitatem
760 3029 927 3082 carnis
948 3035 1123 3082 vesti-az
1150 3042 1171 3081 :
1196 3028 1325 3082 sicut
1349 3027 1482 3081 enim
1501 3026 1794 3081 exhibuistis
1814 3026 2034 3080 membra

444 3130 605 3175 vestra
623 3121 808 3175 servire
824 3119 1158 3174 immunditia:
1184 3129 1232 3173 et
1250 3118 1503 3190 iniquitati
1523 3119 1592 3171 ad
1612 3118 1941 3188 iniquitatem,
1962 3119 2033 3171 ita

444 3229 578 3267 nutu:
597 3213 823 3267 exhibete
849 3212 1071 3266 membra
1091 3221 1254 3266 vestra
1273 3211 1459 3265 servire
1485 3210 1702 3282 justitiae
1720 3209 1773 3263 in
1800 3209 2002 3277 sancti/i
2016 3239 2031 3249 ο

441 3304 691 3359 cntionem
731 3303 909 3375 (Rom.
953 3318 1005 3358 vt
1025 3344 1040 3368 ,
1081 3302 1192 3374 l9).
1222 3301 1269 3358 0
1299 3312 1681 3372 praeceptorem
1708 3300 1910 3372 Spiritu
1938 3301 2031 3356 Dei

444 3398 688 3467 plenum!
713 3412 836 3451 vere
863 3411 954 3451 vas
974 3411 1220 3462 aureum,
1238 3404 1293 3451 et
1321 3395 1501 3451 tubam
1531 3410 1635 3450 non
1656 3395 1886 3450 concisis
1910 3394 2034 3449 stri-

441 3487 660 3543 doribus
680 3528 694 3552 ,
724 3486 820 3543 sed
845 3486 1103 3542 absolutis
1142 3487 1362 3541 vocibus
1404 3486 1800 3555 increpantem!
1830 3484 2030 3540 Aucto-

442 3581 651 3636 ritatem
672 3579 907 3635 sermoni
931 3594 1030 3635 suo
1049 3578 1117 3635 de
1140 3577 1537 3635 exhortationis
1556 3577 1883 3633 humanitate
1901 3591 2032 3632 con-

441 3672 604 3727 ciliat.

510 3765 647 3821 Auc.
679 3763 724 3820 Ο
754 3771 806 3820 te
829 3763 1172 3834 deceptorem
1200 3762 1391 3833 spiritu
1415 3761 1668 3818 limretico
1690 3761 1927 3833 plenum,
1951 3771 2033 3817 to—

445 3866 553 3911 tum
578 3855 792 3912 dantem
818 3855 1050 3911 hominis
1075 3856 1366 3923 voluntati,
1392 3861 1577 3910 contra
1599 3869 1724 3909 eum
1748 3853 1838 3925 qui
1862 3853 2028 3921 dicit,

445 3949 580 4014 Quid
598 3949 729 4003 enim
751 3950 902 4004 habes
919 3948 1056 4020 quod
1076 3965 1178 4003 non
1195 3947 1433 4018 accepisti
1454 3945 1493 4018 (1
1517 3945 1636 4001 Cor.
1663 3962 1737 4013 ιν,
1757 3946 1845 4017 7)?
1859 3944 2032 4001 Homo

445 4043 722 4115 Pelagiane
742 4084 757 4110 ,
789 4043 1075 4114 plautando
1104 4051 1158 4099 et
1184 4042 1405 4115 rigando
1433 4043 1532 4099 ista
1561 4042 1773 4098 dicebat
1796 4043 2028 4112 Aposto-

445 4136 524 4190 lus
554 4151 568 4188 :
600 4134 777 4190 sciens
800 4143 978 4189 autem
1009 4134 1148 4204 quod
1178 4150 1335 4204 neque
1354 4134 1442 4205 qui
1470 4133 1688 4205 plantat.
1717 4142 1789 4188 est
1813 4133 2027 4203 aliquid,

442 4242 600 4297 neque
616 4226 704 4296 qui
728 4226 894 4296 rigat,
919 4226 1009 4281 sed
1034 4227 1121 4298 qui
1144 4227 1507 4281 incrementum
1531 4225 1618 4280 dat
1638 4225 1776 4281 Deus
1797 4224 1905 4296 (Id.
1933 4242 1987 4281 ιιι
2010 4268 2027 4293 ,

445 4319 519 4387 7),
538 4335 642 4375 non
664 4320 1004 4390 praecipiebat
1019 4330 1243 4388 tantum,
1262 4319 1356 4375 sed
1374 4320 1535 4375 etiam
1551 4319 1737 4375 orabat
1758 4319 1823 4376 ad
1842 4319 2025 4385 Deum,

443 4419 499 4464 ιιι
515 4411 709 4465 malum
729 4425 831 4465 non
847 4410 1103 4477 facerent,
1118 4411 1312 4482 quibus
1322 4409 1438 4479 ejus
1449 4410 1660 4481 eloquia
1676 4408 1995 4479 praedicabat
2012 4426 2026 4462 :

439 4511 623 4573 aperte
637 4503 779 4556 enim
801 4502 925 4557 alibi
941 4502 1089 4565 dicit,
1111 4500 1332 4558 Oramus
1350 4510 1520 4556 autem
1537 4502 1606 4555 ad
1622 4501 1807 4569 Deum,
1826 4518 1890 4556 ne
1906 4501 2031 4571 quid

441 4595 640 4669 faciatis
669 4594 790 4648 mali
816 4592 884 4665 (ll
912 4591 1030 4648 Cor.
1060 4609 1185 4659 xm,
1216 4593 1291 4664 7).

510 4681 835 4741 CCXXXI“.
866 4684 987 4741 Juu.
1020 4684 1096 4739 Ne
1133 4683 1257 4755 quid
1286 4685 1428 4738 enim
1454 4682 1676 4738 arduum
1702 4692 1758 4738 et
1786 4682 2027 4740 inacces-

440 4794 557 4834 sum
588 4778 788 4833 homini
816 4780 1106 4847 prmcipere
1128 4776 1424 4840 videretur,
1451 4776 1675 4831 verbum
1698 4775 1765 4831 de
1800 4791 2027 4831 consue-

443 4869 622 4923 tudine
644 4869 918 4939 us’urpavit
937 4909 952 4935 ,
980 4876 1036 4922 ut
1055 4867 1334 4922 humanum
1353 4866 1589 4931 diceret,
1615 4866 1667 4920 id
1688 4874 1771 4921 est
1789 4908 1805 4933 ,
1836 4866 1989 4922 facile
2010 4909 2024 4932 ,

442 4962 722 5018 tractabile
741 5004 756 5029 ,
780 4971 836 5018 et
860 4961 1001 5033 quod
1034 4975 1314 5016 causarum
1339 4958 1737 5028 comparatione
1763 4958 2026 5013 mitescat.

443 5053 554 5109 Non
584 5068 615 5107 a
645 5053 830 5121 vobis,
863 5052 1064 5122 inquit,
1097 5065 1322 5121 reposco
1366 5064 1546 5120 parem
1590 5049 1828 5117 angustis
1870 5048 2031 5103 rebus

445 5146 787 5201 intentionem
809 5187 823 5210 ,
871 5160 970 5199 nec
997 5158 1155 5218 quam
1187 5157 1392 5212 magna:
1420 5149 1545 5195 sunt
1571 5140 1825 5195 virtutum
1855 5154 1985 5209 opes
2008 5181 2025 5207 ,

446 5247 547 5290 tam
577 5252 710 5290 nova
738 5235 911 5300 vobis,
939 5235 1130 5305 quibus
1154 5249 1246 5289 eas
1270 5230 1581 5303 capessatis,
1611 5239 1874 5301 praacepta
1902 5246 2031 5285 con-

443 5328 604 5381 stituo
628 5345 640 5380 :
666 5326 795 5381 nihil
822 5324 993 5381 ferum
1021 5325 1226 5397 iugero,
1251 5324 1379 5378 nihil
1404 5322 1545 5393 quod
1570 5323 1656 5377 vix
1680 5321 1885 5393 portari
1911 5337 2032 5392 pos-

2161 914 2304 970 tione
2320 915 2580 986 justitiam
2605 922 2878 976 sectamini
2898 960 2915 987 ,
2945 921 3091 992 quali
3120 921 3453 994 iniquitatem
3478 927 3607 983 estis
3636 927 3743 983 im-

2159 1005 2581 1079 munditiamque
2598 1011 2807 1066 sectati.

2225 1098 2360 1156 Aue.
2393 1099 2506 1177 Hoc
2532 1110 2708 1158 tamen
2738 1119 2844 1159 non
2868 1101 3084 1172 facient,
3113 1105 3215 1162 nisi
3242 1106 3319 1163 illi
3344 1105 3595 1165 formosa:
3623 1125 3743 1166 sus-

2152 1197 2323 1259 ceptae
2366 1199 2502 1258 tute,
2530 1194 2973 1264 concupiscentia:
3012 1197 3188 1252 carnis
3213 1208 3507 1270 repugnent
3547 1201 3742 1259 robore

2151 1280 2428 1339 cbaritatis
2458 1301 2472 1340 :
2503 1298 2625 1340 cum
2664 1301 2768 1357 qua
2801 1287 2917 1359 lege
2957 1289 3317 1346 membrorum
3336 1332 3352 1359 ,
3382 1302 3738 1364 repugnatum

2150 1372 2254 1444 leili
2296 1375 2527 1444 mentis,
2560 1379 2736 1434 omnis
2774 1377 2937 1436 homo
2975 1382 3243 1449 nascitur;
3274 1392 3330 1439 et
3352 1384 3505 1455 cujus
3530 1385 3738 1457 obliga-

2151 1468 2298 1525 tione
2325 1484 2449 1526 reus
2485 1479 2569 1526 est
2588 1473 2609 1504 ⁸
2629 1512 2645 1537 ,
2676 1471 2722 1527 si
2765 1487 2871 1529 non
2917 1483 3262 1543 renascatur;
3291 1491 3451 1547 quam
3481 1479 3736 1534 mortales

2148 1574 2256 1615 non
2282 1561 2502 1617 vincunt
2522 1575 2622 1618 suo
2654 1563 2844 1633 spiritu
2860 1604 2878 1632 ,
2903 1564 2950 1621 si
2978 1580 3084 1621 non
3112 1575 3343 1637 aguntur
3366 1566 3461 1623 Dei
3489 1568 3694 1639 Spiritu
3718 1587 3733 1622 :

2150 1649 2404 1723 Quotquot
2417 1653 2550 1708 enim
2562 1653 2764 1723 Spiritu
2774 1654 2869 1709 Dei
2880 1665 3120 1728 aguntur,
3133 1658 3188 1711 hi
3201 1657 3300 1725 ﬁlii
3312 1667 3429 1713 sunt
3443 1658 3540 1714 Dei
3555 1659 3734 1733 (Rom.

2146 1756 2258 1808 vin,
2292 1742 2405 1809 14).
2436 1741 2512 1798 Ite
2534 1758 2696 1812 nunc,
2723 1752 2775 1800 et
2803 1753 2988 1800 contra
3018 1746 3176 1803 istam
3203 1746 3548 1802 christianam
3574 1756 3737 1819 atque

2144 1835 2491 1905 apostolicam
2518 1836 2791 1892 veritatem
2813 1837 3119 1895 extollendo
3147 1840 3475 1911 praecipitate
3502 1840 3730 1898 liberum

2143 1924 2423 1981 arbitrium
2441 1969 2457 1995 ,
2485 1937 2540 1983 et
2568 1928 2620 1982 in
2647 1937 2824 1985 vestra
2848 1930 3044 1986 virtute
3062 1972 3076 1995 ,
3109 1946 3218 1986 non
3244 1932 3571 2003 assurgendo
3589 1973 3605 1999 ,
3634 1934 3731 1990 sed

2142 2014 2419 2086 cadendo,
2447 2018 2720 2076 conﬁdite.

2212 2103 2540 2163 CCXXXIV.
2587 2109 2708 2165 ιῐιιι..
2739 2108 3033 2167 Credamus
3077 2111 3258 2183 itaque
3285 2112 3534 2184 Magistro
3579 2114 3727 2171 Gen-

2143 2198 2313 2266 tium,
2360 2208 2418 2256 et
2462 2200 2749 2257 reddamus
2796 2204 2846 2258 ei
2898 2205 3261 2260 testimonium
3307 2208 3544 2263 veritatis
3593 2224 3728 2265 sum.

2146 2288 2279 2345 Vere
2302 2292 2446 2348 enim
2467 2331 2483 2356 ,
2515 2293 2650 2349 sicut
2690 2293 2861 2360 dixit,
2896 2295 3186 2352 humanum
3224 2307 3308 2353 est
3349 2298 3493 2367 quod
3522 2317 3727 2372 praece-

2143 2382 2256 2451 pit,
2305 2391 2365 2438 ut
2393 2384 2681 2441 voluntatis
2725 2389 2989 2444 correctio
3033 2391 3344 2448 emendaret
3374 2394 3500 2449 vitia
3534 2396 3726 2452 volun-

2141 2475 2284 2532 tatis.

2210 2567 2343 2622 Anc.
2372 2566 2477 2624 Sed
2503 2568 2766 2626 correctio
2792 2570 2907 2627 haec
2933 2571 3164 2653 humana
3192 2590 3298 2630 non
3325 2575 3383 2631 lit
3420 2577 3520 2632 nisi
3547 2580 3728 2649 opitu-

2139 2655 2337 2712 latione
2356 2656 2553 2712 divina.
2575 2658 2708 2728 Quis
2727 2660 2868 2716 enim
2889 2661 3119 2718 hominis
3142 2663 3726 2737 eorrigitvoluntatem,

2138 2751 2238 2807 nisi
2264 2751 2351 2806 ille
2369 2753 2453 2807 cui
2473 2752 2671 2810 dicitur
2687 2797 2704 2823 ,
2733 2754 2869 2811 Deus
2887 2756 3128 2811 uirtutum
3146 2798 3162 2822 ,
3189 2770 3418 2814 converte
3441 2777 3532 2815 nos
3552 2760 3729 2832 (Psal.

2139 2857 2318 2911 uxlx,
2346 2842 2435 2914 8);
2457 2852 2531 2910 et,
2564 2843 2716 2910 Deus,
2745 2855 2800 2901 tu
2827 2858 3117 2903 convertens
3142 2850 3413 2920 vivificabis
3436 2866 3526 2907 nos
3553 2851 3726 2924 (Psal.

2137 2946 2352 3000 Lxxxtv,
2376 2934 2470 3004 7)?
2490 2936 2532 2988 A
2558 2935 2783 2991 Domino
2809 2939 2951 2992 enim
2982 2954 3195 3009 gressus
3224 2941 3456 2997 hominis
3484 2943 3728 3015 dirigun-

2138 3031 2239 3086 tur,
2260 3032 2314 3076 et
2339 3024 2476 3078 viam
2501 3024 2617 3094 ejus
2642 3027 2785 3082 volet
2810 3026 2980 3099 (Psal.
3007 3044 3185 3094 xxxvi,
3204 3033 3318 3102 ‘23).
3335 3032 3389 3088 Si
3419 3044 3597 3090 autem
3620 3051 3725 3090 non

2134 3112 2203 3165 ab
2232 3112 2322 3168 illo
2345 3113 2669 3185 dirigantur,
2703 3115 2864 3173 homo
2889 3119 3027 3173 viam
3060 3118 3154 3174 Dei
3183 3135 3289 3175 non
3315 3122 3490 3191 volet,
3518 3126 3617 3181 etsi
3641 3125 3728 3197 ju-

2135 3205 2258 3260 beat
2287 3206 2369 3261 lex
2398 3214 2457 3260 ut
2484 3207 2628 3262 velit.

2193 3295 2498 3352 CCXXXV.
2513 3297 2630 3353 loc.
2646 3298 2750 3355 Sed
2772 3307 2828 3354 ut
2848 3299 2951 3355 hoc
2971 3300 3281 3369 humanum,
3299 3302 3377 3358 sic
3397 3301 3526 3357 illud
3545 3302 3688 3359 aliud
3702 3309 3725 3339 '

2135 3387 2179 3441 si
2224 3397 2460 3458 putasset
2485 3430 2501 3455 ,
2549 3404 2654 3445 non
2685 3391 2855 3445 solum
2905 3391 3250 3446 inhumanum
3269 3434 3285 3457 ,
3313 3408 3417 3448 non
3445 3393 3616 3448 solum
3644 3393 3725 3450 fe-

2135 3495 2252 3534 rum
2272 3522 2286 3543 ,
2319 3496 2502 3536 verum
2544 3482 2705 3538 etiam
2737 3483 3026 3554 injustam;
3073 3499 3179 3540 non
3210 3486 3382 3541 solum
3425 3486 3677 3555 injustum
3703 3530 3721 3553 ,

2135 3585 2318 3626 verum
2340 3572 2496 3626 etiam
2522 3574 2800 3639 insanum;
2830 3583 2887 3630 ut
2906 3584 3181 3646 peccatum
3202 3576 3250 3632 si
3272 3587 3457 3633 nosset
3477 3577 3678 3633 innasci
3704 3621 3721 3647 ,

2133 3662 2480 3731 exprobraret
2521 3678 2634 3719 sua:
2658 3666 2832 3720 aetatis
2877 3664 3178 3721 hominibus
3207 3668 3332 3722 vitia
3376 3677 3556 3738 partus
3579 3669 3722 3723 anti-

2132 3752 2223 3822 qui
2245 3752 2299 3817 ³;
2330 3763 2384 3808 et
2406 3754 2475 3809 ab
2500 3755 2584 3809 his
2608 3756 2922 3826 praeciperet
2946 3758 3318 3814 abstinendum
3337 3801 3352 3825 ,
3383 3775 3502 3831 qua:
3543 3760 3723 3817 inuata

2133 3843 2411 3909 credebat;
2434 3855 2593 3915 atque
2616 3861 2737 3902 eum
2762 3848 3192 3904 interminatione
3223 3851 3609 3919 praescriberet,
3631 3852 3726 3907 de-

2133 3932 2262 3988 bere
2276 3949 2361 3987 me
2378 3949 2440 3989 ea
2456 3933 2742 4005 deponere,
2761 3953 2880 4008 qua:
2897 3946 3023 3994 ante
3037 3938 3233 3995 habere
3254 3955 3542 4011 coeperam,
3561 3958 3720 4013 quam

2133 4023 2309 4077 anima
2336 4023 2389 4079 in
2417 4040 2612 4096 corpus
2636 4041 2839 4095 meum,
2858 4027 2910 4083 in
2940 4029 3082 4084 hunc
3101 4044 3230 4085 vero
3246 4030 3500 4086 mundum
3525 4046 3724 4103 corpus

2134 4116 2373 4172 intraret.

2204 4208 2338 4265 Ave.
2366 4210 2502 4281 Ergo
2521 4211 2695 4265 carnis
2721 4213 3150 4283 concupiscentia
3177 4224 3382 4270 nonest
3408 4217 3611 4281 innata;
3630 4225 3725 4271 aut

2132 4315 2240 4354 non
2266 4300 2334 4354 ab
2357 4315 2418 4356 ea
2446 4302 2688 4372 praecipit
2712 4302 3104 4366 abstinendum,
3133 4305 3223 4375 qui
3250 4305 3401 4371 dicit,
3431 4305 3642 4360 Contine
3677 4318 3725 4361 te

2133 4390 2298 4458 ipsum
2326 4389 2512 4463 (Eccli.
2541 4406 2670 4458 xxx,
2699 4393 2827 4465 ‘25);
2857 4402 2931 4458 et,
2963 4392 3229 4449 Desideria
3246 4395 3495 4466 juvenilia
3520 4399 3638 4467 fuge
3657 4396 3722 4466 (ll

2134 4481 2267 4537 Tim.
2296 4498 2356 4550 ιι,
2373 4484 2487 4554 22).
2515 4484 2623 4539 Cur
2647 4500 2752 4539 non
2780 4485 2934 4553 dixit,
2957 4485 3263 4541 Voluntaria
3288 4486 3551 4542 desideria
3579 4486 3724 4557 iuge?

2038 4611 2053 4622 ς
2131 4574 2389 4631 iuventus
2422 4578 2607 4648 utique
2635 4594 2826 4633 nomen
2852 4578 3025 4635 aetatis
3050 4588 3131 4635 est
3162 4595 3177 4632 :
3212 4588 3398 4635 aetates
3420 4589 3597 4634 autem
3625 4595 3721 4633 na-

2135 4676 2270 4730 tura,
2301 4683 2405 4722 non
2433 4667 2676 4722 voluntas
2703 4667 2882 4736 habet,
2912 4678 2968 4724 et
2992 4687 3052 4725 ea
3092 4671 3518 4739 concupiscentia
3544 4668 3611 4724 de
3631 4669 3722 4739 ju-

2134 4759 2290 4813 venili
2307 4766 2467 4814 aetate
2491 4760 2722 4814 maxime
2737 4760 3065 4826 accenditur;
3085 4761 3237 4830 cuius
3260 4763 3442 4831 utique
3465 4762 3543 4815 vis
3567 4762 3618 4815 in
3642 4763 3725 4815 in-

2135 4848 2274 4903 fante
2291 4847 2312 4879 ⁸
2332 4848 2504 4918 sopita
2523 4858 2624 4914 est,
2643 4850 2780 4905 sicut
2803 4850 3045 4917 rationis,
3065 4853 3204 4906 sicut
3229 4852 3395 4920 ipsius
3409 4852 3722 4908 voluntatis.

2133 4939 2237 4996 Sed
2253 4940 2509 4999 discernit
2534 4940 2718 4995 oculus
2747 4942 3088 5007 chrisﬁanus,
3109 4958 3213 4997 non
3239 4942 3577 5013 Pelagianos,
3598 4945 3722 5014 quid

2134 5035 2199 5090 de
2218 5035 2489 5091 Creatoris
2514 5036 2864 5100 inStitutiOne,
2889 5036 3014 5106 quid
3041 5036 3109 5092 de
3134 5037 3247 5092 vitii
3274 5037 3725 5093 contaminatione

2134 5128 2216 5184 vel
2242 5138 2417 5183 sumat
2443 5138 2651 5191 natura,
2669 5128 2751 5185 vel
2768 5130 3070 5197 contrahat,
3088 5130 3430 5186 Conditorem
3458 5145 3555 5185 suo
3583 5131 3725 5187 bono

2135 5221 2451 5291 przedicans,
2473 5222 2769 5293 eodemque
2795 5230 3012 5292 propter
3038 5224 3256 5288 malum,
3277 5239 3386 5294 quo
3414 5224 3595 5278 vitiata
3617 5234 3721 5288 est,

2138 5313 2382 5384 indigens
2407 5314 2685 5371 Salvatore
2718 5333 2731 5368 :
2762 5314 2830 5370 de
2870 5325 3021 5371 reatu
3059 5316 3200 5373 enim
3220 5358 3236 5385 ,
3267 5330 3389 5372 cum
3416 5331 3522 5387 quo
3565 5316 3719 5370 Ιιυιιιο

443 5419 511 5472 sit
535 5417 732 5484 indico;
752 5432 820 5473 ne
843 5417 888 5472 si
917 5431 1013 5487 pro
1034 5417 1315 5487 splendore
1334 5414 1686 5485 justitiaetale
1711 5415 1908 5485 aliquid
1929 5414 2031 5469 im-
2130 5440 2133 5441 ν

446 5522 718 5578 perarcm,
749 5508 818 5563 de
855 5508 1035 5563 carnis
1061 5507 1369 5561 inﬁrmitate
1408 5505 1685 5576 conquesti
1728 5505 2030 5576 allegaretis

440 5597 618 5669 jugem
645 5614 743 5653 vos
765 5599 1001 5653 laborem
1030 5596 1171 5653 ferre
1195 5612 1504 5668 non-posse.
1545 5596 1697 5652 Nunc
1726 5598 1903 5668 itaque
1929 5598 2028 5652 hac

448 5688 812 5745 moderatione
836 5688 1099 5745 convenio
1118 5730 1133 5755 ,
1164 5697 1220 5744 ut
1246 5687 1351 5743 tale
1374 5686 1606 5743 studium
1635 5688 1915 5744 virtutibus
1935 5687 2030 5742 ad-

513 5867 532 5905 ⁵
553 5870 631 5923 εἰς
646 5873 748 5919 δικ.
773 5875 824 5917 At
848 5868 984 5928 editi,
1008 5866 1165 5920 libers.

2201 5541 2214 5569 ι
2242 5545 2324 5588 Ms.
2366 5545 2475 5586 Mar.
2497 5570 2511 5593 .
2535 5544 2581 5588 et
2620 5536 2759 5600 cujus
2791 5537 3077 5602 obligatione
3113 5552 3289 5590 usurus
3310 5543 3396 5590 est.
3437 5544 3580 5593 Port.,
3607 5544 3716 5586 usus

2135 5607 2222 5692 at"
2243 5668 2380 5711 Mss:
2404 5660 2498 5711 sed
2521 5667 2570 5710 nt
2608 5659 2697 5712 hoc
2728 5660 2991 5712 anulariam
3012 5662 3090 5719 sit.
3134 5660 3258 5711 illud
3301 5657 3455 5709 aliud.

2200 5724 2220 5787 Ρ
2253 5722 2387 5787 will.
2423 5722 2576 5787 partis
2620 5720 2845 5787 antiqme.
2884 5726 3182 5787 tiasligantur
3220 5735 3281 5771 ex
3327 5726 3433 5768 Mss.
3458 5721 3717 5787 blandiori.

2198 5784 2218 5815 ⁸
2242 5774 2496 5897 Εᾱίιὶέῖξοη
2531 5782 2580 5834 in
2621 5774 2815 5847 infante.
2860 5774 3087 5835 Particiila
3125 5789 3336 5844 negante
3375 5785 3539 5828 carent
3572 5774 3715 5823 iidem

2137 5858 2460 5908 manuscript.
