4172 6506
427 424 502 533 1‘!
515 430 572 486 ιθ

431 542 766 616 praecedente
795 541 1096 596 reddamus.

501 639 853 691 AUGUSTINUS.
901 632 1168 688 Auxilium
1222 629 1312 686 Dei
1349 631 1549 702 qumris
1590 639 1651 684 ttt
1696 630 2018 700 impleantur

428 728 550 782 vani
580 725 696 781 libri
727 726 836 787 tui;
865 734 920 780 et
956 741 1063 779 non
1088 724 1305 794 quaeris,
1337 733 1394 777 ut
1420 722 1756 792 corrigantur
1783 721 2019 790 perversi

433 832 620 874 sensus
646 817 740 871 tui.
781 814 984 876 Vellem
1015 826 1188 869 tamen
1213 813 1442 880 diceres,
1466 821 1680 882 propter
1696 811 1819 881 quid
1843 811 1894 864 in
1919 809 2022 864 hoc

430 923 594 978 Opere
631 906 887 961 auxilium
914 906 1003 960 Dei
1037 921 1245 977 poscas,
1278 920 1398 960 cum
1439 905 1506 958 sit
1532 903 1587 957 in
1615 913 1705 957 tuo
1735 903 1906 957 libero
1933 917 2014 955 ar-

433 997 594 1055 bitrio
624 1002 736 1055 sive
769 1000 943 1055 facere
969 1000 1088 1065 hoc,
1119 1001 1234 1055 sive
1261 1013 1365 1052 nou
1398 996 1596 1052 facere.
1630 997 1710 1050 An
1740 1005 1792 1049 ut
1821 1011 1884 1050 ea
1929 993 2022 1046 tibi

444 1103 639 1162 prmstc
669 1093 794 1159 sint,
825 1109 943 1163 quae
971 1091 1024 1146 in
1063 1101 1320 1162 potestate
1353 1102 1439 1145 tua
1480 1107 1586 1144 non
1627 1098 1770 1156 sunt,
1815 1099 1869 1142 et
1906 1087 2024 1142 sine

427 1184 625 1256 quibus
659 1185 760 1238 hoc
787 1183 926 1239 effici
956 1200 1060 1239 non
1086 1193 1292 1256 potest;
1316 1183 1458 1238 sicut
1485 1191 1630 1249 sunt,
1659 1190 1716 1235 ut
1740 1180 1845 1235 alia
1871 1180 2021 1232 omit-

439 1286 561 1340 tttn,
596 1276 708 1345 ipse
735 1276 906 1331 victus
935 1284 1094 1346 atque
1123 1276 1289 1329 otium
1309 1274 1340 1328 2
1367 1274 1435 1328 At
1461 1273 1575 1328 hinc
1617 1287 1759 1342 pene
1808 1286 2023 1340 semper
2069 1277 2071 1279 ’

437 1366 577 1423 Deus
607 1384 705 1438 per
731 1369 1033 1423 voluntates
1062 1367 1214 1423 nobis
1241 1367 1608 1422 subministrat
1638 1364 1883 1420 aliorum.
1931 1366 2020 1419 Vi-

431 1461 529 1514 tles
572 1476 701 1533 ergo
743 1457 800 1516 id
840 1465 893 1516 te
934 1476 1154 1532 poscere
1197 1461 1265 1516 ab
1308 1461 1673 1530 omnipotente
1721 1459 1852 1524 Deo,
1900 1473 2020 1513 cum

435 1563 654 1622 propter
681 1551 979 1621 implendos
1025 1562 1144 1606 tuos
1183 1551 1349 1606 libros
1377 1551 1550 1620 poscis
1576 1549 1853 1612 auxilium,
1886 1557 1943 1602 ιιι
1969 1550 2019 1602 iu

433 1645 793 1700 voluntatibus
813 1645 1111 1709 hominum,
1143 1643 1284 1714 quod
1317 1651 1368 1698 te
1408 1643 1642 1711 adjuvet,
1690 1651 1745 1696 et
1790 1641 1931 1711 quod
1971 1650 2023 1694 te

433 1755 540 1793 non
573 1738 842 1808 impediat,
876 1747 1145 1807 operetur.
1177 1733 1309 1790 Nam
1339 1735 1383 1789 si
1417 1736 1585 1790 nolint
1625 1734 1871 1789 homines
1924 1733 2016 1787 tibi

432 1830 631 1885 victum
668 1829 1070 1884 subministrare
1103 1837 1450 1897 sumptusque
1465 1831 1836 1896 congruentes,
1863 1825 1907 1878 si
1930 1840 2026 1878 no-

436 1921 532 1974 lint
555 1929 822 1990 postremo
837 1936 864 1973 a
886 1928 937 1974 te
955 1918 1296 1989 inquietando
1314 1916 1756 1986 impediendoque
1773 1930 1986 1970 cessare
2006 1931 2020 1978 ;

433 2011 689 2077 scribere,
719 2010 800 2065 vel
821 2010 1022 2065 dictare
1046 2009 1145 2064 ista
1177 2025 1279 2063 non
1311 2007 1528 2078 poteris.
1554 2008 1752 2077 Speras
1776 2021 1905 2078 ergo
1930 2021 2025 2060 au-

433 2103 560 2156 xilio
587 2102 677 2168 Dei
709 2102 786 2155 sic
810 2100 890 2170 agi
924 2097 1196 2155 hominum
1212 2099 1512 2155 voluntates
1538 2098 1678 2154 inter
1702 2114 1836 2169 quos
1865 2099 2022 2166 vivis,

431 2202 494 2248 ut
527 2193 618 2248 tibi
663 2191 1020 2247 necessarium
1057 2191 1190 2247 nihil
1233 2187 1390 2246 desit.
1423 2191 1646 2246 Paratur
1673 2189 1816 2246 enim
1841 2189 2022 2262 (quod

435 2300 541 2338 non
575 2279 795 2339 creditis
832 2284 849 2352 )
887 2281 1137 2337 voluntas
1175 2297 1207 2337 a
1251 2277 1524 2350 Domino(
1562 2277 1718 2334 Prov.
1764 2295 1877 2345 vui,
1921 2296 2020 2332 sec.

437 2373 578 2428 LXX
611 2373 653 2444 ).
689 2377 793 2427 Aut
822 2375 979 2443 igitur
1005 2382 1153 2426 tuum
1181 2370 1374 2441 dogma
1411 2370 1520 2441 jam
1549 2371 1778 2440 corrige,
1825 2377 1918 2423 aut
1957 2369 2024 2423 ad

435 2466 538 2518 hoc
584 2464 980 2520 defendendum
1018 2461 1206 2518 desine
1248 2459 1486 2516 divinum
1534 2460 1793 2516 auxilium
1836 2469 2023 2529 postu-

435 2555 567 2608 lare.

508 2645 570 2700 ll.
603 2645 723 2702 JUL.
765 2645 899 2699 Cum
932 2646 985 2699 in
1013 2644 1184 2714 primo
1218 2643 1486 2698 volumine
1515 2643 1810 2715 perspicuis
1835 2641 2027 2697 delini-

433 2736 671 2790 tiunibus
696 2737 1045 2800 constitisset,
1076 2735 1243 2790 Deum
1268 2731 1338 2790 ita
1353 2735 1553 2806 justum
1577 2749 1718 2799 esse,
1745 2743 1802 2788 ut
1827 2736 1870 2788 si
1914 2749 2028 2802 pro-

437 2829 547 2881 bari
580 2835 758 2898 posset
785 2826 958 2896 justus
987 2843 1094 2880 non
1125 2842 1264 2890 esse,
1293 2827 1705 2880 convinceretur
1734 2826 1874 2879 Deus
1913 2840 2020 2879 non

437 2934 592 2982 esse;
624 2934 850 2988 cumque
875 2929 1037 2986 super
1066 2913 1166 2971 hoc
1200 2917 1548 2971 remansisset
1571 2918 1714 2972 nulla
1743 2915 2023 2983 dubitatio,

437 3010 635 3064 claruit
653 3009 812 3062 etiam
829 3007 1089 3077 justitiam
1112 3007 1241 3061 nihil
1269 3022 1391 3062 esse
1415 3006 1560 3061 aliud
1586 3023 1745 3077 quam
1769 3008 2024 3062 virtutem

442 3113 710 3167 nunquam
729 3098 1018 3168 quidquam
1047 3097 1225 3169 inique
1247 3097 1598 3168 judicantem,
1615 3097 1748 3151 nihil
1769 3098 1949 3166 inique
1962 3097 2028 3151 fa-

432 3191 689 3255 cientem,
732 3189 825 3243 sed
857 3189 1165 3244 reddentem
1201 3204 1297 3243 sua
1327 3188 1611 3258 unicuique
1661 3187 1778 3242 sine
1819 3186 2031 3254 fraude,

435 3282 552 3338 sine
587 3281 779 3353 gratia,
812 3277 861 3336 id
889 3290 991 3346 est,
1021 3280 1137 3335 sine
1168 3294 1515 3351 personarum
1541 3279 1870 3348 acceptione.

510 3369 643 3427 Anc.
683 3390 703 3424 ‹
753 3369 881 3426 Sine
910 3369 1116 3436 fraude,
1156 3389 1176 3421 ι
1225 3385 1412 3424 verum
1457 3367 1632 3433 dicis;
1666 3383 1736 3423 ne
1779 3368 2026 3438 puniatur

437 3461 741 3517 immeritus
779 3481 793 3518 :
836 3480 856 3514 ι
889 3463 1006 3516 sine
1028 3462 1196 3532 gratia
1234 3480 1254 3514 ›
1289 3476 1416 3515 vero
1441 3460 1484 3514 si
1510 3460 1710 3531 justitia
1744 3461 1837 3516 Dei
1859 3470 2025 3526 esset,

435 3563 708 3616 nunquam
740 3551 980 3608 Christus
1012 3569 1105 3622 pro
1135 3549 1329 3622 impiis,
1363 3547 1416 3605 id
1464 3561 1568 3614 est,
1598 3565 1696 3620 pro
1730 3549 1862 3604 nihil
1903 3551 2025 3605 boui

432 3653 491 3699 et
531 3645 752 3699 multum
799 3641 925 3699 mali
970 3643 1296 3698 merentibus
1340 3651 1582 3696 mortuus
1629 3639 1854 3707 fuisset;
1893 3658 2028 3698 nun-

437 3748 594 3804 quam
643 3743 914 3805 postremo
963 3733 1228 3803 parvulos,
1273 3745 1497 3802 quorum
1528 3731 1669 3786 nulla
1695 3730 1829 3786 bona
1860 3748 2019 3802 opera

438 3826 787 3895 voluntastlue
832 3825 1123 3895 prmcessit,
1151 3825 1203 3879 in
1233 3839 1386 3879 suum
1425 3835 1648 3888 regnum
1686 3823 2023 3893 adoptasset,

440 3931 540 3973 nec
561 3919 612 3972 itt
635 3919 820 3973 eadem
842 3930 1000 3972 causa
1029 3913 1164 3972 alios
1194 3915 1443 3986 parvulos
1460 3913 1702 3986 ejusdem
1724 3916 1874 3986 regni
1906 3931 2026 3985 par-

436 4009 745 4078 ticipatione
779 4007 1093 4074 fraudasset,
1126 4007 1213 4077 qui
1246 4025 1265 4058 ι
1300 4021 1570 4076 nunquam
1602 4005 1781 4076 inique
1800 4006 2024 4076 judicat,

435 4097 567 4152 nihil
587 4100 766 4169 inique
785 4099 927 4165 facit,
952 4105 1005 4154 et
1021 4113 1114 4154 sua
1139 4097 1419 4167 unicuique
1444 4097 1560 4152 sine
1591 4096 1772 4151 fraude
1794 4097 2022 4152 reddit.»

439 4192 687 4260 Agnosce
709 4199 834 4261 ergo
855 4190 1104 4260 parvulos
1129 4204 1253 4244 vasa
1280 4189 1334 4242 in
1360 4185 1620 4244 honorem
1650 4203 1746 4257 per
1769 4193 1992 4258 gratiam
2009 4229 2024 4251 ,

434 4283 528 4352 qui
556 4291 900 4337 assumuntur
921 4283 972 4336 in
994 4278 1087 4336 Dei
1115 4293 1371 4352 regnum;
1405 4287 1460 4335 et
1486 4277 1619 4334 alios
1646 4279 1915 4349 parvulos,
1939 4279 2027 4351 qui

439 4375 492 4430 in
523 4375 671 4430 illum
702 4378 960 4431 honorem
997 4384 1102 4429 neu
1145 4383 1527 4439 assumuntur,
1567 4389 1692 4429 vasa
1736 4373 1790 4428 in
1837 4383 2027 4427 contu-

437 4465 653 4520 meliam
692 4475 788 4535 per
811 4466 1068 4535 judicium
1098 4483 1110 4518 :
1142 4473 1196 4519 et
1235 4461 1446 4520 tandem
1491 4463 1778 4534 aliquando
1818 4480 1888 4520 ne
1924 4465 2025 4520 ini-

437 4569 599 4627 quum
631 4555 791 4610 iacias
827 4557 1011 4618 Deum,
1041 4552 1296 4610 coiiﬁtere
1319 4555 1577 4624 originale
1618 4563 1912 4621 peccatum.

513 4645 597 4701 lli.
627 4645 744 4702 ειμι..
774 4643 904 4715 Ejus
917 4653 1093 4700 autem
1109 4646 1319 4700 virtutis
1337 4655 1463 4700 tunc
1475 4654 1722 4700 constare
1738 4647 2021 4714 rationem,

439 4739 484 4792 si
511 4739 712 4792 nulloin
758 4736 1092 4790 subditorum
1140 4735 1371 4805 puniret,
1399 4735 1500 4789 nisi
1529 4751 1628 4805 pro
1668 4734 1752 4790 bis
1792 4736 2025 4797 delictis.

438 4847 558 4902 quae
589 4830 864 4886 constabat
896 4828 1062 4884 libera
1091 4829 1362 4883 voluntate
1392 4826 1698 4882 commissa.

510 4927 644 4980 Αυς.
673 4920 742 4979 Ει
771 4924 896 4978 illud
924 4923 1088 4977 libera
1117 4921 1387 4976 voluntate
1412 4920 1756 4975 commissum
1783 4928 1866 4974 est
1883 4919 2020 4988 ejus,

441 5014 492 5068 in
522 5025 628 5084 quo
654 5022 840 5069 natura
871 5016 1102 5067 humana
1131 5009 1381 5066 damnata
1408 5018 1511 5074 est,
1539 5024 1606 5064 ex
1636 5024 1738 5078 qua
1779 5006 2024 5064 homines

441 5105 806 5162 damnationi‘
837 5115 1134 5161 nascuntur
1163 5103 1401 5168 obnoxii,
1436 5099 1538 5156 nisi
1583 5109 1930 5156 renascantur
1975 5101 2028 5154 in

441 5214 524 5264 eo,
543 5199 630 5270 qui
651 5216 755 5254 non
773 5209 854 5254 est
872 5209 1026 5253 natus
1039 5196 1320 5252 obnoxius.
1346 5193 1456 5249 Hoc
1468 5193 1656 5264 dogma
1678 5190 2028 5247 christianum

447 5290 606 5345 vultis
634 5291 798 5347 everti
833 5309 847 5345 :
876 5289 968 5346 sed
999 5290 1092 5344 illo
1120 5297 1296 5344 stante
1321 5303 1416 5342 vos
1444 5283 1767 5341 evertimini.

515 5379 601 5434 IV.
631 5381 751 5437 ιω..
783 5381 894 5436 Nec
935 5396 998 5436 ea
1030 5379 1333 5435 hominibus
1380 5378 1724 5448 prmciperet,
1763 5389 1883 5446 quin
1933 5390 2030 5445 per

443 5480 683 5528 naturam
711 5489 896 5529 eorum
925 5471 1089 5527 sciret
1114 5486 1220 5528 non
1250 5485 1407 5540 posse
1431 5467 1662 5532 servari;
1694 5481 1792 5521 nec
1821 5481 1918 5537 pro
1946 5481 2030 5521 re-

443 5564 540 5618 bus
569 5563 898 5618 naturalibus
926 5578 1076 5617 reum
1107 5563 1409 5632 quempiam
1434 5561 1709 5628 iudicaret

512 5659 640 5710 Auc.
673 5655 776 5709 Sed
806 5654 901 5707 fuit
930 5653 1118 5716 Adam,
1148 5662 1201 5708 et
1232 5652 1283 5707 in
1309 5652 1402 5705 illo
1429 5651 1623 5706 fuimus
1651 5663 1836 5704 omnes
1869 5648 2026 5716 (Am-

440 5745 652 5805 brosius.
676 5744 762 5798 lib.
791 5744 822 5799 7
845 5745 895 5797 in
915 5741 1037 5796 Luc.
1064 5742 1186 5811 xv);
1216 5740 1428 5812 quando
1448 5741 1516 5794 ita
1542 5739 1796 5811 peccavit,
1829 5748 1886 5792 ut
1908 5753 2027 5809 per-

443 5861 516 5968 ”:
545 5865 654 5908 Mss.
677 5868 784 5908 alar.
815 5857 934 5908 Clar.
981 5866 1034 5908 et
1073 5865 1225 5921 prtma
1259 5856 1407 5906 editio
1438 5855 1774 5918 viguieriana,
1821 5852 2024 5902 damna-

521 5934 584 5968 ts.

521 5934 584 5968 ιδ.

1786 423 1986 479 LIBER
2025 423 2339 480 TERTIUS.

3579 435 3600 488 1
3611 434 3716 491 250

2128 537 2277 591 deret
2303 537 2356 590 in
2381 551 2444 590 se
2461 551 2683 603 omnes;
2710 538 2810 593 nisi
2835 553 2969 610 quos
2989 541 3148 597 vellet
3178 543 3301 600 inde
3329 543 3601 614 liberaret,
3627 553 3719 620 qui

2125 627 2273 682 venit
2291 643 2536 697 quarere
2551 628 2693 698 quod
2711 631 2939 699 perierat
2962 630 2980 703 (
3005 631 3133 686 Luc.
3163 649 3276 701 ιιι,
3303 636 3372 691 l0
3391 636 3435 708 ).

2201 716 2262 772 V.
2289 717 2410 772 JUL.
2437 717 2546 773 Nec
2573 720 2744 775 aliena
2774 733 2986 789 peccata
3011 725 3131 780 aliis
3161 726 3481 796 imputaret;
3514 746 3576 784 ac
3618 748 3718 802 per

2127 807 2248 873 hoc,
2282 824 2381 864 nec
2407 820 2623 881 propter
2651 823 2927 880 parentum
2952 815 3259 886 iniquitates
3282 819 3596 875 innocentes
3610 839 3709 877 eo-

2127 917 2244 956 rum
2271 901 2432 969 filios,
2461 904 2550 973 qui
2582 919 2676 972 per
2702 919 2760 958 se
2788 905 2917 961 nihil
2941 911 3144 978 operati
3172 919 3353 966 essent
3379 914 3463 967 vel
3491 914 3614 968 boni
3632 917 3715 970 vel

2126 995 2270 1059 mali,
2302 995 2558 1066 perquod
2587 1007 2866 1066 parentum
2897 1015 3112 1055 suorum
3143 1002 3365 1057 crimina
3395 1003 3719 1060 docerentur

2129 1085 2337 1150 imitati,
2369 1087 2584 1141 internis
2610 1086 2939 1157 adjudicaret
2976 1091 3270 1161 suppliciis.
3299 1094 3502 1160 Quibus
3543 1096 3711 1150 colle-

2127 1177 2247 1240 ctis,
2280 1177 2443 1230 Deum
2473 1186 2680 1242 etesse,
2711 1178 3106 1248 etjustumeSs-e
3119 1193 3580 1254 constaret,quetn
3603 1187 3714 1240 cla-

2129 1275 2326 1333 ruerat,
2349 1268 2602 1338 sialiquid
2629 1280 2876 1337 operetur
2913 1271 3188 1340 injustum,
3218 1283 3421 1328 tantum
3457 1275 3634 1330 subire
3664 1275 3719 1330 in

2126 1356 2422 1424 divinitate,
2443 1367 2696 1429 quantum
2714 1363 3083 1430 pertulissetin
3098 1365 3716 1434 aequitatedispendittm.

2198 1453 2336 1507 Anc.
2363 1451 2557 1507 Verum
2586 1452 2758 1508 dicis:
2785 1468 2849 1509 ac
2874 1470 2968 1524 per
3001 1454 3103 1508 hoc
3125 1497 3140 1520 ,
3174 1455 3304 1511 nihil
3343 1467 3594 1526 operatur
3635 1460 3719 1513 itt-

2123 1541 2348 1611 justum,
2371 1557 2491 1596 cum
2514 1545 2658 1613 gravi
2679 1546 2804 1615 jugo
2832 1547 3023 1613 premit
3044 1545 3180 1601 (ilics
3201 1546 3368 1600 Adam
3390 1563 3418 1601 a
3439 1546 3526 1603 die
3543 1549 3717 1603 exitus

2127 1636 2196 1690 de
2216 1646 2402 1691 ventre
2421 1636 2608 1710 matris
2627 1653 2835 1692 eorum.
2867 1637 3020 1706 Quod
3047 1639 3226 1709 utique
3248 1639 3503 1710 injustum
3527 1650 3671 1695 esset
3693 1682 3710 1706 ,

2128 1726 2173 1782 si
2200 1736 2475 1797 peccatum
2497 1707 2753 1796 orﬁinale
2775 1742 2881 1782 nun
2902 1738 3073 1784 esset.

2202 1816 2289 1872 Vl.
2319 1817 2437 1872 JUL.
2464 1817 2799 1888 Quanquam.
2843 1834 2878 1873 ο
2901 1819 3180 1875 infelicitas
3217 1823 3419 1876 erroris
3449 1822 3664 1878 humani
3701 1826 3716 1878 ι

2129 1901 2294 1956 nimio
2314 1903 2528 1971 quippe,
2561 1902 2898 1972 perpendens
2928 1905 3098 1972 ipsam
3126 1905 3410 1960 conﬂictus
3434 1909 3600 1962 nostri
3632 1923 3720 1962 ra-

2129 1995 2348 2058 tionem,
2377 1994 2564 2049 dolore
2592 1996 2886 2059 concutior,
2916 1997 3341 2066 potuissenehoc
3361 1999 3416 2052 in
3430 1999 3719 2054 dubitatio-

2129 2101 2251 2141 nem
2274 2088 2481 2153 venire,
2511 2099 2672 2157 atque
2697 2088 2995 2143 assertione
3033 2089 3172 2144 hanc
3198 2093 3411 2161 eguisse
3454 2107 3670 2148 causam
3700 2111 3716 2149 :

2127 2178 2386 2247 potuisse,
2409 2178 2646 2248 inquam,
2671 2179 2724 2233 in
2742 2180 3012 2247 Ecclesiis,
3040 2197 3158 2251 qua:
3185 2183 3396 2237 Christo
3417 2198 3475 2239 se
3495 2185 3720 2242 credere

2127 2267 2441 2332 faterentur,
2466 2270 2716 2336 dubitari,
2736 2281 2913 2326 utrum
2937 2273 3080 2329 Deus
3101 2274 3265 2343 juste,
3288 2275 3340 2329 id
3363 2285 3464 2338 est,
3489 2279 3722 2332 rationa-

2131 2358 2325 2422 biliter,
2355 2360 2619 2427 judicarct
2643 2361 2656 2415 l

2199 2453 2334 2506 Alio.
2357 2450 2493 2518 Quia
2524 2451 2626 2505 hoc
2661 2466 2768 2506 non
2805 2452 3078 2508 dubitatur
3099 2456 3138 2521 ί,
3177 2454 3298 2510 ideo
3326 2457 3581 2527 scriptum
3609 2468 3716 2523 est,

2129 2555 2291 2611 grave
2305 2541 2494 2610 jugum
2522 2556 2644 2597 esse
2665 2557 2828 2612 super
2869 2542 3010 2600 filius
3034 2545 3204 2599 Adam
3238 2563 3266 2598 a
3311 2547 3401 2602 die
3435 2549 3606 2603 exitus
3653 2552 3721 2605 tle

2128 2639 2314 2686 ventre
2336 2635 2519 2686 matris
2543 2647 2730 2687 eorum
2757 2634 2776 2703 (
2803 2631 2968 2686 Eccli.
2996 2651 3084 2701 ιι,
3121 2637 3142 2689 1
3173 2635 3212 2705 ).
3236 2637 3420 2708 Neque
3438 2641 3579 2694 enim
3607 2655 3722 2697 me-

2129 2725 2234 2779 lior
2259 2735 2342 2779 est
2362 2725 2664 2795 Pelagiana,
2687 2742 2845 2796 quam
2869 2729 3232 2785 ecclesiasuca
3252 2734 3533 2800 sapientia.

2201 2814 2313 2871 VII.
2338 2815 2457 2872 ἕω..
2479 2817 2584 2871 Sed
2601 2819 2759 2873 nimis
2779 2835 2896 2874 sum
2924 2821 3037 2890 ipsa
3060 2837 3239 2876 rerum
3261 2826 3580 2890 reverentia,
3604 2826 3722 2896 ejus

2129 2923 2229 2978 qua
2253 2908 2322 2963 de
2347 2919 2521 2978 agitur
2541 2911 2900 2966 contentionis
2922 2913 3138 2968 oblitus.
3162 2913 3325 2970 Miror
3358 2917 3500 2971 enim
3526 2919 3720 2990 ambigi

2129 2999 2197 3054 de
2223 2999 2311 3053 Dei
2339 3001 2587 3070 atquitate
2609 3003 2878 3070 potuisse;
2905 3018 3026 3058 cum
3050 3013 3261 3061 constet
3281 3007 3332 3061 in
3358 3007 3723 3066 Tradnciano-

2131 3106 2248 3144 rum
2274 3093 2558 3162 synagogis
2578 3092 2708 3146 nihil
2729 3093 2798 3148 de
2823 3094 2940 3164 ejus
2968 3097 3245 3167 iniquitate
3271 3097 3521 3154 dubitari.

2202 3181 2337 3236 AUG.
2379 3181 2510 3247 Quia
2557 3181 2625 3236 de
2674 3184 2768 3238 Dei
2809 3186 3058 3254 aequitate
3102 3201 3209 3242 non
3252 3189 3559 3259 ambigitur,
3601 3191 3722 3247 ideo

2127 3271 2492 3342 gravejugum
2513 3289 2675 3343 super
2717 3276 3013 3345 parvulum,
3048 3279 3251 3348 justum
3286 3295 3408 3337 esse
3442 3285 3676 3344 creditur
3704 3301 3718 3339 :

2128 3373 2185 3419 et
2203 3365 2324 3436 quia
2355 3365 2458 3421 hoc
2471 3367 2674 3436 justum
2708 3383 2829 3424 esse
2849 3371 3106 3437 creditur,
3150 3372 3272 3428 ideo
3314 3376 3564 3444 parvulus
3603 3378 3726 3434 sine

2129 3457 2372 3526 originali
2396 3469 2612 3527 peccato
2633 3474 2754 3514 esse
2775 3475 2877 3515 non
2910 3462 3166 3518 creditur.
3206 3466 3437 3521 Proinde
3459 3468 3511 3540 in
3534 3468 3723 3524 Eccleo

2129 3547 2206 3600 sia
2231 3548 2515 3615 catholica,
2543 3550 2686 3605 unde
2713 3550 2978 3622 Pelagiani
3005 3569 3073 3610 ex
3105 3555 3257 3610 nobis
3293 3541 3560 3625 exierunt,
3613 3576 3718 3614 non

2129 3637 2265 3692 sicut
2289 3637 2443 3706 dicis,
2468 3640 2596 3695 nihil
2621 3640 2689 3696 de
2711 3641 2988 3713 iniquitate
3020 3645 3134 3710 Dei,
3165 3645 3259 3700 sed
3289 3648 3467 3717 potius
3488 3649 3618 3704 nihil
3649 3627 3718 3705 (te

2131 3729 2249 3799 ejus
2261 3731 2510 3802 aequitate
2525 3731 2825 3800 dubitatur;
2855 3735 2942 3790 ubi
2967 3751 3065 3791 nec
3087 3737 3279 3804 infans,
3294 3739 3444 3809 cujus
3461 3750 3543 3796 est
3565 3743 3720 3799 unius

2129 3820 2236 3876 diei
2269 3823 2373 3882 vita
2392 3839 2557 3893 super
2582 3833 2778 3881 terram
2802 3828 2919 3883 sine
2943 3829 3100 3884 sorde
3135 3834 3335 3900 peccati
3356 3848 3478 3890 esse
3498 3835 3722 3891 docetur

2130 3923 2184 3968 et
2211 3915 2444 3986 dicitur(
2466 3915 2568 3971 Job
2591 3933 2696 3982 xtv,
2724 3920 2778 3974 4.
2821 3936 2921 3974 sec.
2970 3920 3132 3975 LXX.
3157 3921 3177 3994 )
3208 3914 3227 3985 ς(
3251 3933 3304 3978 et
3330 3923 3449 3980 ideo
3480 3926 3532 3981 in
3563 3925 3718 3984 malis

2130 4024 2251 4078 quae
2271 4010 2488 4080 patitur,
2519 4025 2626 4066 non
2664 4013 2896 4083 injustus
2924 4014 3086 4082 Deus,
3115 4017 3208 4072 sed
3253 4018 3432 4089 justus
3475 4021 3719 4090 agnosci-

2133 4109 2236 4153 ιω.

2204 4190 2338 4246 Vill.
2367 4191 2488 4248 JUL.
2518 4193 2671 4262 Quod
2710 4204 2857 4252 certe
2885 4205 3032 4252 tanto
3063 4199 3212 4268 pejus
3242 4212 3342 4266 est,
3371 4212 3568 4272 quanto
3597 4218 3722 4272 gra-

2130 4284 2247 4338 vius
2272 4293 2353 4339 est
2379 4286 2610 4340 studiqu
2638 4288 2900 4343 malorum
2929 4306 3086 4360 quam
3114 4293 3386 4363 negleclus
3436 4293 3719 4364 bonorum,

2131 4386 2331 4447 quanto
2357 4379 2708 4448 perniciosior
2735 4382 2957 4437 intentio
2984 4383 3314 4453 profanitatis
3359 4400 3519 4456 quam
3562 4388 3720 4443 dubi-

2133 4469 2264 4522 tatio
2277 4470 2540 4538 veritatis,
2565 4481 2764 4542 quanto
2790 4485 3068 4544 postremo
3094 4477 3374 4534 scelestius
3399 4488 3484 4534 est
3519 4478 3722 4537 audere

2131 4562 2403 4617 criminari
2433 4563 2599 4618 Deum
2627 4579 2785 4636 quam
2816 4565 2962 4620 nolle
2992 4568 3257 4622 venerari.

2203 4653 2336 4707 Atio.
2380 4653 2484 4708 Sed
2525 4669 2623 4710 vos
2662 4656 3016 4710 eriminamini
3055 4657 3241 4722 Deum,
3277 4657 3403 4712 dum
3445 4659 3718 4727 parvulos,

2132 4745 2506 4814 quosjudicio
2541 4747 2659 4815 ejus
2693 4747 2840 4816 gravi
2866 4747 2997 4817 jttgo
3040 4749 3211 4816 premi
3259 4750 3499 4817 cernitis,
3551 4750 3716 4807 ullum

2133 4842 2309 4888 tamen
2337 4837 2540 4904 negatis
2567 4835 2762 4891 habere
2789 4846 3084 4906 peccatum.

2203 4922 2297 4977 lli.
2322 4923 2441 4979 Jun.
2474 4924 2684 4980 Dixerat
2714 4927 2951 4996 quidem,
2983 4937 3041 4981 ut
3066 4927 3232 4982 David
3276 4927 3535 4999 proliheta
3566 4934 3721 4990 testis

2131 5016 2268 5082 est',
2305 5016 2560 5086 insipiens
2597 5017 2650 5070 in
2696 5017 2861 5072 corde
2911 5033 3028 5082 suo,
3066 5019 3188 5089 quia
3233 5035 3338 5074 non
3385 5029 3528 5077 esset
3580 5022 3721 5080 Deus

2134 5107 2306 5178 (Psal.
2336 5123 2452 5172 xm,
2477 5105 2578 5181 l):
2605 5095 2720 5163 non
2767 5119 2943 5164 tamen
2987 5107 3220 5174 dixerat,
3246 5110 3382 5181 quia
3413 5120 3557 5168 esset
3597 5113 3720 5183 qui-

2132 5198 2277 5265 dem,
2306 5200 2400 5256 sed
2431 5209 2609 5255 tamen
2637 5200 2863 5271 injustus
2896 5198 3055 5265 Deus;
3084 5201 3154 5256 ita
3179 5203 3522 5258 concinenter
3556 5205 3720 5261 totius

2133 5304 2337 5348 naturte
2362 5307 2495 5349 voce
2531 5294 2830 5359 resonabat,
2864 5294 3287 5364 inseparabiliter
3313 5295 3421 5350 Deo
3442 5297 3722 5354 adhazrere

2127 5387 2410 5458 justitiam,
2469 5395 2528 5442 ut
2577 5386 2783 5443 facilius
2835 5388 3168 5444 inveniretur
3210 5389 3299 5460 qui
3361 5389 3718 5445 substantiam

2133 5480 2270 5550 ejus,
2305 5495 2468 5551 quam
2509 5481 2599 5551 qui
2646 5480 2950 5550 aequitatem
2994 5491 3230 5553 negaret.
3259 5481 3438 5538 Potuit
3487 5483 3720 5538 existere

2134 5573 2223 5643 qui
2260 5581 2468 5642 putaret
2508 5589 2613 5627 non
2643 5587 2762 5627 esse
2803 5573 2944 5642 quod
2992 5588 3097 5628 non
3141 5573 3374 5639 videbat;
3407 5588 3512 5628 non
3543 5573 3717 5627 fuerat

2133 5673 2312 5720 tamen
2361 5665 2610 5719 inventus
2647 5665 2734 5736 qui
2773 5663 2973 5721 diceret
3013 5665 3250 5737 iniquum
3296 5663 3436 5736 quod
3477 5663 3712 5718 divinum

2131 5772 2249 5815 esse
2273 5758 2540 5814 credebat.

2197 5851 2213 5881 ι
2237 5850 2313 5914 sic
2329 5856 2437 5914 uss.
2466 5857 2520 5900 M.
2540 5852 2698 5914 vign.,
2723 5849 2975 5914 dubitavit.
3364 5911 3372 5914 ,
3429 5900 3460 5914 _.

2195 5914 2216 5942 ¹
2237 5911 2509 5968 viguierius
2557 5909 2754 5963 testatus
2774 5919 2860 5962 est.
2885 5912 3045 5962 Codex
3072 5917 3335 5966 t‘ortarum,
3355 5909 3484 5954 testis
3509 5909 3579 5952 est
