4126 6530
427 438 554 493 19331

497 553 630 606 Anc.
659 546 726 601 Et
753 545 866 615 ipse
905 545 1154 598 inventus
1182 557 1264 596 es.
1296 539 1428 594 Nam
1467 539 1552 594 cui
1585 537 1683 592 nisi
1731 536 1822 590 tali
1867 535 2014 598 dicit,

428 639 728 711 Suspicatus
755 653 806 690 cs
849 635 1180 704 iniquitatem,
1208 631 1340 700 quod
1382 647 1468 685 ero
1513 629 1600 682 tibi
1647 628 1821 680 similis
1847 625 2017 698 (I’sal.

429 730 742 800 xux,2|)?
767 727 871 784 Sed
893 727 1142 798 quoniam
1190 721 1472 778 Christiani
1513 719 1761 775 catholici
1807 729 1864 774 et
1901 733 2022 772 esse

433 828 623 888 Deum,
651 833 708 878 et
729 823 928 892 justum
969 835 1090 876 esse
1113 819 1307 882 sciunt;
1337 815 1456 870 ideo
1485 823 1639 868 natos
1685 812 1952 876 homines,
1977 809 2023 864 si

433 932 540 972 non
583 915 752 970 renati
799 913 851 968 in
901 912 1122 982 parvula
1163 918 1318 964 aetate
1379 906 1702 970 moriuntur,
1745 918 1866 958 cum
1917 903 2024 958 sint

433 1008 694 1077 imagines
733 1003 851 1064 Dei,
880 1017 986 1056 non
1031 999 1224 1070 injuste
1257 1010 1452 1062 tamen,
1487 995 1582 1050 sed
1613 994 1818 1064 peccati
1859 993 2020 1061 origi-

437 1099 573 1154 nalis
623 1095 836 1157 merito,
870 1093 922 1147 in
972 1107 1194 1162 regnum
1245 1089 1340 1144 Dei
1385 1103 1491 1143 non
1533 1084 1752 1155 suscipi,
1783 1083 2026 1140 dubitare

438 1205 544 1246 non
571 1189 584 1220 ¹
617 1195 858 1258 possunt.

513 1279 580 1334 Χ.
614 1278 732 1332 .loL.
779 1277 1034 1344 Insipicns
1075 1291 1200 1343 ergo
1243 1273 1350 1332 ille.
1388 1269 1634 1344 negando
1683 1270 1870 1334 Deum,
1915 1277 2026 1322 ste-

441 1374 569 1428 tisse
615 1374 666 1426 in
703 1373 900 1426 extimo
947 1368 1227 1422 criminum
1266 1365 1548 1420 videbatur
1577 1381 1592 1416 :
1627 1371 1682 1416 at
1709 1363 1920 1416 inventa
1947 1371 2029 1415 est

447 1466 590 1518 natio
619 1461 1032 1518 Mauiclucorum
1071 1467 1126 1512 et
1152 1456 1626 1517 Traducianomm,
1658 1452 1812 1524 cujus
1851 1451 2031 1522 prola-

443 1555 694 1610 nitatibus
723 1553 1023 1605 vinceretur
1037 1552 1081 1602 ².

515 1649 648 1701 Anc.
678 1645 866 1699 Sciens
895 1657 1052 1711 quam
1077 1640 1206 1695 clari
1237 1637 1820 1711 probatiqnedoctores
1844 1635 2033 1689 Eccle-

443 1739 535 1792 sire
575 1737 788 1800 Christi,
816 1734 883 1789 de
914 1709 1138 1803 peccato
1161 1709 1443 1800 originali,
1473 1741 1526 1784 et
1541 1709 1618 1783 Ie
1661 1727 1863 1796 justitia
1895 1725 1988 1780 Dei
2017 1767 2031 1788 ,

441 1827 584 1898 quod
613 1827 773 1882 credo
813 1824 1158 1886 crediderint,
1177 1821 1318 1892 quod
1355 1821 1521 1875 doceo
1567 1818 1868 1878 docuerint,
1892 1816 2034 1887 quod

442 1917 672 1974 defendo
723 1914 1054 1973 defenderint
1085 1931 1101 1979 ;
1131 1915 1210 1968 sic
1253 1911 1438 1966 audire
1481 1911 1653 1966 debeo
1690 1909 2036 1964 contumelias

443 2021 580 2072 tuas,
601 2009 870 2080 quomodo
897 2007 1082 2062 laudes
1107 2021 1254 2060 meas
1274 2005 1316 2058 ³.

515 2101 610 2156 XI.
632 2100 750 2156 .lnL.
775 2099 880 2156 Sed
910 2108 968 2154 ut
1007 2107 1341 2154 revertamur
1369 2095 1508 2151 unde
1537 2095 1763 2166 digressi
1801 2109 1988 2148 sumus
2019 2112 2034 2146 :

447 2191 675 2263 liquerat
697 2191 766 2246 ab
789 2205 858 2246 eo
885 2203 1044 2260 quem
1071 2187 1360 2243 faterentur
1385 2201 1570 2242 verum
1613 2187 1801 2252 Deum,
1833 2184 1964 2238 nihil
1985 2184 2038 2238 in

444 2282 648 2351 judicio
691 2297 850 2352 posse
893 2281 1030 2346 ﬁeri,
1060 2279 1202 2350 quod
1227 2279 1450 2349 justitia:
1487 2287 1825 2348 repugnaret;
1855 2291 1919 2331 ac
1945 2291 2041 2346 per

454 2373 576 2438 hoc,
609 2385 710 2426 nec
735 2385 832 2440 pro
855 2369 1047 2424 alienis
1089 2369 1319 2438 peccatis
1345 2382 1638 2437 quosqnam
1679 2381 1802 2420 reos
1830 2367 1998 2420 teneri
2027 2385 2037 2418 :

452 2473 612 2533 atque
659 2461 779 2516 ideo
822 2469 1132 2514 nascentum
1174 2459 1534 2512 innocentiam
1581 2473 1915 2527 nequaquam
1947 2457 2042 2510 da-

457 2553 630 2608 mnari
655 2553 725 2606 ob
755 2551 1086 2620 iniquitatem
1129 2559 1406 2620 parentum
1431 2566 1445 2614 ;
1473 2550 1596 2620 quia
1619 2549 1874 2620 injustam
1903 2559 2046 2604 esset

457 2653 514 2698 ut
537 2651 716 2698 reatus
739 2657 832 2711 per
851 2640 1055 2694 semina
1087 2639 1404 2694 traderetur.

535 2736 672 2788 Anc.
696 2731 805 2788 Cur
833 2745 961 2800 ergo
979 2729 1178 2786 dictum
1203 2739 1366 2795 esset,
1403 2728 1589 2784 Semen
1630 2745 1801 2784 eorum
1836 2729 2047 2784 maledi—

461 2837 600 2878 ctum
629 2823 689 2876 ab
717 2823 908 2877 initio?
935 2821 1052 2877 Non
1089 2822 1232 2877 enim
1276 2823 1354 2876 sic
1389 2819 1590 2876 dictum
1621 2831 1723 2884 est,
1755 2822 2043 2891 quomodo,

463 2917 648 2972 Semen
673 2913 920 2972 Chanaan
953 2923 1002 2968 et
1031 2931 1132 2968 non
1174 2913 1314 2968 Iuda
1341 2912 1500 2984 (Dan.
1527 2928 1644 2978 xm,
1669 2911 1791 2985 56);
1826 2913 1912 2967 ubi
1955 2913 2048 2968 tle-

462 3015 813 3062 monslratum
837 3017 920 3060 est
945 3006 1137 3076 quibus
1159 3005 1360 3059 similes
1387 3004 1508 3058 lacti
1529 3013 1702 3068 erant,
1727 3012 1780 3059 et
1804 3020 1833 3058 a
1855 3004 2049 3074 quibus

461 3101 915 3170 degeneraverant
944 3117 957 3153 :
987 3097 1080 3152 sed
1107 3112 1294 3154 eorum
1313 3097 1547 3167 ipsorum
1575 3112 1758 3152 semen
1786 3097 1918 3150 dixit
1938 3112 2050 3150 ma-

463 3192 737 3259 ledictum,
779 3207 914 3262 quos
962 3189 1276 3246 naturaliter
1323 3190 1492 3244 malos
1545 3191 1758 3245 volebat
1805 3191 2044 3262 intelligi,

459 3284 594 3338 sicut
641 3291 765 3337 SIIIII.
799 3297 986 3339 omnes
1027 3282 1120 3336 lilii
1149 3281 1340 3349 Adam,
1367 3299 1434 3337 ex
1475 3283 1667 3352 quibus
1705 3283 1876 3354 gratia
1919 3281 2052 3337 linnt

465 3375 558 3430 lilii
607 3375 720 3430 Dei.
755 3373 855 3430 Ubi
903 3374 1044 3428 enim
1083 3373 1300 3440 dicitur,
1349 3371 1469 3428 Non
1515 3373 1758 3444 ignorans
1811 3375 2052 3444 quoniam

467 3482 682 3536 nequam
715 3473 786 3518 cst
817 3468 952 3518 natio
979 3463 1208 3532 illarum,
1233 3474 1281 3518 et
1307 3465 1555 3518 naturalis
1586 3465 1780 3518 malitia
1802 3466 2048 3536 ipsorum,

465 3555 765 3626 etquoniam
798 3573 896 3609 non
929 3565 1123 3623 poterat
1153 3557 1338 3610 mutari
1365 3556 1604 3627 cogitatio
1623 3556 1830 3610 illorum
1855 3558 1908 3610 in
1939 3575 2054 3624 per-

467 3658 696 3718 petuum;
711 3663 876 3702 semen
905 3650 1036 3700 enim
1063 3647 1267 3702 illorum
1297 3647 1618 3702 maledictum
1641 3647 1704 3701 ab
1726 3647 1870 3701 initio
1895 3647 2049 3722 (Sap.

469 3755 562 3804 xn,
593 3738 662 3793 IO
682 3747 727 3793 et
748 3737 834 3808 ll)
863 3755 876 3790 :
903 3747 1028 3808 puto
1055 3738 1196 3808 quod
1223 3747 1434 3805 natura,
1465 3738 1842 3794 nonimitatio‘
1869 3740 2053 3796 redar-

465 3831 662 3902 guitur;
691 3839 745 3885 et
783 3830 1050 3900 quomodo
1091 3839 1276 3884 natura
1319 3830 1418 3884 nisi
1451 3831 1633 3885 vitiata
1679 3841 1920 3899 peccato,
1949 3847 2054 3886 non

473 3925 524 3976 in
555 3923 728 3991 primo
757 3920 974 3976 homine
1015 3922 1094 3974 sic
1126 3921 1343 3977 creata?
1393 3924 1434 3976 A
1461 3939 1568 3993 quo
1601 3939 1730 3992 ergo
1759 3925 1911 3978 initio
1940 3943 2056 3980 mn-

467 4013 721 4068 ledictum
763 4027 967 4076 semen,
1009 4012 1110 4066 nisi
1163 4029 1228 4066 ex
1269 4029 1376 4082 quo
1425 4029 1519 4083 per
1569 4030 1734 4068 unum
1787 4015 2055 4072 hominem

469 4112 744 4172 peccatum
771 4102 987 4157 intravit
1015 4103 1066 4156 in
1091 4103 1380 4158 mundum?
1412 4108 1452 4159 Α
1479 4121 1537 4160 se
1567 4106 1697 4176 ipsis
1727 4117 1902 4162 autem
1937 4124 2052 4162 mu-

467 4193 572 4248 tari
630 4209 736 4248 non
789 4203 1053 4264 poterant,
1099 4211 1204 4250 non
1261 4196 1329 4252 ab
1373 4197 1738 4265 omnipotente
1793 4199 2056 4269 Deozqni

469 4295 646 4342 tamen
677 4285 809 4341 eos'
836 4286 1016 4357 utique
1058 4287 1376 4356 iustissimo,
1405 4289 1650 4358 quamvis
1691 4290 2056 4346 occultissimo

469 4375 690 4446 judicio,
720 4392 826 4431 non
855 4377 1114 4432 mutabat.
1146 4377 1230 4434 Ab
1271 4378 1372 4433 hac
1393 4377 1537 4434 enim
1563 4394 1740 4434 massa
1769 4395 1874 4436 non
1917 4381 2060 4436 arbi-

472 4468 598 4536 trio,
621 4469 716 4524 sed
749 4469 840 4524 Dei
869 4469 1038 4540 gratia
1077 4483 1136 4524 se
1164 4480 1422 4525 mutatum
1453 4485 1575 4527 esse
1599 4471 1800 4527 sciebat
1825 4474 2057 4542 Aposto-

473 4559 574 4624 lus,
599 4558 813 4629 quando
859 4559 1068 4614 dicebat
1093 4577 1106 4614 :
1133 4559 1347 4615 Fuimus
1381 4570 1429 4616 et
1449 4579 1542 4616 nos
1569 4569 1759 4616 natura
1801 4563 1896 4632 ﬁlii
1943 4565 2054 4628 irae,

471 4658 600 4706 sicut
627 4661 678 4706 et
706 4653 874 4708 ceteri
901 4652 1119 4726 (Ephes.
1151 4655 1234 4718 Ii,
1263 4653 1356 4726 3).

547 4745 658 4801 XII.
711 4745 828 4801 ,Ιυιη
879 4745 1030 4813 Quod
1085 4745 1207 4802 licet
1231 4747 1286 4802 in
1335 4756 1482 4802 tanta
1531 4747 1646 4804 luce
1686 4749 1964 4816 consistat,
2003 4759 2058 4804 ut

473 4837 606 4894 nihil
659 4848 750 4894 aut
791 4837 1086 4894 absolutius
1131 4838 1450 4908 inveniatur,
1495 4849 1586 4895 aut
1633 4841 1850 4896 verius:
1881 4850 2058 4895 tamen

473 4929 740 5000 pollicitus
762 4943 908 4984 eram
943 4929 1044 4984 hoc
1069 4931 1240 5000 ipsum
1270 4929 1464 4986 divinae
1483 4946 1572 4986 me
1595 4931 1728 5000 legis
1752 4931 2060 4986 testimonio

475 5021 846 5086 comprobare,
869 5019 920 5076 id
966 5031 1068 5088 est,
1115 5022 1504 5091 iniquissimum
1539 5038 1678 5088 esse,
1710 5023 1754 5078 si
1794 5039 2058 5094 generan-

479 5111 612 5165 tium
651 5109 855 5166 scelera
899 5113 1240 5166 nascentibus
1280 5127 1463 5168 eorum
1497 5113 1677 5168 liberis
1711 5115 2059 5181 imputantur;

480 5201 663 5269 sicque
704 5199 972 5256 adversari
1018 5203 1213 5266 Deum,
1253 5212 1313 5258 ut
1349 5205 1510 5258 etiam
1553 5203 1606 5256 in
1641 5219 1734 5257 sua
1765 5205 1880 5274 lege
1925 5221 2058 5274 pra:-

483 5291 777 5360 scripseril,
811 5307 876 5345 ne
919 5293 1024 5347 tale
1062 5293 1348 5364 quidquam
1373 5293 1718 5362 judicantimn
1753 5295 2060 5350 deformitas

483 5392 832 5452 perpetraret.
863 5383 972 5438 [Ioc
1009 5399 1092 5437 me
1117 5399 1244 5454 ergo
1269 5383 1660 5456 Spoponderam
1690 5385 2018 5440 redditurum
2045 5407 2058 5438 :

481 5474 575 5528 sed
613 5475 862 5546 quoniam
891 5475 1156 5532 secundus
1195 5475 1328 5530 libct'
1356 5478 1578 5548 apostoli
1611 5478 1756 5533 Pauli
1791 5495 2064 5549 exponen-

547 5665 562 5729 ξ
593 5663 674 5729 Inc
698 5669 962 5729 negantem
995 5661 1275 5729 particulam
1297 5665 1599 5714 restituimus
1622 5677 1684 5714 ex
1709 5667 2060 5729 manuscriptis.

541 5727 564 5756 ³
593 5732 612 5769 ι
623 5723 877 5786 ignierius,
909 5723 1130 5774 uincitur.

549 5787 568 5816 ³
595 5788 878 5846 \‘ignicritts,
902 5795 1023 5836 tuas.
1051 5795 1104 5836 Αι
1127 5795 1254 5844 Μςλς..
1289 5801 1432 5837 meas.

547 5849 564 5876 ‘
595 5851 878 5910 \‘ignierius.
903 5849 1111 5899 mutatio.
1137 5851 1422 5898 Enitendazur
1443 5863 1504 5898 ex
1523 5849 1776 5900 veteribus
1792 5848 1940 5897 libris.

547 5911 566 5940 ⁸
599 5909 859 5972 tigna-rius
881 5911 1004 5972 loco,
1039 5923 1148 5964 eos:
1185 5912 1422 5974 ρώᾱιιι-ιιι,
1451 5913 1556 5962 Dei.

1103 427 1349 483 ()PERIS
1389 423 1810 480 [MPERFECTI
1839 419 2112 478 CONTRA
2155 418 2516 486 JULIANUM,
2555 418 2595 474 S
2668 416 3042 482 AUGUSTINI.

3578 419 3712 478 1253

2129 561 2211 615 dis
2241 567 2323 614 cst
2356 559 2632 612 sententiis
2670 567 2978 628 occupatus,
3004 557 3164 627 hujus
3207 555 3492 614 voluminis
3533 559 3715 626 prium

2133 651 2368 720 partibus
2413 649 2569 703 Iidem
2596 649 2842 719 coogruit
2887 649 3256 718 promissionis
3301 649 3530 720 impleri.
3565 647 3715 718 Legi-

2133 759 2250 796 mus
2278 756 2404 812 ergo
2435 741 2487 794 in
2518 741 2950 806 Deuteronomio,
2977 741 3027 795 in
3059 742 3301 812 catalogo
3328 751 3716 812 praceptorum

2131 834 2323 904 quibus
2379 833 2485 888 vita
2531 841 2585 888 et
2628 834 2963 888 conversatio
3005 833 3182 904 populi
3239 833 3380 888 illius
3418 833 3695 889 ordinatur

2132 927 2290 981 etiam
2329 925 2430 980 hoc
2471 924 2806 994 apertissime
2836 941 2866 979 a
2893 925 3001 980 Deo
3040 925 3203 980 fuisse
3234 925 3560 982 mandatum.
3585 925 3714 980 Nam

2135 1025 2194 1070 ut
2221 1017 2288 1071 de
2337 1015 2782 1086 praecedentibus,
2816 1025 2867 1070 et
2910 1015 2978 1071 de
3025 1017 3392 1086 sequentibus,
3421 1017 3562 1072 inter
3601 1033 3719 1088 quae

2134 1111 2202 1166 sit
2223 1109 2560 1172 collocatum,
2585 1107 2752 1176 possit
2773 1107 2997 1174 intelligi
3031 1125 3044 1160 :
3079 1105 3201 1161 Non
3223 1109 3504 1178 fraudabis,
3525 1109 3718 1180 inquit,

2137 1205 2412 1257 mercedem
2455 1202 2692 1272 pauperis
2735 1209 2779 1256 et
2806 1201 2994 1271 egentis
3033 1217 3096 1256 ea:
3123 1201 3365 1272 fratribus
3400 1211 3520 1266 tuis,
3548 1213 3634 1254 aut
3660 1217 3722 1256 ea:

2137 1297 2404 1366 proselytis
2433 1295 2518 1364 qui
2538 1304 2656 1348 sunt
2680 1294 2732 1347 in
2758 1293 3040 1348 ciuitatibus
3073 1295 3169 1348 tuis
3191 1310 3210 1348 :
3233 1294 3579 1364 quotidianam
3609 1295 3722 1348 red.

2137 1387 2223 1441 des
2251 1387 2526 1441 mercedem
2562 1385 2765 1450 illius‘;
2796 1403 2896 1438 non
2928 1386 3122 1439 occidat
3156 1387 3234 1440 sol
3267 1403 3419 1456 super
3459 1385 3724 1458 eam;qaia

2139 1495 2334 1548 pauper
2377 1489 2469 1542 est,
2502 1479 2629 1532 etin
2669 1496 2725 1531 ea
2775 1477 2922 1531 habet
2963 1495 3134 1546 spem;
3161 1489 3206 1532 et
3254 1495 3352 1530 non
3397 1477 3724 1548 proclamabit

2139 1581 2313 1626 contra
2354 1583 2400 1626 te
2425 1572 2492 1624 ad
2517 1569 2814 1636 Dominam,
2841 1581 2886 1625 et
2907 1573 2998 1624 erit
3021 1571 3072 1625 in
3095 1582 3140 1623 te
3167 1581 3448 1640 peccatum.
3481 1569 3600 1624 Non
3628 1585 3724 1623 mo~

2139 1664 2332 1717 rientur
2361 1673 2526 1732 patres
2555 1679 2645 1732 pro
2669 1663 2807 1730 ﬁliis,
2834 1673 2878 1716 et
2905 1663 3001 1732 filii
3031 1679 3128 1716 non
3155 1647 3432 1716 morientur
3457 1679 3549 1732 pro
3578 1663 3728 1732 patri-

2153 1755 2246 1809 bus
2279 1769 2296 1808 :
2321 1754 2660 1824 unusquisque
2687 1753 2740 1806 in
2765 1763 2969 1824 peccato
2989 1771 3082 1808 suo
3111 1755 3348 1808 morietur
3375 1752 3547 1824 (Deut.
3582 1768 3724 1816 xxiv,

2145 1846 2369 1918 14.16).

2215 1941 2346 1994 Anc.
2383 1937 2456 1992 De
2501 1937 2621 1991 filiis
2653 1937 2755 1992 hoc
2783 1935 2915 1991 dixit
2963 1937 3074 2006 jam
3127 1937 3286 2003 natis,
3317 1953 3422 1992 non
3459 1935 3511 1990 in
3557 1935 3729 2006 primo

2147 2040 2364 2101 parente
2401 2029 2688 2092 damnatis,
2718 2029 2769 2082 in
2810 2043 2916 2098 quo
2950 2042 3138 2082 omnes
3184 2037 3558 2098 peccaverunt,
3585 2037 3638 2081 et
3679 2027 3729 2080 in

2143 2137 2250 2192 quo
2276 2135 2464 2175 omnes
2489 2121 2806 2174 moriuntur.
2835 2119 2902 2174 Et
2935 2119 3036 2174 hoc
3057 2120 3270 2190 quidem
3297 2130 3612 2190 praeceptum
3631 2118 3728 2172 de-

2145 2213 2224 2266 dit
2269 2211 2579 2266 bominibus
2617 2209 3002 2279 iudicantibus,
3051 2224 3118 2264 ne
3161 2220 3312 2280 pater
3353 2226 3450 2279 pro
3488 2209 3614 2272 lilio,
3649 2208 3732 2263 vcl

2151 2304 2290 2358 lilius
2334 2318 2430 2373 pro
2475 2313 2624 2372 patre
2663 2313 2980 2366 moreretur,
3025 2317 3147 2356 cum
3193 2318 3316 2356 reus
3368 2300 3734 2356 tantummodo

2149 2406 2299 2466 pater
2333 2404 2476 2449 esset
2523 2394 2789 2460 inventus,
2815 2401 2903 2446 aut
2932 2391 3091 2447 filius.
3115 2391 3378 2446 Cazterum
3413 2391 3610 2462 judicia
3641 2406 3732 2445 sua

2153 2486 2313 2550 Deus,
2343 2486 2456 2540 sive
2497 2500 2618 2540 cum
2652 2499 2746 2553 per
2766 2500 2824 2538 se
2851 2484 3047 2554 ipsum,
3077 2483 3189 2538 sive
3214 2499 3335 2538 cum
3369 2499 3460 2554 per
3487 2481 3730 2536 lnnnines

2146 2577 2385 2646 judicat,
2410 2575 2602 2645 quibus
2642 2574 2732 2629 dat
2761 2575 3134 2646 propheticum
3167 2573 3434 2644 spiritum,
3469 2589 3574 2628 non
3617 2571 3734 2626 alli-

2151 2669 2294 2738 gavit
2321 2669 2419 2722 hac
2447 2669 2580 2738 lege.
2607 2665 2792 2738 Neque
2827 2667 2969 2721 enim
2995 2665 3210 2737 quando
3235 2677 3459 2736 excepto
3479 2665 3592 2721 Noe
3615 2680 3734 2720 cum

2153 2765 2282 2824 suis,
2306 2770 2531 2813 caeteros
2559 2774 2748 2813 onmes
2776 2758 2976 2814 diluvio
3006 2759 3256 2830 perdidit,
3280 2760 3544 2829 separavit
3571 2757 3739 2812 infau-

2153 2861 2234 2905 tes
2275 2849 2366 2920 qui
2407 2848 2641 2903 nondum
2681 2847 2891 2903 fuerant
2929 2849 3121 2904 imitati
3167 2857 3412 2920 parentes
3463 2863 3608 2914 suos,
3651 2857 3738 2900 aut

2153 2942 2270 2996 sine
2289 2941 2400 2995 suis
2419 2941 2652 3010 parvulis
2671 2939 2976 2996 Sodomitas
2993 2941 3080 2995 ille
3107 2941 3242 3012 ignis
3268 2941 3558 3012 absumpsit
3587 2939 3735 3011 (Gen.

2153 3047 2244 3096 vn,
2269 3033 2410 3102 xix).
2436 3031 2586 3098 Quod
2619 3033 2662 3086 si
2686 3031 2962 3098 voluisset,
2993 3033 3174 3102 utique
3213 3031 3473 3102 potuisset
3500 3031 3741 3100 omnipo-

2157 3134 2295 3180 tcns.
2327 3123 2394 3178 Et
2431 3123 2517 3178 ille
2557 3121 2771 3178 Achar'
2802 3122 3047 3192 prmccpti
3086 3129 3447 3192 transgressor
3486 3137 3622 3176 unus
3663 3123 3742 3174 in-

2155 3223 2368 3282 ventus,
2400 3223 2454 3268 et
2471 3223 2647 3268 tamen
2672 3229 2790 3268 cum
2821 3214 2932 3268 suis
2963 3213 3083 3268 Iiliis
3103 3221 3158 3268 et
3178 3213 3388 3268 filiabus
3413 3213 3619 3268 occisus
3638 3221 3738 3267 est.

2155 3306 2296 3374 Quid
2343 3303 2410 3360 de
2453 3313 2531 3358 tot
2570 3303 2872 3358 civitatibus
2911 3303 3192 3359 debellatis
3232 3303 3420 3360 eodem
3461 3303 3595 3358 duce
3619 3302 3742 3359 Jesu

2157 3399 2301 3454 Nave
2331 3396 2546 3453 homine
2595 3397 2728 3452 Dei?
2753 3395 2937 3451 Nonne
2967 3396 3036 3450 ita
3076 3411 3264 3452 onmes
3301 3395 3562 3451 interfecti
3601 3407 3741 3456 sunt.

2157 3501 2214 3544 ut
2237 3490 2415 3544 nullus
2441 3489 2647 3557 spirans
2676 3487 3066 3557 relinqueretur
3090 3485 3269 3560 (Iosue
3296 3505 3386 3554 vn,
3409 3504 3482 3556 vt,
3504 3505 3557 3556 x,
3575 3485 3700 3558 etc.)
3722 3487 3746 3542 ‘.’

2161 3581 2368 3637 Parvuli
2399 3581 2556 3651 igitur
2577 3579 2698 3650 quid
2746 3581 2872 3636 mali
2899 3579 3166 3636 fecerant?
3195 3581 3381 3638 Nonne
3407 3596 3504 3650 per
3528 3597 3742 3636 suorum

2161 3681 2438 3744 parentum
2467 3679 2701 3742 peccata,
2725 3687 2949 3742 quorum
2977 3687 3075 3727 nec
3103 3673 3322 3736 conscii,
3342 3689 3438 3728 nec
3457 3673 3746 3727 imitatores

2160 3779 2282 3820 esse
2323 3763 2498 3818 adhuc
2535 3773 2801 3834 poterant,
2838 3762 3019 3818 divino
3061 3763 3261 3833 judicio
3303 3779 3512 3834 pmnam
3540 3763 3748 3820 subiere

2161 3855 2536 3912 communem?
2565 3855 2734 3910 Aliter
2767 3869 2893 3924 ergo
2924 3853 3127 3924 judicat
3167 3855 3328 3922 Deus,
3351 3856 3506 3910 aliter
3551 3854 3747 3909 homini

2161 3947 2400 4018 praecipit
2428 3955 2486 4001 ut
2506 3946 2710 4017 iudicet
2739 3965 2754 4001 :
2781 3961 2901 4000 cum
2943 3946 3082 4001 Deus
3111 3945 3328 4001 homine
3355 3949 3470 4002 sine
3509 3947 3614 4002 ulla
3649 3947 3747 4002 du-

2164 4041 2420 4095 bitatione
2455 4039 2524 4094 sit
2561 4039 2772 4108 justior.
2803 4039 2926 4094 llzec
2970 4039 3198 4094 debuisti
3243 4049 3367 4095 ante
3403 4041 3654 4112 cogitare,
3683 4054 3750 4094 ne

2163 4132 2228 4186 ad
2274 4145 2488 4187 causam
2519 4147 2622 4186 non
2655 4131 3042 4201 pertinentibus
3071 4129 3430 4186 immorareris
3469 4131 3748 4202 exemplis.

2235 4221 2373 4278 XIII.
2399 4221 2518 4277 IUL.
2555 4221 2676 4276 Non
2714 4221 2988 4276 declinabis
3007 4221 3264 4294 judicium
3303 4221 3561 4294 proselyti,
3591 4230 3636 4276 et
3663 4239 3750 4276 or-

2169 4313 2343 4383 phani,
2367 4321 2414 4366 et
2453 4312 2640 4378 vidum;
2677 4329 2778 4366 non
2819 4312 3034 4383 accipies
3073 4313 3254 4384 pignus
3295 4315 3636 4367 vestimentum
3673 4311 3750 4366 vi-

2167 4403 2282 4457 dua:
2307 4417 2326 4456 :
2354 4403 2472 4472 quia
2511 4401 2739 4474 [annulus
2774 4401 2962 4456 erasin
3005 4409 3136 4456 terra
3167 4401 3406 4475 Egypti,
3448 4411 3494 4457 et
3531 4402 3752 4456 liberavit

2166 4505 2213 4548 te
2241 4493 2489 4547 Dominus
2517 4491 2654 4547 Deus
2679 4499 2793 4546 tuus
2827 4492 2982 4557 inde;
3011 4503 3216 4564 propter
3250 4493 3344 4546 hoc
3371 4509 3461 4564 ego
3490 4491 3579 4545 tibi
3617 4507 3752 4562 prat-

2166 4585 2300 4654 cipio
2343 4587 2511 4656 facere
2552 4583 2754 4637 verbum
2798 4583 2892 4638 hoc
2925 4583 3099 4656 (Deut.
3131 4600 3274 4652 xxiv,
3307 4585 3373 4639 17
3401 4593 3446 4638 et
3477 4583 3588 4656 18).
3622 4583 3751 4638 Cum

2170 4677 2470 4732 institueret
2487 4677 2628 4732 Deus
2652 4676 2922 4746 jndicandi
2951 4677 3195 4744 formam,
3223 4679 3322 4732 hoc
3345 4679 3519 4732 statim
3550 4677 3756 4732 sancire

2165 4770 2389 4834 curavit,
2417 4785 2484 4825 ne
2521 4778 2614 4824 aut
2661 4780 2908 4837 parentes
2950 4769 3004 4823 in
3049 4769 3301 4836 ﬁliorum,
3325 4777 3418 4822 aut
3445 4769 3534 4822 lilii
3565 4768 3619 4822 in
3661 4783 3754 4836 pa-

2167 4871 2375 4918 rentum
2399 4861 2601 4915 scelere
2629 4857 2934 4916 l'erirentur.
2957 4859 3282 4931 Principium
3313 4873 3442 4929 ergo
3466 4867 3518 4912 et
3555 4859 3757 4927 ingres-

2166 4969 2285 5008 sum
2317 4935 2557 5023 iustitiae,
2587 4969 2745 5022 quant
2773 4952 2974 5007 servari
3007 4953 3056 5006 in
3085 4953 3409 5022 judicatione
3451 4949 3752 5008 mandabat.

2167 5044 2402 5099 ostendit
2432 5043 2570 5098 istud
2603 5059 2743 5106 esse,
2767 5043 3097 5098 ne'aflinitas
3135 5053 3380 5114 gravaret
3411 5042 3676 5108 innoxios,
3702 5051 3757 5096 et

2170 5136 2222 5190 in
2249 5137 2419 5206 ipsum
2441 5149 2608 5205 genus
2630 5143 2937 5190 excurreret
2967 5135 3168 5200 odium,
3200 5137 3340 5206 quod
3383 5149 3610 5208 persona
3647 5149 3758 5190 tne-

2170 5229 2385 5283 ruisset.
2416 5227 2471 5282 In
2503 5241 2660 5282 causa
2688 5242 2818 5296 ergo
2847 5238 3056 5282 actuum
3085 5228 3340 5283 discernit
3367 5229 3591 5300 justitia,
3624 5241 3756 5298 quos

2172 5321 2511 5376 necessitudo
2555 5320 2848 5390 conjungit.
2895 5321 3045 5390 Quod
3093 5323 3273 5391 utique
3301 5340 3406 5377 non
3456 5321 3676 5388 faceret,
3713 5320 3754 5373 si

2171 5429 2275 5469 una
2295 5422 2442 5468 esset
2467 5414 2602 5468 ratio
2627 5413 2910 5470 voluntatis
2935 5393 3248 5480 etseminis,
3277 5425 3366 5470 aut
3387 5415 3428 5468 si
3457 5429 3590 5486 opus
3616 5411 3754 5465 arbi-

2171 5505 2256 5559 trii
2284 5505 2350 5559 ad
2379 5515 2618 5574 posteros
2660 5503 2982 5563 fecunditate
3025 5507 3293 5562 transiret.
3327 5507 3465 5560 Satis
3505 5519 3632 5576 ergo
3667 5519 3758 5556 su—

2173 5613 2370 5668 perque
2433 5597 2731 5663 docuimus,
2783 5597 2885 5654 hoc
2941 5614 3045 5654 uno
3099 5598 3404 5654 testimonio
3433 5596 3756 5652 teterrimam

2174 5687 2325 5740 istam
2362 5677 2544 5754 iudicii
2589 5687 2897 5758 pravitatem
2921 5729 2935 5754 ,
2975 5703 3134 5758 quam
3165 5703 3333 5742 novus
3367 5701 3520 5742 error
3555 5683 3758 5749 ample-

2239 5797 2254 5824 ι
2281 5793 2414 5846 Fditi.
2448 5791 2562 5845 illis.
2583 5803 2638 5846 At
2669 5802 2796 5852 Mss,
2821 5795 2950 5846 illius
3002 5803 3164 5844 Graece
3181 5804 3274 5853 est,
3303 5791 3464 5843 autos't.

2237 5857 2258 5885 ι
2285 5857 2554 5915 Hgnierius
2575 5857 2652 5905 hic
2677 5867 2728 5906 et
2751 5856 2890 5913 infra,
2913 5857 3066 5906 Acha;
3113 5864 3158 5905 tu
3185 5855 3520 5915 manuscriptis
3536 5861 3758 5901 consun-

2177 5923 2252 5959 ter
2277 5924 2370 5972 est,
2407 5919 2574 5980 .tchar,
2601 5929 2652 5968 ut
2675 5920 2802 5981 apud
2827 5925 2951 5968 LXX.
