4126 6510
416 562 598 623 ctitur,
627 554 843 626 antiqua
886 553 1005 609 lata:
1044 552 1176 624 legis
1212 551 1525 608 auctoritate
1550 552 1853 607 contritam.
1882 551 2013 621 Qua:

418 661 564 705 certe
600 647 864 703 sententia
909 648 979 701 ita
1026 655 1109 701 est
1135 647 1187 700 in
1226 660 1440 700 causam
1472 644 1762 715 prolata,ut
1801 645 2004 700 nullum

422 743 598 795 locum
628 739 904 808 reliquerit
928 738 1249 808 ambigendi.

489 834 619 887 Atta.
657 831 881 885 Resistit
911 830 1002 884 tibi
1027 829 1189 894 Deus,
1219 828 1308 899 qui
1337 827 1470 882 dixit
1498 826 1553 881 iu
1583 826 1717 882 libro
1749 825 2009 893 Levitico,

416 919 485 975 Et
524 921 610 984 qui
652 923 985 975 remanserint
1024 936 1088 976 ea:
1114 920 1250 974 vobis
1272 961 1288 985 ,
1318 917 1628 989 disperibant
1656 928 1861 988 propter
1900 933 2015 984 pec-

415 1020 531 1065 cata
575 1028 668 1066 sua
697 1052 713 1078 ,
743 1022 804 1083 et,
839 1022 1045 1083 prapter
1085 1019 1286 1079 peccata
1328 1019 1527 1081 patrum
1565 1026 1771 1064 suorum
1813 1008 2009 1082 (Leuit.

414 1119 561 1169 xxvi,
593 1103 662 1160 '59
688 1101 731 1176 ).

486 1192 627 1250 XIV.
656 1192 775 1250 Jun.
804 1192 1091 1249 lnstitucns
1130 1194 1325 1264 quippe
1363 1193 1504 1248 Deus
1545 1208 1664 1262 qua:
1714 1192 1766 1246 in
1800 1191 2012 1248 exami-

420 1287 578 1343 nibus
601 1286 821 1343 deberet
850 1285 1020 1342 forma
1049 1287 1267 1352 servari,
1294 1285 1614 1357 praescripsit
1650 1300 1718 1338 ne
1756 1285 2013 1339 innocen-

417 1378 488 1433 tia
516 1376 920 1434 necessitudinis
961 1391 1072 1432 sua:
1101 1378 1347 1447 periculis
1371 1377 1722 1447 jungerctur;
1751 1382 1913 1445 atque
1952 1384 2013 1428 ut

419 1480 627 1537 patrem
655 1484 684 1523 a
714 1468 975 1542 supplicio
1018 1468 1286 1539 peccantis
1326 1468 1439 1534 ﬁlii,
1474 1469 1543 1522 ita
1585 1466 1750 1521 ﬁlium
1782 1482 1811 1521 a
1847 1467 2012 1536 patris

414 1561 864 1617 condemnatione
907 1563 1191 1631 separavit;
1241 1560 1529 1617 ostendens
1560 1559 1797 1629 profecto
1841 1558 2002 1613 simili

415 1654 562 1708 exitu
613 1653 889 1723 utriusque
926 1666 1187 1723 personae,
1221 1660 1326 1707 tam
1365 1666 1469 1706 non
1515 1665 1672 1720 posse
1727 1659 2008 1719 parentum

415 1744 483 1798 ad
513 1744 650 1799 ﬁlios
694 1752 911 1815 peccata
958 1743 1206 1811 transire,
1231 1758 1388 1814 quam
1426 1757 1527 1797 nec
1567 1741 1795 1796 ﬁliorum
1837 1748 2010 1795 trans-

423 1843 552 1888 eunt
573 1834 638 1889 ad
670 1845 935 1904 parentes.

487 1934 624 1982 Auc.
653 1926 927 1981 Sutl'ocant
959 1934 1011 1981 te
1054 1925 1280 1996 parvuli,
1302 1924 1390 1994 qui
1436 1939 1542 1980 non
1585 1924 1746 1979 etiam
1788 1931 2011 1994 propter

414 2031 544 2083 sua,
591 2016 686 2071 sed
730 2027 954 2087 propter
996 2017 1108 2072 sola
1155 2024 1433 2086 parentum
1469 2023 1686 2084 peccata
1727 2016 1882 2070 toties
1926 2014 2009 2070 le-

412 2117 611 2176 guntur
629 2108 815 2162 occisi.

484 2197 600 2252 XV.
648 2198 769 2253 Jun.
799 2196 899 2265 Qui
946 2211 1077 2269 ergo
1114 2204 1300 2251 contra
1340 2195 1478 2251 hanc
1519 2194 1838 2250 sententiam
1880 2194 2010 2251 dicit

415 2290 686 2344 traducem
716 2303 839 2345 esse
880 2289 1104 2360 peccati,
1136 2288 1280 2343 dicat
1315 2300 1528 2357 quoque
1571 2301 1850 2341 recursum
1889 2302 2009 2343 esse

415 2382 612 2450 peccati
643 2399 658 2436 :
689 2391 749 2436 ut
775 2382 821 2437 si
849 2396 879 2445 a
913 2381 1219 2452 parentibus
1246 2379 1314 2436 ad
1345 2380 1483 2434 ﬁlios
1528 2390 1741 2449 peccata
1784 2380 2009 2435 descen-

412 2474 567 2541 dunt,
593 2473 885 2530 ascendant
910 2488 940 2527 a
965 2473 1086 2527 ﬁliis
1118 2471 1187 2528 ad
1213 2479 1483 2543 parentes.
1513 2470 1778 2539 Quoniam
1813 2470 2008 2526 divinae

414 2564 548 2636 legis
575 2560 812 2621 ostendit
838 2564 1150 2631 auctoritas,
1174 2564 1244 2618 ita
1291 2570 1573 2633 parentum
1615 2561 1838 2616 crimina
1884 2560 2007 2616 ﬁliis

412 2673 519 2714 non
547 2673 761 2723 nocere,
784 2658 923 2713 sicut
948 2670 1047 2712 nec
1074 2655 1383 2728 parentibus
1410 2653 1663 2709 ﬁliorum.

483 2757 617 2808 Anc.
652 2751 853 2806 Divina:
897 2750 1029 2821 legis
1072 2748 1362 2805 auctoritas
1403 2746 1458 2802 in
1496 2745 1713 2818 judiciis
1758 2743 2006 2801 humanis

411 2846 582 2901 noluit
618 2845 760 2900 ﬁlios
806 2842 1042 2912 pendere
1083 2853 1181 2910 pro
1221 2838 1533 2908 parentibus
1575 2851 1785 2907 poenas,
1814 2851 1921 2892 non
1953 2838 2006 2891 in

410 2937 625 2997 divinis.
650 2934 739 2989 ubi
764 2934 903 2988 Deus
930 2932 1080 2997 dicit,
1105 2929 1335 2985 Reddam
1355 2936 1558 2997 peccata
1581 2936 1782 2997 patrum
1799 2928 1853 2981 in
1874 2927 2008 2996 ﬁlios

412 3026 591 3094 (Deut.
616 3040 667 3090 ν,
690 3021 777 3096 9).
797 3021 888 3077 Sic
923 3019 1090 3075 debes
1134 3018 1343 3088 Iegere‘
1371 3016 1509 3087 legis
1548 3016 1712 3071 verba
1749 3029 1870 3086 qua:
1903 3015 2005 3083 vis,

415 3124 474 3170 ut
495 3114 697 3183 cogites
727 3122 779 3167 te
799 3109 1103 3165 auditurum
1123 3121 1246 3163 esse
1272 3121 1393 3177 quae
1418 3120 1524 3160 non
1550 3104 1652 3160 vis.

483 3205 626 3261 XVI.
651 3204 771 3261 Jun.
804 3203 950 3273 Ergo
978 3210 1163 3256 contra
1185 3198 1323 3253 hanc
1346 3198 1524 3253 nitens
1552 3196 1629 3252 ire
1665 3195 2006 3261 scntentiam,

411 3299 612 3367 pariter
635 3296 749 3352 ﬁeri
769 3302 995 3360 asserat,
1026 3290 1173 3364 quod
1201 3290 1399 3361 pariter
1421 3304 1489 3344 ne
1518 3287 1672 3343 ﬁeret
1692 3287 2006 3357 imperatum

412 3404 515 3451 est.
539 3392 771 3448 Facilius
813 3391 1012 3462 quippe
1057 3388 1143 3443 lex
1178 3386 1274 3442 Dei
1313 3383 1515 3456 negari,
1540 3397 1699 3454 quam
1735 3379 2007 3437 emendari

415 3493 609 3557 potest;
642 3493 698 3539 ct
736 3483 861 3539 licet
903 3482 977 3538 sit
1003 3480 1222 3551 profana
1262 3476 1492 3548 negatio,
1512 3472 1784 3545 profauior
1829 3482 2009 3526 tamen

414 3578 802 3647 absurdiorque
845 3572 1109 3630 correctio
1143 3581 1245 3627 est.
1276 3569 1333 3625 Si
1357 3569 1502 3624 enim
1539 3566 1607 3622 de
1644 3565 1853 3621 duobus
1892 3563 2009 3636 ejus

414 3671 646 3727 decretis
672 3683 835 3724 unum
857 3665 1150 3729 venereris,
1166 3664 1393 3719 alterum
1419 3659 1722 3717 exsecret-is
1737 3658 2007 3728 ingratus‘

416 3764 487 3816 ab
532 3762 649 3832 ejus
683 3769 833 3831 parte
865 3757 1007 3830 quod
1046 3756 1295 3825 suscipis,
1317 3763 1374 3809 et
1420 3752 1499 3807 illi
1535 3750 1748 3822 cogeris
1790 3747 2010 3804 obedire

417 3855 559 3925 quod
589 3852 818 3924 respuis;
841 3849 1094 3923 quoniam
1131 3847 1287 3903 unius
1337 3843 1482 3917 quod
1525 3842 1621 3898 tibi
1663 3842 1885 3897 charum
1923 3848 2009 3896 est

418 3946 698 4017 dignitate,
722 3944 883 4000 etiam
930 3941 985 3999 id
1029 3939 1171 4013 quod
1206 3936 1528 3995 aversabare
1568 3933 2036 4001 defenditur:at-_

418 4052 522 4107 que
550 4035 931 4092 absurdisstme
955 4047 1020 4089 ea
1044 4046 1106 4088 se
1126 4031 1406 4102 quisquam
1432 4026 1604 4083 credit
1628 4033 1892 4097 praecepta
1915 4038 2010 4080 ve-

420 4127 616 4193 nerari,
645 4141 870 4196 quorum
904 4135 1106 4195 partem
1129 4121 1288 4177 audet
1328 4120 1617 4176 incessere.
1647 4116 1797 4172 Unde
1820 4128 2009 4171 consc-

418 4219 666 4291 quentius
704 4226 881 4290 potest
903 4215 1088 4286 negari
1132 4216 1217 4269 lex
1265 4213 1533 4278 universa,
1561 4226 1720 4282 quam
1763 4209 1956 4279 corrigi
1990 4217 2005 4264 ':

419 4326 577 4367 nemo
599 4321 777 4366 autem
801 4325 920 4365 eam
956 4323 1066 4364 cori
1080 4308 1244 4378 igere,
1275 4304 1374 4360 nisi
1406 4303 1600 4374 impius
1642 4301 1866 4373 quisque
1892 4307 2009 4354 teu-

419 4405 553 4460 tabit
575 4422 588 4457 :
611 4419 657 4458 ar
689 4402 953 4474 religiosis
1003 4414 1131 4470 ergo
1155 4408 1209 4454 et
1250 4395 1602 4469 prudentibus
1648 4402 1756 4449 tota
1786 4391 2010 4462 suscipi-

419 4508 506 4554 tur
518 4496 561 4564 ',
579 4505 686 4553 tota
708 4495 968 4550 laudatur.
989 4490 1099 4548 Nec
1122 4506 1250 4547 sane
1269 4501 1593 4560 quemquam
1614 4493 1846 4552 moveat,
1863 4481 2006 4553 quod

417 4591 578 4646 ritum
610 4585 995 4645 sacriﬁciorum
1032 4592 1275 4639 veterum
1311 4580 1443 4636 Novi
1473 4575 1800 4633 Testameuti
1830 4574 2007 4630 videat

418 4691 574 4739 atate
599 4694 860 4739 cessasse.
886 4678 1005 4736 Non
1027 4686 1110 4735 est
1137 4690 1240 4731 una
1270 4672 1409 4730 ratio
1444 4671 1700 4727 virtutum
1728 4678 1783 4725 et
1808 4669 2008 4722 hostia-

419 4790 537 4830 rum
566 4773 706 4831 :alia
740 4778 828 4827 est
872 4774 1259 4842 praeceptorum
1303 4761 1633 4835 pereunitas,
1665 4758 1769 4813 alia
1796 4756 2005 4812 sacriﬁ-

426 4870 629 4925 ciorum
654 4863 1037 4935 temporalitas.
1054 4859 1317 4935 Veniente
1342 4867 1517 4911 tamen
1532 4851 1766 4916 Christo,
1793 4850 1882 4920 qui
1909 4849 2006 4903 bo-

417 4960 545 5016 stiis'
566 4930 889 5030 ﬁgurabatur
902 4954 1154 5025 antiquis,
1169 4930 1383 5021 impleta
1399 4954 1540 5014 sunt,
1563 4959 1667 5001 non
1679 4942 2006 4998 condemna-

421 5061 469 5107 ta
488 5093 504 5119 ,
533 5066 652 5123 qua:
679 5052 888 5106 fuerant
924 5047 1184 5103 instituta.
1211 5042 1398 5112 Neque
1433 5040 1575 5095 enim
1606 5036 1717 5092 suis
1755 5034 2004 5104 tempori-

421 5143 519 5199 bus
546 5138 944 5214 prmdicuntur‘
962 5136 1194 5195 exemita
1219 5152 1233 5190 :
1257 5132 1351 5190 sed
1375 5127 1694 5186 succedente
1721 5125 2007 5197 perfectio-

420 5251 508 5305 ne,
536 5252 657 5309 qute
668 5236 938 5308 promissa
954 5231 1145 5288 ofﬁciis
1159 5242 1344 5286 eorum
1360 5225 1572 5282 fuerant
1585 5223 1628 5289 ⁵,
1663 5220 2000 5292 quieverunt.

440 5362 443 5365 -
489 5335 625 5386 Anc.
665 5327 778 5383 Iloc
806 5325 933 5398 quid
977 5323 1044 5380 ad
1073 5320 1223 5380 rem?
1265 5318 1487 5377 Peccata
1532 5322 1741 5386 patrum
1785 5324 1844 5367 se
1870 5309 2006 5366 dixit

420 5419 560 5476 Deus
584 5421 640 5475 in
669 5419 807 5475 ﬁlios
831 5416 1064 5475 redditur
1077 5431 1188 5480 um,
1209 5427 1315 5469 non
1345 5408 1640 5466 sacriﬁcia:
1665 5413 1721 5461 et
1742 5418 1863 5459 cum
1881 5417 2006 5473 pos-

419 5513 524 5567 sint
547 5512 706 5568 etiam
732 5518 986 5582 parentes
1013 5506 1208 5562 imitari
1239 5504 1410 5560 malos
1438 5500 1599 5566 ﬁlios,
1626 5509 1896 5568 nunquam
1918 5503 2003 5551 ta-

482 5712 497 5777 !
524 5718 675 5777 actus
695 5708 852 5777 οοάρκ
875 5715 1024 5777 seu».
1048 5704 1245 5777 ειίςενςι

480 5774 500 5804 ³
523 5774 597 5822 sic
618 5778 726 5821 Mss.
752 5769 1284 5832 viguierius,_inqratis.

482 5833 595 5894 #sic
616 5834 751 5894 Vign.
775 5828 829 5879 tri
846 5839 913 5894 8..
933 5828 1208 5894 suspicitur.
1291 5832 1350 5875 at.

476 5893 504 5925 ’δ
523 5894 598 5942 sic
618 5890 725 5942 ats's.
754 5901 809 5941 At
832 5893 969 5952 editi,
989 5890 1340 5955 prwdieantur.

480 5955 510 5989 ⁸
536 5959 696 6014 t'orte,
717 5955 891 6014 fuerat.

1758 435 1967 494 tlBER
2009 437 2314 496 TILRTiUS.

3565 452 3587 506 I
3603 453 3702 509 25‘

2124 568 2245 609 men
2274 552 2406 608 dixit
2433 552 2592 620 Deus,
2627 554 2864 611 Reddam
2894 566 3107 626 peccata
3147 558 3372 616 ﬁl'orum
3403 562 3454 618 in
3484 575 3693 635 patres:

2123 643 2217 697 sed
2247 643 2562 715 ubicumque
2582 643 2684 698 hoc
2703 644 2858 711 dixit,
2881 661 3003 701 cum
3025 662 3167 718 szepc
3190 649 3288 704 hoc
3308 650 3500 707 dixerit
3523 654 3695 723 (Deut.

2124 751 2173 799 ν,
2206 735 2273 801 9;
2303 733 2463 790 Nunt.
2494 752 2604 802 xtv,
2630 736 2725 803 18;
2755 735 2927 793 Exod.
2953 754 3047 803 xx,
3088 740 3142 804 5,
3174 756 3318 805 xxiv,
3356 743 3408 807 7,
3436 754 3482 797 et
3507 744 3696 800 Jerem.

2125 843 2295 893 xxxn,
2346 827 2460 895 18),
2518 838 2723 898 patrum
2762 828 2895 884 dixit
2934 830 2986 885 in
3031 831 3203 895 filios;
3252 833 3340 887 ubi
3386 835 3568 906 utique
3615 853 3701 908 ge-

2120 918 2432 988 nerationis,
2473 937 2577 976 non
2621 921 2929 978 imitationis
2968 938 3027 979 se
3069 924 3304 981 ostendit
3345 927 3469 981 vitia
3520 944 3684 999 persc.

2119 1024 2367 1084 quentem
2387 1016 2427 1069 ί.

2189 1105 2353 1163 XVII.
2393 1106 2513 1162 Jun.
2555 1106 2823 1178 Praecepta
2849 1117 3049 1175 autem,
3086 1111 3279 1180 quibus
3308 1111 3496 1180 pietas,
3544 1112 3696 1178 ﬁdes,

2113 1198 2340 1268 justitia,
2367 1202 2622 1258 sanctitas
2645 1204 2970 1270 continetur,
2998 1220 3101 1258 non
3129 1205 3297 1257 solum
3323 1223 3425 1259 non
3453 1221 3699 1261 cessave-

2116 1299 2256 1354 runt,
2287 1307 2468 1346 verum
2497 1294 2656 1347 etiam
2681 1294 2951 1349 cumulata
2976 1303 3117 1349 sunt.
3146 1295 3209 1349 Et
3238 1295 3350 1350 haec
3374 1295 3456 1351 lex
3480 1295 3701 1364 justitizn

2115 1381 2170 1437 in
2191 1382 2403 1451 judiciis
2432 1386 2815 1452 custodiendzc,
2846 1401 3004 1456 quam
3028 1386 3095 1442 de
3127 1387 3539 1444 Deuteronomio
3569 1407 3694 1458 pro-

2118 1473 2352 1539 tulimus,
2384 1490 2488 1528 non
2517 1475 2583 1530 ad
2629 1478 3054 1532 ceremoniarum
3082 1487 3316 1544 aetatem,
3343 1480 3435 1534 sed
3458 1479 3524 1534 ad
3558 1496 3699 1551 prte-

2114 1575 2388 1636 ceptorum
2436 1569 2825 1638 perennitatem
2856 1570 3092 1640 respicit,
3123 1586 3221 1626 nec
3261 1589 3383 1627 cum
3413 1573 3696 1628 circumci-

2114 1656 2265 1712 sione
2294 1658 2559 1724 discessit,
2586 1660 2679 1715 sed
2705 1676 2825 1715 cum
2847 1661 3049 1733 justitia
3088 1673 3412 1731 perseverat.

2186 1751 2315 1806 Anc.
2358 1749 2473 1805 Jam
2509 1751 2600 1806 tibi
2629 1751 2825 1807 dictum
2850 1762 2951 1817 est,
2985 1752 3419 1810 ltontinilmslttcc
3440 1755 3698 1825 imperata

2112 1854 2233 1895 esse
2255 1840 2472 1910 judicia,
2510 1858 2613 1896 non
2649 1844 2756 1898 Deo
2785 1844 2954 1913 posita
3004 1843 3329 1913 prrcjudicia.
3384 1845 3616 1916 Denique
3647 1849 3692 1903 si

2112 1929 2273 1985 homo
2293 1931 2538 2002 judicans
2576 1934 2733 1999 dicat,
2765 1935 3004 1990 Reddam
3036 1943 3250 2005 peccata
3284 1948 3488 2006 patrum
3533 1939 3585 1995 in
3634 1941 3695 1995 ﬁ-

2112 2022 2241 2090 lios;
2271 2026 2616 2095 injustissime
2641 2027 2789 2096 dicit,
2816 2037 2870 2083 et
2889 2028 3066 2084 divino
3096 2030 3320 2101 imperio
3345 2033 3693 2090 contradicit:

2111 2132 2212 2172 nec
2249 2117 2368 2172 ideo
2418 2130 2593 2173 tamen
2644 2119 2785 2176 Deus
2809 2129 2900 2175 aut
2931 2119 3178 2188 mendax,
3220 2131 3310 2176 aut
3342 2122 3567 2193 injustus
3591 2134 3695 2192 est,

2110 2221 2232 2263 cum
2255 2209 2355 2264 hoc
2375 2209 2522 2264 dicit.

2186 2300 2368 2356 XVIII.
2407 2299 2528 2356 Jun.
2571 2299 2626 2355 In
2654 2300 2899 2357 absoluto
2929 2311 3012 2357 est
3039 2302 3216 2373 igitur,
3244 2304 3289 2358 si
3315 2304 3482 2377 Moysi
3517 2306 3692 2362 credi-

2112 2399 2197 2445 tur
2223 2391 2409 2460 magis,
2438 2406 2534 2460 per
2559 2406 2718 2462 quem
2745 2391 2884 2446 Deus
2914 2391 3165 2462 loquitur,
3196 2408 3353 2463 quam
3376 2395 3694 2463 Augustino,

2113 2496 2207 2551 per
2237 2497 2393 2553 quem
2424 2481 2765 2549 Manicbznus,
2790 2491 3068 2552 parentum
3093 2482 3323 2554 peccatis
3348 2498 3470 2539 reos
3490 2501 3586 2557 per
3600 2501 3696 2541 na-

2113 2582 2283 2627 turam
2312 2571 2449 2627 ﬁlios
2471 2586 2577 2628 nou
2611 2573 2842 2628 teucri’.

2183 2665 2317 2720 Auc.
2359 2661 2493 2718 Eam
2521 2661 2680 2719 ﬁdem
2713 2678 2799 2718 me
2825 2661 3114 2719 defendere
3142 2662 3398 2719 adversus
3435 2674 3506 2731 te,
3536 2680 3693 2737 quant

2109 2757 2356 2811 catholici
2374 2757 2543 2811 sancti
2561 2759 2795 2829 clarique
2810 2757 3081 2825 doctores,
3104 2760 3190 2829 qui
3210 2758 3422 2815 fuerunt
3434 2771 3558 2816 ante
3575 2775 3695 2827 nos,

2111 2849 2164 2903 in
2209 2847 2448 2904 Ecclesia
2495 2849 2759 2905 catholica
2815 2849 3117 2907 didicerunt
3170 2861 3332 2923 atque
3377 2851 3696 2917 docuerunt,

2110 2937 2269 2992 etiam
2295 2938 2409 3008 ipse
2426 2940 2563 2994 nosti
2587 2958 2600 2994 :
2623 2939 2716 2994 sed
2740 2942 2990 3010 quoniam
3015 2941 3131 2996 illos
3150 2942 3194 2995 si
3218 2942 3455 2998 lacerare
3470 2943 3692 3008 audeas,

2112 3043 2212 3083 nec
2234 3029 2308 3083 tui
2340 3039 2391 3084 te
2419 3028 2628 3096 ferunt;
2660 3031 2779 3086 ideo
2807 3048 2966 3087 unum
2999 3048 3085 3086 me
3121 3032 3347 3103 elegisti,
3376 3050 3534 3105 quem
3564 3051 3697 3093 con-

2109 3121 2248 3177 vicio
2276 3120 2397 3177 falsi
2421 3122 2660 3178 criminis
2685 3124 3001 3195 appetitum,
3035 3126 3185 3196 quasi
3226 3125 3533 3198 fugiendum
3576 3146 3694 3201 pcr-

2111 3213 2366 3281 suadeas;
2386 3222 2443 3270 ut
2460 3215 2594 3272 ﬁdes
2610 3217 2697 3271 illa
2715 3216 2961 3286 fugiatur,
2978 3236 3097 3290 qua:
3112 3217 3331 3274 defensa
3348 3237 3443 3276 vos
3459 3220 3697 3278 damnat.

2110 3303 2227 3360 Jam
2255 3315 2308 3361 et
2338 3307 2583 3377 superius
2608 3307 2699 3363 tibi
2729 3307 2868 3372 dixi;
2898 3308 3110 3379 quando
3135 3322 3234 3380 pro
3266 3309 3580 3368 defensione
3603 3328 3697 3369 ca-

2115 3399 2323 3455 tholica:
2373 3399 2532 3455 ﬁdei'
2561 3400 2629 3455 ab
2670 3400 2935 3456 haereticis
2978 3403 3327 3459 contumelias
3372 3404 3557 3471 audio,
3602 3421 3699 3476 pro

2112 3488 2355 3569 laudibus
2387 3490 2576 3546 habeo.
2608 3491 2744 3561 Quid
2788 3492 2998 3548 laboras
3038 3493 3191 3549 nobis
3221 3494 3513 3564 pr:cdicare
3555 3495 3697 3565 quod

2113 3581 2342 3637 scimus?
2366 3581 2576 3654 Moyses
2603 3599 2784 3639 verum
2809 3582 2944 3638 dixit
2966 3601 2980 3639 :
3002 3583 3096 3639 sed
3132 3592 3186 3639 tu
3218 3584 3350 3639 nihil
3379 3584 3532 3641 dicis.
3560 3585 3698 3640 Red-

2113 3672 2232 3726 dant
2257 3683 2459 3742 peccata
2488 3683 2691 3744 patrum
2720 3675 2776 3728 in
2806 3675 2959 3743 ﬁlios,
2984 3689 3090 3729 non
3121 3676 3196 3729 ait
3216 3674 3396 3739 homo,
3420 3675 3513 3731 sed
3536 3676 3696 3731 Dens:

2113 3779 2289 3834 neque
2330 3774 2389 3819 ut
2425 3764 2586 3821 homo
2613 3765 2664 3819 id
2692 3764 2871 3831 faciat,
2920 3766 3062 3820 Deus
3100 3766 3351 3837 praecepit
3400 3766 3500 3820 hoc
3547 3767 3697 3830 loco;

2113 3853 2207 3911 sed
2235 3855 2363 3925 quid
2394 3855 2509 3926 ipse
2535 3854 2713 3922 faciat,
2748 3855 3022 3911 indicavit.

2183 3943 2329 4000 XIX.
2369 3944 2491 4001 Jun.
2531 3946 2707 4017 Atque
2732 3946 2802 4001 ita
2831 3962 2936 4001 non
2966 3946 3195 4001 transire
3236 3945 3303 4001 ad
3337 3956 3579 4017 posteros
3603 3964 3698 4018 ge-

2114 4037 2414 4092 nerantium
2441 4036 2685 4102 crimina,
2706 4037 2947 4108 quamvis
2969 4052 3034 4092 ex
3055 4037 3133 4093 eis
3155 4038 3262 4093 uati
3285 4039 3417 4105 sint;
3442 4037 3581 4093 sicut
3603 4054 3702 4094 nec

2115 4130 2341 4186 ﬁliorum
2392 4131 2458 4186 ad
2501 4140 2770 4202 parentes,
2802 4131 2893 4203 qui
2942 4130 3010 4186 de
3049 4129 3173 4186 ﬁliis
3219 4132 3330 4187 suis
3367 4148 3701 4203 nequaquam

2114 4234 2336 4294 potuere
2362 4223 2629 4294 generari.
2661 4222 2735 4277 Ita
2778 4223 2936 4294 igitur
2978 4223 3299 4280 innocentia:
3329 4225 3577 4282 nativitas
3606 4239 3700 4287 sua

2112 4313 2329 4370 ofﬁcere
2352 4329 2458 4369 non
2482 4322 2677 4386 potest,
2706 4312 2844 4371 sicut
2870 4330 2978 4370 non
3006 4322 3179 4386 potest
3203 4313 3396 4371 obesse
3431 4330 3557 4371 cum
3594 4329 3701 4372 non
3782 4377 3789 4385 ,

2112 4416 2196 4462 cst
2215 4405 2257 4461 ⁸.

2183 4502 2317 4557 Anc.
2357 4496 2563 4572 Negare
2590 4507 2766 4555 tamen
2794 4512 2899 4553 non
2919 4507 3093 4571 potes.
3116 4512 3277 4569 posse
3301 4505 3556 4570 parentes
3582 4497 3705 4553 imi.

2114 4591 2214 4646 tari
2245 4590 2383 4646 ﬁlios
2415 4605 2563 4656 suos,
2608 4604 2711 4645 nec
2739 4604 2970 4660 unquam
3002 4588 3170 4643 Deum
3199 4588 3419 4653 dixisse,
3462 4585 3701 4643 Reddam

2111 4691 2328 4754 peccata
2355 4680 2584 4735 ﬁliorum
2612 4680 2666 4734 in
2696 4688 2897 4750 patres.
2925 4678 3062 4736 Cum
3087 4693 3216 4749 ergo
3240 4678 3394 4745 dicit,
3421 4688 3626 4750 patrum
3645 4679 3700 4733 in

2111 4778 2277 4847 ﬁlios;
2307 4791 2413 4832 non
2440 4773 2816 4842 imitationem,
2845 4771 2941 4829 sed
2965 4772 3363 4843 generationem
3394 4770 3699 4838 redarguit:

2114 4884 2218 4923 ttou
2241 4864 2509 4939 quomodo
2527 4879 2592 4921 ex
2610 4863 2704 4919 illo
2719 4878 2849 4930 uno,
2868 4864 2921 4919 in
2935 4877 3041 4934 quo
3057 4862 3170 4933 ipsa
3189 4862 3240 4917 in
3255 4861 3493 4919 deterius
3508 4870 3700 4921 natura

2111 4967 2312 5014 mutata
2337 4965 2438 5023 est,
2461 4964 2521 5013 ut.
2545 4963 2762 5027 propter
2784 4953 2887 5011 hoc
2906 4955 3065 5009 etiam
3093 4953 3226 5009 mori
3253 4969 3475 5011 necesse
3506 4954 3579 5010 sit
3605 4954 3707 5011 bo‘b

2113 5053 2264 5121 mini,
2297 5050 2391 5109 sed
2415 5058 2593 5109 tamen
2609 5048 2788 5120 aliquo
2807 5046 2966 5103 modo
2985 5046 3235 5102 nonnulla
3252 5062 3585 5120 quorumque
3606 5063 3702 5118 pa-

2113 5155 2252 5202 trum
2269 5153 2482 5214 peccata
2503 5141 2796 5198 redduntur
2811 5138 2863 5194 in
2881 5137 3038 5202 ﬁlios,
3059 5154 3164 5194 non
3178 5138 3494 5207 imitatione,
3509 5139 3602 5196 sed
3619 5156 3705 5211 ge-

2114 5236 2390 5292 neratione
2415 5233 2632 5304 punita:
2658 5229 2779 5285 ideo
2802 5245 2907 5284 non
2934 5227 3083 5294 dicit,
3102 5227 3155 5283 in
3179 5229 3377 5284 tertiam
3397 5238 3443 5283 et
3469 5239 3701 5300 quartam

2113 5329 2485 5392 imitationem,
2519 5323 2613 5380 sed
2640 5320 3046 5395 generationem;
3074 5319 3227 5375 vobis
3255 5319 3470 5392 quidem
3513 5320 3707 5375 nolen-

2114 5422 2272 5492 tibus,
2295 5427 2657 5477 verumtamen
2673 5425 2728 5471 et
2747 5414 2918 5482 vobis,
2937 5412 3111 5469 velitis
3125 5412 3328 5482 nolitis,
3339 5411 3701 5468 audientibus.

2179 5623 2197 5654 ι
2224 5618 2510 5682 vignierius,
2535 5617 2909 5680 prosequentem.
2943 5619 2999 5663 At
3031 5610 3187 5664 codex
3233 5619 3366 5670 nam,
3408 5617 3697 5674 persequen-

2113 5690 2227 5736 tem.
3041 5733 3053 5746 ο

2179 5747 2200 5776 θ
2227 5741 2514 5804 vignierius,
2537 5734 2743 5803 afﬁrmat
2777 5747 2871 5786 non
2899 5738 3070 5786 teneri.
3105 5733 3265 5795 Abest,
3302 5727 3527 5794 agit-mat,
3556 5739 3584 5776 ι
3614 5732 3695 5774 tus.

2116 5815 2377 5857 Portarutn.

2182 5871 2201 5901 ³
2227 5864 2510 5923 \‘i;:nicrius,
2536 5871 2626 5925 pro
2648 5854 2881 5925 catholica
2902 5852 3019 5925 (ide.

2183 5930 2203 5962 ι
2228 5905 2816 5987 Aa";i{5r'giie'ii{véiens'
2837 5905 3016 5968 codicis
3051 5920 3310 5971 Portntum,
3333 5919 3458 5971 quoa
3490 5915 3583 5956 non
3610 5905 3699 5952 est.
