4126 6514
493 399 633 455 1255

561 512 682 568 XX.
721 511 840 568 JUL.
883 514 1012 568 Acta
1038 512 1251 584 quidem
1273 528 1360 567 rcs
1386 520 1500 566 est:
1523 509 1618 567 sed
1649 518 1823 564 tamen
1854 517 1910 561 ut
1932 506 2000 561 ad
2023 507 2072 562 id

487 604 633 676 quod
659 603 823 660 affero
845 605 914 659 sit
945 605 1181 660 intentus
1201 605 1388 670 lector,
1419 603 1702 658 admoneo.
1731 600 1787 656 Si
1813 600 2076 670 quispiam

489 699 763 763 existeret,
804 698 894 768 qui
943 697 1042 752 hoc
1078 697 1423 768 proﬁteretur
1471 696 1715 752 libertate
1767 692 2073 758 verborum,

490 789 632 858 quod
668 789 1090 859 argumentando
1119 789 1480 844 Traducianus
1518 786 1783 843 coniicere
1829 794 2072 852 conatur,

492 879 545 934 id
571 889 672 943 est,
706 889 762 934 ut
805 896 1031 951 pugnam
1061 881 1318 936 indiceret
1359 880 1459 951 legi
1503 879 1617 946 Dei,
1661 887 1717 934 et
1756 877 2074 933 sententiam

489 985 650 1040 quam
676 973 1013 1041 protulimus,
1037 972 1150 1026 sine
1178 971 1355 1041 aliquo
1377 972 1566 1026 timore
1582 970 1901 1040 despiceret,
1925 983 2076 1024 asse-

490 1073 739 1132 reretque
762 1063 952 1132 quibus
996 1073 1172 1132 posset
1199 1063 1391 1128 modis,
1421 1061 1611 1118 falsum
1653 1062 1754 1116 hoc
1793 1071 2077 1130 utrumque

495 1167 619 1207 esse
647 1153 785 1222 quod
816 1153 959 1208 Deus
989 1153 1189 1208 servari
1221 1153 1408 1220 voluit,
1441 1161 1496 1207 et
1533 1152 1850 1207 sententiam
1881 1151 1948 1205 de
1972 1164 2075 1219 qua

494 1241 758 1311 loquimur
785 1259 847 1297 ex
878 1253 1118 1313 utraque,
1157 1253 1411 1312 quantum
1452 1243 1503 1298 in
1530 1258 1590 1298 se
1611 1251 1744 1307 erat,
1773 1251 1919 1310 parte
1945 1240 2075 1295 sub-

492 1345 694 1400 rueret,
729 1350 946 1404 prorsus
978 1344 1212 1405 putaSset
1233 1347 1478 1406 parentes
1504 1343 1720 1406 propter
1745 1335 1996 1399 filiorum,
2022 1343 2077 1389 et

491 1425 628 1480 tilios
654 1439 868 1496 propter
897 1439 1173 1496 parentum
1206 1440 1420 1498 peccata
1459 1440 1564 1484 tam
1594 1429 1768 1482 solere
1792 1424 1952 1497 quatit
1979 1425 2076 1481 de-

489 1515 617 1570 bere
641 1516 878 1570 damnari
901 1536 914 1571 :
937 1533 1035 1573 nec
1063 1517 1149 1573 hic
1167 1519 1183 1550 ί
1208 1528 1384 1575 tamen
1410 1519 1529 1573 talis
1557 1517 1758 1587 peccati
1783 1517 2071 1578 traducem,

489 1606 572 1659 vel
596 1607 925 1662 secundum’
952 1609 1229 1678 opiniones
1258 1625 1402 1674 suas,
1435 1611 1612 1680 quiret
1639 1624 1904 1664 asserere.
1927 1606 2077 1662 Cur?

492 1695 748 1751 Videlicet
771 1699 893 1768 quia
923 1699 1023 1754 etsi
1050 1710 1320 1754 constaret
1344 1700 1530 1754 falsam
1558 1700 1689 1770 legis
1715 1714 1834 1754 esse
1859 1708 2076 1753 senten-

483 1789 636 1851 tiam,
676 1804 794 1858 quae
831 1791 1203 1845 testilicaretnr
1245 1791 1506 1860 ejusmodi
1533 1790 1955 1846 necessitudines
1986 1805 2075 1844 re-

484 1878 661 1948 spergi
689 1880 886 1934 mutuis
909 1895 1012 1934 non
1043 1897 1199 1950 posse
1221 1882 1564 1944 criminibus;
1587 1889 1764 1936 tamen
1791 1882 2074 1935 inconcus-

484 1981 602 2022 sum
621 1968 642 1998 ³
671 1971 938 2036 manebat,
973 1971 1246 2027 traducem
1277 1987 1381 2027 non
1412 1988 1532 2028 esse
1559 1973 1778 2042 peceati.
1806 1972 1916 2026 lloc
1933 1973 2074 2026 enim

488 2059 624 2128 ipso,
656 2070 846 2130 quoset
871 2073 1148 2131 parentum
1175 2075 1354 2120 reatus
1382 2065 1448 2118 ad
1482 2065 1639 2130 lilios,
1671 2073 1725 2119 et
1751 2065 1978 2120 ﬁliorum
2008 2066 2074 2120 ad

486 2159 735 2219 parentes
765 2152 1003 2218 redibat;
1031 2155 1310 2210 Constabat
1345 2172 1449 2211 non
1481 2155 1646 2211 fuisse
1685 2159 2071 2227 generationis,

482 2240 626 2310 quod
647 2242 713 2295 ad
745 2243 880 2299 lilios
915 2244 1241 2315 gignentium
1270 2257 1483 2317 peccata
1515 2257 1898 2318 pervenerant,
1945 2264 2077 2320 quo-

485 2329 628 2385 niam
651 2342 705 2386 et
727 2348 755 2386 a
788 2333 909 2389 [iliis
931 2334 996 2389 ad
1022 2346 1290 2404 parentes,
1317 2339 1403 2392 ubi
1430 2340 1702 2408 generatio
1738 2355 1841 2394 non
1872 2349 2078 2410 poterat

483 2435 643 2476 causa
674 2438 814 2490 esse,
846 2437 1232 2481 remeaverant.
1281 2429 1416 2496 Quid
1445 2430 1605 2500 igitur
1629 2431 1716 2486 hic
1755 2433 2074 2487 confecerim

486 2525 762 2581 appareat,
791 2515 1146 2570 inviolabilem
1174 2519 1388 2587 quidem
1415 2534 1535 2574 esse
1554 2523 1924 2577 auctoritatem
1948 2523 2076 2592 legis

485 2604 702 2669 divinze,
735 2615 790 2660 et
816 2623 974 2676 quam
1006 2608 1147 2661 nulla
1175 2619 1375 2678 queant
1403 2611 1728 2680 impietatem
1768 2625 2076 2680 argumenta

488 2711 775 2764 proruere:
799 2697 917 2766 ejus
933 2709 1106 2753 autem
1132 2703 1406 2756 sanctione
1431 2704 1786 2772 signatissinte
1810 2713 1967 2775 atque
1984 2707 2075 2762 ab-

485 2786 812 2842 solutissime
841 2788 1005 2843 fuisse
1033 2793 1425 2861 prtescriptum,
1467 2793 1661 2848 tardam
1698 2811 1821 2850 esse
1867 2796 2076 2866 Opinio-

485 2892 612 2930 nem
644 2879 1146 2950 perversitatemque
1175 2881 1381 2951 judicii,
1423 2899 1584 2954 quam
1615 2884 1961 2940 mandaverat
1985 2902 2077 2941 ve-

491 2968 769 3023 hementer
795 2970 1105 3036 cavendam,
1150 2973 1195 3026 si
1237 2975 1312 3028 rei
1347 2973 1435 3027 lilii
1466 2989 1563 3044 pro
1592 2985 1811 3044 peccato
1839 2992 2072 3046 pronun-

485 3058 747 3114 tiarentur
775 3071 1082 3130 parentum;
1110 3079 1218 3134 quo
1263 3063 1484 3120 fulmine
1531 3067 1764 3122 traducis
1805 3078 2072 3125 structura

482 3150 762 3206 dissilivit:
786 3163 1148 3210 verumtamen
1197 3157 1356 3212 tantis
1397 3172 1518 3214 esse
1547 3160 1783 3214 veritatis
1812 3161 2072 3230 prasidiis

481 3242 761 3306 munitam,
787 3258 946 3312 quam
975 3254 1186 3322 tuemur
1216 3248 1394 3313 ﬁdem,
1423 3258 1480 3303 ut
1504 3265 1603 3306 nec
1641 3251 1708 3305 ab
1736 3266 1796 3306 ea
1839 3251 2077 3322 profani-

481 3337 613 3393 tate,
639 3348 758 3400 qua:
785 3344 964 3403 potest
997 3319 1086 3389 Dei
1114 3336 1284 3406 legem
1320 3354 1536 3408 negare,
1569 3319 1856 3409 quatiatur;

552 3424 592 3474 A
603 3422 900 3489 uc.Qu:eris
913 3425 999 3480 ubi
1018 3428 1280 3496 spolieris,
1303 3428 1612 3500 vagabuuda
1627 3433 1947 3503 loquacitate
1963 3452 2068 3491 non

479 3513 751 3582 copiosus,
773 3515 864 3572 sed
882 3517 1100 3574 odiosus
1121 3521 1199 3574 eis
1218 3521 1306 3590 qui
1321 3522 1490 3577 rebus
1512 3521 1854 3591 inhaerentes,
1879 3542 2068 3596 super-

481 3602 585 3658 ﬂua
613 3606 771 3660 verba
802 3615 1174 3664 contemnunt.
1223 3611 1463 3667 ViIIC('l‘iS
1491 3614 1688 3684 quippe
1715 3615 1783 3670 ab
1810 3615 2066 3671 adversa-

479 3695 574 3750 riis
600 3711 736 3766 quos
758 3699 940 3764 habes,
972 3711 1026 3754 et
1055 3701 1344 3757 \incendos
1371 3705 1624 3773 proponis
1673 3705 1766 3760 tibi
1807 3721 1941 3776 quos
1961 3722 2068 3763 non

477 3787 668 3844 habes.
713 3789 842 3857 Quis
870 3793 1011 3846 enim
1056 3793 1149 3846 tibi
1190 3793 1338 3858 dicit,
1371 3795 1558 3849 falsum
1585 3811 1705 3851 esse
1747 3798 1887 3867 quod
1928 3797 2068 3855 Deus

477 3896 697 3935 servare
725 3883 888 3936 voluit
909 3883 960 3936 in
987 3885 1201 3953 jndiciis
1233 3887 1498 3952 humanis,
1532 3903 1648 3944 cum
1683 3889 1794 3957 jam
1824 3901 2070 3960 patreset

478 3973 571 4027 ﬁlii
611 3989 736 4028 suas
767 3977 1006 4044 proprias
1037 3993 1226 4032 causas
1274 3980 1472 4035 habent
1512 3981 1579 4035 ad
1627 3999 1777 4036 suam
1808 3985 2066 4056 cujusque

477 4065 663 4130 vitam,
695 4082 814 4135 quae
857 4070 1142 4136 separatim
1190 4071 1420 4136 ducitur,
1464 4074 1811 4142 pertinentes,
1864 4086 1921 4130 ut
1968 4093 2068 4134 nec

479 4157 570 4237 lilii
603 4173 700 4228 pro
724 4160 980 4230 patribus,
1007 4176 1106 4216 nec
1134 4173 1308 4233 patres
1337 4180 1431 4235 pro
1457 4165 1576 4220 ﬁliis
1602 4168 1921 4237 puniantur?
1953 4169 2062 4225 Ne-

476 4229 568 4302 mo
595 4250 676 4304 vel
703 4229 829 4320 legi,
861 4253 940 4306 vel
975 4251 1067 4307 tibi
1100 4229 1215 4309 hiec
1243 4229 1439 4310 dicenti
1489 4257 1836 4314 adversatur:
1869 4269 1924 4314 tu
1953 4262 2063 4316 noli

478 4341 863 4397 nbsurdescere
889 4343 1144 4399 adversus
1175 4345 1340 4400 Deum
1368 4347 1655 4412 dicentem,
1689 4349 1917 4404 Reddam
1942 4369 2062 4423 pec-

474 4443 590 4485 cata
618 4443 818 4502 patrum
847 4434 899 4487 in
923 4434 1164 4502 ﬁlicuet
1201 4450 1320 4490 eum
1362 4436 1464 4492 hoc
1500 4438 1712 4494 assidue
1750 4439 1910 4502 dicat,
1939 4457 2065 4497 nus-

475 4539 634 4594 quam
661 4524 923 4579 dicentem
955 4535 1171 4596 peccata
1203 4526 1428 4582 ﬁliorum
1450 4543 1510 4583 se
1533 4529 1755 4585 reddere
1781 4530 1834 4586 iu
1863 4541 2060 4602 patres;

475 4627 532 4669 nt
557 4615 821 4687 intelligas
853 4634 955 4672 non
983 4617 1072 4689 qui
1094 4634 1277 4673 eorum
1295 4635 1428 4690 quos
1445 4619 1737 4689 imitentur,
1766 4622 1862 4676 sed
1885 4624 1972 4695 qui
1993 4641 2058 4680 ex

470 4709 667 4779 quibus
695 4721 1018 4778 generentur
1043 4711 1264 4766 attendi.
2004 4719 2012 4725 '

547 4800 689 4856 XXI.
730 4801 846 4857 JUL.
887 4802 1040 4859 Nunc
1089 4804 1250 4875 igitur
1299 4804 1366 4860 ad
1406 4821 1526 4861 eum
1575 4807 1786 4877 quicum
1829 4810 2055 4880 agimus,

470 4907 650 4946 sermo
688 4893 956 4962 respiciat.
986 4894 1294 4965 Acquiescis
1321 4896 1426 4966 legi
1458 4897 1548 4951 Dei
1590 4899 1944 4967 (professione
1973 4901 2058 4956 in-

475 4985 652 5047 terim,
681 4994 934 5040 ers-terum
962 4986 1088 5057 quid
1119 4985 1283 5042 facias
1317 4990 1736 5058 argumentando
1767 4992 2054 5062 novimus),

471 5091 540 5129 an
569 5075 811 5129 resistis?
829 5076 882 5132 Si
908 5078 1227 5148 acquiescis,
1262 5079 1469 5133 sublata
1499 5082 1800 5146 contentio;
1833 5082 1877 5136 si
1916 5085 2055 5138 resi-

471 5169 589 5235 stis,
621 5169 825 5222 sublata
854 5169 1175 5226 consensio‘
1206 5181 1307 5227 est.
1339 5170 1396 5226 Si
1439 5173 1752 5241 acquiescis,
1794 5176 2054 5230 exstincta

471 5258 954 5326 Traducianorum;
996 5261 1040 5316 si
1089 5261 1317 5326 resistis,
1363 5261 1776 5320 Manichteorum
1822 5267 2052 5321 revelata

531 5436 550 5468 ι
576 5440 734 5492 Forte,
756 5446 842 5484 nec
861 5435 948 5486 sic.

533 5499 555 5529 ³
581 5498 852 5564 vignierius
876 5497 1223 5564 prteteriit,_vel
1245 5497 1508 5564 secundum
1534 5511 1553 5550 :
1579 5508 1631 5551 et
1655 5514 1716 5550 ex
1744 5501 1912 5564 verbo,
1948 5503 2052 5564 qui-

469 5565 569 5621 ret,
597 5560 728 5611 tecit.
751 5564 1002 5622 maereret.
1029 5560 1296 5622 Castigatur
1315 5560 1373 5609 ad
1398 5568 1502 5611 Mss.
1545 5569 1667 5612 ναι-ι.
1703 5570 1815 5611 Mar.
1849 5560 1971 5611 clari

531 5619 1215 5694 ἶπᾷλίπςείηεοῑίςέωίηῖ
1846 5684 1856 5694 .

531 5685 552 5714 δ
585 5685 666 5732 llic
690 5695 751 5732 ex
768 5689 884 5747 uss.
910 5682 1116 5747 additur,
1139 5683 1182 5734 si
1206 5682 1400 5741 resistis,
1427 5683 1614 5736 sublata
1641 5684 1914 5745 cmtsettsio;
1939 5699 2054 5747 sup-

489 5745 568 5802 tle,
615 5757 723 5793 cum
760 5745 861 5816 lege
904 5742 1318 5816 peiaouunquam
1350 5748 1396 5795 in
1420 5747 1665 5816 codicibus
1701 5753 1810 5816 Mar.
1861 5742 2050 5816 etclar.

465 5758 568 5852 pro,
615 5758 723 5793 cum
760 5758 861 5816 tege
904 5758 1011 5817 net.
1043 5758 1318 5817 quanquam
1350 5760 1396 5795 ιιι
1420 5758 1665 5816 antiquus
1701 5758 1810 5816 nar.
1861 5758 1911 5795 et
1932 5758 2050 5795 utar.

487 5821 599 5876 oce,
615 5819 886 5864 CONSCNSIO,
913 5805 1096 5869 legitur
1121 5815 1295 5857 iterum
1315 5843 1329 5868 ,
1355 5815 1602 5859 contentio.
1631 5814 1676 5856 tu
1702 5807 1869 5857 codice
1905 5815 2050 5868 Fort,

466 5879 641 5917 ςωιειο.

1160 397 1412 456 'OPEMS
1451 393 1869 451 lilPE'RFECTi
1907 391 2182 449 CONTRA
2223 393 2584 466 J‘ULIANUM,
2626 401 2682 457 S.
2724 399 3090 460 AUGUSTINI

3624 410 3765 470 {256

2183 511 2404 580 perﬁdia
2426 525 2509 570 est
2530 535 2544 571 :
2567 516 2856 574 dummodo
2875 530 3106 590 constet,
3125 520 3361 592 opinioni
3389 522 3578 581 v'estrze
3593 538 3648 583 et
3663 528 3764 602 legi

2183 602 2276 658 Dei
2310 607 2617 679 neutiquam
2639 612 2946 667 convenire.

2254 697 2388 752 Aue.
2431 698 2546 770 Ego
2572 703 2854 772 acquiesco
2893 703 2992 776 legi
3027 705 3152 759 Dei:
3182 706 3273 761 sed
3307 717 3360 761 tu
3400 724 3506 764 non
3547 725 3760 780 acquie-

2181 788 2306 842 scis.
2339 789 2452 862 Ego
2478 807 2582 846 non
2613 809 2748 864 nego
2777 811 2876 851 nec
2905 797 3070 851 tilium
3104 813 3197 867 pro
3222 811 3393 870 patre,
3433 815 3532 856 nec
3560 813 3763 871 patrem

2183 894 2280 949 pro
2306 881 2435 948 lilio,
2463 885 2676 954 quando
2719 902 2844 944 suas
2873 900 3146 959 separatas
3187 907 3375 948 causas
3420 893 3636 961 habent,
3667 896 3764 952 de-

2183 974 2309 1029 bere
2331 975 2602 1034 damnari:
2629 981 2723 1034 sed
2751 991 2803 1035 tu
2830 982 3014 1037 audire
3037 998 3141 1038 non
3168 985 3248 1039 vis
3275 985 3325 1039 in
3357 985 3618 1052 Levitico,
3646 987 3761 1042 Dis-

2183 1067 2415 1132 peribunt
2440 1080 2649 1140 propter
2673 1081 2878 1140 peccata
2904 1085 3105 1142 patrum
3146 1092 3354 1130 suorum
3386 1075 3570 1150 (Leuit.
3616 1095 3762 1142 xxvi,

2181 1156 2304 1230 39);
2335 1158 2463 1214 etin
2490 1161 2624 1215 libro
2649 1161 3026 1231 Numerorum,
3059 1165 3294 1222 Iteddeus
3324 1179 3529 1237 peccata
3560 1181 3762 1241 patrum

2180 1251 2234 1303 iu
2259 1252 2394 1320 ﬁlios
2409 1269 2564 1324 usque
2583 1255 2635 1308 in
2651 1257 2848 1310 tertiam
2863 1266 2909 1309 et
2927 1266 3156 1326 quartam
3181 1264 3551 1328 generationem
3576 1262 3595 1333 (
3602 1263 3652 1317 Ν
3657 1281 3758 1317 um.

2183 1357 2295 1407 xrv,
2325 1343 2447 1414 l8);
2476 1355 2530 1399 et
2557 1345 2697 1415 apud
2727 1345 3036 1414 Jeremiam,
3071 1347 3306 1404 Reddeus
3332 1361 3535 1419 peccata
3563 1364 3762 1421 patrum

2175 1435 2234 1489 in
2277 1437 2394 1491 sinu
2420 1438 2645 1507 ﬁliorum
2687 1455 2861 1493 eorum
2906 1451 3018 1510 post
3061 1458 3142 1496 eos
3189 1441 3407 1514 (larem.
3439 1459 3619 1508 xxx",
3651 1445 3760 1515 18).

2180 1529 2307 1585 Haec
2336 1539 2389 1585 et
2413 1533 2512 1586 alia
2543 1532 2736 1588 similia
2765 1544 2818 1588 tu
2847 1550 2951 1590 non
2982 1537 3165 1602 audis;
3211 1538 3296 1592 his
3326 1555 3388 1593 ac
3419 1539 3609 1595 talibus
3636 1540 3760 1606 legis

2182 1621 2501 1677 testimoniis
2531 1633 2584 1678 tu
2618 1641 2722 1679 non
2747 1627 3076 1696 acquiescis:
3100 1637 3154 1683 et
3173 1635 3354 1685 tamen
3382 1630 3543 1700 loqui,
3572 1640 3626 1686 et
3651 1630 3760 1684 Ma-

2178 1712 2415 1768 niclueos
2429 1713 2721 1771 Catholicis
2743 1718 2975 1782 obiicere
3003 1731 3108 1774 non
3129 1721 3380 1791 quiescis.

2252 1803 2418 1859 XXII.
2459 1805 2579 1861 ιῐιιι..
2621 1807 2732 1861 Nisi
2763 1809 2897 1863 forte
2923 1810 3090 1873 dicas,
3124 1812 3290 1870 Deum
3316 1812 3528 1883 quidem
3545 1813 3763 1870 lto-cini.-

2181 1909 2419 1964 parasse,
2451 1897 2546 1951 sed
2577 1913 2680 1952 non
2711 1899 2885 1954 facere
2909 1901 3049 1970 quod
3075 1903 3344 1972 praecepit,
3370 1904 3476 1957 imo
3497 1904 3760 1958 contraria

2177 2001 2338 2057 agere
2365 1987 2429 2043 iis
2456 2005 2574 2058 qua:
2593 1991 2795 2060 agenda
2826 1992 3180 2051 mattdaverit.

2250 2083 2386 2134 Aue.
2431 2080 2494 2132 Et
2525 2079 2624 2134 hoc
2653 2098 2810 2151 quam
2841 2083 3154 2152 insipienter
3181 2085 3404 2154 cogites,
3427 2101 3522 2140 cur
3556 2102 3658 2140 non
3675 2095 3760 2141 at-

2180 2168 2390 2224 tendis?
2420 2171 2568 2224 Facit
2594 2173 2735 2225 enim
2767 2173 2904 2228 Dens
2928 2174 3217 2243 aliquando
3245 2184 3428 2230 contra
3459 2192 3616 2245 quam
3636 2179 3650 2207 ¹
3680 2176 3759 2230 fa-

2174 2258 2366 2314 cienda
2411 2261 2698 2314 mandavit.
2743 2261 2852 2318 Nec
2894 2278 3031 2332 opus
3058 2275 3140 2319 est
3167 2275 3222 2320 ut
3249 2266 3410 2320 multa
3439 2283 3761 2322 commemo—

2180 2363 2312 2410 rem,
2345 2366 2412 2403 ne
2441 2351 2509 2404 sit
2552 2352 2797 2422 longum:
2827 2370 2953 2410 ecce
2998 2355 3140 2424 quod
3169 2366 3353 2410 notum
3381 2367 3464 2418 est
3488 2358 3754 2424 omnibus,

2177 2437 2318 2494 dico.
2347 2440 2616 2496 Mandavit
2644 2445 2841 2497 homini
2871 2445 3142 2515 Scriptura
3174 2447 3370 2510 divina,
3403 2448 3608 2514 dicens,
3640 2449 3760 2505 Non

2179 2539 2226 2584 te
2264 2529 2434 2584 laudet
2473 2549 2530 2586 os
2561 2543 2703 2587 tuum
2734 2533 2912 2606 (Prov.
2953 2553 3117 2602 χχιιι,
3157 2535 3248 2608 2);
3281 2553 3378 2592 nec
3409 2548 3582 2593 tamen
3620 2539 3758 2598 Deus

2175 2623 2440 2678 dicendus
2464 2634 2545 2678 est
2570 2641 2824 2698 arrogans
2851 2638 2942 2681 aut
2967 2629 3248 2696 superbus,
3276 2645 3396 2682 cum
3420 2645 3479 2684 se
3505 2629 3756 2686 innume-

2176 2715 2417 2770 rabiliter
2460 2716 2675 2772 laudare
2717 2734 2822 2772 non
2873 2719 3088 2774 desinit.
3134 2721 3202 2774 Et
3249 2720 3388 2775 unde
3431 2723 3622 2791 agitur,
3651 2722 3757 2792 jam

2178 2810 2422 2878 superius
2446 2809 2826 2876 demonstravi,
2865 2811 3311 2882 quemadmodum
3340 2812 3480 2867 Deus
3509 2813 3623 2867 sine
3654 2814 3756 2870 ulla

2178 2900 2455 2971 iniquitate
2488 2917 2585 2972 pro
2610 2902 2838 2972 peccatis
2859 2913 3136 2974 parentum
3159 2903 3315 2958 simul
3340 2919 3460 2960 cum
3495 2906 3574 2960 eis
3587 2906 3761 2960 inter-

2174 2993 2367 3049 emerit
2378 2994 2624 3063 parvulos
2643 3010 2657 3047 :
2678 2996 2920 3064 quamvis
2938 2994 3270 3054 mandaverit
3288 2995 3509 3061 homini,
3535 3013 3600 3052 ne
3611 2997 3758 3052 ﬁlios

2175 3101 2274 3157 pro
2318 3089 2551 3157 peccatis
2593 3096 2824 3157 patrum,
2868 3102 2991 3142 cum
3028 3087 3251 3158 judicat,
3281 3088 3516 3144 damnet.
3549 3089 3671 3144 llaec
3711 3089 3756 3145 si

2173 3178 2501 3246 adverteres,
2535 3179 2631 3233 ista
2674 3196 2779 3233 non
2828 3179 3067 3235 diceres:
3097 3189 3190 3237 aut
3231 3181 3277 3236 si
3321 3189 3377 3236 et
3425 3181 3538 3236 huic
3566 3182 3756 3238 adver-

2174 3275 2261 3339 tis,
2286 3281 2340 3328 et
2365 3282 2542 3328 tamen
2575 3275 2672 3328 ista
2710 3272 2874 3337 dicis;
2907 3273 3124 3330 adverte
3151 3277 3309 3335 etiam
3336 3289 3470 3329 vana
3499 3290 3617 3330 esse
3639 3292 3758 3346 qua:

2173 3363 2330 3419 dicis.

2244 3457 2432 3513 XXI“.
2471 3457 2590 3515 ιιιι..
2630 3457 2783 3528 Quod
2818 3458 2943 3516 licet
2969 3466 3180 3530 quanta:
3203 3460 3272 3519 sit
3295 3459 3645 3530 profanitatis,
3672 3459 3757 3516 vix

2174 3549 2458 3606 indicatum
2473 3552 2584 3622 jam
2601 3551 2946 3612 vehementer
2958 3561 3230 3622 appareat,
3248 3561 3426 3609 tamen
3443 3568 3573 3623 pace
3595 3553 3757 3623 ipsius

2169 3642 2481 3704 divinitatis,
2513 3644 2666 3713 cuius
2688 3644 2992 3713 aequitatem
3020 3652 3251 3710 tuemur,
3273 3643 3431 3713 quale
3460 3644 3528 3698 sit
3555 3643 3656 3698 huc
3673 3645 3753 3700 vel

2171 3735 2273 3790 levi
2299 3736 2630 3794 discussione
2651 3736 2946 3796 videamus.
2971 3735 3040 3794 Ut
3055 3737 3168 3806 ipse
3183 3737 3359 3808 itaque
3382 3739 3474 3791 iiat
3498 3737 3627 3807 legis
3641 3752 3752 3792 sua:

2171 3827 2564 3896 praevaricator,
2614 3843 2795 3885 rerum
2843 3827 3162 3887 necessitate
3187 3843 3307 3898 quae
3333 3843 3455 3884 eum
3479 3836 3751 3899 premunt,

2167 3932 2240 3975 an
2260 3933 2352 3974 sua
2379 3919 2740 3978 imbecillitate
2764 3919 3134 3989 mpellitur?
3154 3921 3253 3984 Au,
3275 3921 3397 3990 quia
3415 3920 3602 3976 horutn
3623 3936 3753 3978 neu-

2168 4018 2311 4067 trum
2336 4018 2440 4076 est,
2471 4009 2586 4064 sola
2611 4010 2831 4070 libidine
2855 4011 3200 4081 delinquendi
3219 4011 3277 4065 ’?
3301 4013 3371 4067 Δι
3394 4011 3498 4070 hoc
3518 4027 3619 4068 nec
3644 4011 3752 4072 lla-

2170 4100 2408 4159 uichauts
2450 4101 2630 4158 dicere
2672 4104 2862 4173 pauit,
2886 4112 2944 4158 et
2969 4102 3090 4158 ideo
3109 4114 3450 4162 commentus
3476 4112 3560 4162 est
3584 4104 3749 4164 Deum

2167 4202 2404 4249 vestrum
2425 4208 2588 4262 grave
2617 4193 2856 4262 praelium
2879 4193 3182 4263 pertulisse.

2239 4287 2375 4342 Auc.
2419 4283 2590 4341 Verba
2615 4285 2807 4354 iactas,
2839 4301 2960 4344 eum
3007 4287 3167 4344 rebus
3205 4288 3462 4358 urgearis.
3510 4288 3626 4351 Non
3665 4299 3750 4350 est

2167 4375 2298 4450 legis
2331 4391 2446 4434 sua:
2471 4378 2868 4446 praevaricator,
2912 4378 3128 4450 quando
3161 4380 3308 4438 aliud
3353 4381 3477 4440 facit
3516 4383 3654 4438 Deus
3689 4391 3750 4440 ut

2167 4469 2328 4532 Deus.
2360 4469 2500 4526 aliud
2540 4471 2771 4540 imperat
2793 4469 3016 4537 homini,
3048 4481 3107 4530 ut
3129 4472 3354 4530 homini.
3709 4521 3712 4524 ,

2239 4559 2357 4618 XXI
2373 4560 2428 4614 ν.
2466 4561 2584 4620 Jun.
2625 4561 2681 4618 Si
2702 4577 2832 4632 ergo
2845 4579 2944 4619 nec
2956 4564 3247 4629 calamitas,
3272 4580 3374 4620 nec
3389 4565 3746 4634 imbecillitas,

2166 4668 2267 4712 nec
2283 4654 2447 4711 libido
2461 4655 2510 4710 ei
2531 4655 3278 4726 pmvm'ieationisineumbit;
3301 4659 3388 4728 qui
3407 4660 3519 4714 ﬁeri
3548 4669 3742 4730 potest,

2164 4755 2224 4802 ut
2250 4762 2369 4803 eam
2392 4747 2612 4816 iustitia
2633 4747 2862 4807 tortum
2889 4765 3047 4820 quam
3074 4751 3466 4806 commendavit
3483 4751 3742 4821 iubendo,

2162 4838 2402 4895 destruat
2425 4839 2747 4908 iudicando?
2777 4841 2884 4894 imo
2921 4857 3029 4895 non
3071 4843 3122 4902 in
3153 4842 3306 4897 istam
3330 4842 3612 4912 justitiam,
3646 4843 3743 4900 sed

2164 4928 2215 4983 iu
2243 4931 2593 4987 reverentiam
2633 4945 2784 4986 suam
2808 4927 3024 4988 satiiat?
3051 4932 3216 4986 Tanta
3246 4943 3328 4988 est
3350 4934 3548 5004 quippe
3575 4937 3742 5005 aequi-

2163 5017 2286 5075 tatis
2314 5021 2566 5089 potentia,
2594 5029 2653 5076 ut
2677 5030 2734 5075 et
2753 5020 3026 5078 deviantes
3047 5033 3253 5092 arguat,
3283 5033 3335 5078 et
3361 5023 3500 5078 nulla
3537 5023 3743 5096 fugien-

2163 5113 2292 5167 tium
2337 5127 2368 5169 a
2409 5127 2468 5168 se
2507 5112 2822 5171 auctoritate
2867 5113 3154 5170 minuatur.
3194 5114 3493 5181 Postremo,
3533 5117 3575 5170 si
3625 5131 3745 5185 qua:

2161 5211 2286 5262 sunt
2321 5203 2463 5274 iusta
2489 5219 2521 5274 Ia
2553 5203 2706 5258 nobis
2747 5204 2861 5260 ﬁeri
2904 5204 3050 5273 velit,
3079 5215 3136 5263 et
3161 5205 3275 5276 ipse
3302 5206 3462 5263 faciat
3483 5205 3626 5278 quod
3660 5207 3738 5260 iu-

2155 5295 2356 5364 justum
2387 5306 2500 5359 est;
2528 5295 2779 5366 iustiores
2805 5311 2901 5352 nos
2917 5311 3074 5366 quam
3104 5298 3214 5367 ipse
3237 5309 3342 5365 est,
3368 5299 3512 5368 cupit
3542 5297 3740 5366 videri;

2161 5386 2269 5441 imo
2290 5401 2394 5442 non
2418 5385 2695 5456 iustiores,
2725 5386 2818 5442 sed
2849 5402 2947 5442 nos
2973 5403 3175 5458 arquos,
3198 5397 3254 5444 et
3281 5404 3339 5444 se
3368 5387 3629 5460 iniquum.

2232 5480 2364 5536 Aus.
2403 5477 2540 5546 Quid
2559 5486 2642 5533 est
2659 5477 2800 5549 quod
2820 5479 2972 5544 dicis,
2992 5479 3154 5535 homo
3173 5481 3261 5553 qui
3277 5481 3498 5536 multum
3515 5477 3742 5549 desipis?

2161 5569 2368 5638 Quanto
2389 5569 2676 5637 excelsior,
2707 5578 2851 5624 tanto
2873 5571 3262 5626 inscrutabilior
3276 5572 3448 5626 divina
3465 5587 3624 5642 quam
3643 5569 3742 5623 hu-

2227 5749 2240 5778 ι
2269 5753 2348 5794 Ms.
2376 5754 2520 5810 Part,
2546 5753 2711 5796 contra
2740 5759 2864 5810 qua.

2223 5811 2243 5840 ²
2261 5809 2539 5878 ίιιιειιίετιιιε
2570 5808 2770 5878 versum
2795 5811 3302 5878 ιιιιιιθηῐιτωιειζῃιίεὶιε
3329 5821 3399 5860 ,4η
3421 5809 3535 5878 quia
3569 5808 3741 5859 lterum

2161 5868 2378 5921 neutrubi
2399 5877 2487 5934 est,
2510 5868 2611 5920 sola
2631 5868 2829 5922 libidine
2850 5868 3175 5933 delinquatdi.
