4126 6502
350 347 480 407 ηδτ

344 483 496 522 mana
518 465 744 539 justitla,
775 475 1031 538 tantoque
1071 469 1142 523 ab
1187 467 1286 524 hac
1332 467 1433 523 illa
1467 465 1771 522 distantior.
1801 462 1933 530 Quis

341 561 484 614 enim
515 559 675 615 homo
697 561 874 630 justus
897 559 1025 615 sinit
1053 559 1347 631 perpetrari
1376 561 1576 626 scelus,
1605 557 1747 629 quod
1770 556 1932 612 habet

344 651 398 704 in
427 659 688 720 potestate
717 667 822 707 non
846 651 1101 709 sinere“!
1129 653 1194 708 Et
1222 661 1400 708 tamen
1437 652 1566 708 sinit
1607 651 1723 706 haec
1767 651 1929 717 Deus,

341 741 832 812 incomparabiliter
848 743 1010 814 justis
1036 743 1288 800 omnibus
1319 742 1533 813 justior,
1565 751 1620 798 et
1655 742 1809 812 cujus
1835 756 1930 811 po-

341 843 504 890 testas
529 842 613 890 est
639 834 1125 906 incomparabiliter
1148 835 1397 892 omnibus
1436 835 1788 906 potestatibus
1807 850 1926 889 ma-

332 924 438 994 jor.
489 923 615 980 Haec
658 926 852 998 cogita,
906 935 962 984 et
1008 929 1114 983 noli
1155 927 1392 999 judicem
1443 928 1612 983 Deum
1657 927 1927 998 judicibus

337 1015 644 1072 hominibus
657 1032 993 1088 comparare,
1015 1034 1174 1088 quem
1192 1035 1298 1074 non
1325 1018 1670 1074 dubitandum
1699 1026 1782 1074 est
1807 1032 1929 1074 esse

329 1105 558 1176 justum,
589 1106 750 1179 etiam
780 1107 995 1178 quando
1031 1108 1156 1163 facit
1183 1107 1326 1179 quod
1370 1108 1579 1164 videtur
1625 1106 1929 1163 hominibus

332 1196 610 1266 injustam,
643 1207 698 1253 et
725 1197 868 1269 quod
890 1197 1050 1255 homo
1077 1198 1124 1254 si
1153 1198 1370 1266 faceret,
1399 1207 1544 1255 esset
1568 1199 1796 1269 injustus
1811 1200 1854 1254 '.

404 1287 572 1345 XXV.
599 1287 720 1344 Jun.
751 1290 836 1344 An
865 1289 996 1346 illud
1021 1289 1234 1361 quidem
1256 1290 1456 1360 justum
1486 1298 1604 1356 est,
1631 1289 1773 1361 quod
1803 1288 1919 1359 ipse

332 1377 481 1444 facit,
513 1379 570 1434 id
596 1388 700 1448 est,
726 1379 900 1436 aliena
925 1389 1141 1450 peccata
1167 1380 1287 1437 aliis
1322 1379 1662 1451 imputando;
1693 1387 1749 1435 et
1773 1379 1924 1436 nobis

337 1471 580 1542 precipit
605 1470 747 1542 quod
769 1470 1025 1542 injustam
1045 1481 1148 1540 est,
1169 1481 1230 1528 ut
1257 1487 1687 1544 unumquemque
1715 1486 1811 1542 pro
1836 1486 1929 1526 vo-

332 1561 553 1619 luntatis
576 1578 690 1619 suae
716 1563 926 1620 delictis
953 1579 1102 1620 reum
1124 1563 1572 1635 pronuntiemus?

404 1659 540 1716 Anc.
585 1659 726 1730 Lege
763 1659 906 1731 quod
940 1659 1033 1715 tibi
1071 1659 1319 1731 superius
1360 1672 1674 1729 responsum
1711 1665 1797 1714 est
1826 1675 1840 1711 :
1873 1665 1929 1713 et

333 1751 484 1808 disce
506 1793 521 1819 ,
558 1752 604 1808 si
633 1760 784 1823 potes
802 1793 820 1820 ,
847 1751 1294 1824 quemadmodum
1324 1759 1540 1822 peccata
1569 1749 1845 1821 originalia
1871 1755 1927 1804 et

330 1845 506 1900 aliena
529 1845 890 1916 intelligantur
902 1855 957 1901 et
975 1853 1190 1912 nostra;
1213 1860 1320 1900 non
1342 1844 1528 1900 eadem
1548 1858 1706 1900 causa
1726 1842 1922 1910 aliena,

335 1951 441 2007 qua
485 1945 666 1993 nostra
701 1938 920 1994 :aliena
948 1937 1126 2004 enim,
1168 1938 1290 2008 quia
1331 1951 1436 1992 non
1479 1951 1542 1992 ea
1588 1936 1640 1991 in
1683 1950 1776 1990 sua
1817 1934 1924 1990 vita

330 2029 559 2099 quisque
584 2030 884 2096 commisit;
913 2038 1094 2085 nostra
1118 2044 1269 2097 vero,
1297 2029 1418 2100 quia
1448 2029 1542 2084 fuit
1566 2027 1760 2095 Adam,
1787 2034 1842 2084 et
1871 2027 1922 2083 in

333 2121 426 2176 illo
451 2121 649 2178 fuimus
673 2137 860 2178 omnes
887 2121 1162 2194 (Ambros.,
1190 2120 1281 2175 lib.
1309 2122 1340 2177 7
1363 2121 1417 2175 in
1443 2120 1570 2175 Luc.
1603 2121 1722 2191 xv).

405 2212 594 2268 XXVI.
625 2213 749 2269 ἔοι..
779 2214 846 2268 Et
873 2212 1017 2268 unde
1042 2213 1091 2268 ei
1120 2220 1214 2267 aut
1241 2220 1384 2266 tanta
1415 2211 1632 2278 invidia,
1661 2217 1753 2265 aut
1778 2217 1924 2264 tanta

331 2306 680 2376 malignitas?
708 2304 908 2361 Invidia
931 2313 1014 2362 est
1039 2305 1205 2372 enim,
1236 2303 1280 2360 si
1311 2303 1378 2359 ad
1405 2303 1507 2360 hoc
1535 2303 1747 2374 decepit
1785 2319 1924 2373 pra:-

330 2396 579 2468 cipiendo
604 2405 900 2452 creaturam
931 2411 1080 2450 suam
1101 2435 1118 2463 ,
1148 2410 1216 2451 ne
1245 2394 1466 2450 virtutes
1488 2394 1606 2464 ejus
1623 2436 1641 2459 ,
1673 2393 1726 2448 in
1750 2407 1922 2464 quan-

334 2498 445 2543 tum
484 2498 729 2560 poterat,
770 2497 1058 2545 conaretur
1096 2488 1290 2543 imitari
1320 2505 1334 2542 :
1364 2487 1666 2558 malignitas
1704 2494 1881 2540 autem
1904 2526 1920 2553 ,

327 2582 442 2638 imo
471 2581 759 2637 crudelitas
777 2624 793 2650 ,
821 2581 869 2637 si
908 2581 1091 2652 puniat
1116 2588 1332 2651 promer
1361 2579 1555 2650 injusta
1583 2593 1746 2650 opera
1775 2593 1923 2633 mor-

334 2673 499 2738 tales,
529 2688 650 2744 quae
675 2687 795 2728 cum
827 2672 930 2744 legi
958 2671 1074 2744 ejus
1103 2671 1359 2728 obediunt
1392 2678 1786 2742 perpetrarunt.

405 2763 540 2821 Avo.
581 2764 699 2820 lam
739 2765 984 2835 superius
1025 2763 1420 2829 demonstravi,
1461 2763 1705 2834 qutedam
1756 2762 1922 2819 Deum

325 2856 472 2930 juste
491 2855 690 2923 facere,
715 2871 836 2926 quae
861 2856 907 2910 si
938 2854 1100 2909 homo
1126 2855 1300 2920 iaciat,
1325 2854 1519 2924 injuste
1545 2853 1687 2909 facit.
1713 2853 1846 2910 Nam
1871 2863 1927 2910 et

335 2948 559 3018 injurias
587 2963 712 3002 suas
742 2947 883 3001 Deus
913 2946 1187 3000 ulciscitur
1210 2946 1356 3014 juste
1381 2962 1395 2999 :
1421 2945 1726 3000 hominibus
1745 2955 1924 3002 autem

329 3040 530 3094 dicitur
546 3080 562 3106 ,
597 3037 719 3092 Non
745 3053 830 3106 vos
856 3037 993 3108 ipsos
1012 3035 1341 3100 vindicantes,
1367 3035 1672 3100 charissimi,
1700 3036 1789 3089 sed
1812 3037 1928 3091 date

331 3131 503 3185 locum
533 3131 623 3185 ira
647 3145 667 3184 :
692 3130 935 3200 scriptum
959 3137 1031 3184 est
1057 3129 1212 3195 enim,
1238 3127 1370 3182 Mihi
1390 3127 1698 3194 vindictam;
1728 3143 1819 3200 ego
1847 3143 1926 3183 re-

329 3221 573 3287 tribuam,
605 3220 728 3274 dicit
756 3218 1005 3274 Dominus
1035 3219 1208 3289 (Rom.
1245 3234 1348 3286 xu,
1383 3217 1497 3290 l9).

404 3311 621 3368 XXVII.
649 3312 770 3368 Jun.
799 3312 880 3372 An
909 3310 1046 3366 forte
1074 3325 1179 3366 non
1221 3311 1374 3382 punit
1403 3308 1567 3385 (quod
1596 3308 1806 3382 quidem
1843 3308 1924 3366 fa-

331 3405 409 3459 cit
434 3402 768 3477 prudcnter),
799 3403 893 3460 sed
920 3403 1081 3460 etiam
1112 3411 1485 3459 remuneratur
1513 3403 1758 3468 famulos,
1786 3418 1928 3474 pra:-

333 3496 504 3568 eeptis
553 3497 667 3550 suis
714 3495 843 3550 licet
885 3494 1198 3564 injustitiam
1247 3494 1564 3550 docentibus
1603 3493 1928 3551 obsecutos?

339 3588 408 3642 Et
429 3587 556 3658 quid
587 3588 636 3643 ei
666 3586 861 3656 proluit
883 3585 1142 3651 invidere,
1169 3585 1215 3642 si
1244 3595 1298 3642 et
1325 3586 1547 3656 injustas
1575 3601 1664 3641 res
1684 3586 1926 3644 faciendo

335 3695 403 3736 eo
430 3689 793 3751 pervenerunt
834 3679 1122 3743 mortales,
1168 3693 1276 3748 quo
1312 3679 1471 3733 etiam
1510 3677 1770 3748 justitiam
1812 3694 1928 3734 ser-

335 3770 510 3825 vando
533 3769 848 3826 venissent?
879 3769 1118 3838 Cumque
1144 3768 1270 3834 illis,
1301 3782 1435 3839 quos
1456 3768 1828 3832 circumvenit,
1858 3768 1926 3825 de

335 3861 586 3917 felicitate
614 3860 744 3915 nihil
770 3869 974 3931 pereat,
997 3859 1085 3914 hic
1108 3867 1286 3914 tamen
1317 3858 1658 3930 benignitatis
1685 3874 1748 3914 ac
1770 3859 1928 3929 justi-

337 3955 424 4008 tia:
450 3953 773 4009 conscientia
800 3951 956 4006 simul
983 3959 1039 4007 et
1065 3951 1268 4005 honore
1293 3950 1548 4021 privatur.
1575 3949 1784 4020 Quanto
1811 3959 1928 4006 erat

337 4045 668 4101 tolerabilius
705 4059 737 4098 a
773 4041 1044 4115 religionis
1070 4040 1404 4112 professione
1429 4041 1565 4096 colla
1596 4040 1922 4110 subducere,

333 4153 496 4208 quam
524 4153 620 4210 per
656 4145 762 4192 tam
789 4144 1055 4208 prazrupta
1075 4174 1091 4202 ,
1121 4142 1231 4190 tam
1268 4131 1505 4190 exitialia
1545 4133 1747 4188 orbitas
1775 4132 1796 4164 ³
1823 4132 1924 4188 du-

335 4229 498 4285 cere?

406 4321 544 4376 Anc.
571 4317 825 4390 Sequeris
850 4325 902 4373 te
927 4360 940 4384 ,
969 4315 1100 4372 nihil
1126 4315 1330 4373 dicens.
1355 4314 1438 4371 Ab
1463 4312 1692 4370 humana
1719 4313 1924 4384 justitia

335 4411 582 4468 discerne
607 4409 877 4475 divinam;
905 4417 960 4464 et
985 4408 1190 4464 videbis
1210 4407 1354 4478 juste
1393 4406 1556 4463 Deum
1584 4416 1797 4477 peccata
1829 4423 1924 4476 pa-

338 4511 480 4557 trum
508 4499 738 4556 reddere
773 4500 826 4555 in
867 4499 1042 4566 ﬁlios;
1071 4498 1212 4570 quod
1242 4508 1419 4553 tamen
1450 4497 1505 4552 in
1529 4497 1730 4568 judicio
1754 4513 1852 4554 suo
1879 4498 1926 4553 si

337 4593 501 4650 homo
525 4594 626 4650 sibi
651 4601 892 4664 usurpet,
925 4593 1150 4662 injustas
1174 4600 1275 4647 est.
1308 4591 1382 4646 Ne
1415 4599 1470 4646 tu
1495 4591 1760 4646 exorbites
1785 4607 1815 4646 a
1841 4593 1924 4647 via

230 4756 233 4757 ν
331 4691 498 4761 justa,
525 4698 584 4745 ut
611 4705 732 4745 cum
757 4689 910 4744 audis
938 4695 1150 4758 peccata
1172 4695 1380 4757 patrum
1404 4685 1456 4739 in
1481 4684 1618 4739 ﬁlios
1639 4685 1920 4748 vindicari.

335 4793 426 4838 aut
455 4783 644 4839 Deum-
667 4781 808 4837 nolis
832 4779 856 4813 ⁸
884 4779 936 4835 id
965 4779 1172 4845 facere,
1212 4785 1303 4831 aut
1337 4775 1606 4831 hominem
1635 4775 1768 4830 velis
1793 4816 1809 4844 ,
1840 4777 1924 4832 vel

339 4874 656 4931 testimoniis
692 4874 776 4930 vel
803 4871 1066 4928 mandatis
1093 4868 1394 4925 resistendo
1423 4867 1640 4923 divinis.

407 4967 647 5023 XXVIII.
674 4967 792 5022 ιω..
822 4965 988 5038 Igitur
1011 4962 1261 5035 quoniam
1289 4961 1373 5017 vel
1401 4976 1432 5015 a
1458 4960 1629 5016 servis
1655 4960 1767 5016 suis
1794 4960 1924 5016 nihil

338 5061 446 5116 tale
487 5059 747 5115 committi
777 5058 919 5113 Deus
947 5056 1111 5121 sinit,
1155 5052 1314 5126 quale
1359 5061 1415 5107 tu
1458 5051 1526 5106 ab
1569 5051 1688 5122 ipso
1730 5052 1926 5106 asseris

340 5150 672 5222 perpetrari;
704 5149 1046 5206 manifestum
1072 5155 1175 5213 est,
1209 5155 1261 5202 te
1289 5159 1395 5200 non
1423 5145 1598 5200 minus
1624 5143 1692 5199 ab
1720 5143 1927 5200 honore

338 5244 484 5311 ejus,
517 5256 677 5312 quam
703 5241 772 5296 ab
798 5239 1029 5295 humana
1067 5237 1279 5293 ratione
1313 5235 1532 5306 fugisse.
1559 5234 1636 5289 Ac
1665 5248 1759 5304 per
1787 5234 1888 5289 hoc
1908 5274 1923 5297 ,

339 5348 444 5388 non
486 5333 770 5403 Pelagiano
793 5374 808 5397 ,
847 5332 985 5386 sicut
1027 5328 1160 5384 dicis
1185 5369 1203 5395 ,
1241 5341 1424 5383 errore
1458 5325 1754 5395 decipimur
1786 5343 1800 5380 :
1832 5325 1925 5380 sed

341 5423 456 5495 lege
482 5421 578 5478 Dei
605 5421 885 5493 dirigimur
906 5461 922 5488 ,
957 5427 1014 5476 ut
1037 5430 1342 5474 asseramus
1371 5415 1610 5486 iniquum
1649 5428 1770 5470 esse
1791 5456 1806 5482 ,
1835 5429 1928 5486 pa-

403 5621 422 5684 !
455 5621 530 5684 sic
559 5625 664 5684 Mss.
687 5619 982 5684 vigmerius,
1016 5615 1146 5681 quod
1167 5613 1306 5668 lutet
1341 5617 1614 5684 potestatem
1637 5611 1924 5684 transﬁgere.

404 5683 521 5742 {sic
541 5681 687 5732 vetus
707 5676 864 5731 codex
885 5686 1009 5732 Fort.
1030 5676 1091 5742 At
1113 5687 1223 5742 Mar.
1241 5676 1353 5727 cum
1364 5677 1660 5739 \‘ign.,esset
1677 5676 1924 5736 injustam.

405 5738 960 5814 f’geA®.A_V'ignierim,
983 5738 1249 5814 orbitatisa
1308 5801 1324 5814 _
1467 5811 1520 5814 __
1549 5809 1767 5814 ΔΑΜ-ω
1792 5813 1799 5814 7
1824 5800 1854 5814 Α,

404 5805 429 5837 δ
448 5805 603 5856 Editio
624 5800 950 5865 vigtﬁeriana,
971 5800 1122 5857 nobis.
1149 5801 1435 5858 timendam!
1459 5811 1522 5850 ex
1547 5800 1898 5862 manust-raptis.

590 5897 863 5958 Parnm.
908 5890 1066 5956 XLV
1082 5940 1102 5955 ..

1703 339 1907 401 LIBER
1946 338 2267 401 TERTIUS.

3484 356 3622 414 |958

2044 472 2253 518 rentum
2280 461 2503 520 crimina
2535 464 2656 522 llliis
2682 466 2950 540 imputari.

2109 555 2246 611 Ana.
2284 553 2400 611 Non
2427 558 2630 624 semel,
2666 559 2759 613 sed
2796 561 2992 630 smpius
3015 558 3146 616 dixit
3193 562 3332 620 Deus
3357 608 3373 634 ,
3406 579 3618 639 peccata

2037 652 2246 714 patrum
2275 661 2336 703 se
2356 647 2585 706 reddere
2611 651 2664 705 in
2693 650 2853 708 ﬁlios.
2878 651 2978 709 Ubi
3005 654 3186 725 utique
3218 672 3322 712 non
3362 659 3533 729 dixit,
3564 664 3615 718 iu

2037 746 2215 807 patres
2239 755 2299 796 se
2320 739 2544 798 reddere
2571 752 2785 814 peccata
2813 745 3063 814 ﬁliorum,
3095 750 3264 805 autin
3291 750 3484 809 fratres
3511 753 3617 810 fra-

2038 839 2198 898 trum,
2238 843 2332 890 aut
2359 835 2412 891 in
2441 837 2644 892 amicos
2669 839 2984 905 amicorum,
3017 849 3108 896 aut
3136 842 3188 898 in
3216 843 3362 900 cives
3384 846 3578 902 civium
3600 891 3614 913 ,

2034 933 2127 978 aut
2149 925 2348 995 aliquid
2374 925 2636 996 ejusmodi
2660 944 2676 996 ;
2704 939 2763 986 ut
2781 931 3059 999 sciremus,
3091 934 3306 1005 quando
3332 936 3460 993 illud
3482 938 3615 994 dici-

2035 1022 2138 1081 tur,
2167 1018 2568 1085 generationem
2596 1022 2878 1092 redargui,
2912 1039 3018 1079 non
3048 1025 3401 1084 imitationem
3435 1047 3448 1083 :
3476 1032 3617 1102 quod

2031 1115 2088 1161 et
2112 1114 2170 1162 tu
2199 1121 2384 1178 posses
2413 1108 2690 1167 in’divinis
2715 1113 2941 1184 eloquiis
2965 1115 3284 1189 intelligere,
3311 1119 3357 1173 si
3384 1134 3490 1175 non
3515 1121 3618 1178 Pe-

2032 1197 2242 1270 lagiano
2269 1199 2605 1269 impedireris
2629 1219 2834 1260 errore.

2104 1288 2296 1344 XXIX.
2336 1290 2454 1347 Jun.
2496 1292 2648 1362 Quod
2687 1295 2875 1352 tradux
2916 1298 3160 1367 peccati,
3201 1299 3614 1358 Mauichmorum

2033 1377 2161 1444 filia,
2191 1390 2368 1436 vestra
2403 1391 2608 1451 mater,
2632 1381 2749 1440 'hac
2785 1395 3098 1458 tempestate
3127 1390 3490 1463 prodigialiter
3528 1411 3620 1465 pe-

2031 1471 2236 1540 perisse
2262 1471 2509 1529 deﬁetur.

2106 1565 2244 1620 Auc.
2275 1564 2388 1620 Non
2414 1567 2771 1636 ratiocinaris,
2796 1569 2892 1628 sed
2914 1574 3234 1632 conviciaris
3254 1584 3310 1633 et
3325 1578 3616 1636 calumnia-

2030 1651 2126 1709 ris.
2155 1654 2351 1727 Relege
2371 1659 2617 1729 antiquos
2637 1660 2800 1716 divini
2821 1663 3014 1735 eloquii
3040 1673 3386 1735 tractatores;
3415 1680 3469 1726 et
3498 1671 3616 1728 vide

2029 1759 2139 1801 non
2181 1745 2282 1802 hac
2327 1757 2673 1820 tempestate,
2713 1753 2808 1809 sed
2845 1756 3003 1827 longe
3039 1765 3163 1814 ante
3204 1774 3304 1816 nos
3345 1760 3396 1815 in
3439 1763 3616 1819 verbis

2027 1838 2268 1908 Apostoli
2297 1839 2398 1896 hoc
2420 1841 2749 1900 intellectum
2771 1860 2910 1912 esse,
2933 1848 3073 1918 quod
3103 1851 3438 1920 apertissime
3457 1853 3612 1919 dixit,

2028 1927 2083 1984 id
2112 1938 2229 1996 est,
2270 1931 2413 2002 quod
2442 1949 2535 2004 per
2574 1951 2730 1990 unum
2754 1937 3007 1994 hominem
3031 1951 3288 2012 peccatum
3319 1945 3524 2001 intrarit
3560 1948 3613 2002 in

2027 2021 2274 2076 mundum
2292 2063 2308 2090 ,
2339 2033 2387 2078 et
2413 2041 2503 2096 per
2526 2038 2786 2097 peccatum
2818 2046 2989 2096 mors;
3012 2041 3060 2086 et
3080 2033 3150 2086 ita
3176 2034 3230 2088 in
3251 2051 3421 2110 omnes
3444 2037 3611 2092 homi-

2026 2128 2115 2166 nes
2129 2116 2420 2184 pertransiit
2433 2115 2606 2189 (Rom.
2625 2135 2678 2186 v,
2694 2119 2804 2192 12),
2827 2121 2891 2180 ad
2903 2127 3300 2194 generationem
3323 2130 3609 2198 pertinuere,

2026 2219 2186 2276 quam
2214 2211 2551 2280 rcgeneratio
2587 2224 2768 2280 sanat;
2797 2230 2910 2271 non
2937 2216 3004 2271 ad
3046 2217 3425 2290 imitationem,
3451 2239 3610 2294 quam

2025 2315 2124 2357 vos
2151 2304 2329 2372 potius
2360 2304 2462 2361 hac
2487 2313 2806 2377 tempestate
2829 2311 3135 2381 peperistis.
3166 2313 3315 2370 Unde
3341 2332 3436 2371 vos
3471 2325 3610 2372 tem-

2027 2402 2209 2464 pestas
2239 2394 2423 2450 novitii
2452 2396 2716 2468 dogmatis
2744 2401 2906 2456 vestri
2943 2416 2973 2454 a
3015 2401 3148 2458 facie
3178 2404 3403 2474 projecit
3428 2405 3611 2463 catho-

2027 2483 2144 2539 lica:
2179 2485 2434 2541 Ecclesiae
2453 2527 2470 2554 ,
2503 2495 2753 2560 tanquam
2774 2489 3049 2562 pulverem
3074 2507 3232 2563 quem
3258 2494 3468 2566 projicit
3494 2511 3614 2553 ven-

2029 2583 2115 2630 tus
2141 2589 2172 2628 a
2213 2575 2349 2633 facie
2375 2586 2554 2635 terrae.

2101 2665 2271 2723 XXX.
2329 2668 2452 2726 ιω..
2506 2670 2641 2728 Esse
2695 2671 2854 2744 igitur
2897 2672 3001 2732 hoc
3053 2690 3085 2732 a
3135 2675 3246 2734 Deo
3294 2677 3612 2750 imperatum

2027 2758 2170 2828 quod
2199 2762 2515 2830 asserimus,
2547 2765 2758 2820 claruit.
2789 2766 2854 2821 Et
2874 2769 3118 2838 quamvis
3140 2773 3422 2829 sententia:
3448 2773 3614 2844 ipsius

2027 2858 2212 2919 aperta
2257 2861 2313 2907 et
2351 2853 2646 2910 intellectui
2693 2859 2930 2914 omnium
2974 2861 3253 2919 conciliata
3289 2867 3614 2935 germanitas

2026 2939 2229 2995 nullius
2273 2942 2325 2997 in
2353 2957 2413 2998 se
2451 2960 2660 3000 naevum
2691 2948 3032 3006 obscuritatis
3069 2951 3346 3010 admiserit
3382 2972 3398 3015 :
3438 2965 3617 3014 tamen

2028 3045 2098 3087 ne
2124 3040 2178 3086 tu
2204 3033 2270 3087 ad
2296 3033 2492 3105 ingenii
2528 3039 2696 3098 nostri
2725 3040 3001 3111 confugias
3026 3044 3329 3101 tarditatem
3348 3088 3362 3112 ,
3389 3058 3443 3104 et
3466 3049 3614 3107 dicas

2028 3138 2134 3179 non
2159 3139 2259 3181 nos
2287 3125 2585 3198 intelligere
2606 3129 2746 3200 quod
2772 3144 3098 3202 prmceptum
3124 3144 3243 3202 est;
3269 3137 3376 3191 alio
3403 3154 3614 3210 quoque

2031 3216 2338 3273 testimonio
2375 3235 2481 3274 non
2504 3220 2615 3290 jam
2646 3225 2895 3293 prmcepti
2921 3265 2936 3288 ,
2967 3225 3062 3282 sed
3097 3229 3276 3297 Operis
3320 3231 3612 3288 secundum

2029 3319 2352 3381 praeceptum
2380 3312 2622 3379 exerciti,
2645 3315 3090 3385 quemadmodum
3125 3319 3194 3374 sit
3221 3320 3303 3375 lex
3344 3321 3616 3382 intellecta

2030 3399 2338 3458 doceamus.
2381 3403 2632 3474 Legimus
2669 3405 2721 3459 in
2766 3406 2906 3462 libro
2941 3417 3128 3476 quarto
3169 3410 3473 3482 Regnorum
3499 3455 3515 3480 ,
3543 3417 3612 3470 de

2028 3492 2272 3548 Amessia
2298 3493 2406 3548 ﬁlio
2419 3492 2545 3549 Joas
2567 3495 2710 3565 regis
2725 3494 2752 3550 J
2760 3495 2860 3550 uda
2879 3514 2892 3550 :
2912 3496 3126 3552 Factum
3149 3509 3242 3568 est,
3263 3502 3450 3572 inquit,
3467 3515 3611 3573 post-

2026 3601 2178 3657 quam
2211 3586 2488 3641 stabilitatis
2524 3597 2597 3643 est
2639 3605 2853 3659 regnum
2891 3590 2945 3644 in
2976 3592 3207 3647 manibus
3261 3594 3404 3663 ejus,
3435 3597 3614 3650 occidit

2029 3691 2210 3748 pueros
2238 3693 2355 3731 suos
2379 3678 2464 3748 qui
2474 3677 2760 3732 occiderant
2777 3689 2970 3749 patrem
2993 3697 3140 3734 suum
3154 3699 3174 3748 ;
3190 3683 3279 3737 sed
3293 3684 3427 3753 ﬁlios
3443 3701 3615 3740 eorum

2030 3782 2132 3820 non
2155 3767 2339 3821 occidit
2360 3808 2374 3832 ,
2398 3768 2674 3823 secundum
2715 3778 3060 3824 testamentum
3099 3771 3222 3842 legis
3258 3772 3488 3840 Domini,
3515 3793 3615 3847 quo

2031 3868 2338 3931 praeceptum
2367 3869 2468 3928 est,
2499 3859 2621 3916 Non
2651 3862 2925 3917 morientur
2949 3872 3116 3934 patres
3139 3881 3232 3934 pro
3260 3866 3402 3935 ﬁliis,
3429 3884 3518 3922 nec
3547 3870 3614 3936 ﬁ—

2031 3951 2089 4005 lii
2117 3968 2209 4022 pro
2237 3953 2460 4027 patribus
2486 3952 2578 4026 (IV
2600 3951 2726 4022 Reg.
2761 3969 2868 4020 xiv,
2894 3955 2948 4018 5,
2977 3952 3054 4028 6).
3085 3954 3245 4011 Vides
3272 3959 3618 4028 quemadmo-

2030 4043 2156 4100 dum
2189 4044 2426 4100 historire
2455 4045 2584 4100 ﬁdes
2607 4046 2866 4114 justitiam
2892 4046 3033 4113 regis
3054 4046 3343 4116 judicantis
3368 4050 3617 4107 ostende-

2030 4137 2102 4190 rit
2134 4154 2148 4190 :
2175 4137 2265 4205 qui
2315 4136 2558 4207 quamvis
2605 4136 2789 4191 fuisset
2835 4135 3099 4201 devotus;
3148 4147 3324 4195 tamen
3367 4142 3616 4210 quoniam

2029 4227 2356 4282 claudieasse
2392 4227 2572 4281 animo
2599 4227 2651 4282 in
2695 4227 2962 4281 nonnullis
3007 4227 3270 4292 refertur,
3317 4229 3383 4283 ad
3429 4230 3614 4300 judicii

2028 4319 2146 4389 ejus
2167 4319 2623 4374 conﬁrmationem
2643 4361 2659 4385 ,
2687 4327 3118 4375 commemorata:
3158 4320 3290 4391 legis
3317 4320 3407 4377 Dei
3436 4338 3617 4380 acces-

2028 4411 2101 4467 sit
2125 4411 2436 4466 auctoritas.
2480 4410 2560 4466 Ne
2597 4412 2738 4466 enim
2781 4427 2966 4482 parum
3007 4411 3226 4468 haberet
3255 4414 3506 4485 ponderis
3535 4416 3615 4470 fa-

2029 4512 2172 4560 ctum
2199 4504 2302 4559 hoc
2329 4503 2756 4561 consideratione
2796 4503 3070 4569 facientis,
3116 4507 3410 4563 secundum
3445 4509 3615 4580 legem

2029 4602 2085 4651 et
2113 4604 2487 4650 testamentum
2521 4595 2612 4650 Dei
2634 4595 3038 4651 commendatur
3060 4597 3360 4669 impletum.

2100 4685 2236 4741 Anc.
2271 4685 2383 4740 Hoc
2404 4684 2661 4754 judicium
2692 4686 2831 4738 Deus
2860 4685 3132 4740 hominum
3154 4687 3318 4741 voluit
3343 4702 3480 4752 esse,
3507 4704 3612 4744 nou

2028 4791 2204 4841 suum,
2255 4775 2345 4846 qui
2391 4775 2545 4842 dixit,
2604 4774 2838 4845 Reddam
2882 4784 3086 4846 peccata
3131 4787 3331 4846 patrum
3379 4780 3434 4833 in
3479 4780 3615 4849 ﬁlios

2031 4869 2208 4940 (Deut.
2245 4884 2298 4934 v,
2325 4869 2402 4940 9).
2434 4867 2587 4934 Quod
2612 4869 2770 4923 etiam
2803 4883 2902 4938 per
2929 4868 3198 4923 hominem
3227 4869 3369 4937 fecit,
3401 4872 3614 4942 quando

2035 4977 2132 5032 per
2156 4962 2337 5018 Jesum
2377 4960 2542 5025 Nave,
2583 4975 2688 5015 non
2714 4961 2888 5017 solum
2916 4960 3120 5026 Achar,
3160 4960 3255 5028 sed
3285 4962 3444 5018 etiam
3477 4964 3615 5021 ﬁlios

2022 5051 2146 5122 ejus
2169 5050 2364 5105 occidit
2391 5048 2570 5124 (Iosue
2591 5066 2684 5116 vu,
2712 5051 2805 5118 24,
2825 5050 2918 5124 25)
2951 5069 2965 5106 :
2995 5052 3078 5106 vel
3107 5067 3205 5124 per
3236 5054 3484 5110 eumdem
3513 5072 3611 5127 po-
3672 5075 3676 5083 ·

2032 5142 2140 5213 puli
2165 5141 2246 5197 sui
2285 5141 2498 5207 ducem,
2538 5142 2677 5198 ﬁlios
2701 5141 3122 5198 Chanantcorum
3146 5143 3305 5200 etiam
3340 5147 3612 5216 parvulos,

2032 5231 2265 5288 nondum
2289 5241 2501 5304 peccata
2524 5241 2802 5303 parentum
2823 5233 2936 5290 suis
2959 5233 3195 5290 moribus
3218 5235 3470 5302 imitatos,
3491 5251 3614 5293 cum

2033 5323 2232 5380 eisdem
2267 5334 2441 5379 tamen
2472 5323 2778 5392 parentibus
2806 5332 2864 5378 ut
2888 5325 3144 5395 perirent,
3168 5341 3272 5382 non
3300 5327 3493 5397 injusta
3521 5329 3626 5383 uti-

2032 5431 2139 5487 que
2173 5415 2455 5470 severitate
2496 5414 2768 5472 damnavit
2808 5417 2824 5449 ¹
2857 5416 2967 5485 (Id.
2995 5433 3083 5484 vt,
3108 5419 3212 5484 εις
3244 5435 3306 5485 x,
3338 5417 3452 5492 40).
3499 5419 3613 5474 Noli

2033 5520 2163 5577 ergo
2191 5505 2482 5576 loquaciter
2515 5515 2672 5576 atque
2700 5507 2929 5564 inaniter
2957 5509 3313 5582 multiplicare
3353 5518 3442 5565 tua
3476 5511 3610 5564 scri-

2035 5610 2158 5670 pta;
2190 5599 2283 5655 sed
2309 5599 2624 5669 scripturam
2657 5600 2749 5656 Dei
2776 5600 3060 5673 diligenter
3088 5600 3326 5667 attende,
3369 5614 3437 5656 ne
3466 5598 3608 5670 quod

2099 5798 2113 5829 ί
2139 5795 2293 5845 Culex
2327 5802 2472 5857 Port.,
2496 5794 2756 5846 mandarit.

2727 5898 3134 5976 (QuaranlsJ
