4126 6534
527 384 663 443 1259

525 503 578 557 in
607 514 709 555 una
737 498 855 568 ejus
879 504 1034 568 parte
1064 492 1338 566 aperuisse
1364 499 1415 545 te
1451 496 1623 560 putas,
1653 484 1894 540 clausum
1925 487 2111 537 contra

524 603 577 650 te
606 590 659 647 in
688 589 855 645 altera
886 587 1146 642 invenias.

595 678 785 739 XXXI.
818 680 937 736 Jun.
972 675 1187 732 Duobus
1213 681 1269 732 et
1297 673 1466 729 tribus
1491 668 1740 735 testibus,
1781 665 1944 723 etiam
1985 674 2116 720 con-

529 787 608 832 tra
647 772 964 845 sanguinem
993 767 1227 826 hominis
1248 807 1265 832 ,
1314 762 1463 821 credi
1493 762 1631 818 solet
1657 777 1672 814 :
1704 764 1906 830 quanto
1949 756 2118 827 magis

527 867 735 926 duobus
777 863 947 920 sacris
997 860 1244 925 testibus,
1288 858 1393 930 legi
1435 869 1561 927 qua
1595 855 1651 909 in
1701 849 2118 908 Deuteronomio

526 942 851 1024 continetur,
880 962 934 1011 et
957 952 1197 1009 historiae
1230 963 1353 1021 qua:
1389 947 1595 1019 Regum
1623 945 1763 1001 facta
1800 940 2117 1013 complecti-

530 1064 650 1119 tur,
680 1066 781 1124 pro
808 1049 902 1106 Dei
943 1048 1146 1104 honore
1175 1041 1532 1100 crederetur?
1569 1036 1855 1109 Quomodo
1890 1030 2118 1106 iudicari

530 1147 706 1210 vellet,
738 1145 852 1215 ipse
885 1139 1215 1214 praescripsit
1245 1155 1261 1190 :
1293 1132 1565 1208 quomodo
1601 1131 1744 1203 quod
1773 1128 2123 1186 mandaverat

520 1238 699 1308 accipi
739 1235 998 1300 deberet,
1047 1229 1342 1287 secundum
1376 1226 1551 1298 legem
1598 1224 1715 1295 ejus
1761 1222 1958 1293 judicia
1993 1232 2121 1291 pros

534 1331 637 1385 lata
683 1336 965 1384 testantur.
1020 1324 1085 1382 Et
1128 1322 1414 1381 dubitatur
1457 1321 1632 1381 adhuc
1682 1317 1957 1375 traducem
1992 1330 2122 1388 pec-

532 1424 637 1477 cati
686 1420 1081 1492 Scripturarum
1131 1416 1345 1490 probari
1391 1410 1710 1471 auctoritate
1757 1426 1863 1466 non
1921 1404 2124 1481 posse?

533 1516 691 1571 Certe
715 1523 840 1568 sunt
861 1513 959 1567 ista
986 1510 1277 1577 contraria,
1305 1522 1404 1579 pro
1424 1505 1620 1578 quibus
1652 1514 1758 1560 tam
1796 1500 1971 1573 longis
1994 1513 2124 1556 con-

533 1605 763 1663 ﬂictibus
792 1603 1097 1670 dimicatur,
1128 1601 1181 1657 id
1208 1608 1312 1668 est,
1336 1612 1504 1655 unum
1532 1593 1675 1669 quod
1703 1608 1732 1651 a
1762 1594 1939 1661 vobis,
1977 1590 2121 1647 aliud

533 1696 674 1768 quod
701 1711 730 1751 a
758 1694 915 1752 nobis
940 1692 1281 1760 defenditur;
1323 1701 1379 1748 et
1420 1690 1492 1747 ita
1530 1687 1804 1747 contraria
1847 1694 2007 1758 atque
2032 1697 2124 1741 re-

535 1790 845 1861 pugnantia,
871 1795 929 1843 ut
956 1801 1052 1843 vos
1079 1785 1473 1859 persequendo,
1505 1797 1606 1840 nos
1632 1776 1985 1853 disputando,
2026 1790 2124 1835 vos

534 1885 733 1949 furore,
767 1896 866 1938 nos
889 1883 1097 1938 ratione
1119 1889 1407 1937 certemus.
1440 1874 1679 1948 Utraque
1719 1888 1850 1945 ergo
1877 1885 1999 1945 pars
2041 1868 2125 1927 dl-

532 1987 675 2033 stare
698 1974 802 2032 sibi
824 1977 939 2032 tunc
960 1984 1015 2031 et
1038 1985 1342 2046 repugnare
1371 1970 1660 2036 consentit,
1688 1968 1740 2024 id
1776 1975 1878 2034 est,
1907 1974 2127 2039 propter

537 2077 815 2138 parentum
843 2073 1063 2137 peccata
1107 2061 1279 2136 puniri
1310 2061 1479 2128 ﬁlios,
1507 2068 1561 2117 et
1588 2068 1805 2132 propter
1844 2062 2125 2130 parentum

535 2169 749 2230 peccata
782 2158 921 2214 Iilios
949 2173 1056 2215 non
1097 2156 1320 2229 puniri':
1350 2156 1555 2212 crimen
1597 2150 1843 2209 naturale
1871 2162 1992 2209 esse
2016 2194 2032 2216 ,
2073 2154 2129 2207 et

533 2250 739 2307 crimen
780 2250 1025 2306 naturale
1064 2261 1173 2305 non
1199 2253 1368 2305 esse':
1401 2256 1461 2302 ut
1489 2253 1768 2318 parentum
1807 2251 2025 2316 peccata
2066 2239 2129 2296 ti-

537 2342 623 2396 liis
646 2342 996 2413 imputentur,
1026 2338 1122 2396 Dei
1147 2337 1265 2410 lege
1288 2335 1600 2409 praescribi;
1636 2346 1691 2392 et
1718 2344 1776 2391 ut
1803 2346 1910 2390 non
1951 2333 2128 2404 impu-

538 2439 721 2488 tentur
762 2438 1043 2501 parentum
1073 2437 1291 2500 peccata
1330 2424 1454 2483 ﬁliis
1480 2468 1496 2493 ,
1534 2424 1629 2482 Dei
1666 2423 1783 2497 iege
1828 2422 2124 2496 pratscribi.

542 2522 646 2579 llas
674 2522 956 2593 opiniones
991 2530 1180 2578 contra
1205 2526 1382 2578 semet
1424 2518 1826 2591 sententiasque
1866 2516 2130 2574 bellantes

540 2611 739 2683 pariter
762 2626 917 2667 veras
936 2626 1046 2667 non
1084 2625 1244 2682 posse
1268 2625 1395 2667 esse
1416 2609 1759 2666 manifestum
1787 2617 1883 2665 est.
1915 2607 2047 2663 Nam
2076 2614 2133 2664 et

541 2702 913 2774 disputationis
933 2700 1156 2758 eruditae
1173 2702 1192 2735 ³
1215 2698 1418 2773 regulis
1438 2696 1719 2767 indicatur,
1744 2714 1867 2756 eum
1884 2699 1952 2756 dc
1972 2698 2132 2755 rebus

542 2793 761 2850 incertis
783 2793 963 2864 opinio
987 2792 1186 2865 duplex
1209 2791 1464 2862 nascitur,
1496 2800 1779 2863 utramque
1802 2789 1986 2847 falsam
2012 2800 2133 2850 esse

542 2894 721 2956 posse.
749 2893 1029 2956 utramque
1050 2899 1233 2940 veram
1253 2898 1375 2941 esse
1398 2898 1504 2939 non
1530 2894 1710 2954 posse.
1738 2880 1889 2952 Quod
1914 2878 2131 2954 quidem

543 2979 599 3035 in
623 2975 902 3050 speciebus
924 2977 1177 3045 diversis,
1202 2986 1259 3032 et
1290 2992 1410 3049 qua:
1437 2973 1672 3032 medium
1702 2975 1900 3033 habere
1937 2976 2129 3033 dicun-

511 3087 515 3090 ’
542 3080 659 3138 tur;
688 3084 797 3126 non
820 3076 998 3127 tamen
1027 3070 1081 3125 in
1111 3068 1196 3124 his
1216 3084 1336 3139 qua:
1360 3067 1629 3124 contraria
1653 3077 1801 3136 sunt,
1828 3068 1925 3124 sed
1954 3066 2133 3126 medio

540 3165 748 3229 carent,
770 3160 986 3216 evenire
1012 3166 1206 3231 potest.
1229 3158 1383 3215 Natat
1413 3156 1707 3215 dialecticis
1727 3172 1815 3216 res
1839 3168 1965 3215 sunt
1991 3178 2007 3216 :
2036 3158 2131 3216 sed

538 3261 760 3323 propter
795 3251 1052 3308 lectorem
1081 3249 1379 3323 disciplina:
1410 3247 1568 3322 hujus
1605 3259 1881 3322 expertem
1906 3292 1922 3320 ,
1954 3250 2133 3323 aliquo

541 3341 593 3396 id
620 3354 921 3399 reseremus
948 3340 1218 3413 exemplo.

611 3436 747 3491 Aue.
776 3432 852 3488 Ita
871 3433 1067 3504 qumris
1091 3432 1233 3489 unde
1258 3432 1425 3489 libros
1449 3431 1858 3505 loquacissimus
1884 3430 2130 3504 impleas,

539 3534 599 3580 ut
617 3526 777 3581 etiam
797 3524 1147 3592 dialecticam,
1169 3524 1259 3580 ubi
1280 3538 1415 3595 opus
1435 3538 1540 3579 non
1563 3532 1667 3590 est,
1690 3524 1920 3580 lectores
1944 3537 2130 3580 eorum

539 3615 737 3672 docere
760 3617 1002 3682 coneris;
1033 3612 1140 3671 non
1169 3617 1411 3688 cog'taus
1436 3615 1708 3686 quomodo
1736 3615 1952 3687 ahjlciat
1977 3613 2135 3672 Chri-

539 3710 609 3764 sti
660 3708 901 3765 Ecclesia
942 3708 1282 3764 dialecticum
1309 3746 1327 3776 ,
1371 3723 1532 3779 quem
1580 3708 1754 3764 cernit
1800 3708 2131 3764 btcreticum.

540 3801 676 3871 Quis
703 3800 846 3856 enim
877 3809 930 3856 te
958 3800 1011 3856 id
1046 3815 1208 3871 agere
1244 3814 1351 3855 non
1381 3799 1642 3871 intelligat
1661 3841 1679 3869 ,
1711 3810 1768 3855 ut
1796 3801 1849 3854 in
1872 3796 2133 3872 sapientia

546 3890 698 3947 verbi
725 3906 952 3948 evacues
980 3906 1197 3947 crucem
1220 3890 1418 3948 Christi
1447 3890 1489 3964 (I
1519 3890 1640 3948 Cor.
1683 3909 1720 3959 ι,
1755 3892 1881 3964 l7);
1920 3890 2009 3965 qui
2038 3907 2135 3965 pro

496 3978 501 3985 ’
542 3982 792 4039 omnibus
816 3997 915 4053 pro
938 3982 1133 4054 quibus
1159 3992 1400 4037 mortuus
1425 3992 1527 4047 est,
1561 3983 1612 4038 in
1641 3982 1836 4054 quibus
1855 3990 1910 4039 et
1932 3992 1983 4039 te
2008 3999 2137 4039 con-

547 4075 734 4129 tltente
758 4082 881 4129 sunt
911 4073 1138 4144 parvuli,
1163 4072 1217 4131 in
1244 4072 1615 4130 remissionem
1647 4083 1988 4146 pacatorum
2010 4089 2134 4132 san—

545 4165 762 4237 guinem
793 4163 927 4221 fudit
951 4164 978 4220 τ

616 4257 834 4314 XXXII.
863 4257 983 4315 Jun.
1017 4256 1246 4327 Veniat,
1286 4256 1439 4315 verbi
1466 4256 1666 4329 gratia,
1700 4258 1751 4314 in
1782 4259 2132 4331 qurcstionem

545 4349 728 4405 Colias
752 4391 766 4415 ,
797 4364 904 4420 quo
934 4349 1092 4404 fuerit
1119 4349 1343 4406 allectus
1380 4349 1565 4405 colore
1586 4392 1602 4417 ,
1645 4361 1698 4407 et
1729 4366 1865 4406 unus
1894 4366 2016 4408 cum
2057 4352 2137 4407 ui-

543 4457 721 4513 grum,
746 4442 882 4496 alter
916 4441 1203 4496 candidum
1230 4440 1397 4497 fuisse
1422 4441 1704 4498 conﬁrmet
1737 4460 1751 4497 :
1776 4441 1987 4499 diversa
2018 4442 2136 4499 lucc

544 4535 727 4607 opinio
753 4541 925 4605 petest
950 4543 1172 4605 utraque
1196 4533 1330 4590 falsa
1351 4575 1367 4600 ,
1410 4542 1631 4605 utraque
1654 4542 1833 4591 autem
1865 4548 1987 4591 vera
2015 4549 2137 4593 esse

546 4645 652 4684 non
682 4636 874 4699 potest.
899 4626 1015 4684 Non
1044 4627 1186 4683 enim
1216 4635 1393 4700 potest
1430 4641 1551 4685 esse
1591 4642 1799 4696 verum,
1830 4626 2038 4701 nigrum
2072 4628 2137 4685 il-

542 4720 653 4775 lum
703 4719 884 4785 fuisse,
926 4719 970 4774 si
1011 4718 1270 4775 candidus
1310 4714 1412 4774 fuit
1434 4732 1682 4791 semper;
1726 4728 1817 4774 aut
1845 4719 2133 4776 candidum

542 4812 728 4883 fuisse,
776 4812 821 4868 si
872 4811 1024 4884 niger
1072 4810 1219 4867 onmi
1268 4818 1426 4867 actate
1472 4811 1788 4883 permansit.
1835 4809 1960 4868 llaec
2006 4828 2135 4885 ergo

547 4914 768 4975 utraque
791 4904 994 4975 opinio,
1038 4918 1157 4974 qua:
1186 4901 1341 4960 simul
1373 4916 1497 4961 vera
1532 4918 1655 4961 esse
1680 4920 1784 4959 non
1814 4912 2027 4976 potest,
2056 4907 2133 4961 si-

545 4998 656 5053 nutl
696 4996 825 5054 falsa
855 4999 1105 5054 essehoc
1146 4997 1307 5054 modo
1345 5005 1556 5068 potest;
1598 4997 1641 5054 si
1694 5014 1795 5054 nec
1828 4997 2089 5055 candidus
2113 5041 2130 5066 ,

546 5102 644 5145 nec
672 5089 821 5159 niger
846 5130 861 5155 ,
909 5088 1003 5144 sed
1032 5088 1200 5143 ilavus
1242 5088 1361 5159 ejus
1403 5089 1554 5144 color
1594 5086 1731 5155 fuit;
1776 5088 1862 5145 vel
1904 5086 2132 5147 infracto

542 5177 798 5246 candore,
830 5194 930 5236 nec
957 5190 1134 5235 tamen
1166 5179 1335 5235 inlusa
1373 5178 1652 5249 nigredine
1676 5222 1691 5247 ,
1734 5194 1801 5235 ex
1842 5180 2130 5238 contrariis

544 5269 885 5326 mediocriter
908 5277 1256 5340 temperatus.
1287 5266 1519 5324 Facilius
1546 5282 1676 5340 ergo
1707 5284 1794 5324 res
1823 5268 2049 5326 diversa:
2077 5279 2133 5327 et

542 5358 824 5418 contraria:
849 5362 1029 5431 negari
1055 5368 1278 5431 possunt
1300 5361 1517 5431 pariter,
1542 5376 1700 5431 quam
1724 5361 1921 5431 pariter
1939 5377 2134 5433 appro-

543 5453 678 5508 bari.
711 5452 816 5508 Ista
839 5459 1017 5506 autem
1043 5451 1334 5518 contraria,
1364 5467 1483 5522 qua:
1515 5452 1746 5507 medium
1774 5467 1880 5507 non
1909 5452 2128 5520 habent,

546 5555 601 5599 ut
625 5550 753 5616 puta
780 5540 978 5600 bonum
1008 5551 1063 5598 et
1088 5538 1284 5597 malum
1305 5583 1319 5605 ,
1341 5542 1540 5613 justum
1566 5551 1622 5599 et
1646 5543 1899 5614 injustum
1925 5586 1940 5609 ,
1972 5545 2129 5598 inuo-

544 5637 714 5697 centia
741 5647 795 5695 et
820 5645 1017 5705 reatus,
1048 5648 1102 5692 ut
1131 5651 1241 5691 uno
1269 5646 1504 5710 tempore
1537 5637 1589 5694 in
1618 5655 1780 5695 unmn
1812 5652 1971 5711 atque
1992 5640 2131 5696 idem

607 5856 623 5891 ⁸
652 5859 921 5920 \iguieritts
932 5892 948 5920 ,
963 5854 1191 5909 enuiitio.
1309 5894 1317 5904 .
1324 5887 1339 5917 ,
1366 5854 1587 5908 crudum.

1198 371 1443 430 OPERIS
1480 362 1891 424 lbiPEllFl-LCTI
1928 357 2199 418 CONTRA
2240 353 2597 424 IULIANUM,
2637 357 2696 411 S.
2737 353 3101 412 AUGUSTINI

3664 349 3804 407 HEC

2223 481 2521 536 convenire
2568 493 2675 535 non
2717 486 2979 550 possunt,
3030 477 3100 534 ita
3153 488 3373 534 necesse
3417 486 3499 535 est
3544 487 3602 534 ut
3641 478 3808 535 altero

2220 585 2411 627 eorum
2437 572 2632 642 posito,
2661 572 2888 626 alterum
2910 571 3200 642 denegetur
3227 589 3241 625 :
3271 570 3321 626 id
3348 577 3452 635 est,
3479 578 3539 625 ut
3567 570 3650 625 vel
3678 584 3809 640 prae.

2200 666 2458 735 ceptum,
2489 664 2575 720 vel
2602 665 2907 732 consilium,
2945 664 3030 720 vel
3066 664 3434 735 adjumentum
3455 704 3474 731 ,
3505 677 3611 719 non
3637 670 3808 735 putt-st

2221 758 2382 814 simul
2417 758 2471 813 in
2506 773 2615 814 uno
2651 765 2894 830 tempore
2934 765 2990 813 et
3022 758 3225 829 justum
3253 767 3308 814 et
3347 758 3603 825 Injustmn
3641 768 3801 819 esse;

2223 848 2296 905 ita
2319 856 2376 905 et
2398 848 2561 904 homo
2580 862 2689 903 non
2709 856 2887 918 potest
2906 858 3015 904 uno
3034 847 3332 920 eodemque
3356 853 3597 919 tempore
3615 853 3670 902 et
3692 859 3812 902 t'eus

2222 949 2277 998 et
2304 936 2584 1006 innocens,
2612 950 2668 996 et
2692 937 2946 997 bcnuset
2974 940 3148 997 malus
3171 951 3314 997 esse.

2293 1034 2431 1090 Aue.
2457 1032 2628 1089 Nemo
2650 1033 2842 1104 quem
2868 1032 3021 1103 cujus
3045 1033 3206 1088 fuerit
3228 1033 3430 1089 coloris
3463 1032 3645 1088 Goliae
3672 1048 3688 1085 ε
3714 1031 3809 1086 scd

2218 1132 2282 1180 tu
2309 1124 2527 1195 quaeris,
2556 1132 2613 1179 ut
2638 1122 2931 1192 insidieris,
2962 1123 3156 1196 quibus
3181 1132 3236 1180 te
3258 1122 3530 1180 coloribus
3555 1123 3809 1193 versipol.

2226 1215 2293 1270 Iis
2323 1210 2585 1270 involvas.
2627 1215 2683 1271 Si
2709 1210 2990 1271 dialectica
3016 1216 3115 1270 ista
3136 1256 3153 1281 ,
3185 1228 3310 1286 qua:
3337 1221 3390 1270 te
3416 1226 3520 1270 non
3552 1214 3773 1270 :cdiilcat
3792 1255 3810 1278 .

2226 1308 2321 1364 sed
2347 1308 2516 1374 inflat,
2543 1315 2597 1364 et
2620 1308 2927 1375 ridiculum,
2958 1308 3210 1381 quoniam
3239 1310 3259 1343 ⁸
3287 1308 3707 1381 jactanticulum,
3736 1308 3812 1363 ia-

2226 1403 2337 1470 cit;
2369 1402 2415 1458 si
2453 1404 2590 1468 hac,
2633 1401 2870 1474 inquam,
2902 1400 3206 1473 dialectica,
3248 1416 3368 1475 qua:
3395 1404 3589 1459 asserit
3627 1416 3812 1458 unum-

2226 1507 2489 1568 quemque
2509 1494 2708 1552 bonum
2737 1505 2792 1552 et
2820 1496 3020 1552 malum
3052 1493 3213 1551 simul
3236 1508 3361 1552 esse
3398 1507 3504 1551 non
3529 1508 3709 1568 posse,
3746 1491 3812 1550 ad

2227 1588 2374 1659 leges
2400 1587 2708 1643 christiana:
2736 1585 3115 1660 disputationis
3143 1588 3462 1656 admittitur,
3489 1602 3597 1644 non
3637 1595 3809 1659 potest

2227 1692 2349 1735 esse
2375 1690 2511 1735 unus
2538 1678 2700 1734 homo
2735 1678 2895 1734 simul
2921 1688 2975 1735 et
3001 1688 3191 1734 natura
3218 1679 3390 1734 bonus
3414 1719 3431 1744 ,
3472 1686 3529 1734 et
3555 1677 3683 1734 vitio
3707 1690 3817 1733 rna-

2228 1766 2310 1826 lus
2339 1787 2354 1824 :
2385 1769 2527 1843 quod
2556 1778 2736 1827 tamen
2765 1784 2888 1828 esse
2931 1784 3092 1843 posse
3126 1772 3323 1827 clamat
3362 1770 3590 1838 veritas;
3629 1783 3730 1827 nec
3760 1780 3816 1825 tu

2229 1874 2412 1934 negas,
2440 1871 2497 1919 et
2530 1869 2720 1919 contra
2757 1862 3097 1920 dialecticam
3131 1872 3277 1920 tuam
3323 1864 3474 1920 testis
3500 1864 3663 1919 etiam
3705 1862 3819 1934 igne

2228 1954 2542 2026 produceris
2565 1996 2581 2022 ,
2611 1968 2734 2011 cum
2762 1955 2900 2012 sicut
2936 1971 2998 2013 se
3025 1966 3116 2012 res
3141 1956 3338 2025 habet,
3369 1955 3563 2012 horum
3591 1955 3818 2012 duorum

2227 2060 2348 2119 qua:
2372 2048 2643 2104 contraria
2669 2058 2792 2104 esse
2811 2063 2917 2105 non
2942 2045 3189 2121 ambigis,
3210 2050 3441 2106 alterum
3466 2047 3655 2105 tribuis
3678 2047 3819 2105 Con-

2228 2138 2387 2198 ditori
2440 2138 2698 2208 hominis,
2745 2141 2975 2196 alterum
3029 2142 3310 2198 voluntati.
3354 2142 3649 2199 Erubescat
3690 2154 3819 2213 ergo

2229 2234 2510 2293 dialectica
2533 2243 2643 2305 tua,
2661 2244 2717 2294 et
2737 2236 2879 2294 sicut
2898 2246 2954 2294 tu
2970 2235 3038 2295 de
3051 2234 3449 2305 communione,
3473 2236 3542 2293 ita
3561 2249 3615 2295 et
3630 2239 3741 2310 ipsa
3756 2238 3823 2291 de

2229 2328 2628 2387 Catltolieorum
2655 2329 3019 2402 disputatione
3043 2329 3288 2389 discedat
3318 2346 3331 2388 :
3365 2330 3411 2388 si
3437 2342 3615 2388 autem
3635 2375 3650 2398 ,
3677 2330 3823 2403 quod

2230 2433 2497 2495 Optamus,
2524 2432 2582 2479 tu
2609 2422 2787 2480 redire
2809 2424 3064 2491 volueris,
3094 2423 3227 2481 foris
3254 2423 3367 2495 ipsa
3397 2435 3693 2480 remaneat.

2301 2512 2540 2572 XXXIII.
2565 2516 2682 2573 Jun.
2708 2512 2790 2572 Ad
2818 2530 3032 2573 causam
3050 2518 3227 2589 itaque
3245 2514 3540 2573 referantur
3554 2517 3823 2588 exentpla.

2235 2609 2305 2666 Ut
2330 2616 2607 2682 parentum
2640 2620 2856 2682 peccata
2905 2608 3029 2667 Iiliis
3073 2611 3424 2683 imputentur,
3456 2619 3510 2666 et
3552 2618 3824 2681 parentum

2232 2713 2450 2775 peccata
2473 2702 2596 2760 tlliis
2623 2718 2730 2760 non
2779 2705 3123 2776 imputentur,
3157 2720 3264 2762 non
3293 2713 3466 2776 potest
3494 2703 3594 2760 hoc
3624 2712 3825 2759 utrum-

2234 2808 2340 2866 que
2385 2795 2710 2850 contrarium
2746 2798 2945 2867 pariter
2966 2796 3169 2867 justum
3192 2795 3406 2869 probari
3437 2815 3452 2853 :
3481 2796 3574 2851 sed
3610 2793 3655 2851 si
3676 2788 3827 2867 justi-

2235 2884 2307 2942 tia
2334 2892 2437 2954 est,
2461 2886 2826 2958 generantium
2856 2884 3097 2945 sobolem
3132 2900 3279 2945 ream
3330 2884 3577 2952 teneri’:
3611 2898 3828 2942 necesse

2234 2985 2388 3035 estut
2405 2977 2661 3049 injustitia
2685 2976 2775 3044 sit,
2801 2978 2846 3035 si
2879 2990 3098 3053 propter
3144 2974 3331 3037 eadem
3360 2964 3576 3051 peccata
3604 2993 3693 3035 rea
3720 2993 3822 3033 non

2233 3083 2354 3128 esse
2367 3068 2595 3127 dicatur.
2633 3072 2699 3127 Et
2724 3070 2862 3128 sicut
2900 3071 3101 3128 bonum
3136 3078 3222 3129 est
3253 3067 3398 3143 iuste
3421 3071 3729 3143 praecipere,
3758 3066 3826 3124 ita

2235 3163 2433 3221 malum
2456 3173 2540 3222 est
2568 3162 2763 3236 injuste
2788 3164 3076 3237 quidquam
3099 3160 3289 3237 jubere
3318 3178 3332 3219 :
3357 3170 3412 3222 et
3456 3159 3698 3237 quamvis
3736 3175 3823 3219 res

2236 3258 2517 3329 perspicua
2565 3258 2987 3329 argumentando
3013 3254 3182 3315 levior
3218 3254 3328 3322 ﬁat,
3354 3262 3530 3313 tamen
3583 3252 3828 3327 quoniam

2235 3360 2452 3406 causam
2475 3350 2532 3404 in
2552 3347 2797 3405 absoluto
2824 3348 3051 3419 positam
3097 3344 3247 3419 juvat
3272 3349 3436 3406 etiam
3482 3346 3612 3418 legis
3638 3345 3829 3402 divina:

2238 3440 2561 3498 conﬁrmare
2599 3436 2866 3513 suli‘ragiis
2888 3483 2905 3509 ,
2952 3439 3309 3497 lnlttercamus
3335 3434 3457 3495 huic
3484 3440 3622 3505 loco,
3652 3436 3703 3493 in
3729 3452 3832 3509 quo

2235 3531 2560 3606 quicumque
2587 3547 2716 3589 sana
2746 3543 2927 3589 mente
2945 3533 3269 3601 constiterit,
3298 3546 3392 3604 per
3407 3540 3670 3603 prmrupta
3689 3542 3831 3601 qua:-

2231 3628 2466 3684 stionum
2498 3628 2836 3699 prmseutium
2878 3640 3061 3684 errare
3101 3640 3209 3683 non
3261 3626 3472 3683 sinitur.
3526 3623 3832 3696 Aequiescis

2238 3720 2418 3790 igitur,
2457 3720 2801 3774 annuutiator
2829 3719 3089 3775 naturalis
3118 3717 3265 3785 mali,
3320 3717 3686 3790 prarsrriptum
3712 3729 3831 3771 esse

2239 3810 2355 3882 lege
2400 3809 2533 3878 Dei,
2577 3825 2645 3866 ue
2685 3809 2777 3864 lilii
2823 3808 3110 3881 puniantur
3156 3810 3211 3865 in
3260 3809 3493 3881 peccatis
3534 3814 3827 3879 parentum.

2239 3903 2498 3976 Agnoscis
2521 3903 2703 3971 etiam,
2726 3918 2831 3959 nou
2859 3903 3014 3958 aliter
3052 3902 3154 3958 hoc
3182 3910 3506 3974 prteceptum
3531 3896 3599 3956 ab
3628 3899 3715 3955 Illo
3742 3912 3833 3970 po-

2238 3995 2368 4067 pulo
2396 3993 2719 4049 intellectum
2766 3992 2950 4062 fuisse,
2982 4006 3138 4064 quam
3155 4010 3186 4048 ει
3205 3993 3361 4049 nobis
3389 4006 3530 4048 nunc
3550 3988 3832 4047 observan-

2239 4089 2364 4143 dum
2385 4085 2704 4143 defenditur.
2739 4087 2806 4142 Et
2844 4084 2964 4143 ideo
2989 4100 3168 4158 regem
3211 4086 3506 4141 Amessiam
3558 4083 3832 4155 prmccptis

2242 4176 2334 4234 Dei
2363 4176 2721 4243 obedientem,
2744 4175 3184 4248 indignationem,
3223 4188 3381 4248 quam
3432 4172 3498 4232 de
3527 4175 3689 4246 patris
3743 4174 3824 4227 sui

2242 4268 2607 4326 internecione
2643 4276 2984 4338 conceperat,
3039 4266 3291 4323 laudabili
3330 4266 3695 4325 moderatione
3721 4260 3830 4318 fre)-

2241 4374 2396 4417 uasse
2421 4376 2437 4427 ;
2468 4367 2628 4431 atque
2654 4359 2848 4415 occisis
2886 4358 2967 4414 Sui
2997 4360 3235 4430 parentis
3264 4356 3690 4430 percussoribus,
3741 4371 3828 4410 eo.

2240 4466 2359 4508 rum
2384 4458 2560 4507 tamen
2591 4450 2714 4505 ﬁliis
2744 4461 2849 4505 non
2899 4464 2996 4521 per
3024 4450 3308 4521 ignaviam,
3340 4444 3434 4506 sed
3461 4460 3556 4520 per
3575 4445 3828 4518 justitiam

2241 4536 2847 4612 pepercisse.l.amlatur
2870 4539 3085 4611 quidem
3117 4540 3404 4605 Amessias,
3424 4549 3477 4595 et
3503 4538 3604 4593 hoc
3633 4550 3826 4592 secun-

2238 4633 2366 4688 dum
2407 4626 2499 4687 Dei
2550 4631 2781 4688 refertur
2825 4627 3013 4687 iecisse
3059 4631 3265 4701 legem;
3321 4627 3826 4698 commendatorque

2238 4722 2484 4779 obedisse
2509 4722 2767 4779 voluntati
2795 4722 3002 4778 Domini
3028 4740 3041 4777 :
3070 4720 3163 4778 sed
3194 4728 3371 4776 tamen
3414 4718 3706 4776 infuscatus
3727 4730 3817 4773 va.

2239 4816 2419 4872 uitatis
2436 4814 2674 4886 reliquiis
2710 4826 2816 4870 non
2845 4823 3067 4882 tacetur,
3089 4820 3142 4869 et
3171 4811 3469 4869 ostenditur
3491 4810 3825 4867 devotionem

2239 4907 2404 4963 David
2449 4907 2613 4978 patris
2661 4906 2743 4963 sui
2791 4905 3027 4962 imitatus
3068 4921 3173 4961 non
3213 4919 3374 4962 esse:
3406 4903 3495 4960 hic
3531 4913 3705 4959 tamen
3759 4900 3825 4957 ait

2236 5003 2326 5059 illa
2351 5002 2562 5073 generis
2584 4998 2670 5056 sui
2710 4999 2991 5055 sanctitate
3015 4997 3365 5070 degenerans,
3395 4996 3565 5053 tenuit
3597 4996 3649 5051 in
3686 4993 3828 5065 judi-

2237 5094 2323 5149 cio
2346 5092 2772 5148 commendatam
2797 5088 2974 5146 divina
3004 5089 3119 5161 lege
3135 5088 3415 5159 justitiam,
3449 5096 3650 5143 tantum
3674 5099 3826 5141 rere-

2237 5185 2408 5245 rentia
2455 5186 2749 5258 perspicua:
2788 5182 3054 5255 atquitatis
3082 5182 3310 5240 valebat.
3359 5180 3495 5252 Quid
3535 5195 3666 5254 ergo
3701 5179 3824 5236 mali

2239 5277 2370 5334 ﬁdes
2422 5285 2513 5333 tua
2554 5274 2939 5347 complectatur
2983 5272 3256 5347 expende:
3288 5273 3428 5331 hanc
3496 5272 3822 5346 iniquitatem

2238 5372 2347 5427 Deo
2374 5370 2649 5437 admoves,
2671 5380 2828 5441 quem
2859 5377 3116 5424 reternum
3149 5377 3202 5424 et
3227 5368 3368 5439 pium
3396 5377 3450 5423 et
3472 5366 3672 5438 justum
3691 5366 3822 5420 fate-

2238 5476 2375 5526 mur,
2402 5474 2561 5532 quam
2589 5471 2689 5516 nec
2715 5454 2963 5531 superbia
2993 5460 3288 5532 purpurati,
3340 5472 3442 5516 nec
3478 5457 3631 5514 dolor
3675 5471 3822 5513 cum-

2238 5554 2381 5610 misit
2408 5552 2601 5609 orbati.

2302 5733 2320 5765 ¹
2346 5734 2501 5794 vign.,
2536 5745 2694 5796 quam.
2718 5738 2846 5788 Mss“
2870 5729 3110 5795 queuimu.

2294 5797 2322 5865 ’ί
2346 5789 2630 5866 \igttieri'tts,
2655 5809 2746 5846 non
2768 5789 2936 5845 teneii.
2965 5791 3195 5844 t‘articula
3220 5803 3407 5861 negans
3434 5789 3575 5842 abest
3607 5804 3634 5840 δ
3658 5801 3821 5859 mauu-

2211 5865 2423 5918 scrtplts.
3088 5902 3109 5917 .
3544 5913 3552 5918 λ
3824 5874 3831 5885 ’
