4126 6508
394 363 520 418 1261

459 482 590 533 Atro.
623 477 894 532 Amessias
921 474 1084 532 homo
1112 472 1231 542 fuit,
1267 478 1351 531 cui
1379 491 1485 532 non
1522 474 1712 533 licebat
1734 474 1974 548 jttdicztre

386 569 454 624 de
477 568 722 633 occultis,
752 582 871 638 quae
895 582 1053 622 nosse
1077 580 1182 622 non
1207 577 1450 638 poterat:
1485 568 1603 623 ideo
1650 579 1975 639 prateeptum

382 660 524 731 qmid
548 660 731 714 datum
768 669 854 715 est
880 659 1080 715 homini
1127 660 1178 714 in
1204 660 1404 730 judicio
1435 671 1536 717 tuo
1563 661 1752 728 tenuit,
1777 669 1835 715 ut
1879 673 1975 732 pro

383 762 601 822 peccato
620 763 900 823 parentum
926 765 1034 808 non
1059 753 1326 808 occideret
1356 751 1513 808 tllios.
1556 753 1841 811 Peccatum
1872 765 1976 809 an-

379 852 610 899 temtam
637 856 909 915 magnum,
953 853 1013 898 ut
1031 852 1267 899 verteret
1289 844 1308 877 ί
1329 844 1383 898 in
1417 852 1685 912 naturam,
1713 845 1854 916 quod
1881 857 1977 915 per

384 947 547 988 unum
575 934 844 990 hominem
872 935 1085 989 intravit
1109 934 1162 988 in
1191 934 1469 1001 mundum,
1493 937 1608 990 sine
1651 946 1758 1006 quo
1797 937 1974 991 nullus

385 1025 548 1080 homo
573 1025 825 1089 nascitur,
855 1026 1123 1096 quomodo
1162 1035 1344 1096 posset
1373 1027 1442 1081 ab
1466 1025 1770 1084 hominibus
1797 1027 1976 1082 vindi-

381 1119 512 1183 rari,
534 1114 962 1188 quandoquidem
993 1117 1063 1172 ita
1085 1118 1139 1172 in
1166 1127 1356 1173 omnes
1377 1118 1621 1174 homines
1640 1130 1762 1174 cum
1793 1128 1966 1175 morte

382 1210 709 1282 pertransiit,
741 1217 800 1265 ut
813 1210 862 1265 ei
892 1222 1047 1280 pinna
1067 1222 1162 1265 sua
1189 1207 1260 1264 sit
1277 1223 1459 1265 comes
1493 1223 1664 1280 usque
1705 1208 1772 1264 ad
1803 1207 1968 1265 inter-

384 1303 521 1357 itum
545 1303 946 1373 sempiternum,
969 1300 1072 1355 nisi
1097 1300 1183 1356 ubi
1200 1300 1373 1358 divina
1401 1302 1971 1372 gratiagenerationem

381 1393 786 1464 mgeneratione
805 1392 1077 1448 sanaverit
1101 1392 1127 1446 γ
1173 1391 1285 1447 Hoc
1324 1405 1454 1462 ergo
1482 1392 1546 1446 ad
1569 1392 1666 1447 Dei
1687 1392 1967 1462 judicium,

381 1500 491 1540 non
519 1484 587 1540 ad
630 1480 902 1540 hominum
937 1485 1184 1554 pertinet,
1237 1485 1375 1540 sicut
1413 1481 1516 1539 alia
1547 1485 1734 1552 multa,
1764 1485 1832 1542 de
1857 1484 1980 1556 qui~

383 1575 487 1632 bus
511 1575 759 1630 homines
780 1573 1020 1645 judicare
1060 1575 1281 1630 omnino
1327 1588 1432 1629 nou
1455 1584 1699 1644 possunt.
1743 1577 1806 1630 Et
1853 1577 1974 1630 ideo

383 1669 540 1722 aliter
568 1665 840 1721 mandavit
880 1665 1082 1720 homini
1109 1673 1357 1736 parentes
1383 1674 1438 1720 et
1479 1666 1615 1721 ﬁlios
1653 1666 1970 1735 iudicandos

377 1759 491 1828 jam
515 1757 801 1829 separatim
843 1757 1090 1829 proprias
1123 1758 1259 1813 vitas
1293 1766 1512 1828 agentes
1537 1759 1750 1822 ’,δηίοι-
1796 1768 1974 1814 autem

379 1851 636 1922 judicavit
661 1851 794 1921 ipse,
821 1846 1035 1920 quando
1057 1849 1536 1921 pmvaricatrioem
1553 1858 1796 1906 naturam
1813 1863 1969 1921 quam

377 1950 610 1996 noverat
648 1941 703 1995 in
756 1941 957 2008 radice,
1002 1939 1245 2012 quamvis
1287 1938 1522 1994 nondum
1574 1940 1888 2009 pullulassct
1921 1941 1972 1995 in

381 2031 662 2100 germine,
713 2030 1005 2086 secundum
1065 2028 1461 2086 inscrutabilcm
1510 2029 1768 2100 justitiam
1824 2045 1974 2086 suam

378 2139 506 2179 cum
529 2125 694 2194 stirpe
711 2124 1001 2185 damnavit,
1031 2122 1350 2180 liberaturus
1393 2123 1462 2177 ab
1489 2123 1588 2178 hac
1633 2123 1972 2180 damnatione

379 2227 516 2286 quos
541 2216 718 2278 vellet,
745 2228 844 2288 per
892 2215 1117 2286 gratiam
1155 2213 1502 2269 nihilominus
1528 2213 1922 2269 inscrutabilem
1956 2232 1970 2268 :

379 2308 623 2378 quamvis
644 2316 698 2363 et
716 2307 997 2377 separatim
1019 2305 1130 2376 jam
1151 2305 1458 2362 viventibus
1501 2305 1620 2360 filiis
1640 2315 1854 2376 peccata
1881 2320 1970 2361 se-

383 2400 605 2470 paratim
629 2399 916 2454 viventium
943 2397 1174 2454 reddidit
1210 2406 1453 2468 patrum:
1481 2396 1622 2467 quod
1646 2397 1805 2452 licere
1826 2397 1971 2466 judi-

381 2492 521 2546 canti
558 2491 759 2546 homini
813 2487 1166 2560 notuit;quia
1225 2488 1373 2544 novit
1409 2488 1523 2558 ipso
1565 2503 1662 2542 cur
1704 2487 1818 2542 lucc
1861 2489 1972 2558 ipsa

382 2582 540 2638 faciat
567 2581 588 2616 ³
630 2583 844 2656 quando
889 2582 1035 2650 facit,
1090 2580 1142 2636 id
1193 2589 1374 2636 autem
1416 2578 1644 2635 humana
1693 2580 1972 2634 inﬁrmitas

378 2676 572 2729 nescit.

453 2765 691 2822 XXXIV.
713 2763 830 2820 ἔπι..
860 2764 1058 2819 Verum
1075 2771 1130 2817 ut
1164 2774 1451 2833 arguamus
1485 2760 1660 2817 locum
1695 2760 1973 2816 :constitit

381 2872 575 2928 nempe
604 2854 918 2925 iujustitiam
953 2853 1064 2908 Deo
1106 2852 1381 2906 adhaerere
1407 2865 1514 2905 non
1569 2865 1745 2920 posse,
1775 2850 1967 2906 consti-

380 2951 444 3005 tit
472 2951 632 3005 etiam
661 2947 730 3001 ab
781 2946 900 3015 ipso
924 2958 1044 2998 esse
1073 2942 1459 3012 pratscriptum,
1508 2954 1577 2997 ne
1618 2941 1796 2996 obsint
1848 2941 1972 2995 filiis

381 3047 599 3109 peccata
651 3033 1038 3108 generantium.
1083 3030 1325 3087 Asseruit
1359 3030 1573 3101 quidem
1618 3030 1730 3099 ipsa
1781 3031 1969 3099 pracci-

375 3131 576 3208 Ipientis
587 3129 838 3200 dignitas,
859 3125 1111 3196 injustam
1132 3123 1183 3178 id
1194 3137 1316 3179 esse
1330 3121 1470 3192 quod
1488 3120 1752 3192 prohibet.
1779 3120 1966 3184 Porro,

382 3233 442 3278 ut
462 3235 681 3292 agamus
712 3227 884 3274 tecum
907 3216 1194 3282 liberalius,
1218 3212 1573 3285 respondendi
1611 3212 1782 3268 tribuo
1805 3210 1970 3266 facul-

382 3324 543 3372 tatem
573 3315 642 3370 de
663 3315 745 3370 bis
765 3313 970 3368 duabus
988 3311 1346 3383 Opinionibus,
1381 3323 1512 3382 quas
1535 3325 1698 3382 supra
1722 3309 1967 3365 cominus

384 3407 564 3479 posui,
590 3407 639 3461 id
666 3413 772 3469 est,
795 3415 854 3461 ut
885 3405 1214 3476 impotenter
1254 3411 1472 3475 peccata
1506 3410 1785 3470 parentum
1823 3399 1968 3465 ﬁliis,

370 3498 469 3552 'vrl
515 3514 620 3552 non
661 3496 1024 3565 imputeutur;
1062 3506 1221 3565 quam
1272 3502 1427 3563 putas
1464 3492 1610 3548 credi
1654 3491 1914 3561 justitiam
1949 3489 1971 3520 ⁸

384 3588 623 3643 debere?
648 3588 704 3643 Si
737 3586 936 3642 dixeris
963 3594 1106 3640 tuam
1159 3583 1401 3655 quamvis
1445 3583 1606 3638 etiam
1635 3582 1823 3638 ultimo
1839 3595 1972 3636 coo-

387 3680 570 3734 Venire
611 3678 815 3748 judicio
843 3678 900 3745 ';
927 3675 1124 3741 refero,
1176 3685 1352 3729 utrum
1390 3673 1534 3728 illam
1561 3686 1679 3743 qute
1716 3671 1973 3726 remansit

385 3780 644 3837 nostram,
670 3771 868 3840 justam
895 3783 964 3824 an
1008 3767 1255 3838 injuStam
1297 3773 1470 3837 putes.
1523 3763 1650 3821 Sine
1677 3763 1839 3820 dubio
1867 3763 1970 3818 ini-

385 3875 540 3930 quam
571 3856 1182 3931 pronuntiabis.Ath.ec
1230 3855 1359 3926 legis
1402 3854 1718 3909 auctoritate
1765 3860 1958 3909 custo-

384 3951 576 4006 dienda
603 3935 901 4004 mandatur.
936 3946 1094 4003 Vides
1119 3960 1246 4017 ergo
1271 3957 1435 4000 unum
1473 3942 1776 4000 necessario
1797 3957 1967 3998 rema«

389 4052 515 4096 uere
531 4040 597 4096 de
628 4039 797 4094 tribus
827 4057 839 4094 :
870 4047 928 4093 ut
950 4045 1042 4091 aut
1078 4037 1249 4106 legem
1301 4034 1392 4090 Dei
1444 4032 1659 4089 fatearis
1697 4032 1964 4103 injustam,

389 4132 498 4186 imo
523 4146 616 4200 per
634 4132 806 4201 legem
837 4129 1003 4184 Deum
1029 4127 1201 4197 ipsum
1255 4124 1548 4193 iniquitatis
1592 4138 1848 4186 accuses;
1879 4133 1971 4177 aut

386 4232 535 4278 certe
572 4222 638 4278 ad
678 4236 867 4278 vocem
914 4219 1188 4290 confugias
1223 4217 1601 4288 magistrorum
1647 4224 1962 4283 tuorum,et

389 4312 537 4368 dicas
569 4313 736 4382 legem
767 4326 886 4382 qua:
912 4325 1006 4380 per
1031 4309 1249 4380 Moysen
1273 4308 1397 4362 data
1426 4315 1528 4372 est,
1561 4321 1592 4360 a
1615 4306 1723 4361 Deo
1751 4313 1842 4361 tuo
1865 4321 1969 4360 non

391 4401 553 4458 fuisse
582 4400 884 4456 mandatam
911 4415 927 4464 ε
955 4408 1047 4454 aut
1071 4399 1115 4452 si
1143 4397 1244 4452 hoc
1264 4408 1546 4466 utrumque
1594 4396 1834 4466 proferre
1863 4409 1967 4450 non

391 4492 578 4555 audes,
600 4491 872 4547 traducem
895 4490 1094 4560 peccati
1112 4489 1277 4544 asseri
1300 4497 1483 4542 contra
1498 4487 1629 4558 legis
1653 4486 1970 4543 documenta

391 4593 446 4639 et
466 4591 732 4655 praecepta
777 4580 1012 4636 fatearis.
1048 4578 1230 4647 Neque
1277 4577 1420 4632 enim
1472 4577 1607 4631 adeo
1653 4587 1702 4632 te
1728 4576 1974 4648 desipere

398 4690 553 4746 posse
568 4673 892 4729 credendum
913 4680 1013 4735 est,
1040 4678 1098 4724 ut
1115 4669 1260 4724 dicas
1285 4669 1448 4723 Deum
1465 4667 1724 4738 justitiam
1754 4669 1968 4739 quidem

397 4766 448 4819 in
481 4764 781 4835 praeceptis,
812 4763 866 4817 in
882 4759 1098 4832 judiciis
1118 4772 1245 4814 vero
1275 4757 1607 4828 iniquitatem
1631 4768 1813 4814 tenere
1837 4774 1854 4824 ;
1878 4767 1972 4813 aut

394 4865 540 4912 certe
555 4854 848 4912 secundum
877 4852 1067 4922 dogma
1109 4857 1366 4913 vestrum,
1400 4848 1452 4902 in
1496 4847 1710 4918 judiciis
1757 4848 1969 4920 quidem

397 4959 611 5004 servare
628 4945 914 5017 justitiam,
961 4940 1244 5014 praeceptis
1285 4947 1464 4995 autem
1508 4939 1838 5009 iniquitatem
1876 4939 1972 4994 do-

460 5125 480 5156 '
503 5123 664 5174 Codex
700 5130 831 5182 stam,
863 5125 1143 5182 uerteretur.
1169 5118 1270 5182 Alii
1293 5125 1418 5178 Mss...
1452 5121 1655 5182 verteret
1682 5128 1700 5167 :
1737 5117 1864 5182 quod
1901 5117 1980 5169 hic

419 5187 591 5253 :assive
613 5178 888 5248 usurpatur,
912 5191 968 5234 ut
1004 5183 1051 5232 in
1074 5179 1156 5231 illo
1179 5181 1408 5253 ambrosii
1437 5189 1570 5253 sape
1598 5178 1988 5253 citato'locdex.

419 5248 484 5296 ib.
508 5247 537 5296 7
562 5247 611 5296 in
630 5241 747 5295 Luc.’
764 5259 830 5296 xu
850 5241 884 5294 ε’
901 5261 926 5291 ι
949 5253 1155 5304 quorum
1179 5241 1296 5293 licet
1313 5241 1550 5293 dissensio
1587 5254 1676 5304 per
1698 5242 1980 5305 prevaricat-

407 5327 429 5356 ι
451 5309 640 5373 tionem
652 5309 789 5373 primi
805 5307 1011 5357 hominis
1030 5307 1080 5354 in
1104 5312 1321 5373 naturam
1340 5305 1560 5373 verterit.
1580 5318 1615 5373 ι.

463 5372 484 5402 ί
507 5360 779 5429 vignierius
855 5374 907 5417 et
952 5374 1063 5416 Mar.
1111 5366 1274 5429 clm-.7,
1327 5360 1525 5429 prmia
1568 5361 1684 5414 vitia
1736 5361 1975 5429 habentes.

403 5426 702 5480 Praetulimus
718 5432 795 5479 hic
812 5429 1076 5493 lectionem
1100 5428 1284 5493 veteris
1298 5426 1478 5477 codicis
1496 5433 1759 5493 Furiarum.
1780 5426 1981 5493 natasic

402 5505 594 5565 rursum
616 5493 907 5565 Augustinus
921 5492 1069 5565 intra,
1092 5502 1196 5552 cap.
1226 5487 1288 5537 38
1311 5501 1325 5538 :
1351 5485 1610 5551 separatim
1627 5485 1793 5550 procul
1817 5485 1979 5546 dubio,

406 5557 580 5647 inquit,
602 5567 714 5604 suos
737 5557 856 5602 ritas
879 5557 1043 5614 agunt.
1105 5610 1114 5618 ο
1323 5609 1335 5620 ι

519 5615 678 5664 codex
702 5621 845 5669 Port.,
877 5622 965 5662 cur
986 5612 1074 5662 hoc
1095 5615 1216 5672 iuste
1237 5611 1398 5673 faciat.

468 5676 488 5708 ⁸
507 5674 670 5732 Forte,
685 5675 883 5737 justam.

470 5738 494 5769 ⁸
528 5729 861 5803 storel,'_£_lem.
883 5737 1016 5795 Crit.,
1030 5749 1088 5803 _p.
1103 5732 1218 5803 5st,
1232 5732 1357 5796 legit
1375 5730 1462 5803 _:_si
1484 5729 1670 5783 dixeris
1692 5739 1821 5783 tuam
1839 5743 1984 5794 quam

408 5798 478 5850 vis
498 5797 641 5851 etiam
662 5798 832 5848 ultimo
848 5793 1093 5847 conterere
1105 5793 1310 5858 Ιαάὶεωῖ
1375 5801 1431 5844 Μ.

1766 358 1964 418 [ABER
2007 359 2322 421 TERTIUS.

3533 385 3555 439 Ι
3567 384 3669 440 26‘:

2089 492 2214 536 cere
2241 500 2253 534 :
2284 482 2424 553 quod
2453 481 2835 569 licet'supcrlus
2870 493 3153 560 egerimus.
3184 512 3322 554 nunc
3369 509 3540 557 tamen
3569 521 3663 560 ne

2087 575 2320 630 cessario
2343 575 2703 646 repetivimus.
3004 582 3007 585 ’

2158 665 2292 721 Anc.
2323 662 2518 723 Odiose
2544 670 2762 739 repetis,
2803 673 2947 742 quod
2995 675 3167 734 otiose
3209 679 3439 749 loqueris
3472 691 3494 738 ε’
3516 697 3664 742 vacat

2084 753 2228 810 enim
2278 755 2372 813 tibi
2425 761 2640 814 easdem
2690 773 2776 817 res
2817 763 3138 835 loquacitate
3193 771 3493 842 revolvere,
3535 787 3668 846 quas

2085 855 2192 899 non
2232 851 2390 916 potes
2431 859 2678 907 asserere
2723 850 2989 922 veritate;
3019 861 3074 912 et
3114 855 3294 915 dicere
3327 875 3442 918 sme
3486 863 3665 932 modo,

2085 947 2206 1006 quis
2250 946 2491 996 astruere
2530 955 2635 997 non
2669 943 2816 1000 vales
2841 947 2948 1002 ullo
2978 949 3154 1005 modo.
3182 948 3272 1008 Vis
3313 955 3453 1010 enim
3497 955 3666 1014 videri

2086 1028 2222 1086 inter
2250 1043 2309 1088 se
2328 1046 2449 1089 esse
2471 1031 2578 1090 duo
2608 1034 2706 1092 ista
2733 1041 3018 1108 contraria,
3037 1039 3186 1098 reddi
3213 1045 3265 1099 in
3297 1043 3430 1102 lilios
3451 1061 3664 1119 peccata

2083 1129 2315 1190 patrum,
2347 1123 2400 1180 et
2413 1138 2508 1195 pro
2525 1131 2752 1196 peccatis
2769 1139 2973 1199 patrum
3005 1133 3143 1190 tilios
3171 1149 3275 1192 non
3294 1151 3414 1195 esse
3441 1142 3664 1211 punien-

2079 1211 2182 1268 dos
2211 1231 2224 1269 :
2251 1216 2402 1285 quasi
2447 1232 2546 1288 ego
2585 1233 2746 1275 unum
2772 1218 2961 1278 horum
3001 1222 3195 1295 dicam,
3236 1227 3460 1287 alterum
3505 1234 3658 1293 Deus.

2083 1302 2276 1372 Surde,
2304 1314 2586 1379 utrumque
2616 1306 2758 1366 Deus
2803 1309 2964 1380 dixit;
2994 1329 3122 1386 ergo
3154 1329 3439 1392 utrumque
3459 1320 3661 1392 justum

2081 1405 2184 1464 est,
2215 1398 2334 1469 quia
2355 1399 2530 1470 justus
2556 1400 2658 1458 hoc
2690 1400 2843 1460 dixit.
2870 1403 2977 1462 Sed
3003 1409 3143 1478 quod
3182 1410 3323 1468 inter
3365 1426 3423 1470 se
3450 1422 3665 1472 contra-

2083 1489 2159 1543 ria
2191 1487 2330 1546 Deus
2357 1504 2462 1546 non
2503 1492 2572 1547 sit
2597 1495 2826 1562 locutus,
2863 1506 2920 1551 ut
2950 1497 3230 1570 intelligas,
3253 1499 3344 1557 Dei
3379 1502 3576 1575 iudicis
3600 1518 3656 1563 et

2083 1580 2312 1637 hominis
2358 1581 2551 1652 iudicis
2600 1597 2697 1654 pro
2747 1585 3052 1644 diversitate
3094 1605 3372 1648 causarum
3415 1595 3662 1655 discerne

2083 1685 2379 1742 personas:
2411 1675 2482 1730 ita
2511 1688 2610 1732 nec
2653 1675 2820 1735 Deum
2866 1681 3109 1750 quamvis
3150 1684 3204 1739 in
3252 1683 3391 1743 lihos
3447 1699 3654 1759 patrum

2084 1771 2299 1834 peccata
2352 1764 2683 1834 reddentem,
2717 1783 2866 1825 reum
2909 1767 3094 1841 facies,
3126 1789 3226 1831 nec
3267 1778 3535 1836 hominem
3584 1783 3661 1839 sic

2075 1854 2631 1928 judicarecompellcs.
2653 1857 2757 1915 Sed
2783 1868 2838 1916 tu
2858 1859 2963 1917 duo
2984 1862 3082 1919 ista
3109 1865 3255 1922 velut
3280 1871 3417 1923 inter
3439 1882 3498 1924 se
3525 1885 3655 1928 con-

2080 1947 2263 2013 traria,
2288 1953 2430 2002 tanta
2473 1950 2774 2019 prolixitate
2813 1960 2870 2008 et
2909 1954 3258 2023 perplexitate
3290 1959 3658 2030 disputationis

2080 2051 2186 2094 non
2215 2039 2286 2096 ob
2305 2039 2445 2097 aliud
2463 2042 2590 2098 mihi
2621 2043 2827 2116 objicis,
2852 2046 2950 2102 nisi
2973 2047 3092 2118 quia
3137 2048 3361 2108 multum
3394 2053 3648 2126 loqueris.

2078 2138 2134 2185 et
2153 2143 2338 2200 parum
2365 2130 2530 2202 sapis.

2149 2217 2368 2277 XXXV.
2400 2222 2517 2280 10L.
2568 2224 2624 2282 Si
2673 2234 2849 2282 autem
2897 2225 3097 2285 dixeris
3140 2238 3423 2304 utrumque
3449 2235 3652 2306 justum

2076 2321 2219 2380 esse,
2262 2320 2318 2370 et
2339 2315 2479 2386 quod
2508 2328 2608 2371 nos
2662 2316 2909 2387 dicimus,
2961 2327 3017 2377 et
3051 2323 3191 2392 quod
3215 2337 3331 2390 vos,
3375 2324 3560 2395 idest,
3598 2337 3651 2385 et

2079 2401 2220 2474 quod
2241 2404 2324 2460 lex
2349 2404 2525 2461 sanxit
2540 2408 2583 2474 ',
2605 2415 2659 2464 et
2679 2410 2822 2480 quod
2846 2407 3170 2469 Manicltznns
3187 2413 3656 2491 Traducianusque

2078 2497 2337 2553 confinxit
2364 2514 2377 2552 :
2408 2497 2497 2556 hic
2533 2511 2662 2558 sane
2684 2501 2903 2560 rationis
2933 2506 3224 2576 perspicuae
3260 2511 3547 2578 potentiam
3562 2526 3657 2568 co-

2079 2585 2344 2659 bibentes,
2373 2588 2651 2664 benignius
2673 2599 2725 2651 te
2753 2598 3103 2653 convenimus
3127 2608 3181 2654 et
3208 2601 3408 2657 mitius.
3432 2601 3538 2659 Cur
3573 2617 3661 2661 er-

2077 2697 2144 2751 go
2165 2683 2211 2739 si
2229 2684 2448 2741 creditis
2475 2695 2531 2742 et
2550 2686 2650 2742 hoc
2671 2687 2867 2743 bonum
2907 2701 3031 2745 esse
3070 2691 3208 2761 quod
3236 2691 3484 2760 dicimus,
3512 2702 3567 2751 et
3594 2694 3659 2750 ii-

2078 2770 2167 2828 lud
2195 2769 2391 2831 bonum
2417 2787 2538 2834 esse
2591 2777 2733 2849 quod
2779 2779 2970 2844 dicitis,
3022 2784 3184 2839 tantis
3235 2791 3399 2840 totam
3455 2787 3657 2844 italiam

2079 2863 2395 2923 factionibus
2418 2871 2814 2926 commovistis?
2848 2872 2954 2928 Cur
2976 2873 3267 2931 seditiones
3315 2875 3498 2933 Romae
3527 2891 3662 2936 con-

2077 2952 2249 3012 ductis
2300 2958 2511 3028 pepulis
2552 2961 2866 3016 excitastis?
2892 2976 2988 3018 cur
3024 2963 3093 3020 de
3129 2968 3425 3036 sumptibus
3454 2981 3657 3041 paupc.

2077 3061 2193 3104 rum
2215 3047 2496 3121 saginastls
2524 3061 2799 3123 pet-telam
2826 3067 2961 3124 pene
2987 3056 3221 3113 Africam
3259 3071 3516 3131 equorum
3538 3080 3660 3134 grc—

2075 3151 2190 3210 ges,
2232 3153 2366 3212 quos
2388 3153 2746 3213 prosequente
2774 3145 2967 3218 Alypio
2995 3148 3221 3204 tribunis
3241 3157 3294 3205 et
3321 3151 3648 3209 centurioni-

2078 3229 2175 3284 bus
2224 3229 2530 3287 destinastls
2553 3232 2578 3285 ?
2599 3243 2696 3288 cur
2723 3244 3083 3291 matronarum
3109 3237 3300 3295 oblatis
3327 3240 3657 3299 limreditati~

2077 3317 2176 3374 bus
2201 3328 2487 3390 potestates
2516 3323 2696 3378 saeculi
2737 3324 3070 3396 corrupistis,
3104 3336 3160 3382 ut
3203 3327 3256 3384 in
3300 3341 3395 3385 nos
3451 3331 3647 3402 stipula

2075 3411 2270 3467 furoris
2307 3412 2502 3482 publici
2529 3411 2792 3471 arderet?
2827 3427 2926 3472 cur
2969 3403 3268 3488 dissipastis
3299 3419 3654 3479 Ecclesiarum

2077 3503 2350 3574 quietem?
2381 3519 2479 3560 cur
2501 3503 2737 3577 religiosi
2765 3507 3018 3578 principis
3053 3518 3292 3580 tempora
3325 3516 3653 3581 persecutio-

2075 3608 2202 3649 num
2231 3593 2498 3665 impieme
2528 3595 2872 3662 maculastis;
2902 3598 3000 3652 sia
3027 3598 3180 3655 nobis
3217 3601 3346 3657 nihil
3372 3605 3392 3636 ³
3417 3601 3557 3658 aliud
3572 3604 3656 3659 di-

2076 3687 2233 3753 citur,
2256 3702 2418 3758 quam
2447 3685 2589 3759 quod
2615 3689 2774 3744 etiam
2797 3698 2853 3744 tu
2887 3688 3084 3746 bunum
3109 3695 3320 3763 cogeris
3355 3695 3596 3750 confiteri
3627 3696 3652 3750 ?

2146 3778 2451 3835 Auc.Sicut
2479 3778 2610 3834 falsa
2649 3787 2775 3835 sunt
2814 3780 3037 3836 crimina
3081 3797 3198 3852 quae
3245 3783 3431 3854 oltjicis
3478 3785 3652 3852 nobis,

2077 3869 2150 3926 ita
2185 3869 2318 3926 falsa
2344 3881 2469 3927 sunt
2495 3870 2743 3943 dogmata
2789 3886 2908 3944 qua:
2936 3871 3133 3945 ﬁngitis
3167 3876 3336 3930 vobis.
3365 3873 3470 3932 Sed
3497 3877 3658 3933 dicite

2077 3971 2330 4033 quantum
2359 3965 2581 4034 potestis
2609 3977 2769 4021 omne
2797 3965 2994 4021 malum
3035 3965 3293 4023 adversus
3339 3984 3458 4036 nos,
3503 3985 3662 4026 men-

2078 4053 2298 4109 tientes:
2325 4067 2424 4109 nos
2472 4053 2837 4111 tantummodo
2878 4057 3137 4113 adversus
3175 4071 3270 4114 vos
3312 4057 3654 4117 christianum

2079 4141 2239 4199 iidem
2265 4150 2320 4199 et
2335 4143 2651 4200 catholicam
2675 4142 3042 4202 defendemus.
3074 4147 3280 4220 Elquid
3302 4165 3438 4220 opus
3461 4164 3542 4220 est
3559 4169 3655 4206 vu-

2078 4233 2159 4289 bis
2183 4232 2408 4290 reddere
2426 4235 2620 4290 similia
2663 4237 2965 4305 maledieta,
2988 4247 3043 4292 et
3063 4250 3168 4293 non
3201 4241 3374 4309 potius
3417 4240 3660 4314 Evange-

2080 4323 2152 4378 lio
2177 4323 2416 4390 credere,
2443 4331 2603 4396 atque
2637 4325 2888 4396 gaudere,
2912 4327 3052 4398 quod
3081 4340 3146 4384 ex
3191 4328 3307 4384 istis
3353 4328 3656 4389 falsissitnis

2078 4415 2373 4472 maledictis
2413 4418 2606 4472 vestris
2667 4417 2823 4474 nobis
2870 4431 3076 4475 merces
3121 4430 3377 4490 augeatur
3413 4422 3468 4478 in
3505 4426 3658 4481 caelis

2080 4506 2308 4577 (Matth.
2335 4523 2386 4574 v,
2403 4508 2489 4573 li,
2524 4507 2589 4562 t2
2610 4507 2673 4578 )2
2696 4508 2974 4577 Quomodo
2991 4518 3170 4566 autem
3188 4511 3240 4564 in
3260 4511 3358 4568 hac
3383 4525 3445 4569 re
3470 4513 3536 4568 de
3556 4529 3656 4584 qua

2079 4610 2223 4652 nunc
2241 4597 2465 4666 agimus,
2495 4604 2550 4652 et
2571 4597 2696 4652 illud
2718 4598 2861 4668 quod
2885 4599 3078 4664 dicitis,
3122 4609 3178 4655 et
3202 4601 3328 4656 illud
3350 4604 3488 4672 quod
3517 4604 3655 4658 dici-

2080 4691 2219 4755 mus,
2245 4690 2440 4745 bonum
2486 4700 2610 4744 esse
2652 4701 2935 4758 possumus
2975 4690 3232 4757 credere;
3259 4707 3380 4748 cum
3418 4693 3658 4749 dicamus

2082 4794 2182 4837 nos
2211 4781 2376 4835 Deum
2417 4779 2636 4844 dixisse,
2667 4779 2899 4836 Reddam
2925 4791 3130 4851 peccata
3155 4791 3359 4853 patrum
3385 4785 3438 4838 in
3466 4786 3600 4854 ﬁlios
3631 4802 3650 4842 :

2080 4886 2176 4928 vos
2203 4881 2380 4927 autem
2401 4872 2543 4942 quod
2569 4873 2824 4943 prmecpit
2851 4872 3051 4928 homini
3074 4873 3350 4943 judicanti,
3383 4889 3449 4932 ne
3465 4889 3655 4946 pecca-

2083 4973 2131 5020 ta
2154 4973 2364 5036 patrum
2404 4964 2594 5020 reddat
2621 4965 2673 5019 in
2718 4965 2875 5032 filios,
2906 4965 2979 5020 ita
3023 4965 3270 5033 laudetis,
3296 4971 3514 5038 utquod
3545 4970 3660 5041 ipse

2081 5067 2142 5112 se
2161 5055 2300 5110 dixit
2327 5055 2569 5117 reddere,
2600 5062 2848 5126 tanquam
2893 5062 3132 5111 nostrum
3172 5058 3425 5128 arguatis,
3458 5067 3513 5116 et
3538 5071 3657 5117 tan-

2081 5157 2241 5216 quam
2288 5145 2477 5201 falsum
2522 5146 2882 5216 lujustumque
2908 5145 2981 5201 sit
3005 5146 3354 5218 improbetis;
3385 5165 3482 5206 nec
3506 5151 3558 5205 in
3595 5166 3662 5208 eo

2082 5252 2197 5302 vos,
2231 5249 2335 5293 non
2366 5238 2542 5304 nobis,
2562 5237 2656 5293 sed
2687 5237 2797 5293 Deo
2821 5235 3076 5309 refragari
3110 5239 3528 5312 calumniarique
3544 5257 3660 5298 sen-

2084 5329 2265 5385 ﬁaﬁa’

2155 5419 2395 5474 XXXVI.
2417 5419 2534 5475 IUL.
2567 5419 2764 5474 Verum
2792 5418 3051 5476 hactenus
3095 5421 3306 5478 mitiore
3326 5423 3424 5478 sim
3453 5423 3660 5478 functus

2086 5511 2346 5581 eloquio:
2401 5525 2542 5566 nunc
2603 5519 2780 5567 autem
2837 5512 3089 5582 splendor
3132 5514 3391 5570 ﬂammea:
3441 5515 3658 5568 rationis

2150 5672 2167 5734 ξ
2193 5667 2351 5734 υράεκ
2373 5674 2518 5734 νοτία,
2548 5672 2594 5734 ξι
2616 5666 2744 5734 quod
2770 5666 2854 5734 les.
2876 5665 3160 5734 Mam“-
3245 5725 3258 5734 .
3465 5723 3510 5734 ..

2149 5732 2171 5763 '
2197 5731 2464 5800 viguicrius
2479 5723 2561 5787 {si
2581 5743 2612 5778 a
2629 5723 2766 5800 nobis
2785 5727 2919 5779 aliud
2943 5729 3143 5788 dicitur;
3165 5725 3340 5777 omisso
3357 5758 3372 5788 ,
3407 5723 3544 5775 mllil.
3568 5730 3657 5773 Ite-

2084 5794 2302 5843 stituitur
2341 5801 2404 5840 ex
2443 5792 2792 5853 manuscriptis.
