4126 6502
369 390 518 448 ηδε

361 521 514 574 super
537 503 701 575 ipsum
735 503 848 557 erit.
877 500 946 558 Et
972 501 1172 574 iniquus
1197 502 1240 558 si
1269 512 1520 558 cottvcrtat
1545 520 1602 559 so
1626 493 1948 559 ab'omnibus

360 596 715 669 iniquitatibus
732 596 838 650 suis
856 611 981 664 quas
1001 595 1140 665 fecit,
1164 604 1210 649 et
1234 595 1483 650 custodiat
1511 596 1682 650 omnia
1705 595 1947 649 mandata

326 687 472 744 ξηιοιι
492 730 506 754 ,
550 697 598 741 et
633 688 789 759 faciat
805 687 1129 760 judiciumet
1148 688 1399 757 justitiam
1436 697 1484 742 et
1513 687 1947 751 misericordiam;

314 835 321 844 ,
361 782 460 836 vita
489 779 718 845 vivet,.et:
737 796 836 834 non
857 781 1096 833 morietur
1117 795 1136 834 :
1165 780 1332 833 omnia
1353 779 1537 835 delicta
1561 781 1669 851 ejus
1697 795 1947 850 quaecum-

359 889 457 944 que
480 873 634 944 fecit,
674 889 777 927 non
805 882 950 926 erunt
977 873 1029 926 in
1068 873 1344 939 memoria;
1371 872 1424 926 in
1445 873 1770 941 suajustitiu
1793 888 1947 942 quam

360 966 498 1036 fecit,
521 965 632 1019 vita-
644 965 805 1020 vivet..
821 963 1092 1036 Numquid.
1103 965 1359 1020 voluntate
1373 965 1484 1020 volo
1505 975 1715 1020 mortem
1733 965 1785 1018 in
1782 965 1916 1036 justi
1929 1006 1945 1028 ,

360 1055 487 1109 dicit
519 1054 719 1110 Δάοιιαί
759 1053 1006 1109 Dominus
1026 1096 1052 1122 ,.
1081 1072 1236 1127 quam
1257 1059 1272 1089 ⁸
1304 1064 1359 1111 ut
1391 1065 1584 1110 avertat
1616 1072 1671 1110 se
1688 1072 1720 1108 a
1743 1057 1823 1109 via
1851 1072 1948 1110 sua

361 1147 498 1202 mala
515 1189 534 1214 ,
559 1156 606 1202 et
644 1146 814 1201 vivat?
839 1145 964 1201 Cum
1001 1164 1056 1201 sc
1092 1159 1259 1203 autem
1288 1149 1579 1203 converterit
1601 1149 1830 1220 justusa
1852 1165 1948 1203 sua

353 1239 574 1310 iustitia,
599 1248 646 1292 et
673 1238 844 1309 fecerit
867 1238 1152 1310 iniquitates
1171 1241 1640 1296 secundumvomnes
1661 1241 1950 1311 iniquitates

355 1345 484 1393 quas
506 1330 624 1401 fecit
646 1329 874 1400 iniquus,
915 1331 959 1386 si
984 1331 1156 1403 fecerit
1177 1373 1192 1395 ,
1225 1348 1326 1386 non
1349 1332 1518 1388 vivet:
1547 1333 1950 1404 omnes<justitite

357 1420 468 1489 ejus
493 1435 619 1489 quas
656 1420 804 1492 fecit,
847 1437 947 1475 non
976 1432 1120 1475 erunt
1144 1423 1198 1476 in
1229 1423 1506 1487 memoria;
1535 1424 1588 1477 in
1627 1423 1807 1477 delicto
1836 1424 1948 1493 ejus

356 1528 458 1582 quo
484 1512 696 1574 excidit.
725 1522 773 1567 et
801 1513 853 1567 in
891 1514 1107 1583 peccatis
1131 1515 1237 1569 suis
1261 1515 1439 1586 quibus
1466 1516 1716 1587 peccavit,
1745 1516 1796 1570 in
1821 1516 1948 1584 ipsis

360 1604 618 1658 morietur.
658 1603 727 1658 Et
763 1605 961 1660 dixistis
981 1622 1001 1660 :
1032 1604 1152 1660 Non
1183 1606 1353 1676 dirigit
1389 1607 1469 1661 via
1498 1605 1723 1661 Domini.
1763 1607 1947 1662 Audite

359 1710 520 1760 nunc,
553 1694 735 1750 domus
778 1693 963 1751 Israel.
1013 1696 1279 1766 Numquid
1316 1697 1396 1752 via
1437 1713 1547 1752 mea
1586 1715 1707 1751 non-
1731 1697 1947 1770 dirigit?

361 1783 518 1840 Nunc
545 1786 625 1840 via
653 1798 816 1840 vestra
853 1803 954 1840 non
983 1795 1056 1841 est
1083 1803 1249 1858 a'qua.
1281 1785 1409 1843 Cum
1441 1788 1678 1842 convertit
1701 1805 1758 1843 se
1777 1789 1948 1856 iustus

357 1895 392 1931 a
417 1894 511 1932 sua
524 1879 760 1950 justitia,
794 1889 840 1934 et
865 1880 991 1948 facit
1018 1879 1296 1946 delictum;
1325 1881 1568 1935 morietur
1591 1882 1644 1936 in
1675 1898 1734 1936 eo
1761 1881 1959 1938 delicto-

356 1970 494 2036 quod
523 1969 659 2040 fecit,
678 1969 730 2024 in
755 1970 866 2039 ipso
895 1969 1157 2024 morietur.
1183 1970 1248 2024 Et
1275 1987 1390 2024 cum
1413 1972 1643 2026 averterit
1664 1972 1944 2042 se-iniquus

356 2060 419 2115 ab
447 2061 708 2131 iniquitate
725 2078 820 2115 sua
839 2078 991 2132 quam
1017 2063 1156 2133 fecit,
1184 2070 1232 2117 et
1254 2063 1425 2133 fecerit
1438 2063 1694 2133 judicium
1721 2072 1768 2118 et
1787 2063 1945 2134 justi-

357 2154 520 2209 tiam:
549 2155 631 2208 hic
654 2155 876 2208 animam
896 2171 1040 2209 suam
1066 2155 1351 2221 custodiuit,
1382 2165 1429 2210 et
1455 2157 1601 2221 t'ivit,
1623 2165 1678 2210 ut
1703 2165 1944 2212 averteret

354 2262 410 2300 se
434 2246 498 2300 ab
523 2245 751 2301 omnibus
784 2246 1140 2318 iniquitatibus
1157 2248 1264 2301 suis
1283 2289 1308 2314 ,
1327 2264 1453 2317 quas
1483 2248 1598 2320 fecit
1614 2289 1630 2313 ,
1656 2247 1758 2302 vita
1783 2249 1939 2316 vivet,

353 2349 404 2396 et
444 2357 544 2394 non
570 2340 829 2394 morietur.
875 2339 944 2394 Et
972 2340 1095 2394 dicit
1130 2339 1311 2398 domus
1349 2337 1558 2395 Israel:
1590 2338 1711 2394 Non
1736 2341 1941 2412 corrigit

354 2431 436 2484 via
482 2429 706 2485 Domini.
756 2429 1019 2502 Numquid
1056 2431 1136 2484 via
1175 2447 1286 2485 mea
1333 2447 1432 2485 non
1479 2431 1718 2502 corrigit,
1761 2431 1941 2488 domus

356 2518 563 2577 Israel?
607 2520 794 2578 Nonne
840 2523 1002 2594 magis
1043 2523 1123 2576 via
1165 2531 1328 2578 vestra
1371 2540 1472 2577 non
1518 2524 1767 2595 corrigit?
1815 2523 1942 2581 Ideo

352 2629 751 2684 unumquemque
766 2623 978 2668 vestrum
989 2615 1267 2668 secundum
1287 2615 1392 2668 vias
1407 2614 1566 2684 ipsius
1569 2614 1812 2685 judicabo
1827 2631 1938 2686 nos,

352 2701 532 2757 domus
545 2702 729 2770 Israel,
752 2702 873 2757 dicit
893 2703 1093 2770 Δάοῃαὶ
1114 2702 1356 2758 Dominus
1373 2703 1586 2777 (Bacch.
1601 2721 1750 2772 xvm,
1772 2707 1937 2778 150).

422 2795 558 2852 Anc.
601 2795 729 2851 Haec
774 2811 870 2865 per
915 2785 1273 2852 Ezechielem‘
1299 2796 1610 2867 prophetam
1658 2799 1941 2870 promissio

350 2895 435 2942 est
460 2887 584 2942 novi
619 2886 944 2942 Testamenti
964 2926 983 2951 ,
1025 2902 1181 2956 quam
1213 2901 1318 2941 non
1349 2887 1630 2957 intelligis,
1677 2890 1769 2944 ubi
1801 2890 1940 2948 Deus

351 2985 695 3048 regeneratus
721 2992 750 3030 a
772 2977 1071 3047 generatis,
1102 2976 1145 3032 si
1169 2977 1277 3047 jam
1305 2978 1357 3031 in
1385 2977 1673 3047 majoribus
1698 2979 1940 3035 aetatibus

349 3077 508 3134 sunt,
545 3067 837 3124 secundum
871 3071 1082 3139 propria
1122 3068 1258 3124 facta
1306 3069 1580 3125 discernit.
1633 3072 1707 3127 De
1748 3071 1940 3142 quibus

349 3160 495 3214 enim
521 3159 731 3226 dicitur,
764 3160 948 3214 Anima
981 3161 1138 3231 patris
1161 3177 1271 3214 mea
1299 3171 1392 3227 est,
1421 3170 1467 3215 ct
1498 3161 1670 3215 anima
1703 3163 1799 3231 filii
1828 3179 1938 3218 mea

348 3260 460 3317 est;
498 3252 784 3321 separatim
811 3251 992 3322 procul
1034 3251 1196 3309 dubio
1225 3268 1348 3308 suas
1377 3253 1514 3308 vitas
1538 3262 1720 3324 agunt.
1751 3254 1808 3310 Si
1836 3269 1938 3310 au-

350 3351 463 3398 tem
488 3341 630 3398 illius
649 3341 828 3397 adhuc
851 3352 994 3398 esset
1022 3343 1074 3398 in
1103 3343 1296 3398 lumbis
1321 3345 1488 3415 patris
1509 3345 1613 3412 sui,
1639 3345 1778 3400 sicut
1801 3346 1940 3401 scri-

351 3443 501 3506 ptum
545 3442 630 3489 est
678 3434 746 3490 de
793 3434 953 3502 Levi,
999 3434 1140 3503 quod
1189 3435 1242 3490 in
1292 3435 1483 3491 luinbis
1531 3435 1629 3490 fuit
1673 3436 1934 3505 Abrahae,

353 3526 566 3597 quando
586 3525 880 3581 decimatus
899 3536 981 3582 est
1002 3542 1033 3581 a
1051 3526 1438 3582 Melchisedech
1461 3527 1728 3583 Abraham
1751 3528 1934 3600 (Hebr.

351 3633 449 3681 vn,
478 3618 532 3685 9,
559 3617 678 3688 l0);
720 3633 826 3673 non
857 3628 1037 3688 posset
1065 3627 1192 3674 tunc
1229 3619 1370 3687 dici,
1411 3621 1596 3674 Anima
1632 3623 1805 3697 patris.
1827 3639 1939 3676 nica

352 3717 470 3773 est,
493 3719 539 3762 et
562 3709 738 3763 anima
764 3710 861 3778 ﬁlii
883 3727 995 3765 mea
1030 3720 1131 3777 est,
1173 3711 1387 3781 quando
1423 3729 1525 3768 una
1555 3714 1735 3784 utique
1761 3715 1936 3770 anima

350 3810 484 3855 erat.
514 3801 708 3857 Veiens
736 3812 912 3858 autem
940 3803 1205 3874 Propheta
1237 3805 1546 3876 mysterium
1574 3818 1674 3861 suo
1699 3815 1942 3878 tempore

353 3894 727 3962 revelandnm,
777 3895 1238 3966 regenerationem
1291 3913 1398 3952 non
1454 3898 1788 3966 nominavit,
1843 3914 1942 3969 per

353 4001 510 4056 quam
533 3987 758 4058 quisque
783 3987 923 4042 tilius
948 3987 1179 4042 hominis
1203 4003 1270 4043 ex
1298 3988 1467 4044 Adam
1491 3990 1681 4045 transit
1698 3990 1762 4045 ad
1786 3990 1940 4047 Chri-

352 4087 492 4134 stum
519 4097 532 4133 :
564 4079 660 4135 sed
691 4079 832 4149 quod
864 4095 968 4135 non
999 4080 1134 4135 dixit
1173 4081 1266 4136 illo
1295 4088 1567 4152 tempore,
1602 4083 1819 4155 intelligi
1847 4099 1943 4140 vo-

355 4170 455 4225 luit
481 4172 583 4226 isto
610 4180 869 4241 tempore,
902 4187 1006 4242 quo
1034 4171 1202 4228 fuerat
1227 4173 1294 4228 ad
1316 4171 1585 4229 Christum
1615 4178 1939 4232 transeunti-

356 4260 455 4316 bus
480 4261 830 4318 auferendum
859 4265 1122 4318 velamen.
1151 4262 1283 4319 Nam
1313 4265 1563 4334 quoniam
1593 4267 1858 4334 proliteris
1887 4276 1940 4324 te

352 4369 474 4408 esse
502 4353 873 4423 christianum,
904 4355 1146 4425 quamvis
1169 4355 1422 4411 ostendas
1445 4357 1815 4413 antichristum
1836 4398 1852 4424 ,
1886 4358 1950 4414 id‘

353 4437 567 4501 eﬂicerc
592 4446 818 4501 moliens
835 4457 890 4501 ut
909 4444 1154 4502 Christus
1176 4448 1341 4518 gratis
1361 4455 1605 4503 mortuus
1624 4448 1728 4514 sit;
1756 4464 1941 4520 quatro

351 4553 381 4592 a
407 4547 481 4606 te,
511 4547 689 4593 utrum
717 4539 760 4593 si
788 4539 948 4593 homo
977 4538 1135 4593 faciat
1159 4553 1322 4610 opera
1353 4539 1442 4594 illa
1471 4549 1659 4595 cuncta
1680 4539 1900 4610 iustitiae
1919 4584 1938 4610 ,

351 4644 470 4700 qua:
491 4630 748 4699 propheta
771 4629 1016 4684 Ezechiel
1036 4630 1192 4684 toties
1213 4629 1508 4699 repetendo
1527 4640 1936 4702 commemorat,

351 4723 513 4776 etiam
549 4736 656 4776 non
686 4730 1065 4792 regeneratus,
1111 4720 1216 4774 vita
1243 4721 1406 4774 vivat.
1437 4719 1493 4775 Si
1521 4720 1656 4775 dicis
1682 4723 1938 4779 eum-vita

351 4809 554 4876 vivere,
581 4811 901 4866 contradicit
924 4809 1168 4866 Christus
1193 4809 1529 4875 antichristo,
1560 4819 1621 4866 etv
1641 4811 1787 4878 dicit,
1821 4812 1941 4869 Nisi

351 4903 777 4958 manducaveritis
819 4919 1022 4957 carnem
1059 4919 1252 4969 meam,
1290 4913 1339 4957 et
1377 4903 1602 4958 biberitis
1643 4906 1940 4976 sanguinem

352 5011 514 5048 meum
535 5035 551 5061 ,
583 5010 684 5048 non
718 4993 960 5049 habebitis
997 4995 1161 5048 vitam
1179 4995 1230 5048 in
1271 4993 1410 5049 vobis
1449 4993 1639 5065 (Joan.
1680 5010 1762 5058 v1,
1793 4996 1937 5066 54):

353 5099 512 5154 quem
539 5085 716 5140 cibum
739 5067 995 5156 et'potum
1023 5083 1090 5139 ad
1119 5093 1462 5155 regeneratos
1490 5085 1776 5155 pertinere,
1807 5087 1940 5142 velis

356 5175 512 5240 nolis,
542 5175 749 5244 cogeris
773 5174 1037 5230 conﬁteri.
1070 5174 1125 5229 Si
1154 5185 1332 5229 autem
1365 5183 1508 5228 tanta
1536 5175 1678 5230 mole
1711 5177 1942 5231 auctori-

309 5283 316 5290 '
357 5266 480 5322 tatis
507 5266 734 5321 obtritos
759 5268 804 5334 ⁸,
837 5265 1177 5336 responderis
1201 5280 1322 5321 eum
1361 5265 1452 5336 qui
1479 5265 1655 5320 omnia
1686 5267 1772 5320 illa
1801 5267 1940 5323 bona

355 5357 574 5423 iecerit,
605 5357 651 5412 si
689 5373 795 5412 non
841 5356 998 5412 fuerit
1027 5367 1404 5427 regeneratus,
1443 5357 1548 5410 vita
1580 5371 1684 5410 non
1719 5357 1936 5414 vivere:

359 5449 620 5520 responde
643 5464 764 5519 qua:
805 5463 964 5503 causa
989 5448 1094 5515 sit;
1123 5457 1176 5503 et
1203 5448 1325 5502 vide
1357 5448 1685 5518 generationi
1713 5463 1938 5518 regene-

358 5545 652 5610 rationem,
705 5559 812 5598 non
855 5543 1136 5599 imitationi
1181 5541 1566 5609 imitationem,
1613 5541 1679 5596 in.
1703 5556 1769 5596 eo
1799 5543 1939 5613 quod

357 5696 531 5766 clii‘elis
558 5697 896 5766 substituent,
919 5709 1036 5766 quze
1153 5693 1412 5766 bibliopum
1442 5695 1680 5766 venatoriis
1708 5695 1942 5761 Vulgata,

359 5757 562 5816 scilicet,
585 5764 630 5807 et
656 5765 792 5822 pater
813 5753 908 5807 non
930 5753 1136 5818 portabit
1157 5754 1453 5819 iniquitatem
1473 5753 1693 5818 fitii,.etc.

426 5822 442 5882 ξ
467 5826 618 5882 vetus
633 5820 789 5868 codex
814 5826 960 5878 Port.,
991 5825 1235 5882 quantum.
1295 5875 1306 5882 _
1353 5881 1357 5882 ί
1396 5841 1428 5882 _-

425 5881 449 5913 ⁸
467 5878 746 5943 Vignierius
770 5887 822 5932 et
841 5875 1076 5931 Msth'ar.
1095 5879 1243 5941 Clam,
1261 5875 1526 5930 obstrictus.
1560 5885 1703 5944 πνοι-ιη
1721 5879 1937 5935 obtritas.

1734 389 1934 447 LIBER
1969 388 2280 453 TERTIUS.

3500 415 3637 473 ησδ

2057 505 2348 576 Apostolus
2390 513 2561 571 Adam
2597 531 2662 574 ex
2704 527 2853 590 parte
2891 523 3127 591 peccati,
3171 534 3226 580 et
3265 524 3536 584 Christum
3572 545 3636 586 ex

2057 611 2204 670 parte
2225 602 2444 673 iustitia:
2467 611 2730 680 proponit,
2759 615 2974 685 opponi.
3009 615 3318 674 Evidentius
3339 633 3516 677 autem
3545 623 3636 677 tibi

2054 695 2330 751 ostendam
2355 699 2423 755 ad
2450 717 2645 758 novum
2675 705 3076 765 Testamentum
3117 713 3418 782 pertinere,
3451 715 3502 770 in
3532 731 3638 787 quo

2057 799 2498 856 regeneratorum:
2521 794 2808 856 hatreditas
2835 810 2915 856 est
2939 843 2954 867 ,
2983 802 3126 874 quod
3153 805 3485 863 Ezechielem
3514 824 3640 876 pro-

2055 878 2269 948 phetam
2297 883 2497 942 dixisse
2515 902 2906 948 commemoras
2930 911 2945 948 :
2979 908 3084 950 non
3110 897 3325 966 quidem
3351 913 3514 964 nunc,
3543 900 3638 954 sed

2053 984 2175 1024 cum
2211 971 2412 1031 dixeris
2448 979 2657 1046 omnia,
2688 997 2808 1052 quae
2831 983 2899 1040 de
2925 984 3055 1056 ipsis
3085 988 3259 1044 verbis
3288 987 3404 1060 ejus
3430 999 3535 1046 tua:
3560 990 3640 1046 lo-

2052 1061 2332 1130 quacitatis
2356 1081 2507 1127 more
2534 1069 2769 1128 dicturus
2796 1089 2876 1130 es.

2125 1145 2368 1208 XXXIX.
2397 1155 2517 1212 tua.
2562 1157 2850 1219 Videturne
2894 1175 3133 1222 assertor
3178 1166 3452 1238 locupules
3496 1170 3638 1242 judi-

2052 1239 2254 1297 ciorum
2282 1243 2300 1275 ¹
2329 1260 2547 1302 suorum
2583 1250 2721 1305 Deus
2741 1293 2756 1318 ,
2789 1254 2878 1324 qui
2907 1263 3015 1311 tam
3043 1256 3224 1314 multis
3264 1239 3528 1331 capitibus
3569 1264 3639 1320 de

2054 1331 2154 1427 hac
2183 1338 2480 1427 quaestione
2509 1357 2615 1397 non
2645 1345 2816 1400 solum
2837 1347 3116 1418 judicavit,
3144 1353 3238 1407 sed
3262 1354 3424 1409 etiam
3451 1355 3636 1427 dispu-

2055 1425 2220 1480 tavit?
2248 1426 2411 1485 Plane
2436 1431 2526 1502 qui
2553 1442 2848 1505 temporum
2872 1451 3176 1497 nostrorum
3200 1445 3517 1515 przevideret
3538 1425 3634 1504 vcr-

2052 1530 2203 1609 rores
2223 1559 2238 1586 ,
2269 1528 2415 1576 tanta
2447 1524 2728 1581 verborum
2771 1544 2989 1586 suorum
3019 1533 3103 1588 vel
3143 1534 3294 1602 luce,
3334 1537 3417 1593 vel
3446 1539 3634 1609 copia,

1991 1688 2000 1695 .
2050 1603 2157 1700 duo
2184 1617 2266 1662 est
2289 1607 2434 1678 jnste
2471 1624 2726 1684 operatus
2753 1628 2809 1674 et
2847 1621 3066 1690 provide
3093 1625 3114 1656 ’
3138 1640 3154 1679 :
3186 1641 3348 1682 unum
3369 1668 3386 1694 ,
3419 1644 3487 1684 ne
3515 1603 3636 1700 quis

2051 1696 2158 1752 ulla
2202 1702 2552 1771 quaestionum
2597 1707 2943 1780 ambiguitate
2989 1725 3327 1783 moveretur;
3368 1696 3636 1788 aliud,-nc

2048 1788 2186 1859 apud
2217 1806 2314 1847 eos
2350 1795 2441 1864 qui
2472 1809 2532 1851 se
2562 1797 2950 1858 immersisseot
2975 1812 3168 1875 sponte
3197 1809 3514 1882 naufragiis,
3541 1827 3634 1867 ex-

2048 1883 2338 1939 cusationis
2363 1887 2538 1942 tabula
2560 1890 2667 1944 ulla
2686 1904 3009 1951 remaneret.
3034 1897 3294 1969 Loquitur
3312 1901 3379 1957 ad
3397 1901 3632 1972 Judaeos,

2047 1974 2135 2042 qui
2161 1977 2523 2045 captivitatem
2554 1984 2849 2043 sceleribus
2871 1989 3142 2060 exigentes
3160 2034 3177 2060 ,
3205 1992 3271 2048 ad
3295 1993 3632 2052 relevandam

2047 2067 2280 2136 propria:
2309 2072 2764 2139 prmvaricationis
2805 2077 3056 2135 invidiam
3081 2123 3097 2148 ,
3140 2085 3482 2153 parentibus,
3527 2104 3632 2144 non

2047 2157 2286 2213 moribus
2315 2153 2454 2229 Suis,
2487 2161 2718 2220 debitam
2747 2182 2865 2224 eam
2899 2168 3064 2226 fuisse
3085 2172 3357 2242 jactabant
3381 2194 3396 2232 :
3426 2185 3483 2233 et
3509 2194 3635 2235 eon-

2046 2247 2194 2302 venit
2211 2263 2305 2304 eos
2325 2255 2639 2311 auctoritate
2660 2259 2851 2328 patria.
2880 2259 3073 2331 thuid
3090 2264 3250 2332 vobis,
3275 2268 3460 2338 inquit,
3489 2270 3635 2325 istam

2046 2339 2372 2410 parabolam,
2412 2353 2469 2398 ut
2512 2345 2694 2402 dicatis
2713 2390 2729 2416 ,
2781 2348 3027 2407 Parentes
3055 2356 3483 2413 manducaverunt
3516 2376 3637 2416 uvas

2046 2430 2266 2498 acerbas,
2291 2443 2336 2488 et
2360 2435 2587 2504 ﬁliorum
2614 2439 2788 2496 dentes
2817 2441 3227 2515 obstupuerunt?
3265 2447 3387 2504 Vivo
3411 2467 3525 2522 ego,
3553 2452 3635 2506 di-

2045 2522 2112 2578 cit
2133 2523 2333 2580 Δάοιιαὶ
2355 2525 2624 2598 Dominus,
2652 2533 2699 2588 si
2723 2533 2920 2590 dicetur
2946 2538 3166 2606 amplius
3192 2541 3434 2610 parabola
3456 2543 3563 2598 lucc
3583 2546 3636 2600 in

2044 2611 2214 2672 Israel
2237 2634 2256 2673 :
2278 2621 2514 2692 quoniam
2543 2640 2718 2680 omnes
2756 2627 2943 2682 animae
2969 2645 3093 2685 mea:
3119 2645 3234 2686 sunt
3248 2647 3270 2698 ;
3306 2637 3635 2706 quemadmo-

2044 2709 2169 2763 dum
2193 2713 2366 2767 anima
2400 2716 2580 2785 patris,
2610 2721 2681 2772 ita
2709 2719 2882 2774 anima
2919 2721 3046 2791 filii,
3091 2740 3264 2781 omnes
3303 2728 3488 2785 anima:
3513 2745 3636 2786 mea

2044 2810 2181 2857 sunt.
2213 2804 2396 2860 Anima
2423 2823 2538 2877 qua
2567 2819 2760 2879 peccat,
2791 2811 2906 2883 ipsa
2933 2815 3193 2872 morietur.

2115 2891 2251 2950 Anc.
2283 2895 2416 2950 Cum
2441 2897 2537 2966 ait,
2581 2899 2645 2955 Si
2675 2900 2875 2956 dicetur
2909 2903 3132 2976 amplius
3168 2907 3412 2978 parabola
3450 2911 3559 2965 Ita‘c
3583 2912 3636 2966 in

2046 2979 2244 3049 Israel;
2287 2986 2522 3042 ostendit
2565 2990 2743 3046 solere
2788 2991 2892 3048 dici
2915 3035 2930 3059 ,
2982 2994 3168 3051 Patres
3208 2999 3632 3057 manducaverunt

2043 3087 2191 3162 uvam
2215 3075 2448 3130 acerbam
2469 3119 2484 3146 ,
2528 3088 2576 3133 et
2603 3080 2778 3136 dentes
2823 3084 3049 3153 ﬁliorum
3093 3085 3479 3158 obstupuerunt.
3526 3092 3637 3148 Nec

2044 3166 2216 3234 arguit
2252 3167 2374 3236 quia
2411 3167 2707 3240 dicebatur,
2749 3172 2845 3228 sed
2883 3176 3146 3245 promittit
3181 3179 3273 3234 ubi
3294 3179 3316 3212 ³
3342 3197 3449 3236 non
3478 3181 3631 3238 dica-

2045 3262 2152 3309 tur.
2195 3255 2348 3312 Unde
2387 3267 2567 3316 autem
2608 3261 2712 3318 hoc
2749 3263 3017 3335 dicebant,
3064 3269 3165 3324 nisi
3212 3271 3368 3341 quia,
3401 3272 3634 3328 Reddam

2043 3355 2253 3416 peccata
2289 3356 2492 3417 patrum
2534 3351 2587 3406 in
2629 3352 2764 3424 ﬁlios
2800 3353 2989 3426 (Deut.
3022 3373 3076 3425 v,
3113 3357 3203 3430 9),
3240 3360 3405 3416 Deum
3433 3361 3634 3420 dixisse

2043 3435 2350 3494 sciebant?"
2753 3435 2758 3438 ’

2115 3526 2229 3584 XL.
2263 3529 2377 3586 ius.
2401 3531 2483 3587 Ad
2505 3534 2910 3607 exemplandam
2932 3547 2987 3594 et
3009 3539 3430 3598 continuandam
3447 3542 3632 3614 judicii

2043 3618 2126 3672 sui
2155 3620 2458 3690 aequitatem
2478 3623 2782 3694 iuramento
2806 3628 2946 3684 Deus
2972 3629 3157 3698 utitur,
3182 3642 3238 3686 et
3262 3636 3632 3692 auctoritatem

2029 3711 2314 3767 ‘oonstitnti
2344 3713 2700 3773 obtestatione
2725 3720 2981 3776 cumulat.
3023 3721 3290 3780 lntellexit
3334 3724 3437 3780 hoc
3465 3742 3634 3797 genus

2045 3797 2295 3871 loquendi
2325 3805 2646 3876 Apostolus,
2686 3811 2777 3881 qui
2819 3811 2889 3866 ad
2933 3813 3188 3871 llebrazos
3223 3815 3296 3872 ita
3330 3815 3584 3874 disseruit
3615 3837 3631 3875 :

2054 3891 2240 3950 Valens
2259 3937 2275 3963 ,
2326 3896 2530 3968 inquit,
2583 3899 2724 3956 Deus
2769 3905 3034 3962 ostendere
3080 3908 3428 3978 promissionis
3475 3911 3631 3966 ntere-

2045 3983 2193 4039 dibus
2218 3985 2617 4046 immobilitatem
2658 3995 2858 4048 consilii
2893 3997 3008 4063 sui,
3039 3997 3334 4068 interposuit
3362 4001 3634 4072 jusjuran-

2045 4073 2196 4141 dum,
2234 4086 2292 4132 ut
2317 4095 2407 4148 per
2430 4080 2558 4138 duas
2581 4099 2660 4139 res
2686 4084 2965 4141 immobiles
2981 4129 2996 4153 ,
3023 4089 3204 4158 quibus
3228 4090 3539 4163 impossibile
3563 4104 3636 4148 est

2045 4167 2248 4237 mentiri
2276 4168 2440 4225 Deum
2461 4211 2476 4238 ,
2519 4174 2849 4245 fortissimum
2872 4177 3108 4234 solatium
3139 4179 3413 4237 habeamus
3447 4181 3631 4255 (Hebr.

2045 4273 2117 4325 v1,
2148 4259 2235 4324 l7,
2266 4261 2380 4333 18).

2117 4353 2252 4408 Avo.
2285 4352 2355 4409 Et
2379 4354 2448 4409 ibi
2479 4370 2673 4413 novum
2702 4358 3104 4418 Testamentum
3129 4365 3559 4434 promittebatur.

2114 4439 2249 4496 XLI.
2275 4442 2394 4499 Jun.
2429 4445 2644 4504 Duobus
2667 4464 2794 4521 ergo
2819 4451 2902 4507 his
2923 4454 3133 4509 ostendi
3157 4454 3306 4523 dicit,
3336 4457 3502 4513 Deum
3530 4474 3633 4515 non

2048 4547 2205 4603 posse
2235 4536 2485 4604 mentiri,
2514 4537 2618 4595 hoc
2648 4540 2762 4611 ipso
2786 4543 2908 4614 quia
2935 4546 3210 4616 promisit,
3237 4560 3395 4619 atque
3422 4549 3472 4604 id
3493 4552 3635 4622 quod

2046 4626 2302 4695 promisit'
2317 4629 2439 4698 quia
2463 4641 2771 4689 se-Iestatur
2789 4635 3009 4705 impiare
3037 4654 3051 4690 :
3073 4653 3178 4692 non
3203 4641 3342 4709 quod
3366 4641 3504 4695 Deus
3519 4643 3636 4698 sine

2044 4721 2388 4778 attestalione
2422 4723 2516 4778 tali
2555 4724 2882 4782 imbecillum
2908 4737 3067 4799 atque
3090 4729 3308 4785 dubium
3335 4731 3506 4787 soleat
3533 4733 3632 4789 ha-

2045 4810 2174 4866 bere
2210 4826 2552 4881 sermonem;
2597 4815 2690 4870 sed
2733 4824 2794 4871 ut
2822 4818 3097 4874 veritatem
3125 4833 3275 4874 suam
3302 4819 3634 4880 documentis

2043 4903 2335 4974 grandibus
2359 4915 2624 4972 oneraret,
2652 4923 2937 4979 eo-genere
2964 4911 3244 4966 locutionis
3268 4911 3290 4945 ⁸
3314 4913 3510 4970 abusus
3530 4925 3633 4985 est,

2045 4993 2185 5064 quod
2213 4994 2515 5051 hominibus
2543 4999 2704 5054 etiam
2734 4999 2921 5056 fallere
2945 5001 3120 5059 solitis
3147 5005 3289 5060 credi
3321 5006 3499 5062 faciat.
3525 5007 3638 5065 Hoc

2047 5100 2177 5156 ergo
2204 5085 2440 5156 pondere
2462 5089 2799 5159 in-prmsenti
2814 5108 3024 5165 quoque
3043 5110 3202 5151 causa
3221 5099 3476 5155 admonet
3496 5102 3634 5159 Deus

2047 5186 2222 5248 atque-
2254 5179 2550 5248 praescribit
2572 5223 2586 5247 ,
2633 5191 2697 5238 et'
2724 5193 2780 5238 ut
2806 5185 2984 5242 nullus
3021 5185 3124 5244 hoc
3152 5191 3294 5260 quod
3319 5191 3634 5252 Traduciani

2048 5279 2328 5336 asserunt,
2370 5270 2444 5327 de
2481 5274 2675 5344 populo
2703 5276 3036 5346 suspicetur,
3068 5288 3123 5335 et
3150 5281 3314 5338 Deum
3343 5300 3448 5339 non
3480 5301 3638 5358 posse

2048 5373 2114 5414 eo
2151 5362 2637 5430 quem'detestatur
2670 5367 2830 5423 modo
2849 5367 3124 5440 judicare,
3150 5387 3435 5445 cognoscat
3463 5396 3477 5432 :
3517 5378 3638 5434 Vivo

2050 5465 2140 5520 ego
2155 5491 2170 5515 ,
2201 5451 2322 5504 dicit
2347 5453 2547 5510 Adonei
2570 5455 2847 5529 Dominus,
2869 5460 2913 5515 si
2937 5463 3158 5534 amplius
3181 5465 3374 5536 dicetur
3395 5471 3636 5539 parabolu

2051 5557 2159 5594 παῖε
2178 5541 2236 5595 in
2263 5540 2450 5597 Israel.

2114 5704 2134 5770 ξ
2155 5704 2352 5770 ρεςςιιι,
2374 5695 2678 5770 iudiciorum
2705 5713 2723 5752 :
2745 5704 3020 5770 restituitur
3044 5715 3109 5758 ex
3128 5707 3478 5770 manuscriptts.

2114 5760 2357 5828 ξξὶρμεετ
2387 5760 2504 5828 Edita
2526 5770 2709 5828 autem,
2741 5765 2966 5828 providit.

2112 5819 2137 5853 ³
2157 5821 2296 5878 mliti,
2311 5827 2376 5870 ut.
2401 5827 2530 5880 uss,
2549 5822 2646 5873 ubi;

2117 5881 2138 5913 δ
2155 5887 2221 5933 tu
2244 5889 2371 5947 uss,
2392 5882 2682 5940 elocutionis.

3076 5945 3145 5965 h_.
3181 5958 3190 5962 _
3281 5957 3285 5960 .
