4172 6516
458 407 591 464 ηδτ

524 522 662 576 Atto.
710 515 831 573 Non
855 516 1038 571 dieitur
1064 516 1118 570 in
1147 513 1347 581 Israel,
1375 518 1522 568 recte
1543 507 1752 564 diceres
1773 545 1788 569 ,
1812 502 1860 557 si
1886 511 2044 555 veros

458 607 723 667 lsraelitas
756 614 1098 677 regeneratos
1122 603 1334 661 videres
1355 642 1370 667 ,
1401 602 1456 658 in
1482 599 1674 671 quibus
1697 596 1802 652 hoc
1831 606 1936 650 non
1959 588 2049 645 di-

455 710 628 755 cetur.
675 697 808 754 Nam
853 696 908 754 in
943 696 1026 752 bis
1050 695 1140 766 qui
1167 709 1272 751 non
1303 696 1715 763 regenerantur,
1745 682 1938 740 merito
1963 679 2050 735 di-

457 792 636 856 ritur;
672 789 924 860 quoniam
962 802 1070 844 non
1109 795 1238 842 sunt
1281 783 1473 848 Israel,
1509 777 1805 837 secundum
1831 773 1881 830 id
1908 770 2050 844 quod

457 881 535 935 ait
573 879 641 935 ad
685 881 956 936 llomnnos
991 877 1312 948 Apostolus.
1353 872 1476 931 Non
1510 871 1642 928 enim
1677 883 1848 923 onmes
1875 865 1961 934 qui
1989 878 2054 918 ex

468 971 631 1029 lsrael
648 1011 666 1038 ,
711 971 764 1026 lii
799 979 916 1025 sunt
940 967 1108 1024 Israel
1134 983 1155 1024 :
1182 967 1271 1025 ubi
1294 966 1411 1022 sine
1438 962 1602 1018 dubio
1630 959 1770 1016 ﬁlios
1799 956 1920 1013 novi
1946 953 2052 1009 Te-

467 1061 716 1115 stamenti
740 1101 756 1126 ,
798 1058 901 1115 hoc
929 1069 1012 1115 est
1051 1059 1188 1112 ﬁlios
1223 1053 1590 1126 promissionis
1613 1091 1629 1116 ,
1655 1048 1867 1106 volebat
1896 1046 2055 1101 intel-

478 1152 570 1222 igi.
607 1151 856 1221 Denique
881 1150 1121 1220 sequitur
1150 1167 1162 1203 :
1191 1146 1298 1206 Sed
1324 1147 1378 1203 in
1403 1144 1556 1200 Isaac
1581 1139 1838 1199 vocabitur
1862 1138 1950 1193 tibi
1979 1153 2061 1190 se-
2096 1149 2105 1160 '

469 1259 582 1297 men
604 1258 625 1307 ;
651 1241 746 1297 hoc
771 1251 872 1308 est,
902 1257 1003 1297 non
1032 1240 1118 1310 qui
1143 1238 1237 1308 ﬁlii
1262 1229 1428 1294 carnis
1446 1278 1463 1303 ,
1495 1234 1549 1290 hi
1577 1234 1672 1303 ﬁlii
1699 1231 1814 1295 Dei,
1840 1227 1928 1283 sed
1955 1225 2054 1296 ﬁlii

475 1333 818 1408 promissionis
846 1333 1152 1404 deputantur
1178 1331 1232 1388 in
1257 1329 1444 1386 semine
1471 1326 1650 1396 (Rom.
1679 1338 1732 1378 ιι
1753 1361 1768 1386 ,
1795 1323 1830 1378 6
1857 1319 1936 1392 8).

541 1424 702 1481 XLII.
747 1422 865 1484 Jun.
908 1421 1046 1492 Quid
1092 1429 1178 1478 est
1220 1420 1358 1486 hoc,
1405 1417 1638 1487 Amplius
1681 1429 1784 1468 non
1823 1411 2014 1466 dicetur
2041 1425 2063 1464 :

478 1530 595 1568 cum
639 1513 742 1572 hoc
782 1528 952 1582 usque
979 1511 1138 1568 hodie
1164 1511 1324 1566 tantis
1347 1505 1760 1566 Manichaeorum
1786 1498 2066 1560 conatibus

479 1602 785 1661 asseratur?
824 1602 931 1660 Sed
961 1601 1064 1657 hoc
1091 1598 1341 1671 estquod
1367 1596 1598 1660 indicat,
1628 1593 1880 1665 quoniam
1904 1603 2064 1645 nemo

475 1697 561 1763 qui
591 1704 674 1753 est
697 1695 765 1751 de
791 1693 989 1768 populo
1017 1691 1176 1750 Israel
1195 1733 1212 1759 ,
1242 1690 1328 1748 vel
1353 1689 1446 1762 qui
1471 1687 1632 1758 hujus
1657 1683 1948 1754 Scriptura:
1973 1695 2070 1736 au-

473 1785 770 1841 ctnrilalem
795 1783 1050 1853 suscipit,
1083 1789 1206 1853 post
1225 1779 1588 1837 deﬁnitionem
1613 1789 1786 1833 meam
1815 1773 1918 1830 tale
1942 1769 2069 1842 quid

475 1875 690 1932 audebit
731 1874 1022 1933 accredere
1069 1875 1110 1928 ¹.
1155 1873 1325 1931 Porro
1369 1870 1546 1926 omnis
1589 1869 1679 1938 qui
1723 1866 1776 1923 in
1817 1864 1909 1921 illa
1948 1861 2070 1932 Opi-

478 1968 638 2022 nione
677 1965 1007 2042 perstiterit,
1045 1978 1145 2020 nec
1185 1963 1272 2020 his
1308 1961 1493 2020 obedit
1527 1959 1765 2023 Litteris,
1796 1968 1897 2013 nec
1923 1953 1978 2010 in
2005 1965 2073 2008 eo

479 2057 566 2129 qui
593 2065 677 2112 est
701 2069 858 2112 verus
886 2054 1049 2110 Israel
1077 2050 1535 2114 annumerabitur.

551 2147 688 2205 Anc.
731 2145 788 2205 Si
834 2161 962 2218 ergo
1000 2153 1120 2216 post
1147 2143 1512 2200 deﬁnitionem
1540 2153 1690 2197 suam
1716 2138 1830 2194 vult
1853 2134 2084 2206 intelligi.

484 2240 624 2296 Deus
650 2239 753 2295 hoc
778 2239 1047 2296 neminem
1072 2235 1438 2300 crediturum;
1464 2228 1810 2304 qurerendum
1835 2236 1952 2296 est,
1979 2241 2078 2283 cur

483 2341 611 2390 ante
655 2331 794 2388 hanc
838 2346 946 2386 non
974 2329 1217 2400 improbe
1240 2327 1592 2388 credebatur,
1624 2330 1838 2394 peccata
1869 2329 2077 2392 patrum

485 2423 644 2480 etiam
685 2421 740 2476 in
782 2421 922 2476 ﬁlios
961 2434 1086 2476 esse
1121 2416 1413 2476 reddenda.
1449 2416 1519 2472 Et
1545 2415 1591 2470 si
1617 2415 1753 2469 bene
1776 2418 2077 2482 quaeratur,

488 2512 791 2569 invenietur
833 2518 1054 2582 propter
1091 2507 1378 2566 obnoxiam
1417 2504 1816 2579 generationem
1839 2501 2040 2561 dictum
2061 2540 2079 2568 ,

492 2602 726 2658 Reddam
749 2609 958 2673 peccata
985 2610 1188 2672 patrum
1210 2599 1266 2654 in
1288 2599 1443 2669 ﬁlios.
1469 2595 1622 2653 Unde
1645 2603 1828 2652 natum
1846 2601 1930 2651 est
1955 2607 2082 2664 pro-

490 2693 734 2752 verbium
777 2691 911 2752 illud
952 2691 1021 2750 de
1050 2691 1166 2747 uvis
1193 2689 1420 2747 acerbis.
1451 2687 1679 2762 Propter
1708 2685 1929 2742 liberam
1955 2697 2084 2741 vero

497 2784 957 2855 regenerationem
984 2781 1310 2858 promissum
1337 2787 1424 2838 est
1445 2778 1844 2835 Testamentum
1865 2789 2083 2843 novum,

496 2877 585 2930 ubi
634 2876 737 2930 hoc
775 2874 1004 2946 amplius
1043 2888 1153 2930 non
1189 2871 1439 2929 dicatur:
1465 2869 1589 2940 quia
1639 2865 1940 2924 hiereditati
1985 2863 2084 2924 da-

497 2980 700 3023 mnosa:
711 2981 828 3042 qua:
841 2964 985 3022 venit
997 2978 1066 3023 ex
1087 2961 1280 3030 Adam,
1305 2976 1403 3036 per
1422 2959 1619 3018 Christi
1644 2957 1868 3032 gratiam
1891 2970 2090 3015 renun-

497 3057 662 3116 tiatur
679 3097 696 3123 ,
734 3055 949 3130 quando
989 3054 1324 3112 renuntiatur
1348 3051 1474 3110 huic
1494 3050 1721 3117 steculo,
1749 3048 1840 3107 ubi
1867 3062 2090 3109 necesse

495 3157 579 3204 est
608 3148 776 3222 premi
801 3147 931 3224 jogo
951 3147 1102 3219 gravi
1131 3146 1271 3204 ﬁlios
1295 3143 1498 3213 Adam,
1524 3158 1630 3200 non
1654 3142 1836 3214 utique
1858 3141 2053 3212 injuste
2071 3181 2087 3208 ,

497 3257 526 3294 a
569 3239 660 3296 die
697 3239 876 3298 exitus
902 3239 971 3296 de
996 3247 1184 3297 ventre
1212 3236 1399 3296 matris
1423 3250 1641 3302 eorum,
1668 3249 1838 3304 usque
1864 3233 1916 3292 in
1943 3233 2090 3291 diem

498 3331 790 3405 sepultura:
831 3330 884 3389 in
929 3338 1156 3389 matrem
1195 3327 1432 3386 omnium
1461 3324 1654 3397 (Eccli.
1687 3339 1788 3391 ιι..
1819 3322 1872 3395 l)
1905 3340 1922 3380 ε
1949 3321 2093 3384 unde

500 3436 654 3477 sacra
701 3421 982 3492 mysteria,
1024 3420 1186 3476 etiam
1217 3417 1451 3491 parvulis
1477 3415 1903 3474 renuntiantibus
1923 3455 1940 3484 ,
1963 3414 2095 3476 satis

499 3512 626 3582 quid
655 3520 843 3582 agatur
870 3511 1178 3569 ostendunt.

573 3605 756 3661 xuu.
795 3605 916 3662 int.
955 3605 1246 3678 Postquam
1285 3601 1552 3674 parabolae
1577 3601 1718 3660 illius
1745 3599 1980 3660 vanitate
2005 3613 2095 3658 re-

503 3697 768 3769 prehensa
801 3739 820 3764 ,
863 3697 1042 3754 sanxit
1088 3695 1409 3753 sententiam
1460 3692 1886 3764 promulgatione
1937 3700 2097 3761 atque

502 3788 859 3848 obtestatione
890 3787 1070 3845 divina
1093 3826 1110 3854 ,
1141 3787 1301 3844 etiam
1320 3783 1542 3855 justitite
1567 3799 1678 3842 suas
1699 3782 1949 3856 dignatur
1967 3795 2099 3852 ape-

505 3879 612 3937 rire
635 3878 918 3943 rationem.
940 3892 1038 3934 cur
1055 3874 1477 3934 necessitudines
1496 3873 1728 3946 peccatis
1749 3887 1856 3927 non
1874 3886 2100 3945 graveno

508 3977 594 4027 tur
638 3966 827 4025 alienis
865 3969 907 4020 ⁸.
957 3967 1209 4032 Quoniam
1249 3981 1420 4021 omnes
1457 3965 1679 4031 animat,
1727 3964 1932 4033 inquit,
1976 3978 2101 4021 mea

507 4067 624 4117 sunt
641 4075 662 4123 ;
697 4058 1120 4130 quemadmodum
1157 4059 1329 4114 anima
1365 4058 1560 4130 patris,
1591 4058 1665 4113 ita
1690 4065 1740 4116 et
1761 4057 1936 4112 anima
1960 4055 2100 4127 ﬁlii,

507 4165 680 4206 omnes
724 4149 909 4206 animis
945 4165 1070 4207 nacte
1112 4159 1230 4206 sunt
1279 4163 1300 4202 :
1352 4148 1524 4205 anima
1572 4162 1690 4219 qua
1735 4153 1906 4218 peccat
1925 4186 1942 4212 ,
1983 4147 2099 4218 ipsa

511 4241 770 4294 morietur.
840 4241 1015 4309 Quare
1069 4255 1200 4312 ergo
1258 4247 1402 4295 esset
1460 4239 1763 4310 aequissima
1820 4224 2102 4298 sententias

513 4332 613 4386 ista
665 4329 963 4391 moderatio
991 4373 1008 4400 ,
1063 4331 1390 4405 proprietate
1438 4345 1652 4402 quoque
1701 4329 1934 4389 osterulit
1978 4329 2101 4388 ani-

514 4436 740 4478 marum.

586 4513 726 4571 Anc.
774 4511 878 4569 ista
927 4512 1225 4583 proprietas
1267 4512 1564 4568 animarum
1607 4510 1677 4567 ad
1713 4512 1851 4567 vitas
1875 4509 2104 4581 pertinet

515 4610 810 4674 separatas.
843 4602 957 4658 Non
981 4603 1123 4660 enim
1152 4603 1359 4660 renasci
1381 4602 1572 4676 aliquis
1596 4602 1700 4660 nisi
1723 4610 1880 4658 natus
1907 4610 2102 4671 potest.

514 4695 694 4762 Quare
729 4703 907 4750 autem
932 4693 1228 4751 decimatus
1249 4703 1334 4752 est
1354 4693 1484 4754 Levi
1511 4709 1634 4752 cum
1659 4694 1878 4752 essetin
1909 4691 2107 4752 lumbis

517 4786 747 4842 Abrahae
766 4826 783 4855 ,
817 4786 920 4844 nisi
945 4785 1068 4858 quia
1095 4785 1329 4844 nondum
1359 4785 1416 4844 in
1439 4785 1518 4845 eis
1544 4786 1717 4843 luerat
1740 4799 1958 4844 suarum
1985 4798 2107 4856 pro.

519 4877 717 4946 prietas
739 4876 1081 4934 animarum?

590 4967 774 5024 XLIV.
807 4969 924 5026 Jun.
957 4970 1090 5026 Cum
1113 4971 1291 5027 anima
1313 5010 1330 5039 ,
1353 4968 1525 5041 inquit
1545 5011 1563 5036 ,
1593 4969 1759 5042 patris
1781 4984 1898 5026 mea
1925 4968 1994 5026 sit
2011 5008 2026 5032 .
2052 4975 2110 5024 et

520 5059 696 5114 anima
746 5059 835 5112 ﬁlii
875 5075 994 5116 mea
1033 5061 1105 5118 sit
1145 5060 1272 5134 (quo
1301 5059 1638 5126 testimonio,
1667 5067 1726 5114 ut
1748 5059 1928 5113 multis
1951 5057 2106 5123 aliis,

521 5149 748 5204 docetur
769 5189 786 5215 ,
815 5149 1046 5208 animam
1075 5151 1207 5206 nihil
1231 5150 1430 5208 debere
1455 5149 1768 5214 seminibus,
1791 5163 1948 5220 quam
1970 5147 2110 5204 Deus

523 5239 629 5310 juri
678 5253 777 5294 suo
821 5238 1115 5314 vindicat);
1163 5241 1552 5314 iniquissimum
1581 5279 1600 5306 ,
1650 5239 1859 5311 inquit,
1902 5246 1958 5293 et
1999 5247 2111 5292 sto-

525 5328 692 5384 iidum
745 5335 866 5393 est,
920 5337 978 5384 ut
1022 5345 1141 5386 mea
1189 5347 1306 5401 res,
1361 5346 1476 5388 mea
1526 5330 1701 5401 imago
1747 5329 1935 5386 alienis
1981 5343 2108 5399 gra-

530 5427 683 5473 vetur
709 5417 979 5489 operibus.

597 5511 735 5565 Anc.
766 5507 999 5577 Separas
1023 5523 1152 5580 ergo
1178 5525 1393 5565 carnem
1421 5525 1452 5566 a
1473 5511 1593 5580 jure
1620 5511 1748 5578 Dei,
1775 5526 1930 5582 quem
1956 5519 2110 5583 putas

530 5599 760 5655 animam
806 5597 974 5654 solam
1014 5597 1121 5669 juri
1167 5601 1381 5669 proprio
1421 5600 1687 5656 vindicare
1713 5617 1726 5666 ;
1756 5612 1809 5656 et
1836 5599 2028 5656 oblitus
2053 5614 2111 5656 cs

597 5776 614 5841 ξ
639 5773 712 5823 sic
730 5781 840 5841 uss.
853 5779 919 5841 rat
945 5774 1093 5841 editio
1118 5775 1344 5839 \‘ignierii
1368 5775 1544 5837 prima,
1574 5788 1631 5826 ac
1655 5775 1877 5828 reddere.

595 5835 615 5867 ⁸
648 5841 776 5897 Mssa,
792 5834 1006 5885 alternis.

1137 394 1380 453 OPERIS
1417 385 1827 452 IMPERFECTI
1863 377 2137 442 CONTRA
2175 374 2538 441 JUUANUM,
2577 374 2635 432 S.
2676 373 3044 432 AUGUSTlNl

3601 370 3743 427 1268

2153 491 2296 564 quod
2336 492 2592 563 scriptum
2630 500 2743 558 est,
2791 490 2937 547 Sicut
2979 490 3110 545 enim
3139 489 3314 543 mulier
3341 504 3403 544 ex
3426 489 3562 557 viro,
3588 489 3662 543 ita
3689 497 3736 543 ct

2153 587 2228 642 vir
2251 603 2341 659 per
2365 587 2664 653 mulierem;
2689 586 2859 641 omnia
2877 595 3042 639 autem
3062 601 3123 638 ea:
3151 583 3258 638 Deo
3291 583 3332 655 (Ι
3353 583 3472 638 Cor.
3496 599 3579 647 ιι,
3603 582 3696 653 η)
3715 585 3740 637 τ

2155 678 2309 748 Quod
2352 688 2501 735 certe
2541 687 2635 734 aut
2675 676 2967 734 secundum
3008 692 3224 732 carnem
3271 675 3470 735 dictum
3511 684 3625 741 est,
3652 685 3742 730 aut

2157 769 2448 826 secundum
2489 779 2810 841 utrumque;
2857 784 2962 824 non
2989 776 3168 822 tamen
3197 767 3487 823 secundum
3513 769 3742 822 animam

2159 861 2346 919 solam.
2373 861 2524 930 Quod
2549 870 2728 917 autem
2755 861 2847 916 tibi
2876 861 3050 931 placet
3081 868 3140 913 ut
3165 860 3309 914 dicat
3330 859 3468 914 Deus
3485 900 3502 924 ,
3525 858 3745 930 iniquis-

2159 953 2341 1008 simum
2377 962 2424 1006 et
2456 951 2697 1006 stolidum
2735 959 2808 1006 est
2831 992 2846 1016 ,
2877 961 2932 1005 ut
2960 968 3070 1006 mea
3099 967 3178 1005 res
3197 993 3212 1016 ,
3239 967 3350 1004 mea
3378 951 3546 1021 imago
3571 951 3749 1005 alienis

2161 1052 2392 1114 gravetur
2431 1043 2666 1114 operibus
2710 1057 2730 1097 :
2766 1056 2862 1097 cur
2890 1057 2995 1096 non
3026 1043 3224 1111 qmeris
3250 1041 3390 1096 unde
3417 1042 3487 1096 sit
3513 1041 3708 1111 justum
3731 1083 3747 1107 ,

2164 1143 2220 1188 ut
2265 1134 2441 1189 anima
2483 1148 2647 1189 carne
2693 1133 2762 1189 de
2805 1132 3115 1203 parentibus
3162 1143 3329 1188 tracta
3371 1142 3427 1188 et
3462 1133 3626 1203 ipsius
3656 1133 3751 1188 Dei

2164 1235 2414 1298 gravetur
2459 1225 2710 1298 operibus
2727 1224 2755 1279 ἲ
2795 1225 3000 1295 Corpus
3031 1227 3172 1280 enim
3199 1224 3543 1295 corruptibilc
3565 1239 3752 1295 aggra-

2169 1327 2256 1374 vat
2278 1319 2512 1373 animam
2544 1317 2702 1389 (Sap.
2734 1332 2816 1383 ιι,
2846 1317 2959 1388 l5).
2987 1317 3056 1372 Et
3081 1327 3206 1388 puto
3233 1326 3283 1372 te
3305 1332 3592 1387 agnoscere
3611 1358 3628 1385 ,
3660 1317 3754 1372 Dei

2167 1429 2303 1484 opus
2343 1427 2466 1469 esse
2500 1413 2662 1468 etiam
2687 1411 3031 1482 eorruptibile
3055 1425 3268 1481 corpus.
3295 1410 3428 1478 Quid
3459 1410 3620 1480 igitur
3645 1425 3758 1464 me-

2170 1505 2276 1561 ruit
2301 1507 2477 1576 imago
2507 1504 2599 1560 Dei
2623 1546 2637 1569 ,
2667 1513 2722 1560 ut
2750 1503 2818 1559 ad
2848 1503 3282 1574 impedimentum
3311 1517 3487 1556 rerum
3510 1500 3757 1556 scienda-

2171 1613 2288 1652 rum
2317 1597 2646 1668 corruptibili
2671 1610 2900 1668 e0rpore
2926 1605 3210 1668 gravetur,
3237 1596 3282 1651 si
3313 1595 3514 1650 nullum
3543 1604 3623 1650 est
3649 1597 3757 1649 ori-

2170 1690 2348 1761 ginale
2388 1690 2705 1762 peccatum?
2744 1688 2851 1746 Cur
2891 1698 3070 1746 autem
3114 1703 3218 1743 non
3257 1689 3417 1744 etiam
3460 1689 3601 1744 hoc‘
3628 1687 3762 1742 facis

2174 1783 2339 1839 Deum
2376 1781 2585 1848 dicere,
2627 1780 3018 1852 Iniquissimum
3054 1787 3110 1835 et
3137 1779 3383 1835 stolidum
3412 1787 3528 1844 est,
3557 1787 3616 1833 nt
3641 1793 3758 1832 mea

2176 1889 2295 1941 res,
2339 1888 2459 1928 mea
2499 1873 2678 1944 imago
2715 1887 2810 1943 per
2854 1871 3220 1927 inﬁdelitatem
3262 1870 3348 1924 vel
3387 1870 3762 1940 negligentiam

2179 1973 2455 2035 parentum
2498 1963 2584 2020 vel
2618 1963 2981 2034 quorumlibet
3018 1962 3158 2016 inter
3194 1975 3331 2031 quos
3367 1961 3529 2028 vivit,
3560 1961 3643 2015 vel
3671 1976 3766 2031 per

2177 2069 2567 2127 quamcumque
2586 2054 2980 2120 necessitatem,
3006 2052 3122 2107 sine
3149 2052 3420 2122 Baptismo
3445 2053 3512 2107 de
3539 2066 3766 2123 corpore

2179 2157 2372 2215 exeat,
2395 2157 2452 2204 et
2479 2147 2545 2203 ad
2574 2162 2797 2217 regnum
2821 2161 2998 2202 meum
3025 2160 3132 2200 non
3159 2144 3470 2200 admittatur
3491 2185 3507 2210 ,
3531 2159 3632 2199 nec
3661 2143 3766 2199 vita

2181 2239 2358 2306 vivat,
2404 2238 2527 2309 quia
2570 2251 2788 2293 carnem
2831 2245 3068 2291 sanctam
3116 2250 3223 2290 non
3261 2234 3634 2300 manducavit,
3667 2249 3766 2290 nec

2181 2330 2494 2400 sanguinem
2537 2327 2672 2383 bibit
2712 2326 2890 2400 (Joan.
2931 2343 2981 2382 vt
3007 2369 3022 2395 ,
3051 2325 3188 2400 54)?
3211 2327 3292 2382 An
3320 2337 3376 2382 et
3399 2335 3582 2382 contra
3613 2327 3767 2381 istam

2183 2423 2380 2478 Christi
2409 2422 2728 2479 sententiam
2751 2421 3048 2492 disputabis
3071 2433 3230 2492 atque
3254 2420 3530 2487 clamabis,
3559 2420 3767 2486 dicens,

2185 2513 2446 2580 Prorsus,
2485 2512 2692 2568 etiamsi
2728 2526 2834 2567 non
2872 2511 3271 2567 manducaverit
3293 2526 3507 2567 carnem
3538 2509 3769 2575 Christi,

2186 2621 2360 2676 neque
2400 2605 2595 2662 biberit
2618 2604 2734 2676 ejus
2759 2603 3068 2676 sanguinem
3085 2645 3100 2669 ,
3131 2603 3237 2659 vita
3264 2603 3449 2659 vivet?
3477 2603 3522 2658 0
3549 2618 3731 2658 vocem
3752 2645 3768 2669 ,

2187 2699 2340 2769 cujus
2364 2737 2383 2765 ,
2428 2696 2532 2752 nisi
2576 2696 2912 2769 antichristi!
2957 2695 3134 2761 Vade,
3184 2695 3270 2750 dic
3297 2696 3396 2750 ista
3416 2737 3432 2762 ,
3462 2695 3596 2750 doce
3625 2695 3724 2749 ista
3754 2711 3771 2748 :

2187 2788 2406 2844 audiant
2451 2796 2504 2844 te
2541 2785 2834 2843 Christiani
2861 2785 2960 2840 viri
3000 2794 3056 2841 et
3083 2784 3294 2840 feminae
3318 2825 3334 2852 ,
3361 2784 3577 2840 audiant
3604 2783 3774 2838 homi-

2189 2895 2286 2936 nes
2308 2887 2489 2934 mente
2517 2876 2789 2947 corrupti,
2818 2876 3030 2948 reprobi
3055 2875 3194 2933 circa
3226 2875 3383 2929 ﬁdem
3407 2891 3421 2940 ;
3449 2873 3667 2928 audiant
3687 2883 3774 2941 te,

2189 2978 2369 3025 ament
2396 2977 2447 3024 te
2469 3010 2485 3036 ,
2517 2967 2782 3024 honorent
2809 2977 2861 3023 te
2878 3007 2896 3035 ,
2920 2975 3137 3037 past-ant
3154 3007 3170 3030 ,
3197 2966 3425 3021 vestiant
3445 3005 3462 3032 ,
3489 2975 3681 3020 ornent
3703 2975 3774 3030 te,

2190 3071 2245 3118 et
2268 3060 2532 3132 perditum
2557 3056 2831 3129 sequendo
2855 3058 3078 3126 perdant
3100 3066 3155 3112 et
3178 3071 3256 3112 se.
3288 3056 3394 3113 Sed
3423 3057 3568 3112 novit
3594 3057 3779 3111 Domi-

2192 3169 2293 3208 nus
2327 3153 2417 3223 qui
2445 3161 2569 3206 sunt
2589 3155 2710 3220 ejus
2739 3147 2806 3221 (ιι
2830 3147 2965 3203 Tim.
2994 3163 3066 3213 tt,
3099 3145 3188 3220 l9)
3221 3165 3234 3202 :
3263 3162 3364 3203 nec
3389 3146 3778 3217 desperandum

2194 3255 2277 3303 est
2322 3254 2378 3302 et
2421 3243 2490 3300 de
2525 3243 2706 3311 vobis,
2746 3239 2996 3313 quamdiu
3034 3240 3288 3312 patientia
3310 3239 3430 3310 ejus
3460 3238 3782 3311 impenditur

2196 3339 2365 3393 vobis.

2267 3427 2424 3484 XLV.
2479 3427 2596 3482 Jun.
2642 3425 2740 3481 Cui
2784 3424 2925 3480 hunc
2966 3430 3164 3479 statum
3203 3419 3365 3488 dedi,
3408 3427 3469 3475 ut
3506 3418 3555 3475 ei
3581 3417 3781 3474 nolenti

2199 3534 2357 3576 nemo
2397 3526 2616 3574 noceret
2652 3524 2909 3572 externus
2935 3556 2952 3582 ,
2994 3513 3089 3568 sed
3136 3522 3327 3586 sponte
3361 3517 3663 3582 capesseret
3699 3510 3781 3568 vel

2199 3619 2472 3684 peceatum
2499 3608 2583 3663 vel
2610 3606 2864 3678 justitiam
2885 3647 2900 3670 ,
2929 3604 3014 3660 vel
3034 3602 3313 3674 praemium
3339 3601 3423 3656 vel
3450 3609 3674 3656 reatum.

2269 3703 2402 3758 Anc.
2436 3700 2511 3758 De
2535 3699 2704 3769 prima
2733 3695 2961 3752 hominis
2985 3703 3171 3752 natura
3200 3693 3301 3748 hoc
3319 3692 3422 3749 dici
3454 3700 3645 3761 potest,
3678 3704 3781 3747 non

2199 3793 2267 3850 de
2294 3793 2391 3848 ista
2415 3791 2594 3846 vitiata
2621 3797 2779 3858 atque
2805 3786 3075 3843 damnata.
3103 3784 3286 3855 Neque
3310 3784 3453 3840 enim
3478 3791 3532 3838 et
3558 3782 3609 3838 in
3633 3797 3782 3852 para.

2200 3882 2318 3940 diso
2356 3890 2478 3938 ante
2516 3889 2789 3950 peccatum
2827 3875 3146 3948 aggravabat
3183 3874 3416 3932 animam
3448 3888 3643 3943 corpus
3664 3887 3782 3927 ουτω

2204 3972 2453 4042 ruptibile
2497 3988 2510 4026 :
2553 3978 2646 4028 aut
2688 3983 2816 4026 vero
2859 3983 3028 4038 usque
3067 3966 3202 4022 adeo
3229 3981 3325 4021 vos
3351 3977 3529 4022 mente
3553 3964 3784 4034 corrupti

2202 4063 2332 4121 estis
2351 4103 2366 4128 ,
2396 4071 2454 4117 ut
2480 4061 2640 4120 etiam
2666 4059 2770 4118 hoc
2793 4059 2974 4116 dicere
3000 4057 3259 4114 audeatis.
3281 4056 3341 4113 Si
3364 4065 3541 4113 autem
3562 4072 3666 4111 non
3686 4071 3787 4110 au-

2200 4153 2340 4211 detis
2357 4193 2372 4217 ,
2399 4151 2562 4210 dicite
2587 4165 2752 4220 quare
2774 4149 3102 4221 corruptibili
3122 4163 3346 4220 corpore
3367 4149 3542 4218 imago
3563 4147 3653 4201 Dei
3676 4161 3790 4202 me-

2204 4245 2370 4302 ruerit
2399 4241 2706 4313 aggravari.
2731 4241 2822 4312 qui
2849 4255 2956 4298 non
2983 4241 3142 4298 vultis
3166 4255 3288 4298 cum
3317 4238 3577 4296 catholica
3604 4237 3792 4294 Eccle-

2205 4339 2281 4394 sia
2310 4338 2512 4406 peccati
2540 4334 2799 4404 originem
2825 4333 3090 4389 conliteri.

2275 4427 2459 4486 XLVI.
2489 4427 2607 4486 Jun.
2639 4425 2932 4498 indignaris
2955 4427 3134 4497 itaque
3163 4426 3326 4494 mihi,
3345 4441 3444 4482 cur
3458 4423 3658 4496 juranti
3681 4437 3792 4477 ma-

2205 4521 2287 4591 gis
2334 4519 2448 4576 Dco
2489 4517 2741 4586 credam,
2788 4532 2946 4588 quam
2997 4518 3290 4574 Manieltaio
3331 4515 3657 4578 somnianti,
3701 4513 3792 4584 qni

2207 4608 2352 4670 nulla
2400 4608 2728 4679 przesertim.
2769 4608 2814 4667 si
2861 4623 2966 4665 non
3010 4623 3154 4664 sana:
3189 4606 3313 4662 ﬁdei
3345 4605 3680 4668 testimonia,
3707 4603 3794 4662 vel

2207 4709 2516 4771 argumenta
2563 4699 2762 4770 promit
2802 4699 3068 4770 vigilantis
3096 4699 3293 4770 ingenii
3321 4716 3336 4752 :
3363 4713 3481 4770 quas
3507 4698 3628 4754 licet
3651 4711 3794 4753 nna-

2207 4807 2367 4862 quam
2404 4799 2551 4848 tanta
2580 4790 2802 4848 inveniri
2829 4800 3057 4862 queant,
3087 4800 3146 4846 ut
3173 4791 3411 4846 veritatis
3436 4789 3649 4846 valeant
3673 4786 3796 4841 iun-

2208 4883 2456 4942 damenta
2483 4882 2820 4946 convellere;
2849 4891 3026 4940 tamen
3054 4897 3174 4951 quae
3199 4881 3285 4938 vel
3311 4881 3363 4937 in
3393 4879 3796 4950 praesentiarum

2209 4983 2395 5036 contra
2431 4975 2740 5034 stoliditatis
2776 4974 3034 5046 pudorem
3067 4974 3243 5030 solatii
3269 4972 3574 5045 quidpiam,
3601 4971 3650 5030 si
3674 4980 3798 5041 apte

2210 5068 2535 5132 dicerentur,
2562 5067 2837 5123 aﬁ'errent.
2868 5065 3115 5122 Persistlt
3143 5066 3305 5133 Deus,
3337 5065 3389 5122 id
3417 5065 3559 5136 quod
3583 5079 3796 5120 sacrum

2212 5159 2409 5215 iecerat
2436 5157 2794 5228 praecipiendo
2815 5199 2829 5224 ,
2855 5158 3188 5213 communire
3215 5157 3463 5227 iurando.
3492 5156 3668 5228 Pergit
3688 5155 3800 5226 pla-

2212 5263 2338 5305 num
2367 5247 2542 5305 facere
2564 5247 2726 5303 etiam
2755 5262 2852 5316 per
2873 5248 3115 5317 exempla
3141 5247 3284 5318 quod
3313 5250 3531 5304 sancit’
3551 5288 3569 5315 ,
3593 5257 3650 5302 et
3671 5247 3800 5303 dicit
3849 5259 3866 5272 ·

2211 5339 2332 5408 quia
2357 5337 2401 5392 si
2423 5337 2579 5394 luerit
2608 5336 2630 5370 ³
2656 5336 2820 5394 homo
2845 5351 3033 5392 omnes
3049 5337 3269 5408 iustitia:
3294 5339 3502 5408 species
3520 5336 3799 5407 impolluta

2212 5429 2501 5484 devotione
2539 5428 2847 5484 custodiens
2871 5469 2886 5493 ,
2927 5438 2983 5484 et
3007 5428 3094 5489 hic
3115 5431 3360 5502 genuerit
3387 5429 3553 5484 ﬁlium
3581 5429 3669 5499 qui
3702 5442 3799 5497 pe-

2214 5519 2522 5578 stilentibus
2559 5519 2797 5580 moribus
2831 5519 3194 5592 adbzrescat,
3231 5533 3392 5594 atque
3427 5523 3495 5578 ab
3519 5521 3800 5581 itincribus

2284 5716 2296 5745 ¹
2325 5721 2406 5763 its.
2429 5721 2574 5775 Part,
2598 5713 2694 5770 hic.

2284 5775 2471 5846 igniti,
2513 5775 2674 5846 sentit.
2691 5776 2982 5846 Chr._Port_.,
3015 5780 3183 5834 sancit.
3217 5787 3309 5832 star
3333 5781 3549 5840 ,stmctil.

2287 5837 2307 5868 ³
2331 5838 2400 5889 sic
2423 5844 2526 5888 llas.
2551 5847 2604 5890 At
2628 5837 2784 5906 \'igti.,
2808 5840 2990 5901 fecerit.
