  <div class='ocr_page' id='page_1' title='image "/cluster/home/n/w/nwhite01/storage/ocr_20150623/44-45/uc1.31175026792435/645.png"; bbox 0 0 4172 6522; ppageno 0'>
   <div class='ocr_carea' id='block_1_1' title="bbox 537 406 666 462">
    <p class='ocr_par' dir='ltr' id='par_1_1' title="bbox 537 406 666 462">
     <span class='ocr_line' id='line_1_1' title="bbox 537 406 666 462; baseline -0.008 0"><span class='ocrx_word' id='word_1_1' title='bbox 537 406 666 462; x_wconf 67' lang='lat' dir='ltr'><strong>l2?!</strong></span> 
     </span>
    </p>
   </div>
   <div class='ocr_carea' id='block_1_2' title="bbox 531 513 2124 587">
    <p class='ocr_par' dir='ltr' id='par_1_2' title="bbox 531 513 2124 587">
     <span class='ocr_line' id='line_1_2' title="bbox 531 513 2124 587; baseline -0.005 -10"><span class='ocrx_word' id='word_1_2' title='bbox 531 520 766 579; x_wconf 87' lang='lat' dir='ltr'><strong>dendum</strong></span> <span class='ocrx_word' id='word_1_3' title='bbox 791 525 874 574; x_wconf 85' lang='lat' dir='ltr'><strong>est</strong></span> <span class='ocrx_word' id='word_1_4' title='bbox 903 515 1034 574; x_wconf 83' lang='lat' dir='ltr'><strong>nihil</strong></span> <span class='ocrx_word' id='word_1_5' title='bbox 1065 516 1202 572; x_wconf 87' lang='lat' dir='ltr'><strong>hanc</strong></span> <span class='ocrx_word' id='word_1_6' title='bbox 1231 530 1548 587; x_wconf 81' lang='lat' dir='ltr'><strong>promovere</strong></span> <span class='ocrx_word' id='word_1_7' title='bbox 1577 513 1839 570; x_wconf 91' lang='lat' dir='ltr'><strong>fraudem.</strong></span> <span class='ocrx_word' id='word_1_8' title='bbox 1869 513 2124 582; x_wconf 80' lang='lat' dir='ltr'><strong>Quamvis</strong></span> 
     </span>
    </p>
   </div>
   <div class='ocr_carea' id='block_1_3' title="bbox 531 604 2126 679">
    <p class='ocr_par' dir='ltr' id='par_1_3' title="bbox 531 604 2126 679">
     <span class='ocr_line' id='line_1_3' title="bbox 531 604 2126 679; baseline -0.003 -14"><span class='ocrx_word' id='word_1_9' title='bbox 531 611 676 666; x_wconf 90' lang='lat' dir='ltr'><strong>enim</strong></span> <span class='ocrx_word' id='word_1_10' title='bbox 701 608 948 664; x_wconf 86' lang='lat' dir='ltr'><strong>absolute</strong></span> <span class='ocrx_word' id='word_1_11' title='bbox 973 606 1360 679; x_wconf 66' lang='lat' dir='ltr'><strong>prtescripserit</strong></span> <span class='ocrx_word' id='word_1_12' title='bbox 1388 606 1527 662; x_wconf 87' lang='lat' dir='ltr'><strong>Deus</strong></span> <span class='ocrx_word' id='word_1_13' title='bbox 1552 622 1567 673; x_wconf 93' lang='lat'><strong>;</strong></span> <span class='ocrx_word' id='word_1_14' title='bbox 1595 605 1846 677; x_wconf 87' lang='lat' dir='ltr'><strong>quoniam</strong></span> <span class='ocrx_word' id='word_1_15' title='bbox 1878 604 2126 676; x_wconf 76' lang='lat' dir='ltr'><strong>iniquitas</strong></span> 
     </span>
    </p>
   </div>
   <div class='ocr_carea' id='block_1_4' title="bbox 533 697 2122 770">
    <p class='ocr_par' dir='ltr' id='par_1_4' title="bbox 533 697 2122 770">
     <span class='ocr_line' id='line_1_4' title="bbox 533 697 2122 770; baseline -0.001 -17"><span class='ocrx_word' id='word_1_16' title='bbox 533 710 814 770; x_wconf 80' lang='lat' dir='ltr'><strong>parentum</strong></span> <span class='ocrx_word' id='word_1_17' title='bbox 858 715 965 755; x_wconf 89' lang='lat' dir='ltr'><strong>non</strong></span> <span class='ocrx_word' id='word_1_18' title='bbox 1005 697 1218 754; x_wconf 89' lang='lat' dir='ltr'><strong>addicat</strong></span> <span class='ocrx_word' id='word_1_19' title='bbox 1259 697 1399 754; x_wconf 93' lang='lat' dir='ltr'><strong>ﬁlios</strong></span> <span class='ocrx_word' id='word_1_20' title='bbox 1442 698 1791 765; x_wconf 83' lang='lat' dir='ltr'><strong>innocentes,</strong></span> <span class='ocrx_word' id='word_1_21' title='bbox 1819 697 1916 753; x_wconf 90' lang='lat' dir='ltr'><strong>sed</strong></span> <span class='ocrx_word' id='word_1_22' title='bbox 1955 711 2122 752; x_wconf 91' lang='lat' dir='ltr'><strong>unus-</strong></span> 
     </span>
    </p>
   </div>
   <div class='ocr_carea' id='block_1_5' title="bbox 531 789 2123 862">
    <p class='ocr_par' dir='ltr' id='par_1_5' title="bbox 531 789 2123 862">
     <span class='ocr_line' id='line_1_5' title="bbox 531 789 2123 862; baseline -0.001 -17"><span class='ocrx_word' id='word_1_23' title='bbox 531 792 757 862; x_wconf 82' lang='lat' dir='ltr'><strong>quisque</strong></span> <span class='ocrx_word' id='word_1_24' title='bbox 793 790 1022 862; x_wconf 81' lang='lat' dir='ltr'><strong>prdpriis</strong></span> <span class='ocrx_word' id='word_1_25' title='bbox 1051 790 1416 861; x_wconf 76' lang='lat' dir='ltr'><strong>iniquitatibus</strong></span> <span class='ocrx_word' id='word_1_26' title='bbox 1454 799 1743 860; x_wconf 75' lang='lat' dir='ltr'><strong>arguatur;</strong></span> <span class='ocrx_word' id='word_1_27' title='bbox 1776 805 1877 846; x_wconf 90' lang='lat' dir='ltr'><strong>nee</strong></span> <span class='ocrx_word' id='word_1_28' title='bbox 1907 789 2030 844; x_wconf 87' lang='lat' dir='ltr'><strong>hinc</strong></span> <span class='ocrx_word' id='word_1_29' title='bbox 2060 789 2123 843; x_wconf 85' lang='lat' dir='ltr'><strong>ﬁ-</strong></span> 
     </span>
    </p>
   </div>
   <div class='ocr_carea' id='block_1_6' title="bbox 533 882 2122 955">
    <p class='ocr_par' dir='ltr' id='par_1_6' title="bbox 533 882 2122 955">
     <span class='ocr_line' id='line_1_6' title="bbox 533 882 2122 955; baseline -0.001 -17"><span class='ocrx_word' id='word_1_30' title='bbox 533 884 670 938; x_wconf 89' lang='lat' dir='ltr'><strong>delis</strong></span> <span class='ocrx_word' id='word_1_31' title='bbox 690 885 901 940; x_wconf 89' lang='lat' dir='ltr'><strong>animus</strong></span> <span class='ocrx_word' id='word_1_32' title='bbox 921 884 1090 955; x_wconf 83' lang='lat' dir='ltr'><strong>possit</strong></span> <span class='ocrx_word' id='word_1_33' title='bbox 1113 884 1385 954; x_wconf 76' lang='lat' dir='ltr'><strong>ambigere</strong></span> <span class='ocrx_word' id='word_1_34' title='bbox 1409 901 1423 938; x_wconf 89' lang='lat'><strong>:</strong></span> <span class='ocrx_word' id='word_1_35' title='bbox 1450 891 1625 938; x_wconf 91' lang='lat' dir='ltr'><strong>tamen</strong></span> <span class='ocrx_word' id='word_1_36' title='bbox 1653 892 1710 937; x_wconf 91' lang='lat' dir='ltr'><strong>ut</strong></span> <span class='ocrx_word' id='word_1_37' title='bbox 1730 882 1996 953; x_wconf 89' lang='lat' dir='ltr'><strong>opinionis</strong></span> <span class='ocrx_word' id='word_1_38' title='bbox 2017 890 2122 937; x_wconf 62' lang='lat' dir='ltr'><strong>tute</strong></span> 
     </span>
    </p>
   </div>
   <div class='ocr_carea' id='block_1_7' title="bbox 531 973 2118 1045">
    <p class='ocr_par' dir='ltr' id='par_1_7' title="bbox 531 973 2118 1045">
     <span class='ocr_line' id='line_1_7' title="bbox 531 973 2118 1045; baseline -0.001 -15"><span class='ocrx_word' id='word_1_39' title='bbox 531 974 838 1031; x_wconf 77' lang='lat' dir='ltr'><strong>confossum</strong></span> <span class='ocrx_word' id='word_1_40' title='bbox 869 983 947 1031; x_wconf 86' lang='lat' dir='ltr'><strong>tot</strong></span> <span class='ocrx_word' id='word_1_41' title='bbox 982 975 1288 1030; x_wconf 81' lang='lat' dir='ltr'><strong>fulminibus</strong></span> <span class='ocrx_word' id='word_1_42' title='bbox 1330 975 1462 1045; x_wconf 89' lang='lat' dir='ltr'><strong>legis</strong></span> <span class='ocrx_word' id='word_1_43' title='bbox 1489 983 1844 1030; x_wconf 87' lang='lat' dir='ltr'><strong>retractemus</strong></span> <span class='ocrx_word' id='word_1_44' title='bbox 1869 973 2118 1040; x_wconf 78' lang='lat' dir='ltr'><strong>cadaver,</strong></span> 
     </span>
    </p>
   </div>
   <div class='ocr_carea' id='block_1_8' title="bbox 531 1064 2118 1136">
    <p class='ocr_par' dir='ltr' id='par_1_8' title="bbox 531 1064 2118 1136">
     <span class='ocr_line' id='line_1_8' title="bbox 531 1064 2118 1136; baseline 0 -18"><span class='ocrx_word' id='word_1_45' title='bbox 531 1075 795 1136; x_wconf 85' lang='lat' dir='ltr'><strong>quatenus</strong></span> <span class='ocrx_word' id='word_1_46' title='bbox 837 1065 1201 1136; x_wconf 87' lang='lat' dir='ltr'><strong>accipiendam</strong></span> <span class='ocrx_word' id='word_1_47' title='bbox 1251 1065 1391 1120; x_wconf 92' lang='lat' dir='ltr'><strong>hanc</strong></span> <span class='ocrx_word' id='word_1_48' title='bbox 1441 1065 1534 1120; x_wconf 91' lang='lat' dir='ltr'><strong>Dei</strong></span> <span class='ocrx_word' id='word_1_49' title='bbox 1573 1064 1986 1135; x_wconf 79' lang='lat' dir='ltr'><strong>diSputationem</strong></span> <span class='ocrx_word' id='word_1_50' title='bbox 2017 1079 2118 1135; x_wconf 85' lang='lat' dir='ltr'><strong>pu-</strong></span> 
     </span>
    </p>
   </div>
   <div class='ocr_carea' id='block_1_9' title="bbox 532 1155 2119 1226">
    <p class='ocr_par' dir='ltr' id='par_1_9' title="bbox 532 1155 2119 1226">
     <span class='ocr_line' id='line_1_9' title="bbox 532 1155 2119 1226; baseline 0.001 -16"><span class='ocrx_word' id='word_1_51' title='bbox 532 1155 670 1210; x_wconf 89' lang='lat' dir='ltr'><strong>tabis</strong></span> <span class='ocrx_word' id='word_1_52' title='bbox 692 1197 708 1224; x_wconf 95' lang='lat'><strong>,</strong></span> <span class='ocrx_word' id='word_1_53' title='bbox 737 1155 986 1212; x_wconf 82' lang='lat' dir='ltr'><strong>videlicet</strong></span> <span class='ocrx_word' id='word_1_54' title='bbox 1026 1166 1084 1211; x_wconf 90' lang='lat' dir='ltr'><strong>ut</strong></span> <span class='ocrx_word' id='word_1_55' title='bbox 1128 1165 1405 1226; x_wconf 89' lang='lat' dir='ltr'><strong>parentum</strong></span> <span class='ocrx_word' id='word_1_56' title='bbox 1430 1199 1446 1222; x_wconf 94' lang='lat'><strong>,</strong></span> <span class='ocrx_word' id='word_1_57' title='bbox 1491 1156 1630 1211; x_wconf 90' lang='lat' dir='ltr'><strong>sicut</strong></span> <span class='ocrx_word' id='word_1_58' title='bbox 1659 1171 1757 1211; x_wconf 91' lang='lat' dir='ltr'><strong>nec</strong></span> <span class='ocrx_word' id='word_1_59' title='bbox 1786 1155 1981 1211; x_wconf 88' lang='lat' dir='ltr'><strong>adultis</strong></span> <span class='ocrx_word' id='word_1_60' title='bbox 2003 1197 2019 1222; x_wconf 92' lang='lat'><strong>,</strong></span> <span class='ocrx_word' id='word_1_61' title='bbox 2048 1157 2119 1212; x_wconf 85' lang='lat' dir='ltr'><strong>ita</strong></span> 
     </span>
    </p>
   </div>
   <div class='ocr_carea' id='block_1_10' title="bbox 533 1247 2121 1304">
    <p class='ocr_par' dir='ltr' id='par_1_10' title="bbox 533 1247 2121 1304">
     <span class='ocr_line' id='line_1_10' title="bbox 533 1247 2121 1304; baseline 0.002 -4"><span class='ocrx_word' id='word_1_62' title='bbox 533 1260 634 1302; x_wconf 85' lang='lat' dir='ltr'><strong>nec</strong></span> <span class='ocrx_word' id='word_1_63' title='bbox 669 1248 1010 1302; x_wconf 88' lang='lat' dir='ltr'><strong>nascentibus</strong></span> <span class='ocrx_word' id='word_1_64' title='bbox 1042 1247 1162 1303; x_wconf 88' lang='lat' dir='ltr'><strong>ﬁliis</strong></span> <span class='ocrx_word' id='word_1_65' title='bbox 1199 1247 1376 1303; x_wconf 90' lang='lat' dir='ltr'><strong>obsint</strong></span> <span class='ocrx_word' id='word_1_66' title='bbox 1403 1247 1596 1303; x_wconf 88' lang='lat' dir='ltr'><strong>delicta</strong></span> <span class='ocrx_word' id='word_1_67' title='bbox 1617 1249 1643 1302; x_wconf 87' lang='lat'><strong>?</strong></span> <span class='ocrx_word' id='word_1_68' title='bbox 1683 1247 1768 1302; x_wconf 83' lang='lat' dir='ltr'><strong>An</strong></span> <span class='ocrx_word' id='word_1_69' title='bbox 1797 1256 1855 1303; x_wconf 91' lang='lat' dir='ltr'><strong>ut</strong></span> <span class='ocrx_word' id='word_1_70' title='bbox 1888 1256 2121 1304; x_wconf 85' lang='lat' dir='ltr'><strong>tantum-</strong></span> 
     </span>
    </p>
   </div>
   <div class='ocr_carea' id='block_1_11' title="bbox 531 1338 2120 1410">
    <p class='ocr_par' dir='ltr' id='par_1_11' title="bbox 531 1338 2120 1410">
     <span class='ocr_line' id='line_1_11' title="bbox 531 1338 2120 1410; baseline 0.003 -18"><span class='ocrx_word' id='word_1_71' title='bbox 531 1338 692 1393; x_wconf 90' lang='lat' dir='ltr'><strong>modo</strong></span> <span class='ocrx_word' id='word_1_72' title='bbox 711 1338 821 1408; x_wconf 90' lang='lat' dir='ltr'><strong>jam</strong></span> <span class='ocrx_word' id='word_1_73' title='bbox 851 1339 1147 1410; x_wconf 78' lang='lat' dir='ltr'><strong>grandioris</strong></span> <span class='ocrx_word' id='word_1_74' title='bbox 1175 1338 1349 1394; x_wconf 79' lang='lat' dir='ltr'><strong>:etatis</strong></span> <span class='ocrx_word' id='word_1_75' title='bbox 1383 1347 1439 1395; x_wconf 93' lang='lat' dir='ltr'><strong>et</strong></span> <span class='ocrx_word' id='word_1_76' title='bbox 1475 1339 1733 1409; x_wconf 82' lang='lat' dir='ltr'><strong>justitiam</strong></span> <span class='ocrx_word' id='word_1_77' title='bbox 1774 1339 2120 1409; x_wconf 85' lang='lat' dir='ltr'><strong>operantibus</strong></span> 
     </span>
    </p>
   </div>
   <div class='ocr_carea' id='block_1_12' title="bbox 531 1431 2120 1504">
    <p class='ocr_par' dir='ltr' id='par_1_12' title="bbox 531 1431 2120 1504">
     <span class='ocr_line' id='line_1_12' title="bbox 531 1431 2120 1504; baseline 0.002 -20"><span class='ocrx_word' id='word_1_78' title='bbox 531 1444 637 1486; x_wconf 91' lang='lat' dir='ltr'><strong>non</strong></span> <span class='ocrx_word' id='word_1_79' title='bbox 665 1431 907 1487; x_wconf 88' lang='lat' dir='ltr'><strong>siuantur</strong></span> <span class='ocrx_word' id='word_1_80' title='bbox 931 1445 1158 1498; x_wconf 88' lang='lat' dir='ltr'><strong>nocere;</strong></span> <span class='ocrx_word' id='word_1_81' title='bbox 1193 1432 1438 1502; x_wconf 90' lang='lat' dir='ltr'><strong>parvulos</strong></span> <span class='ocrx_word' id='word_1_82' title='bbox 1462 1441 1642 1488; x_wconf 88' lang='lat' dir='ltr'><strong>autem</strong></span> <span class='ocrx_word' id='word_1_83' title='bbox 1662 1474 1678 1498; x_wconf 94' lang='lat'><strong>,</strong></span> <span class='ocrx_word' id='word_1_84' title='bbox 1706 1439 1992 1502; x_wconf 88' lang='lat' dir='ltr'><strong>antequam</strong></span> <span class='ocrx_word' id='word_1_85' title='bbox 2024 1449 2120 1504; x_wconf 91' lang='lat' dir='ltr'><strong>per</strong></span> 
     </span>
    </p>
   </div>
   <div class='ocr_carea' id='block_1_13' title="bbox 533 1523 2118 1594">
    <p class='ocr_par' dir='ltr' id='par_1_13' title="bbox 533 1523 2118 1594">
     <span class='ocr_line' id='line_1_13' title="bbox 533 1523 2118 1594; baseline 0.001 -17"><span class='ocrx_word' id='word_1_86' title='bbox 533 1523 801 1593; x_wconf 88' lang='lat' dir='ltr'><strong>propriam</strong></span> <span class='ocrx_word' id='word_1_87' title='bbox 822 1523 1084 1594; x_wconf 88' lang='lat' dir='ltr'><strong>justitiam</strong></span> <span class='ocrx_word' id='word_1_88' title='bbox 1113 1524 1353 1580; x_wconf 86' lang='lat' dir='ltr'><strong>naturale</strong></span> <span class='ocrx_word' id='word_1_89' title='bbox 1377 1525 1522 1580; x_wconf 89' lang='lat' dir='ltr'><strong>virus</strong></span> <span class='ocrx_word' id='word_1_90' title='bbox 1564 1525 1882 1580; x_wconf 82' lang='lat' dir='ltr'><strong>exhauriant</strong></span> <span class='ocrx_word' id='word_1_91' title='bbox 1909 1526 1950 1590; x_wconf 76' lang='grc' dir='ltr'><strong>ί,</strong></span> <span class='ocrx_word' id='word_1_92' title='bbox 1995 1538 2118 1578; x_wconf 90' lang='lat' dir='ltr'><strong>see-</strong></span> 
     </span>
    </p>
   </div>
   <div class='ocr_carea' id='block_1_14' title="bbox 531 1613 2116 1687">
    <p class='ocr_par' dir='ltr' id='par_1_14' title="bbox 531 1613 2116 1687">
     <span class='ocr_line' id='line_1_14' title="bbox 531 1613 2116 1687; baseline 0.001 -18"><span class='ocrx_word' id='word_1_93' title='bbox 531 1615 644 1671; x_wconf 86' lang='lat' dir='ltr'><strong>lere</strong></span> <span class='ocrx_word' id='word_1_94' title='bbox 670 1616 1038 1686; x_wconf 88' lang='lat' dir='ltr'><strong>generantium</strong></span> <span class='ocrx_word' id='word_1_95' title='bbox 1064 1615 1275 1686; x_wconf 87' lang='lat' dir='ltr'><strong>gravari</strong></span> <span class='ocrx_word' id='word_1_96' title='bbox 1299 1658 1314 1682; x_wconf 92' lang='lat'><strong>,</strong></span> <span class='ocrx_word' id='word_1_97' title='bbox 1347 1616 1528 1686; x_wconf 84' lang='lat' dir='ltr'><strong>sicque</strong></span> <span class='ocrx_word' id='word_1_98' title='bbox 1557 1616 1648 1672; x_wconf 84' lang='lat' dir='ltr'><strong>ﬁat</strong></span> <span class='ocrx_word' id='word_1_99' title='bbox 1687 1614 1830 1687; x_wconf 87' lang='lat' dir='ltr'><strong>quod</strong></span> <span class='ocrx_word' id='word_1_100' title='bbox 1861 1629 1957 1684; x_wconf 87' lang='lat' dir='ltr'><strong>per</strong></span> <span class='ocrx_word' id='word_1_101' title='bbox 1981 1613 2116 1670; x_wconf 79' lang='lat' dir='ltr'><strong>Pro-</strong></span> 
     </span>
    </p>
   </div>
   <div class='ocr_carea' id='block_1_15' title="bbox 529 1704 1462 1778">
    <p class='ocr_par' dir='ltr' id='par_1_15' title="bbox 529 1704 1462 1778">
     <span class='ocr_line' id='line_1_15' title="bbox 529 1704 1462 1778; baseline 0.003 -19"><span class='ocrx_word' id='word_1_102' title='bbox 529 1704 742 1774; x_wconf 89' lang='lat' dir='ltr'><strong>phetam</strong></span> <span class='ocrx_word' id='word_1_103' title='bbox 770 1707 908 1761; x_wconf 90' lang='lat' dir='ltr'><strong>Deus</strong></span> <span class='ocrx_word' id='word_1_104' title='bbox 937 1706 1172 1761; x_wconf 86' lang='lat' dir='ltr'><strong>futurum</strong></span> <span class='ocrx_word' id='word_1_105' title='bbox 1203 1707 1462 1778; x_wconf 88' lang='lat' dir='ltr'><strong>negavit?</strong></span> 
     </span>
    </p>
   </div>
   <div class='ocr_carea' id='block_1_16' title="bbox 599 1797 2117 1869">
    <p class='ocr_par' dir='ltr' id='par_1_16' title="bbox 599 1797 2117 1869">
     <span class='ocr_line' id='line_1_16' title="bbox 599 1797 2117 1869; baseline 0.001 -18"><span class='ocrx_word' id='word_1_106' title='bbox 599 1802 733 1854; x_wconf 75' lang='lat' dir='ltr'><strong>Aea.</strong></span> <span class='ocrx_word' id='word_1_107' title='bbox 777 1797 889 1853; x_wconf 91' lang='lat' dir='ltr'><strong>lmo</strong></span> <span class='ocrx_word' id='word_1_108' title='bbox 919 1799 996 1853; x_wconf 91' lang='lat' dir='ltr'><strong>sic</strong></span> <span class='ocrx_word' id='word_1_109' title='bbox 1019 1799 1077 1852; x_wconf 89' lang='lat' dir='ltr'><strong>ﬁt</strong></span> <span class='ocrx_word' id='word_1_110' title='bbox 1101 1799 1242 1869; x_wconf 91' lang='lat' dir='ltr'><strong>quod</strong></span> <span class='ocrx_word' id='word_1_111' title='bbox 1265 1799 1370 1854; x_wconf 90' lang='lat' dir='ltr'><strong>alio</strong></span> <span class='ocrx_word' id='word_1_112' title='bbox 1397 1798 1515 1854; x_wconf 91' lang='lat' dir='ltr'><strong>loco</strong></span> <span class='ocrx_word' id='word_1_113' title='bbox 1537 1797 1666 1853; x_wconf 89' lang='lat' dir='ltr'><strong>dicit</strong></span> <span class='ocrx_word' id='word_1_114' title='bbox 1693 1798 1853 1866; x_wconf 87' lang='lat' dir='ltr'><strong>Deus,</strong></span> <span class='ocrx_word' id='word_1_115' title='bbox 1887 1798 2117 1853; x_wconf 81' lang='lat' dir='ltr'><strong>Reddam</strong></span> 
     </span>
    </p>
   </div>
   <div class='ocr_carea' id='block_1_17' title="bbox 531 1887 2119 1960">
    <p class='ocr_par' dir='ltr' id='par_1_17' title="bbox 531 1887 2119 1960">
     <span class='ocr_line' id='line_1_17' title="bbox 531 1887 2119 1960; baseline 0.001 -18"><span class='ocrx_word' id='word_1_116' title='bbox 531 1899 735 1957; x_wconf 81' lang='lat' dir='ltr'><strong>peccata</strong></span> <span class='ocrx_word' id='word_1_117' title='bbox 752 1899 953 1959; x_wconf 80' lang='lat' dir='ltr'><strong>patrum</strong></span> <span class='ocrx_word' id='word_1_118' title='bbox 968 1890 1021 1943; x_wconf 84' lang='lat' dir='ltr'><strong>in</strong></span> <span class='ocrx_word' id='word_1_119' title='bbox 1037 1889 1174 1960; x_wconf 73' lang='lat' dir='ltr'><strong>ﬁlios</strong></span> <span class='ocrx_word' id='word_1_120' title='bbox 1195 1889 1384 1960; x_wconf 85' lang='lat' dir='ltr'><strong>(Deut.</strong></span> <span class='ocrx_word' id='word_1_121' title='bbox 1414 1905 1470 1958; x_wconf 89' lang='lat' dir='ltr'><strong>v,</strong></span> <span class='ocrx_word' id='word_1_122' title='bbox 1493 1889 1580 1960; x_wconf 83' lang='lat'><strong>9).</strong></span> <span class='ocrx_word' id='word_1_123' title='bbox 1601 1887 1732 1944; x_wconf 90' lang='lat' dir='ltr'><strong>Cum</strong></span> <span class='ocrx_word' id='word_1_124' title='bbox 1749 1889 1888 1944; x_wconf 91' lang='lat' dir='ltr'><strong>enim</strong></span> <span class='ocrx_word' id='word_1_125' title='bbox 1914 1898 2119 1944; x_wconf 90' lang='lat' dir='ltr'><strong>utrum-</strong></span> 
     </span>
    </p>
   </div>
   <div class='ocr_carea' id='block_1_18' title="bbox 525 1978 2117 2050">
    <p class='ocr_par' dir='ltr' id='par_1_18' title="bbox 525 1978 2117 2050">
     <span class='ocr_line' id='line_1_18' title="bbox 525 1978 2117 2050; baseline 0.001 -17"><span class='ocrx_word' id='word_1_126' title='bbox 525 1994 628 2048; x_wconf 73' lang='lat' dir='ltr'><strong>que</strong></span> <span class='ocrx_word' id='word_1_127' title='bbox 650 1979 764 2050; x_wconf 89' lang='lat' dir='ltr'><strong>ipse</strong></span> <span class='ocrx_word' id='word_1_128' title='bbox 782 1978 944 2044; x_wconf 88' lang='lat' dir='ltr'><strong>dicat,</strong></span> <span class='ocrx_word' id='word_1_129' title='bbox 969 1978 1022 2034; x_wconf 89' lang='lat' dir='ltr'><strong>id</strong></span> <span class='ocrx_word' id='word_1_130' title='bbox 1041 1987 1147 2047; x_wconf 90' lang='lat' dir='ltr'><strong>est,</strong></span> <span class='ocrx_word' id='word_1_131' title='bbox 1167 1990 1221 2035; x_wconf 91' lang='lat' dir='ltr'><strong>et</strong></span> <span class='ocrx_word' id='word_1_132' title='bbox 1241 1989 1450 2050; x_wconf 87' lang='lat' dir='ltr'><strong>patrum</strong></span> <span class='ocrx_word' id='word_1_133' title='bbox 1475 1979 1541 2034; x_wconf 94' lang='lat' dir='ltr'><strong>ad</strong></span> <span class='ocrx_word' id='word_1_134' title='bbox 1565 1978 1703 2034; x_wconf 88' lang='lat' dir='ltr'><strong>ﬁlios</strong></span> <span class='ocrx_word' id='word_1_135' title='bbox 1723 1994 1827 2034; x_wconf 91' lang='lat' dir='ltr'><strong>non</strong></span> <span class='ocrx_word' id='word_1_136' title='bbox 1846 1979 2117 2050; x_wconf 89' lang='lat' dir='ltr'><strong>pertinere</strong></span> 
     </span>
    </p>
   </div>
   <div class='ocr_carea' id='block_1_19' title="bbox 525 2071 2116 2142">
    <p class='ocr_par' dir='ltr' id='par_1_19' title="bbox 525 2071 2116 2142">
     <span class='ocr_line' id='line_1_19' title="bbox 525 2071 2116 2142; baseline -0.001 -16"><span class='ocrx_word' id='word_1_137' title='bbox 525 2081 740 2142; x_wconf 90' lang='lat' dir='ltr'><strong>peccata</strong></span> <span class='ocrx_word' id='word_1_138' title='bbox 760 2113 776 2136; x_wconf 91' lang='lat'><strong>,</strong></span> <span class='ocrx_word' id='word_1_139' title='bbox 801 2080 854 2127; x_wconf 93' lang='lat' dir='ltr'><strong>et</strong></span> <span class='ocrx_word' id='word_1_140' title='bbox 881 2071 1107 2127; x_wconf 85' lang='lat' dir='ltr'><strong>reddere</strong></span> <span class='ocrx_word' id='word_1_141' title='bbox 1133 2087 1195 2127; x_wconf 89' lang='lat' dir='ltr'><strong>se</strong></span> <span class='ocrx_word' id='word_1_142' title='bbox 1232 2072 1283 2126; x_wconf 93' lang='lat' dir='ltr'><strong>in</strong></span> <span class='ocrx_word' id='word_1_143' title='bbox 1325 2071 1462 2126; x_wconf 86' lang='lat' dir='ltr'><strong>filios</strong></span> <span class='ocrx_word' id='word_1_144' title='bbox 1487 2079 1695 2142; x_wconf 88' lang='lat' dir='ltr'><strong>patrum</strong></span> <span class='ocrx_word' id='word_1_145' title='bbox 1730 2079 1977 2140; x_wconf 85' lang='lat' dir='ltr'><strong>peccata,</strong></span> <span class='ocrx_word' id='word_1_146' title='bbox 2009 2085 2116 2125; x_wconf 90' lang='lat' dir='ltr'><strong>non</strong></span> 
     </span>
    </p>
   </div>
   <div class='ocr_carea' id='block_1_20' title="bbox 429 2161 2117 2234">
    <p class='ocr_par' dir='ltr' id='par_1_20' title="bbox 429 2161 2117 2234">
     <span class='ocr_line' id='line_1_20' title="bbox 429 2161 2117 2234; baseline 0.001 -19"><span class='ocrx_word' id='word_1_147' title='bbox 429 2199 436 2204; x_wconf 82' lang='lat'><strong><em>-</em></strong></span> <span class='ocrx_word' id='word_1_148' title='bbox 524 2171 700 2228; x_wconf 86' lang='lat' dir='ltr'><strong>potest</strong></span> <span class='ocrx_word' id='word_1_149' title='bbox 722 2166 901 2234; x_wconf 85' lang='lat' dir='ltr'><strong>utique</strong></span> <span class='ocrx_word' id='word_1_150' title='bbox 922 2163 1023 2218; x_wconf 89' lang='lat' dir='ltr'><strong>sibi</strong></span> <span class='ocrx_word' id='word_1_151' title='bbox 1053 2177 1174 2219; x_wconf 88' lang='lat' dir='ltr'><strong>esse</strong></span> <span class='ocrx_word' id='word_1_152' title='bbox 1199 2165 1516 2219; x_wconf 87' lang='lat' dir='ltr'><strong>contrarius.</strong></span> <span class='ocrx_word' id='word_1_153' title='bbox 1547 2161 1615 2217; x_wconf 85' lang='lat' dir='ltr'><strong>Et</strong></span> <span class='ocrx_word' id='word_1_154' title='bbox 1639 2161 1760 2218; x_wconf 87' lang='lat' dir='ltr'><strong>ideo</strong></span> <span class='ocrx_word' id='word_1_155' title='bbox 1778 2169 1946 2229; x_wconf 88' lang='lat' dir='ltr'><strong>recte,</strong></span> <span class='ocrx_word' id='word_1_156' title='bbox 1968 2175 2117 2232; x_wconf 45' lang='lat' dir='ltr'><strong>qua»</strong></span> 
     </span>
    </p>
   </div>
   <div class='ocr_carea' id='block_1_21' title="bbox 524 2252 2114 2326">
    <p class='ocr_par' dir='ltr' id='par_1_21' title="bbox 524 2252 2114 2326">
     <span class='ocr_line' id='line_1_21' title="bbox 524 2252 2114 2326; baseline -0.001 -19"><span class='ocrx_word' id='word_1_157' title='bbox 524 2255 762 2310; x_wconf 88' lang='lat' dir='ltr'><strong>rentibus</strong></span> <span class='ocrx_word' id='word_1_158' title='bbox 786 2253 1056 2324; x_wconf 89' lang='lat' dir='ltr'><strong>quomodo</strong></span> <span class='ocrx_word' id='word_1_159' title='bbox 1081 2264 1366 2326; x_wconf 92' lang='lat' dir='ltr'><strong>utrumque</strong></span> <span class='ocrx_word' id='word_1_160' title='bbox 1394 2254 1466 2310; x_wconf 88' lang='lat' dir='ltr'><strong>sit</strong></span> <span class='ocrx_word' id='word_1_161' title='bbox 1492 2268 1699 2317; x_wconf 88' lang='lat' dir='ltr'><strong>verum,</strong></span> <span class='ocrx_word' id='word_1_162' title='bbox 1728 2267 1894 2308; x_wconf 93' lang='lat' dir='ltr'><strong>unum</strong></span> <span class='ocrx_word' id='word_1_163' title='bbox 1921 2252 2114 2307; x_wconf 82' lang='lat' dir='ltr'><strong>horum</strong></span> 
     </span>
    </p>
   </div>
   <div class='ocr_carea' id='block_1_22' title="bbox 523 2344 2117 2416">
    <p class='ocr_par' dir='ltr' id='par_1_22' title="bbox 523 2344 2117 2416">
     <span class='ocr_line' id='line_1_22' title="bbox 523 2344 2117 2416; baseline -0.002 -16"><span class='ocrx_word' id='word_1_164' title='bbox 523 2346 852 2414; x_wconf 82' lang='lat' dir='ltr'><strong>generationi</strong></span> <span class='ocrx_word' id='word_1_165' title='bbox 876 2387 892 2412; x_wconf 93' lang='lat'><strong>,</strong></span> <span class='ocrx_word' id='word_1_166' title='bbox 925 2346 1154 2401; x_wconf 89' lang='lat' dir='ltr'><strong>alterum</strong></span> <span class='ocrx_word' id='word_1_167' title='bbox 1185 2345 1574 2416; x_wconf 85' lang='lat' dir='ltr'><strong>regenerationi</strong></span> <span class='ocrx_word' id='word_1_168' title='bbox 1623 2344 1932 2414; x_wconf 75' lang='lat' dir='ltr'><strong>intelligitur</strong></span> <span class='ocrx_word' id='word_1_169' title='bbox 1985 2358 2117 2399; x_wconf 81' lang='lat' dir='ltr'><strong>con-</strong></span> 
     </span>
    </p>
   </div>
   <div class='ocr_carea' id='block_1_23' title="bbox 526 2434 2114 2507">
    <p class='ocr_par' dir='ltr' id='par_1_23' title="bbox 526 2434 2114 2507">
     <span class='ocr_line' id='line_1_23' title="bbox 526 2434 2114 2507; baseline 0 -19"><span class='ocrx_word' id='word_1_170' title='bbox 526 2436 727 2490; x_wconf 86' lang='lat' dir='ltr'><strong>venire.</strong></span> <span class='ocrx_word' id='word_1_171' title='bbox 759 2435 838 2490; x_wconf 85' lang='lat' dir='ltr'><strong>Tu</strong></span> <span class='ocrx_word' id='word_1_172' title='bbox 865 2436 954 2506; x_wconf 86' lang='lat' dir='ltr'><strong>qui</strong></span> <span class='ocrx_word' id='word_1_173' title='bbox 1001 2437 1260 2507; x_wconf 88' lang='lat' dir='ltr'><strong>pervertis</strong></span> <span class='ocrx_word' id='word_1_174' title='bbox 1301 2450 1395 2491; x_wconf 92' lang='lat' dir='ltr'><strong>cor</strong></span> <span class='ocrx_word' id='word_1_175' title='bbox 1423 2443 1571 2490; x_wconf 91' lang='lat' dir='ltr'><strong>tuum</strong></span> <span class='ocrx_word' id='word_1_176' title='bbox 1601 2436 1655 2502; x_wconf 81' lang='grc'><em>³,</em></span> <span class='ocrx_word' id='word_1_177' title='bbox 1682 2449 1813 2490; x_wconf 87' lang='lat' dir='ltr'><strong>cave</strong></span> <span class='ocrx_word' id='word_1_178' title='bbox 1841 2434 2026 2501; x_wconf 89' lang='lat' dir='ltr'><strong>illum;</strong></span> <span class='ocrx_word' id='word_1_179' title='bbox 2057 2442 2114 2489; x_wconf 91' lang='lat' dir='ltr'><strong>et</strong></span> 
     </span>
    </p>
   </div>
   <div class='ocr_carea' id='block_1_24' title="bbox 530 2526 1767 2598">
    <p class='ocr_par' dir='ltr' id='par_1_24' title="bbox 530 2526 1767 2598">
     <span class='ocr_line' id='line_1_24' title="bbox 530 2526 1767 2598; baseline -0.001 -17"><span class='ocrx_word' id='word_1_180' title='bbox 530 2527 674 2598; x_wconf 82' lang='lat' dir='ltr'><strong>quod</strong></span> <span class='ocrx_word' id='word_1_181' title='bbox 700 2543 882 2582; x_wconf 83' lang='lat' dir='ltr'><strong>verum</strong></span> <span class='ocrx_word' id='word_1_182' title='bbox 907 2527 1058 2582; x_wconf 88' lang='lat' dir='ltr'><strong>audis</strong></span> <span class='ocrx_word' id='word_1_183' title='bbox 1081 2567 1097 2594; x_wconf 94' lang='lat'><strong>,</strong></span> <span class='ocrx_word' id='word_1_184' title='bbox 1126 2543 1231 2582; x_wconf 93' lang='lat' dir='ltr'><strong>non</strong></span> <span class='ocrx_word' id='word_1_185' title='bbox 1259 2527 1474 2582; x_wconf 87' lang='lat' dir='ltr'><strong>vocabis</strong></span> <span class='ocrx_word' id='word_1_186' title='bbox 1499 2526 1767 2582; x_wconf 86' lang='lat' dir='ltr'><strong>cavillum.</strong></span> 
     </span>
    </p>
   </div>
   <div class='ocr_carea' id='block_1_25' title="bbox 599 2616 2114 2688">
    <p class='ocr_par' dir='ltr' id='par_1_25' title="bbox 599 2616 2114 2688">
     <span class='ocr_line' id='line_1_25' title="bbox 599 2616 2114 2688; baseline 0.002 -16"><span class='ocrx_word' id='word_1_187' title='bbox 599 2617 683 2672; x_wconf 74' lang='grc' dir='ltr'>ιι.</span> <span class='ocrx_word' id='word_1_188' title='bbox 723 2617 842 2673; x_wconf 64' lang='lat' dir='ltr'><strong>Jun.</strong></span> <span class='ocrx_word' id='word_1_189' title='bbox 881 2617 985 2672; x_wconf 91' lang='lat' dir='ltr'><strong>Sed</strong></span> <span class='ocrx_word' id='word_1_190' title='bbox 1015 2617 1084 2672; x_wconf 87' lang='lat' dir='ltr'><strong>ad</strong></span> <span class='ocrx_word' id='word_1_191' title='bbox 1122 2616 1224 2672; x_wconf 89' lang='lat' dir='ltr'><strong>hoc</strong></span> <span class='ocrx_word' id='word_1_192' title='bbox 1253 2632 1352 2672; x_wconf 89' lang='lat' dir='ltr'><strong>nos</strong></span> <span class='ocrx_word' id='word_1_193' title='bbox 1393 2616 1692 2672; x_wconf 77' lang='lat' dir='ltr'><strong>referimus.</strong></span> <span class='ocrx_word' id='word_1_194' title='bbox 1725 2617 1792 2671; x_wconf 81' lang='lat' dir='ltr'><strong>Et</strong></span> <span class='ocrx_word' id='word_1_195' title='bbox 1833 2616 1961 2672; x_wconf 89' lang='lat' dir='ltr'><strong>illud</strong></span> <span class='ocrx_word' id='word_1_196' title='bbox 1985 2631 2114 2688; x_wconf 83' lang='lat' dir='ltr'><strong>ergo</strong></span> 
     </span>
    </p>
   </div>
   <div class='ocr_carea' id='block_1_26' title="bbox 523 2707 2113 2782">
    <p class='ocr_par' dir='ltr' id='par_1_26' title="bbox 523 2707 2113 2782">
     <span class='ocr_line' id='line_1_26' title="bbox 523 2707 2113 2782; baseline -0.001 -16"><span class='ocrx_word' id='word_1_197' title='bbox 523 2710 666 2766; x_wconf 86' lang='lat' dir='ltr'><strong>aliud</strong></span> <span class='ocrx_word' id='word_1_198' title='bbox 685 2751 701 2775; x_wconf 93' lang='lat'><strong>,</strong></span> <span class='ocrx_word' id='word_1_199' title='bbox 730 2709 872 2782; x_wconf 90' lang='lat' dir='ltr'><strong>quod</strong></span> <span class='ocrx_word' id='word_1_200' title='bbox 897 2709 1113 2780; x_wconf 89' lang='lat' dir='ltr'><strong>paribus</strong></span> <span class='ocrx_word' id='word_1_201' title='bbox 1141 2710 1428 2766; x_wconf 89' lang='lat' dir='ltr'><strong>momentis</strong></span> <span class='ocrx_word' id='word_1_202' title='bbox 1453 2708 1795 2780; x_wconf 91' lang='lat' dir='ltr'><strong>appenditur,</strong></span> <span class='ocrx_word' id='word_1_203' title='bbox 1839 2707 1952 2765; x_wconf 90' lang='lat' dir='ltr'><strong>ﬁeri</strong></span> <span class='ocrx_word' id='word_1_204' title='bbox 1985 2723 2113 2779; x_wconf 88' lang='lat' dir='ltr'><strong>pro-</strong></span> 
     </span>
    </p>
   </div>
   <div class='ocr_carea' id='block_1_27' title="bbox 437 2800 2109 2871">
    <p class='ocr_par' dir='ltr' id='par_1_27' title="bbox 437 2800 2109 2871">
     <span class='ocr_line' id='line_1_27' title="bbox 437 2800 2109 2871; baseline -0.001 -15"><span class='ocrx_word' id='word_1_205' title='bbox 437 2839 448 2847; x_wconf 78' lang='lat'><strong>.</strong></span> <span class='ocrx_word' id='word_1_206' title='bbox 527 2801 679 2857; x_wconf 90' lang='lat' dir='ltr'><strong>ﬁtere</strong></span> <span class='ocrx_word' id='word_1_207' title='bbox 700 2842 716 2867; x_wconf 91' lang='lat'><strong>,</strong></span> <span class='ocrx_word' id='word_1_208' title='bbox 748 2800 800 2856; x_wconf 90' lang='lat' dir='ltr'><strong>id</strong></span> <span class='ocrx_word' id='word_1_209' title='bbox 820 2808 904 2858; x_wconf 90' lang='lat' dir='ltr'><strong>est</strong></span> <span class='ocrx_word' id='word_1_210' title='bbox 921 2843 936 2865; x_wconf 89' lang='lat'><strong>,</strong></span> <span class='ocrx_word' id='word_1_211' title='bbox 961 2809 1019 2855; x_wconf 91' lang='lat' dir='ltr'><strong>ut</strong></span> <span class='ocrx_word' id='word_1_212' title='bbox 1040 2800 1264 2871; x_wconf 70' lang='lat' dir='ltr'><strong>justitia:</strong></span> <span class='ocrx_word' id='word_1_213' title='bbox 1300 2810 1580 2871; x_wconf 89' lang='lat' dir='ltr'><strong>parentum</strong></span> <span class='ocrx_word' id='word_1_214' title='bbox 1603 2801 1725 2856; x_wconf 85' lang='lat' dir='ltr'><strong>ﬁliis</strong></span> <span class='ocrx_word' id='word_1_215' title='bbox 1749 2801 1861 2856; x_wconf 87' lang='lat' dir='ltr'><strong>suis</strong></span> <span class='ocrx_word' id='word_1_216' title='bbox 1886 2801 2109 2871; x_wconf 85' lang='lat' dir='ltr'><strong>prosint,</strong></span> 
     </span>
    </p>
   </div>
   <div class='ocr_carea' id='block_1_28' title="bbox 522 2891 2112 2965">
    <p class='ocr_par' dir='ltr' id='par_1_28' title="bbox 522 2891 2112 2965">
     <span class='ocr_line' id='line_1_28' title="bbox 522 2891 2112 2965; baseline -0.001 -17"><span class='ocrx_word' id='word_1_217' title='bbox 522 2908 724 2964; x_wconf 87' lang='lat' dir='ltr'><strong>eosque</strong></span> <span class='ocrx_word' id='word_1_218' title='bbox 752 2893 1086 2949; x_wconf 90' lang='lat' dir='ltr'><strong>sanctiﬁcent</strong></span> <span class='ocrx_word' id='word_1_219' title='bbox 1108 2933 1124 2956; x_wconf 88' lang='lat'><strong>.</strong></span> <span class='ocrx_word' id='word_1_220' title='bbox 1154 2901 1314 2965; x_wconf 90' lang='lat' dir='ltr'><strong>atque</strong></span> <span class='ocrx_word' id='word_1_221' title='bbox 1353 2893 1459 2949; x_wconf 90' lang='lat' dir='ltr'><strong>illis</strong></span> <span class='ocrx_word' id='word_1_222' title='bbox 1497 2891 1865 2948; x_wconf 91' lang='lat' dir='ltr'><strong>tantummodo</strong></span> <span class='ocrx_word' id='word_1_223' title='bbox 1892 2908 1996 2948; x_wconf 93' lang='lat' dir='ltr'><strong>non</strong></span> <span class='ocrx_word' id='word_1_224' title='bbox 2026 2892 2112 2949; x_wconf 88' lang='lat' dir='ltr'><strong>di-</strong></span> 
     </span>
    </p>
   </div>
   <div class='ocr_carea' id='block_1_29' title="bbox 523 2983 2111 3055">
    <p class='ocr_par' dir='ltr' id='par_1_29' title="bbox 523 2983 2111 3055">
     <span class='ocr_line' id='line_1_29' title="bbox 523 2983 2111 3055; baseline 0.002 -18"><span class='ocrx_word' id='word_1_225' title='bbox 523 2992 716 3038; x_wconf 82' lang='lat' dir='ltr'><strong>cantur</strong></span> <span class='ocrx_word' id='word_1_226' title='bbox 737 2983 1024 3053; x_wconf 89' lang='lat' dir='ltr'><strong>prodesse,</strong></span> <span class='ocrx_word' id='word_1_227' title='bbox 1056 2983 1148 3054; x_wconf 87' lang='lat' dir='ltr'><strong>qui</strong></span> <span class='ocrx_word' id='word_1_228' title='bbox 1174 2983 1475 3055; x_wconf 82' lang='lat' dir='ltr'><strong>grandioris</strong></span> <span class='ocrx_word' id='word_1_229' title='bbox 1504 2983 1616 3054; x_wconf 91' lang='lat' dir='ltr'><strong>jam</strong></span> <span class='ocrx_word' id='word_1_230' title='bbox 1641 2983 1760 3048; x_wconf 67' lang='lat' dir='ltr'><strong>navi,</strong></span> <span class='ocrx_word' id='word_1_231' title='bbox 1793 2984 1997 3041; x_wconf 80' lang='lat' dir='ltr'><strong>natales</strong></span> <span class='ocrx_word' id='word_1_232' title='bbox 2016 2983 2111 3055; x_wconf 89' lang='lat' dir='ltr'><strong>ju-</strong></span> 
     </span>
    </p>
   </div>
   <div class='ocr_carea' id='block_1_30' title="bbox 521 3075 2111 3149">
    <p class='ocr_par' dir='ltr' id='par_1_30' title="bbox 521 3075 2111 3149">
     <span class='ocr_line' id='line_1_30' title="bbox 521 3075 2111 3149; baseline 0.004 -21"><span class='ocrx_word' id='word_1_233' title='bbox 521 3075 692 3149; x_wconf 80' lang='lat' dir='ltr'><strong>stitias</strong></span> <span class='ocrx_word' id='word_1_234' title='bbox 709 3075 939 3145; x_wconf 89' lang='lat' dir='ltr'><strong>propriis</strong></span> <span class='ocrx_word' id='word_1_235' title='bbox 957 3075 1212 3131; x_wconf 84' lang='lat' dir='ltr'><strong>attrivere</strong></span> <span class='ocrx_word' id='word_1_236' title='bbox 1230 3076 1540 3132; x_wconf 88' lang='lat' dir='ltr'><strong>criminibus</strong></span> <span class='ocrx_word' id='word_1_237' title='bbox 1566 3095 1580 3132; x_wconf 89' lang='lat'><strong>:</strong></span> <span class='ocrx_word' id='word_1_238' title='bbox 1603 3085 1661 3132; x_wconf 88' lang='lat' dir='ltr'><strong>ut</strong></span> <span class='ocrx_word' id='word_1_239' title='bbox 1679 3076 1802 3148; x_wconf 89' lang='lat' dir='ltr'><strong>quia</strong></span> <span class='ocrx_word' id='word_1_240' title='bbox 1827 3085 2111 3148; x_wconf 88' lang='lat' dir='ltr'><strong>utrumque</strong></span> 
     </span>
    </p>
   </div>
   <div class='ocr_carea' id='block_1_31' title="bbox 520 3166 2108 3239">
    <p class='ocr_par' dir='ltr' id='par_1_31' title="bbox 520 3166 2108 3239">
     <span class='ocr_line' id='line_1_31' title="bbox 520 3166 2108 3239; baseline 0.002 -18"><span class='ocrx_word' id='word_1_241' title='bbox 520 3183 549 3220; x_wconf 90' lang='lat' dir='ltr'><strong>a</strong></span> <span class='ocrx_word' id='word_1_242' title='bbox 578 3166 690 3222; x_wconf 91' lang='lat' dir='ltr'><strong>Deo</strong></span> <span class='ocrx_word' id='word_1_243' title='bbox 717 3175 966 3238; x_wconf 90' lang='lat' dir='ltr'><strong>negatum</strong></span> <span class='ocrx_word' id='word_1_244' title='bbox 986 3207 1002 3232; x_wconf 93' lang='lat'><strong>,</strong></span> <span class='ocrx_word' id='word_1_245' title='bbox 1031 3177 1088 3224; x_wconf 91' lang='lat' dir='ltr'><strong>et</strong></span> <span class='ocrx_word' id='word_1_246' title='bbox 1115 3167 1341 3222; x_wconf 89' lang='lat' dir='ltr'><strong>alterum</strong></span> <span class='ocrx_word' id='word_1_247' title='bbox 1369 3167 1589 3224; x_wconf 87' lang='lat' dir='ltr'><strong>alterius</strong></span> <span class='ocrx_word' id='word_1_248' title='bbox 1627 3169 1875 3239; x_wconf 81' lang='lat' dir='ltr'><strong>exemplo</strong></span> <span class='ocrx_word' id='word_1_249' title='bbox 1903 3167 2108 3226; x_wconf 81' lang='lat' dir='ltr'><strong>disser-</strong></span> 
     </span>
    </p>
   </div>
   <div class='ocr_carea' id='block_1_32' title="bbox 521 3258 2107 3330">
    <p class='ocr_par' dir='ltr' id='par_1_32' title="bbox 521 3258 2107 3330">
     <span class='ocr_line' id='line_1_32' title="bbox 521 3258 2107 3330; baseline 0.003 -19"><span class='ocrx_word' id='word_1_250' title='bbox 521 3266 630 3314; x_wconf 86' lang='lat' dir='ltr'><strong>tum</strong></span> <span class='ocrx_word' id='word_1_251' title='bbox 659 3258 680 3291; x_wconf 84' lang='grc'><em>³</em></span> <span class='ocrx_word' id='word_1_252' title='bbox 705 3267 866 3330; x_wconf 87' lang='lat' dir='ltr'><strong>atque</strong></span> <span class='ocrx_word' id='word_1_253' title='bbox 894 3259 1218 3315; x_wconf 88' lang='lat' dir='ltr'><strong>inculcatum</strong></span> <span class='ocrx_word' id='word_1_254' title='bbox 1245 3269 1348 3327; x_wconf 91' lang='lat' dir='ltr'><strong>est,</strong></span> <span class='ocrx_word' id='word_1_255' title='bbox 1377 3274 1536 3329; x_wconf 89' lang='lat' dir='ltr'><strong>quam</strong></span> <span class='ocrx_word' id='word_1_256' title='bbox 1565 3268 1622 3315; x_wconf 92' lang='lat' dir='ltr'><strong>tu</strong></span> <span class='ocrx_word' id='word_1_257' title='bbox 1652 3259 1987 3330; x_wconf 87' lang='lat' dir='ltr'><strong>negationem</strong></span> <span class='ocrx_word' id='word_1_258' title='bbox 2016 3276 2107 3316; x_wconf 83' lang='lat' dir='ltr'><strong>ra-</strong></span> 
     </span>
    </p>
   </div>
   <div class='ocr_carea' id='block_1_33' title="bbox 519 3349 2108 3420">
    <p class='ocr_par' dir='ltr' id='par_1_33' title="bbox 519 3349 2108 3420">
     <span class='ocr_line' id='line_1_33' title="bbox 519 3349 2108 3420; baseline 0.002 -17"><span class='ocrx_word' id='word_1_259' title='bbox 519 3349 750 3406; x_wconf 85' lang='lat' dir='ltr'><strong>tionibus</strong></span> <span class='ocrx_word' id='word_1_260' title='bbox 805 3351 907 3406; x_wconf 89' lang='lat' dir='ltr'><strong>tuis</strong></span> <span class='ocrx_word' id='word_1_261' title='bbox 951 3349 1139 3407; x_wconf 87' lang='lat' dir='ltr'><strong>videns</strong></span> <span class='ocrx_word' id='word_1_262' title='bbox 1187 3365 1308 3408; x_wconf 89' lang='lat' dir='ltr'><strong>esse</strong></span> <span class='ocrx_word' id='word_1_263' title='bbox 1359 3351 1722 3418; x_wconf 88' lang='lat' dir='ltr'><strong>contrariam,</strong></span> <span class='ocrx_word' id='word_1_264' title='bbox 1767 3351 1820 3405; x_wconf 93' lang='lat' dir='ltr'><strong>in</strong></span> <span class='ocrx_word' id='word_1_265' title='bbox 1874 3351 2108 3420; x_wconf 87' lang='lat' dir='ltr'><strong>parvulis</strong></span> 
     </span>
    </p>
   </div>
   <div class='ocr_carea' id='block_1_34' title="bbox 519 3443 2108 3514">
    <p class='ocr_par' dir='ltr' id='par_1_34' title="bbox 519 3443 2108 3514">
     <span class='ocr_line' id='line_1_34' title="bbox 519 3443 2108 3514; baseline -0.001 -16"><span class='ocrx_word' id='word_1_266' title='bbox 519 3445 794 3500; x_wconf 86' lang='lat' dir='ltr'><strong>mentitam</strong></span> <span class='ocrx_word' id='word_1_267' title='bbox 818 3459 938 3500; x_wconf 90' lang='lat' dir='ltr'><strong>esse</strong></span> <span class='ocrx_word' id='word_1_268' title='bbox 961 3443 1240 3500; x_wconf 87' lang='lat' dir='ltr'><strong>contendis</strong></span> <span class='ocrx_word' id='word_1_269' title='bbox 1262 3485 1278 3511; x_wconf 94' lang='lat'><strong>,</strong></span> <span class='ocrx_word' id='word_1_270' title='bbox 1310 3443 1493 3499; x_wconf 88' lang='lat' dir='ltr'><strong>ambas</strong></span> <span class='ocrx_word' id='word_1_271' title='bbox 1519 3443 1633 3514; x_wconf 86' lang='lat' dir='ltr'><strong>ejus</strong></span> <span class='ocrx_word' id='word_1_272' title='bbox 1661 3452 1840 3513; x_wconf 87' lang='lat' dir='ltr'><strong>partes</strong></span> <span class='ocrx_word' id='word_1_273' title='bbox 1878 3457 2108 3498; x_wconf 86' lang='lat' dir='ltr'><strong>nascen-</strong></span> 
     </span>
    </p>
   </div>
   <div class='ocr_carea' id='block_1_35' title="bbox 518 3531 2106 3602">
    <p class='ocr_par' dir='ltr' id='par_1_35' title="bbox 518 3531 2106 3602">
     <span class='ocr_line' id='line_1_35' title="bbox 518 3531 2106 3602; baseline 0.001 -14"><span class='ocrx_word' id='word_1_274' title='bbox 518 3544 630 3588; x_wconf 81' lang='lat' dir='ltr'><strong>tum</strong></span> <span class='ocrx_word' id='word_1_275' title='bbox 679 3534 985 3590; x_wconf 89' lang='lat' dir='ltr'><strong>conditione</strong></span> <span class='ocrx_word' id='word_1_276' title='bbox 1026 3533 1290 3589; x_wconf 82' lang='lat' dir='ltr'><strong>confutes.</strong></span> <span class='ocrx_word' id='word_1_277' title='bbox 1337 3532 1490 3602; x_wconf 87' lang='lat' dir='ltr'><strong>Quod</strong></span> <span class='ocrx_word' id='word_1_278' title='bbox 1542 3547 1666 3588; x_wconf 94' lang='lat' dir='ltr'><strong>cum</strong></span> <span class='ocrx_word' id='word_1_279' title='bbox 1721 3531 1948 3599; x_wconf 87' lang='lat' dir='ltr'><strong>feceris,</strong></span> <span class='ocrx_word' id='word_1_280' title='bbox 1999 3532 2106 3589; x_wconf 92' lang='lat' dir='ltr'><strong>duo</strong></span> 
     </span>
    </p>
   </div>
   <div class='ocr_carea' id='block_1_36' title="bbox 516 3621 2106 3696">
    <p class='ocr_par' dir='ltr' id='par_1_36' title="bbox 516 3621 2106 3696">
     <span class='ocr_line' id='line_1_36' title="bbox 516 3621 2106 3696; baseline 0 -18"><span class='ocrx_word' id='word_1_281' title='bbox 516 3625 656 3680; x_wconf 85' lang='lat' dir='ltr'><strong>mala</strong></span> <span class='ocrx_word' id='word_1_282' title='bbox 697 3625 900 3696; x_wconf 89' lang='lat' dir='ltr'><strong>pariter</strong></span> <span class='ocrx_word' id='word_1_283' title='bbox 954 3624 1324 3695; x_wconf 86' lang='lat' dir='ltr'><strong>perpetrabis,</strong></span> <span class='ocrx_word' id='word_1_284' title='bbox 1380 3639 1544 3678; x_wconf 88' lang='lat' dir='ltr'><strong>unum</strong></span> <span class='ocrx_word' id='word_1_285' title='bbox 1595 3622 1736 3694; x_wconf 91' lang='lat' dir='ltr'><strong>quod</strong></span> <span class='ocrx_word' id='word_1_286' title='bbox 1785 3621 2106 3694; x_wconf 68' lang='lat' dir='ltr'><strong>oppugnat‘</strong></span> 
     </span>
    </p>
   </div>
   <div class='ocr_carea' id='block_1_37' title="bbox 517 3713 2102 3786">
    <p class='ocr_par' dir='ltr' id='par_1_37' title="bbox 517 3713 2102 3786">
     <span class='ocr_line' id='line_1_37' title="bbox 517 3713 2102 3786; baseline 0 -18"><span class='ocrx_word' id='word_1_287' title='bbox 517 3716 833 3771; x_wconf 86' lang='lat' dir='ltr'><strong>sententiam</strong></span> <span class='ocrx_word' id='word_1_288' title='bbox 858 3716 974 3781; x_wconf 87' lang='lat' dir='ltr'><strong>Dei,</strong></span> <span class='ocrx_word' id='word_1_289' title='bbox 1005 3716 1150 3772; x_wconf 83' lang='lat' dir='ltr'><strong>aliud</strong></span> <span class='ocrx_word' id='word_1_290' title='bbox 1179 3715 1430 3786; x_wconf 91' lang='lat' dir='ltr'><strong>quoniam</strong></span> <span class='ocrx_word' id='word_1_291' title='bbox 1462 3713 1609 3769; x_wconf 88' lang='lat' dir='ltr'><strong>nasci</strong></span> <span class='ocrx_word' id='word_1_292' title='bbox 1632 3713 1860 3784; x_wconf 91' lang='lat' dir='ltr'><strong>dejusto</strong></span> <span class='ocrx_word' id='word_1_293' title='bbox 1876 3715 2102 3784; x_wconf 87' lang='lat' dir='ltr'><strong>justum,</strong></span> 
     </span>
    </p>
   </div>
   <div class='ocr_carea' id='block_1_38' title="bbox 516 3807 1605 3865">
    <p class='ocr_par' dir='ltr' id='par_1_38' title="bbox 516 3807 1605 3865">
     <span class='ocr_line' id='line_1_38' title="bbox 516 3807 1605 3865; baseline -0.004 -1"><span class='ocrx_word' id='word_1_294' title='bbox 516 3819 568 3864; x_wconf 93' lang='lat' dir='ltr'><strong>et</strong></span> <span class='ocrx_word' id='word_1_295' title='bbox 592 3808 661 3865; x_wconf 92' lang='lat' dir='ltr'><strong>de</strong></span> <span class='ocrx_word' id='word_1_296' title='bbox 686 3809 976 3864; x_wconf 78' lang='lat' dir='ltr'><strong>criminosa</strong></span> <span class='ocrx_word' id='word_1_297' title='bbox 1004 3809 1202 3865; x_wconf 88' lang='lat' dir='ltr'><strong>asseris</strong></span> <span class='ocrx_word' id='word_1_298' title='bbox 1239 3807 1605 3864; x_wconf 83' lang='lat' dir='ltr'><strong>criminosum.</strong></span> 
     </span>
    </p>
   </div>
   <div class='ocr_carea' id='block_1_39' title="bbox 586 3899 2099 3970">
    <p class='ocr_par' dir='ltr' id='par_1_39' title="bbox 586 3899 2099 3970">
     <span class='ocr_line' id='line_1_39' title="bbox 586 3899 2099 3970; baseline 0.001 -16"><span class='ocrx_word' id='word_1_299' title='bbox 586 3903 722 3957; x_wconf 82' lang='lat' dir='ltr'><strong>Anc.</strong></span> <span class='ocrx_word' id='word_1_300' title='bbox 763 3901 1109 3970; x_wconf 85' lang='lat' dir='ltr'><strong>Negationem</strong></span> <span class='ocrx_word' id='word_1_301' title='bbox 1156 3899 1440 3970; x_wconf 65' lang='lat' dir='ltr'><strong>PrOphetm</strong></span> <span class='ocrx_word' id='word_1_302' title='bbox 1486 3916 1590 3954; x_wconf 91' lang='lat' dir='ltr'><strong>non</strong></span> <span class='ocrx_word' id='word_1_303' title='bbox 1636 3899 1756 3956; x_wconf 87' lang='lat' dir='ltr'><strong>dico</strong></span> <span class='ocrx_word' id='word_1_304' title='bbox 1784 3900 2058 3955; x_wconf 87' lang='lat' dir='ltr'><strong>mentitam</strong></span> <span class='ocrx_word' id='word_1_305' title='bbox 2084 3941 2099 3965; x_wconf 90' lang='lat'><strong>,</strong></span> 
     </span>
    </p>
   </div>
   <div class='ocr_carea' id='block_1_40' title="bbox 515 3989 2100 4060">
    <p class='ocr_par' dir='ltr' id='par_1_40' title="bbox 515 3989 2100 4060">
     <span class='ocr_line' id='line_1_40' title="bbox 515 3989 2100 4060; baseline 0 -15"><span class='ocrx_word' id='word_1_306' title='bbox 515 3991 612 4046; x_wconf 89' lang='lat' dir='ltr'><strong>sed</strong></span> <span class='ocrx_word' id='word_1_307' title='bbox 641 4006 671 4046; x_wconf 91' lang='lat' dir='ltr'><strong>a</strong></span> <span class='ocrx_word' id='word_1_308' title='bbox 703 4001 756 4046; x_wconf 92' lang='lat' dir='ltr'><strong>te</strong></span> <span class='ocrx_word' id='word_1_309' title='bbox 785 4008 894 4046; x_wconf 90' lang='lat' dir='ltr'><strong>non</strong></span> <span class='ocrx_word' id='word_1_310' title='bbox 923 3991 1267 4046; x_wconf 88' lang='lat' dir='ltr'><strong>intellectam.</strong></span> <span class='ocrx_word' id='word_1_311' title='bbox 1301 3990 1391 4044; x_wconf 85' lang='lat' dir='ltr'><strong>Ille</strong></span> <span class='ocrx_word' id='word_1_312' title='bbox 1419 3989 1618 4060; x_wconf 86' lang='lat' dir='ltr'><strong>quippe</strong></span> <span class='ocrx_word' id='word_1_313' title='bbox 1644 3991 2100 4059; x_wconf 85' lang='lat' dir='ltr'><strong>regenerationem</strong></span> 
     </span>
    </p>
   </div>
   <div class='ocr_carea' id='block_1_41' title="bbox 516 4081 2101 4152">
    <p class='ocr_par' dir='ltr' id='par_1_41' title="bbox 516 4081 2101 4152">
     <span class='ocr_line' id='line_1_41' title="bbox 516 4081 2101 4152; baseline 0.003 -18"><span class='ocrx_word' id='word_1_314' title='bbox 516 4081 868 4152; x_wconf 85' lang='lat' dir='ltr'><strong>prophetavit,</strong></span> <span class='ocrx_word' id='word_1_315' title='bbox 899 4098 1018 4150; x_wconf 76' lang='lat' dir='ltr'><strong>qua:</strong></span> <span class='ocrx_word' id='word_1_316' title='bbox 1041 4097 1072 4136; x_wconf 90' lang='lat' dir='ltr'><strong>a</strong></span> <span class='ocrx_word' id='word_1_317' title='bbox 1101 4082 1334 4152; x_wconf 89' lang='lat' dir='ltr'><strong>peccatis</strong></span> <span class='ocrx_word' id='word_1_318' title='bbox 1358 4091 1640 4152; x_wconf 85' lang='lat' dir='ltr'><strong>parentum</strong></span> <span class='ocrx_word' id='word_1_319' title='bbox 1671 4081 1735 4135; x_wconf 89' lang='lat' dir='ltr'><strong>ad</strong></span> <span class='ocrx_word' id='word_1_320' title='bbox 1765 4082 1878 4146; x_wconf 86' lang='lat' dir='ltr'><strong>Dei,</strong></span> <span class='ocrx_word' id='word_1_321' title='bbox 1903 4097 2007 4138; x_wconf 92' lang='lat' dir='ltr'><strong>non</strong></span> <span class='ocrx_word' id='word_1_322' title='bbox 2034 4083 2101 4138; x_wconf 92' lang='lat' dir='ltr'><strong>ad</strong></span> 
     </span>
    </p>
   </div>
   <div class='ocr_carea' id='block_1_42' title="bbox 517 4172 2104 4244">
    <p class='ocr_par' dir='ltr' id='par_1_42' title="bbox 517 4172 2104 4244">
     <span class='ocr_line' id='line_1_42' title="bbox 517 4172 2104 4244; baseline 0.001 -16"><span class='ocrx_word' id='word_1_323' title='bbox 517 4173 793 4228; x_wconf 78' lang='lat' dir='ltr'><strong>hominum</strong></span> <span class='ocrx_word' id='word_1_324' title='bbox 812 4172 1070 4243; x_wconf 85' lang='lat' dir='ltr'><strong>judicium</strong></span> <span class='ocrx_word' id='word_1_325' title='bbox 1097 4173 1505 4243; x_wconf 87' lang='lat' dir='ltr'><strong>pertinentibus,</strong></span> <span class='ocrx_word' id='word_1_326' title='bbox 1531 4173 1640 4227; x_wconf 91' lang='lat' dir='ltr'><strong>sola</strong></span> <span class='ocrx_word' id='word_1_327' title='bbox 1670 4173 1806 4227; x_wconf 89' lang='lat' dir='ltr'><strong>ﬁlios</strong></span> <span class='ocrx_word' id='word_1_328' title='bbox 1825 4190 1944 4229; x_wconf 85' lang='lat' dir='ltr'><strong>esse</strong></span> <span class='ocrx_word' id='word_1_329' title='bbox 1966 4189 2104 4244; x_wconf 76' lang='lat' dir='ltr'><strong>prze-</strong></span> 
     </span>
    </p>
   </div>
   <div class='ocr_carea' id='block_1_43' title="bbox 514 4263 2099 4334">
    <p class='ocr_par' dir='ltr' id='par_1_43' title="bbox 514 4263 2099 4334">
     <span class='ocr_line' id='line_1_43' title="bbox 514 4263 2099 4334; baseline 0.001 -17"><span class='ocrx_word' id='word_1_330' title='bbox 514 4265 869 4320; x_wconf 83' lang='lat' dir='ltr'><strong>statalienos:</strong></span> <span class='ocrx_word' id='word_1_331' title='bbox 895 4275 949 4318; x_wconf 91' lang='lat' dir='ltr'><strong>tu</strong></span> <span class='ocrx_word' id='word_1_332' title='bbox 970 4275 1148 4321; x_wconf 88' lang='lat' dir='ltr'><strong>autem</strong></span> <span class='ocrx_word' id='word_1_333' title='bbox 1169 4263 1295 4318; x_wconf 92' lang='lat' dir='ltr'><strong>dum</strong></span> <span class='ocrx_word' id='word_1_334' title='bbox 1316 4279 1477 4334; x_wconf 85' lang='lat' dir='ltr'><strong>negas</strong></span> <span class='ocrx_word' id='word_1_335' title='bbox 1493 4263 1890 4334; x_wconf 85' lang='lat' dir='ltr'><strong>generationem</strong></span> <span class='ocrx_word' id='word_1_336' title='bbox 1911 4273 2099 4319; x_wconf 89' lang='lat' dir='ltr'><strong>conta-</strong></span> 
     </span>
    </p>
   </div>
   <div class='ocr_carea' id='block_1_44' title="bbox 511 4354 2101 4426">
    <p class='ocr_par' dir='ltr' id='par_1_44' title="bbox 511 4354 2101 4426">
     <span class='ocr_line' id='line_1_44' title="bbox 511 4354 2101 4426; baseline 0.002 -18"><span class='ocrx_word' id='word_1_337' title='bbox 511 4355 655 4424; x_wconf 72' lang='lat' dir='ltr'><strong>gium</strong></span> <span class='ocrx_word' id='word_1_338' title='bbox 678 4357 864 4411; x_wconf 89' lang='lat' dir='ltr'><strong>mortis</strong></span> <span class='ocrx_word' id='word_1_339' title='bbox 890 4357 1122 4426; x_wconf 69' lang='lat' dir='ltr'><strong>antiqua:</strong></span> <span class='ocrx_word' id='word_1_340' title='bbox 1145 4354 1212 4410; x_wconf 89' lang='lat' dir='ltr'><strong>de</strong></span> <span class='ocrx_word' id='word_1_341' title='bbox 1234 4355 1468 4424; x_wconf 86' lang='lat' dir='ltr'><strong>patribus</strong></span> <span class='ocrx_word' id='word_1_342' title='bbox 1492 4354 1703 4409; x_wconf 89' lang='lat' dir='ltr'><strong>trahere</strong></span> <span class='ocrx_word' id='word_1_343' title='bbox 1719 4395 1733 4418; x_wconf 92' lang='lat'><strong>,</strong></span> <span class='ocrx_word' id='word_1_344' title='bbox 1756 4354 1925 4424; x_wconf 88' lang='lat' dir='ltr'><strong>ipsam</strong></span> <span class='ocrx_word' id='word_1_345' title='bbox 1944 4369 2101 4424; x_wconf 85' lang='lat' dir='ltr'><strong>rege-</strong></span> 
     </span>
    </p>
   </div>
   <div class='ocr_carea' id='block_1_45' title="bbox 513 4443 2098 4514">
    <p class='ocr_par' dir='ltr' id='par_1_45' title="bbox 513 4443 2098 4514">
     <span class='ocr_line' id='line_1_45' title="bbox 513 4443 2098 4514; baseline 0.001 -17"><span class='ocrx_word' id='word_1_346' title='bbox 513 4444 804 4499; x_wconf 75' lang='lat' dir='ltr'><strong>nerationis</strong></span> <span class='ocrx_word' id='word_1_347' title='bbox 828 4459 1042 4499; x_wconf 88' lang='lat' dir='ltr'><strong>causam</strong></span> <span class='ocrx_word' id='word_1_348' title='bbox 1067 4445 1280 4498; x_wconf 87' lang='lat' dir='ltr'><strong>conaris</strong></span> <span class='ocrx_word' id='word_1_349' title='bbox 1303 4443 1658 4514; x_wconf 76' lang='lat' dir='ltr'><strong>exstinguere.</strong></span> <span class='ocrx_word' id='word_1_350' title='bbox 1681 4443 1932 4512; x_wconf 86' lang='lat' dir='ltr'><strong>Quamvis</strong></span> <span class='ocrx_word' id='word_1_351' title='bbox 1953 4445 2098 4500; x_wconf 92' lang='lat' dir='ltr'><strong>enim</strong></span> 
     </span>
    </p>
   </div>
   <div class='ocr_carea' id='block_1_46' title="bbox 513 4533 2098 4605">
    <p class='ocr_par' dir='ltr' id='par_1_46' title="bbox 513 4533 2098 4605">
     <span class='ocr_line' id='line_1_46' title="bbox 513 4533 2098 4605; baseline 0.001 -17"><span class='ocrx_word' id='word_1_352' title='bbox 513 4535 781 4590; x_wconf 86' lang='lat' dir='ltr'><strong>lavacrum</strong></span> <span class='ocrx_word' id='word_1_353' title='bbox 812 4533 1233 4605; x_wconf 87' lang='lat' dir='ltr'><strong>regenerationis</strong></span> <span class='ocrx_word' id='word_1_354' title='bbox 1253 4576 1268 4600; x_wconf 95' lang='lat'><strong>,</strong></span> <span class='ocrx_word' id='word_1_355' title='bbox 1298 4533 1552 4604; x_wconf 87' lang='lat' dir='ltr'><strong>quidquid</strong></span> <span class='ocrx_word' id='word_1_356' title='bbox 1583 4543 1917 4604; x_wconf 89' lang='lat' dir='ltr'><strong>peccatorum</strong></span> <span class='ocrx_word' id='word_1_357' title='bbox 1949 4535 2098 4589; x_wconf 86' lang='lat' dir='ltr'><strong>inve-</strong></span> 
     </span>
    </p>
   </div>
   <div class='ocr_carea' id='block_1_47' title="bbox 510 4625 2095 4697">
    <p class='ocr_par' dir='ltr' id='par_1_47' title="bbox 510 4625 2095 4697">
     <span class='ocr_line' id='line_1_47' title="bbox 510 4625 2095 4697; baseline 0.003 -17"><span class='ocrx_word' id='word_1_358' title='bbox 510 4625 668 4694; x_wconf 86' lang='lat' dir='ltr'><strong>nerit,</strong></span> <span class='ocrx_word' id='word_1_359' title='bbox 689 4625 884 4693; x_wconf 88' lang='lat' dir='ltr'><strong>diluat;</strong></span> <span class='ocrx_word' id='word_1_360' title='bbox 915 4635 1090 4682; x_wconf 91' lang='lat' dir='ltr'><strong>tamen</strong></span> <span class='ocrx_word' id='word_1_361' title='bbox 1115 4627 1218 4680; x_wconf 84' lang='lat' dir='ltr'><strong>alia</strong></span> <span class='ocrx_word' id='word_1_362' title='bbox 1241 4635 1454 4696; x_wconf 88' lang='lat' dir='ltr'><strong>peccata</strong></span> <span class='ocrx_word' id='word_1_363' title='bbox 1477 4634 1695 4697; x_wconf 90' lang='lat' dir='ltr'><strong>possent</strong></span> <span class='ocrx_word' id='word_1_364' title='bbox 1711 4636 1765 4683; x_wconf 90' lang='lat' dir='ltr'><strong>et</strong></span> <span class='ocrx_word' id='word_1_365' title='bbox 1789 4629 2095 4697; x_wconf 62' lang='lat' dir='ltr'><strong>paenitendo</strong></span> 
     </span>
    </p>
   </div>
   <div class='ocr_carea' id='block_1_48' title="bbox 507 4718 2094 4792">
    <p class='ocr_par' dir='ltr' id='par_1_48' title="bbox 507 4718 2094 4792">
     <span class='ocr_line' id='line_1_48' title="bbox 507 4718 2094 4792; baseline 0.003 -19"><span class='ocrx_word' id='word_1_366' title='bbox 507 4718 710 4784; x_wconf 87' lang='lat' dir='ltr'><strong>sanari;</strong></span> <span class='ocrx_word' id='word_1_367' title='bbox 743 4719 879 4774; x_wconf 90' lang='lat' dir='ltr'><strong>sicut</strong></span> <span class='ocrx_word' id='word_1_368' title='bbox 895 4728 1116 4788; x_wconf 88' lang='lat' dir='ltr'><strong>possunt</strong></span> <span class='ocrx_word' id='word_1_369' title='bbox 1141 4719 1192 4773; x_wconf 91' lang='lat' dir='ltr'><strong>in</strong></span> <span class='ocrx_word' id='word_1_370' title='bbox 1221 4718 1320 4785; x_wconf 90' lang='lat' dir='ltr'><strong>eis,</strong></span> <span class='ocrx_word' id='word_1_371' title='bbox 1347 4734 1483 4790; x_wconf 92' lang='lat' dir='ltr'><strong>quos</strong></span> <span class='ocrx_word' id='word_1_372' title='bbox 1515 4719 1710 4775; x_wconf 84' lang='lat' dir='ltr'><strong>iterum</strong></span> <span class='ocrx_word' id='word_1_373' title='bbox 1738 4723 2094 4792; x_wconf 86' lang='lat' dir='ltr'><strong>regenerare&#39;</strong></span> 
     </span>
    </p>
   </div>
   <div class='ocr_carea' id='block_1_49' title="bbox 508 4811 2093 4882">
    <p class='ocr_par' dir='ltr' id='par_1_49' title="bbox 508 4811 2093 4882">
     <span class='ocr_line' id='line_1_49' title="bbox 508 4811 2093 4882; baseline 0.004 -18"><span class='ocrx_word' id='word_1_374' title='bbox 508 4812 585 4865; x_wconf 79' lang='lat' dir='ltr'><strong>ias</strong></span> <span class='ocrx_word' id='word_1_375' title='bbox 596 4827 701 4866; x_wconf 90' lang='lat' dir='ltr'><strong>non</strong></span> <span class='ocrx_word' id='word_1_376' title='bbox 714 4819 814 4866; x_wconf 90' lang='lat' dir='ltr'><strong>est.</strong></span> <span class='ocrx_word' id='word_1_377' title='bbox 834 4811 966 4866; x_wconf 89' lang='lat' dir='ltr'><strong>Illud</strong></span> <span class='ocrx_word' id='word_1_378' title='bbox 983 4826 1112 4868; x_wconf 93' lang='lat' dir='ltr'><strong>vero</strong></span> <span class='ocrx_word' id='word_1_379' title='bbox 1124 4811 1264 4882; x_wconf 91' lang='lat' dir='ltr'><strong>quod</strong></span> <span class='ocrx_word' id='word_1_380' title='bbox 1279 4811 1622 4882; x_wconf 87' lang='lat' dir='ltr'><strong>generatione</strong></span> <span class='ocrx_word' id='word_1_381' title='bbox 1632 4814 2093 4878; x_wconf 71' lang='lat' dir='ltr'><strong>contrahiturmisi</strong></span> 
     </span>
    </p>
   </div>
   <div class='ocr_carea' id='block_1_50' title="bbox 507 4902 2093 4973">
    <p class='ocr_par' dir='ltr' id='par_1_50' title="bbox 507 4902 2093 4973">
     <span class='ocr_line' id='line_1_50' title="bbox 507 4902 2093 4973; baseline 0.004 -18"><span class='ocrx_word' id='word_1_382' title='bbox 507 4904 912 4972; x_wconf 87' lang='lat' dir='ltr'><strong>regeneratione</strong></span> <span class='ocrx_word' id='word_1_383' title='bbox 927 4919 1032 4959; x_wconf 90' lang='lat' dir='ltr'><strong>non</strong></span> <span class='ocrx_word' id='word_1_384' title='bbox 1050 4903 1291 4958; x_wconf 84' lang='lat' dir='ltr'><strong>solvitur.</strong></span> <span class='ocrx_word' id='word_1_385' title='bbox 1311 4902 1494 4958; x_wconf 81' lang='lat' dir='ltr'><strong>Justus</strong></span> <span class='ocrx_word' id='word_1_386' title='bbox 1511 4919 1642 4973; x_wconf 85' lang='lat' dir='ltr'><strong>ergo</strong></span> <span class='ocrx_word' id='word_1_387' title='bbox 1660 4920 1724 4958; x_wconf 83' lang='lat' dir='ltr'><strong>ex</strong></span> <span class='ocrx_word' id='word_1_388' title='bbox 1743 4904 1874 4972; x_wconf 90' lang='lat' dir='ltr'><strong>Deo,</strong></span> <span class='ocrx_word' id='word_1_389' title='bbox 1899 4922 2004 4960; x_wconf 89' lang='lat' dir='ltr'><strong>non</strong></span> <span class='ocrx_word' id='word_1_390' title='bbox 2025 4921 2093 4961; x_wconf 77' lang='lat' dir='ltr'><strong>ex</strong></span> 
     </span>
    </p>
   </div>
   <div class='ocr_carea' id='block_1_51' title="bbox 507 4993 2092 5065">
    <p class='ocr_par' dir='ltr' id='par_1_51' title="bbox 507 4993 2092 5065">
     <span class='ocr_line' id='line_1_51' title="bbox 507 4993 2092 5065; baseline 0.003 -18"><span class='ocrx_word' id='word_1_391' title='bbox 507 4993 721 5049; x_wconf 82' lang='lat' dir='ltr'><strong>nomine</strong></span> <span class='ocrx_word' id='word_1_392' title='bbox 746 4996 1015 5060; x_wconf 82' lang='lat' dir='ltr'><strong>nascitur;</strong></span> <span class='ocrx_word' id='word_1_393' title='bbox 1039 4996 1288 5065; x_wconf 85' lang='lat' dir='ltr'><strong>quoniam</strong></span> <span class='ocrx_word' id='word_1_394' title='bbox 1321 4996 1672 5063; x_wconf 88' lang='lat' dir='ltr'><strong>renaseendo,</strong></span> <span class='ocrx_word' id='word_1_395' title='bbox 1695 5011 1800 5051; x_wconf 92' lang='lat' dir='ltr'><strong>non</strong></span> <span class='ocrx_word' id='word_1_396' title='bbox 1823 4998 2092 5052; x_wconf 89' lang='lat' dir='ltr'><strong>nascendo</strong></span> 
     </span>
    </p>
   </div>
   <div class='ocr_carea' id='block_1_52' title="bbox 505 5084 2091 5161">
    <p class='ocr_par' dir='ltr' id='par_1_52' title="bbox 505 5084 2091 5161">
     <span class='ocr_line' id='line_1_52' title="bbox 505 5084 2091 5161; baseline 0.006 -24"><span class='ocrx_word' id='word_1_397' title='bbox 505 5087 564 5137; x_wconf 88' lang='lat' dir='ltr'><strong>tit</strong></span> <span class='ocrx_word' id='word_1_398' title='bbox 586 5084 760 5152; x_wconf 87' lang='lat' dir='ltr'><strong>justus</strong></span> <span class='ocrx_word' id='word_1_399' title='bbox 789 5103 803 5138; x_wconf 88' lang='lat'><strong>:</strong></span> <span class='ocrx_word' id='word_1_400' title='bbox 836 5085 974 5142; x_wconf 91' lang='lat' dir='ltr'><strong>unde</strong></span> <span class='ocrx_word' id='word_1_401' title='bbox 1000 5089 1159 5143; x_wconf 90' lang='lat' dir='ltr'><strong>etiam</strong></span> <span class='ocrx_word' id='word_1_402' title='bbox 1191 5088 1322 5144; x_wconf 85' lang='lat' dir='ltr'><strong>tales</strong></span> <span class='ocrx_word' id='word_1_403' title='bbox 1349 5087 1440 5144; x_wconf 88' lang='lat' dir='ltr'><strong>ﬁlii</strong></span> <span class='ocrx_word' id='word_1_404' title='bbox 1471 5089 1564 5143; x_wconf 89' lang='lat' dir='ltr'><strong>Dei</strong></span> <span class='ocrx_word' id='word_1_405' title='bbox 1593 5089 1614 5120; x_wconf 84' lang='grc'><strong><em>⁶</em></strong></span> <span class='ocrx_word' id='word_1_406' title='bbox 1645 5100 1917 5144; x_wconf 80' lang='lat' dir='ltr'><strong>vocantur.</strong></span> <span class='ocrx_word' id='word_1_407' title='bbox 1950 5090 2091 5161; x_wconf 88' lang='lat' dir='ltr'><strong>Lege</strong></span> 
     </span>
    </p>
   </div>
   <div class='ocr_carea' id='block_1_53' title="bbox 507 5174 2092 5250">
    <p class='ocr_par' dir='ltr' id='par_1_53' title="bbox 507 5174 2092 5250">
     <span class='ocr_line' id='line_1_53' title="bbox 507 5174 2092 5250; baseline 0.007 -25"><span class='ocrx_word' id='word_1_408' title='bbox 507 5174 852 5243; x_wconf 80' lang='lat' dir='ltr'><strong>Evangelium</strong></span> <span class='ocrx_word' id='word_1_409' title='bbox 891 5191 903 5227; x_wconf 94' lang='lat'><strong>:</strong></span> <span class='ocrx_word' id='word_1_410' title='bbox 939 5175 1061 5232; x_wconf 80' lang='lat' dir='ltr'><strong>Non</strong></span> <span class='ocrx_word' id='word_1_411' title='bbox 1085 5194 1148 5232; x_wconf 70' lang='lat' dir='ltr'><strong>ex</strong></span> <span class='ocrx_word' id='word_1_412' title='bbox 1175 5179 1503 5250; x_wconf 76' lang='lat' dir='ltr'><strong>sanguinibus</strong></span> <span class='ocrx_word' id='word_1_413' title='bbox 1523 5221 1538 5244; x_wconf 94' lang='lat'><strong>,</strong></span> <span class='ocrx_word' id='word_1_414' title='bbox 1565 5196 1724 5250; x_wconf 75' lang='lat' dir='ltr'><strong>neque</strong></span> <span class='ocrx_word' id='word_1_415' title='bbox 1749 5195 1814 5234; x_wconf 79' lang='lat' dir='ltr'><strong>ea:</strong></span> <span class='ocrx_word' id='word_1_416' title='bbox 1838 5181 2092 5236; x_wconf 75' lang='lat' dir='ltr'><strong>voluntate</strong></span> 
     </span>
    </p>
   </div>
   <div class='ocr_carea' id='block_1_54' title="bbox 500 5262 2089 5337">
    <p class='ocr_par' dir='ltr' id='par_1_54' title="bbox 500 5262 2089 5337">
     <span class='ocr_line' id='line_1_54' title="bbox 500 5262 2089 5337; baseline 0.009 -25"><span class='ocrx_word' id='word_1_417' title='bbox 500 5262 668 5314; x_wconf 78' lang='lat' dir='ltr'><strong>carnis</strong></span> <span class='ocrx_word' id='word_1_418' title='bbox 691 5303 706 5330; x_wconf 92' lang='lat'><strong>,</strong></span> <span class='ocrx_word' id='word_1_419' title='bbox 757 5279 915 5332; x_wconf 78' lang='lat' dir='ltr'><strong>neque</strong></span> <span class='ocrx_word' id='word_1_420' title='bbox 966 5281 1031 5320; x_wconf 70' lang='lat' dir='ltr'><strong>ex</strong></span> <span class='ocrx_word' id='word_1_421' title='bbox 1083 5268 1340 5324; x_wconf 79' lang='lat' dir='ltr'><strong>uoluntate</strong></span> <span class='ocrx_word' id='word_1_422' title='bbox 1393 5269 1488 5324; x_wconf 75' lang='lat' dir='ltr'><strong>uiri</strong></span> <span class='ocrx_word' id='word_1_423' title='bbox 1509 5311 1525 5337; x_wconf 91' lang='lat'><strong>,</strong></span> <span class='ocrx_word' id='word_1_424' title='bbox 1575 5269 1664 5326; x_wconf 82' lang='lat' dir='ltr'><strong>sed</strong></span> <span class='ocrx_word' id='word_1_425' title='bbox 1713 5286 1776 5326; x_wconf 71' lang='lat' dir='ltr'><strong>ex</strong></span> <span class='ocrx_word' id='word_1_426' title='bbox 1826 5270 1935 5327; x_wconf 82' lang='lat' dir='ltr'><strong>Deo</strong></span> <span class='ocrx_word' id='word_1_427' title='bbox 1982 5273 2089 5326; x_wconf 83' lang='lat' dir='ltr'><strong>nati</strong></span> 
     </span>
    </p>
   </div>
   <div class='ocr_carea' id='block_1_55' title="bbox 566 5458 2088 5531">
    <p class='ocr_par' dir='ltr' id='par_1_55' title="bbox 566 5458 2088 5531">
     <span class='ocr_line' id='line_1_55' title="bbox 566 5458 2088 5531; baseline 0.01 -23"><span class='ocrx_word' id='word_1_428' title='bbox 566 5460 586 5531; x_wconf 65' lang='grc' dir='ltr'>ξ</span> <span class='ocrx_word' id='word_1_429' title='bbox 632 5458 782 5531; x_wconf 67' lang='lat' dir='ltr'><strong>aditi,</strong></span> <span class='ocrx_word' id='word_1_430' title='bbox 805 5465 1084 5531; x_wconf 49' lang='lat' dir='ltr'><strong>argutiam</strong></span> <span class='ocrx_word' id='word_1_431' title='bbox 1124 5461 1370 5528; x_wconf 81' lang='lat' dir='ltr'><strong>propriam</strong></span> <span class='ocrx_word' id='word_1_432' title='bbox 1405 5467 1649 5531; x_wconf 71' lang='lat' dir='ltr'><strong>justitiam</strong></span> <span class='ocrx_word' id='word_1_433' title='bbox 1701 5466 1922 5521; x_wconf 79' lang='lat' dir='ltr'><strong>naturale</strong></span> <span class='ocrx_word' id='word_1_434' title='bbox 1954 5469 2088 5523; x_wconf 76' lang='lat' dir='ltr'><strong>virus</strong></span> 
     </span>
    </p>
   </div>
   <div class='ocr_carea' id='block_1_56' title="bbox 501 5520 1312 5582">
    <p class='ocr_par' dir='ltr' id='par_1_56' title="bbox 501 5520 1312 5582">
     <span class='ocr_line' id='line_1_56' title="bbox 501 5520 1312 5582; baseline 0.007 -13"><span class='ocrx_word' id='word_1_435' title='bbox 501 5520 776 5572; x_wconf 68' lang='lat' dir='ltr'><strong>exhauriat.</strong></span> <span class='ocrx_word' id='word_1_436' title='bbox 797 5520 1098 5582; x_wconf 82' lang='lat' dir='ltr'><strong>Castigantur</strong></span> <span class='ocrx_word' id='word_1_437' title='bbox 1121 5520 1184 5574; x_wconf 80' lang='lat' dir='ltr'><strong>ex</strong></span> <span class='ocrx_word' id='word_1_438' title='bbox 1208 5520 1312 5574; x_wconf 69' lang='lat' dir='ltr'><strong>tltss.</strong></span> 
     </span>
    </p>
   </div>
   <div class='ocr_carea' id='block_1_57' title="bbox 563 5583 1729 5648">
    <p class='ocr_par' dir='ltr' id='par_1_57' title="bbox 563 5583 1729 5648">
     <span class='ocr_line' id='line_1_57' title="bbox 563 5583 1729 5648; baseline 0.009 -17"><span class='ocrx_word' id='word_1_439' title='bbox 563 5585 584 5614; x_wconf 80' lang='grc'>¹</span> <span class='ocrx_word' id='word_1_440' title='bbox 614 5583 772 5648; x_wconf 77' lang='lat' dir='ltr'><strong>codex</strong></span> <span class='ocrx_word' id='word_1_441' title='bbox 797 5589 921 5648; x_wconf 52' lang='lat' dir='ltr'><strong>Part:</strong></span> <span class='ocrx_word' id='word_1_442' title='bbox 945 5594 965 5648; x_wconf 89' lang='lat'><strong>_:</strong></span> <span class='ocrx_word' id='word_1_443' title='bbox 1005 5591 1073 5633; x_wconf 80' lang='lat' dir='ltr'><strong>Tu</strong></span> <span class='ocrx_word' id='word_1_444' title='bbox 1094 5598 1205 5648; x_wconf 76' lang='lat' dir='ltr'><strong>vero</strong></span> <span class='ocrx_word' id='word_1_445' title='bbox 1226 5589 1454 5648; x_wconf 73' lang='lat' dir='ltr'><strong>pervertis</strong></span> <span class='ocrx_word' id='word_1_446' title='bbox 1474 5605 1557 5643; x_wconf 85' lang='lat' dir='ltr'><strong>cor</strong></span> <span class='ocrx_word' id='word_1_447' title='bbox 1579 5597 1729 5642; x_wconf 81' lang='lat' dir='ltr'><strong>tuum.</strong></span> 
     </span>
    </p>
   </div>
   <div class='ocr_carea' id='block_1_58' title="bbox 561 5642 1406 5705">
    <p class='ocr_par' dir='ltr' id='par_1_58' title="bbox 561 5642 1406 5705">
     <span class='ocr_line' id='line_1_58' title="bbox 561 5642 1406 5705; baseline 0.005 -12"><span class='ocrx_word' id='word_1_448' title='bbox 561 5649 583 5705; x_wconf 56' lang='grc' dir='ltr'><strong>ἒ</strong></span> <span class='ocrx_word' id='word_1_449' title='bbox 615 5646 693 5694; x_wconf 80' lang='lat' dir='ltr'><strong>sic</strong></span> <span class='ocrx_word' id='word_1_450' title='bbox 712 5650 819 5694; x_wconf 71' lang='lat' dir='ltr'><strong>Mss.</strong></span> <span class='ocrx_word' id='word_1_451' title='bbox 839 5642 958 5692; x_wconf 68' lang='lat' dir='ltr'><strong>aditi</strong></span> <span class='ocrx_word' id='word_1_452' title='bbox 983 5656 1118 5705; x_wconf 84' lang='lat' dir='ltr'><strong>vero,</strong></span> <span class='ocrx_word' id='word_1_453' title='bbox 1130 5642 1406 5697; x_wconf 67' lang='lat' dir='ltr'><strong>dissectum.</strong></span> 
     </span>
    </p>
   </div>
   <div class='ocr_carea' id='block_1_59' title="bbox 560 5704 1063 5768">
    <p class='ocr_par' dir='ltr' id='par_1_59' title="bbox 560 5704 1063 5768">
     <span class='ocr_line' id='line_1_59' title="bbox 560 5704 1063 5768; baseline 0 0"><span class='ocrx_word' id='word_1_454' title='bbox 560 5704 582 5768; x_wconf 68' lang='grc' dir='ltr'>ἒ</span> <span class='ocrx_word' id='word_1_455' title='bbox 617 5709 774 5768; x_wconf 68' lang='lat' dir='ltr'><strong>Ferte.</strong></span> <span class='ocrx_word' id='word_1_456' title='bbox 795 5716 1063 5768; x_wconf 68' lang='lat' dir='ltr'><strong>oppugnas-</strong></span> 
     </span>
    </p>
   </div>
   <div class='ocr_carea' id='block_1_60' title="bbox 495 5762 2085 5862">
    <p class='ocr_par' dir='ltr' id='par_1_60' title="bbox 495 5762 2085 5862">
     <span class='ocr_line' id='line_1_60' title="bbox 495 5762 2085 5862; baseline 0.009 -47"><span class='ocrx_word' id='word_1_457' title='bbox 495 5762 1030 5862; x_wconf 48' lang='grc' dir='ltr'><strong>νηξέαἰιίίσέἠετῐπε.</strong></span> <span class='ocrx_word' id='word_1_458' title='bbox 1055 5769 1228 5820; x_wconf 75' lang='lat' dir='ltr'><strong>Verius</strong></span> <span class='ocrx_word' id='word_1_459' title='bbox 1247 5769 1473 5831; x_wconf 87' lang='lat' dir='ltr'><strong>antiquus</strong></span> <span class='ocrx_word' id='word_1_460' title='bbox 1507 5777 1664 5828; x_wconf 79' lang='lat' dir='ltr'><strong>codex</strong></span> <span class='ocrx_word' id='word_1_461' title='bbox 1711 5784 1839 5840; x_wconf 64' lang='lat' dir='ltr'><strong>Mar,</strong></span> <span class='ocrx_word' id='word_1_462' title='bbox 1888 5788 2085 5842; x_wconf 74' lang='lat' dir='ltr'><strong>regene-</strong></span> 
     </span>
    </p>
   </div>
   <div class='ocr_carea' id='block_1_61' title="bbox 559 5877 1648 5954">
    <p class='ocr_par' dir='ltr' id='par_1_61' title="bbox 559 5877 1648 5954">
     <span class='ocr_line' id='line_1_61' title="bbox 559 5877 1648 5954; baseline 0.011 -21"><span class='ocrx_word' id='word_1_463' title='bbox 559 5877 580 5908; x_wconf 88' lang='lat'><strong>&#39;</strong></span> <span class='ocrx_word' id='word_1_464' title='bbox 617 5884 697 5936; x_wconf 81' lang='lat' dir='ltr'><strong>Itic</strong></span> <span class='ocrx_word' id='word_1_465' title='bbox 722 5887 952 5952; x_wconf 78' lang='lat' dir='ltr'><strong>addimus,</strong></span> <span class='ocrx_word' id='word_1_466' title='bbox 981 5889 1101 5950; x_wconf 84' lang='lat' dir='ltr'><strong>Dei;</strong></span> <span class='ocrx_word' id='word_1_467' title='bbox 1134 5892 1244 5954; x_wconf 84' lang='lat' dir='ltr'><strong>quia</strong></span> <span class='ocrx_word' id='word_1_468' title='bbox 1271 5889 1452 5952; x_wconf 80' lang='lat' dir='ltr'><strong>legitur</strong></span> <span class='ocrx_word' id='word_1_469' title='bbox 1471 5896 1516 5945; x_wconf 84' lang='lat' dir='ltr'><strong>in</strong></span> <span class='ocrx_word' id='word_1_470' title='bbox 1537 5893 1648 5947; x_wconf 83' lang='lat' dir='ltr'><strong>Mss.</strong></span> 
     </span>
    </p>
   </div>
   <div class='ocr_carea' id='block_1_62' title="bbox 1230 397 3134 486">
    <p class='ocr_par' dir='ltr' id='par_1_62' title="bbox 1230 397 3134 486">
     <span class='ocr_line' id='line_1_62' title="bbox 1230 397 3134 486; baseline 0.001 -29"><span class='ocrx_word' id='word_1_471' title='bbox 1230 399 1474 483; x_wconf 69' lang='lat' dir='ltr'><strong>OPEBIS</strong></span> <span class='ocrx_word' id='word_1_472' title='bbox 1513 399 1921 456; x_wconf 65' lang='lat' dir='ltr'><strong>lllPEliFEC&#39;l‘l</strong></span> <span class='ocrx_word' id='word_1_473' title='bbox 1961 397 2233 455; x_wconf 76' lang='lat' dir='ltr'><strong>CONTRA</strong></span> <span class='ocrx_word' id='word_1_474' title='bbox 2271 399 2635 470; x_wconf 77' lang='lat' dir='ltr'><strong>JULIANUM,</strong></span> <span class='ocrx_word' id='word_1_475' title='bbox 2675 400 2734 459; x_wconf 89' lang='lat' dir='ltr'><strong>S.</strong></span> <span class='ocrx_word' id='word_1_476' title='bbox 2763 401 3134 486; x_wconf 72' lang='lat' dir='ltr'><strong>AUGUSTLNl</strong></span> 
     </span>
    </p>
   </div>
   <div class='ocr_carea' id='block_1_63' title="bbox 3677 407 3870 467">
    <p class='ocr_par' dir='ltr' id='par_1_63' title="bbox 3677 407 3870 467">
     <span class='ocr_line' id='line_1_63' title="bbox 3677 407 3870 467; baseline -0.026 0"><span class='ocrx_word' id='word_1_477' title='bbox 3677 407 3820 467; x_wconf 70' lang='grc' dir='ltr'><strong>12τῖ</strong></span> <span class='ocrx_word' id='word_1_478' title='bbox 3867 459 3870 462; x_wconf 83' lang='lat'><strong>.</strong></span> 
     </span>
    </p>
   </div>
   <div class='ocr_carea' id='block_1_64' title="bbox 2235 513 3816 591">
    <p class='ocr_par' dir='ltr' id='par_1_64' title="bbox 2235 513 3816 591">
     <span class='ocr_line' id='line_1_64' title="bbox 2235 513 3816 591; baseline 0.007 -23"><span class='ocrx_word' id='word_1_479' title='bbox 2235 523 2351 568; x_wconf 74' lang='lat' dir='ltr'><strong>sunt</strong></span> <span class='ocrx_word' id='word_1_480' title='bbox 2380 513 2561 586; x_wconf 80' lang='grc' dir='ltr'><strong>(Ιοαιι.</strong></span> <span class='ocrx_word' id='word_1_481' title='bbox 2591 532 2631 585; x_wconf 86' lang='grc' dir='ltr'>ι,</span> <span class='ocrx_word' id='word_1_482' title='bbox 2652 516 2766 589; x_wconf 79' lang='lat' dir='ltr'><strong>t3).</strong></span> <span class='ocrx_word' id='word_1_483' title='bbox 2793 515 2932 582; x_wconf 78' lang='lat' dir='ltr'><strong>Quid</strong></span> <span class='ocrx_word' id='word_1_484' title='bbox 2963 518 3160 588; x_wconf 75' lang='lat' dir='ltr'><strong>quan-is</strong></span> <span class='ocrx_word' id='word_1_485' title='bbox 3191 531 3368 574; x_wconf 90' lang='lat' dir='ltr'><strong>rerum</strong></span> <span class='ocrx_word' id='word_1_486' title='bbox 3381 532 3578 591; x_wconf 77' lang='lat' dir='ltr'><strong>genere</strong></span> <span class='ocrx_word' id='word_1_487' title='bbox 3591 523 3816 580; x_wconf 85' lang='lat' dir='ltr'><strong>multum</strong></span> 
     </span>
    </p>
   </div>
   <div class='ocr_carea' id='block_1_65' title="bbox 2173 603 3821 678">
    <p class='ocr_par' dir='ltr' id='par_1_65' title="bbox 2173 603 3821 678">
     <span class='ocr_line' id='line_1_65' title="bbox 2173 603 3821 678; baseline 0.005 -18"><span class='ocrx_word' id='word_1_488' title='bbox 2173 613 2175 616; x_wconf 77' lang='lat'><em>‘</em></span> <span class='ocrx_word' id='word_1_489' title='bbox 2229 603 2440 661; x_wconf 83' lang='lat' dir='ltr'><strong>diversa</strong></span> <span class='ocrx_word' id='word_1_490' title='bbox 2459 606 2824 678; x_wconf 81' lang='lat' dir='ltr'><strong>conjungere?</strong></span> <span class='ocrx_word' id='word_1_491' title='bbox 2843 607 3096 663; x_wconf 81' lang='lat' dir='ltr'><strong>Homines</strong></span> <span class='ocrx_word' id='word_1_492' title='bbox 3113 607 3388 664; x_wconf 87' lang='lat' dir='ltr'><strong>hominum</strong></span> <span class='ocrx_word' id='word_1_493' title='bbox 3408 623 3570 667; x_wconf 85' lang='lat' dir='ltr'><strong>carne</strong></span> <span class='ocrx_word' id='word_1_494' title='bbox 3589 627 3821 670; x_wconf 85' lang='lat' dir='ltr'><strong>nascun-</strong></span> 
     </span>
    </p>
   </div>
   <div class='ocr_carea' id='block_1_66' title="bbox 2231 696 3817 771">
    <p class='ocr_par' dir='ltr' id='par_1_66' title="bbox 2231 696 3817 771">
     <span class='ocr_line' id='line_1_66' title="bbox 2231 696 3817 771; baseline 0.006 -22"><span class='ocrx_word' id='word_1_495' title='bbox 2231 704 2318 751; x_wconf 91' lang='lat' dir='ltr'><strong>tur</strong></span> <span class='ocrx_word' id='word_1_496' title='bbox 2339 737 2355 765; x_wconf 90' lang='lat'><strong>,</strong></span> <span class='ocrx_word' id='word_1_497' title='bbox 2384 696 2478 752; x_wconf 90' lang='lat' dir='ltr'><strong>Dei</strong></span> <span class='ocrx_word' id='word_1_498' title='bbox 2509 696 2709 768; x_wconf 90' lang='lat' dir='ltr'><strong>Spiritu</strong></span> <span class='ocrx_word' id='word_1_499' title='bbox 2739 707 3114 754; x_wconf 88' lang='lat' dir='ltr'><strong>renascuntur.</strong></span> <span class='ocrx_word' id='word_1_500' title='bbox 3152 698 3290 768; x_wconf 89' lang='lat' dir='ltr'><strong>Quid</strong></span> <span class='ocrx_word' id='word_1_501' title='bbox 3339 715 3468 771; x_wconf 85' lang='lat' dir='ltr'><strong>ergo</strong></span> <span class='ocrx_word' id='word_1_502' title='bbox 3511 701 3704 756; x_wconf 90' lang='lat' dir='ltr'><strong>mirum</strong></span> <span class='ocrx_word' id='word_1_503' title='bbox 3727 745 3742 768; x_wconf 92' lang='lat'><strong>,</strong></span> <span class='ocrx_word' id='word_1_504' title='bbox 3771 705 3817 760; x_wconf 81' lang='lat' dir='ltr'><strong>si</strong></span> 
     </span>
    </p>
   </div>
   <div class='ocr_carea' id='block_1_67' title="bbox 2227 787 3815 862">
    <p class='ocr_par' dir='ltr' id='par_1_67' title="bbox 2227 787 3815 862">
     <span class='ocr_line' id='line_1_67' title="bbox 2227 787 3815 862; baseline 0.004 -21"><span class='ocrx_word' id='word_1_505' title='bbox 2227 787 2674 857; x_wconf 85' lang='lat' dir='ltr'><strong>quemadmodum</strong></span> <span class='ocrx_word' id='word_1_506' title='bbox 2705 788 2774 844; x_wconf 91' lang='lat' dir='ltr'><strong>de</strong></span> <span class='ocrx_word' id='word_1_507' title='bbox 2801 788 3000 860; x_wconf 84' lang='lat' dir='ltr'><strong>Spiritu</strong></span> <span class='ocrx_word' id='word_1_508' title='bbox 3025 789 3247 860; x_wconf 67' lang='lat' dir='ltr'><strong>justitite</strong></span> <span class='ocrx_word' id='word_1_509' title='bbox 3275 790 3439 845; x_wconf 88' lang='lat' dir='ltr'><strong>sumit</strong></span> <span class='ocrx_word' id='word_1_510' title='bbox 3469 789 3631 846; x_wconf 87' lang='lat' dir='ltr'><strong>homo</strong></span> <span class='ocrx_word' id='word_1_511' title='bbox 3654 791 3815 862; x_wconf 83' lang='lat' dir='ltr'><strong>justi-</strong></span> 
     </span>
    </p>
   </div>
   <div class='ocr_carea' id='block_1_68' title="bbox 2229 878 3816 954">
    <p class='ocr_par' dir='ltr' id='par_1_68' title="bbox 2229 878 3816 954">
     <span class='ocr_line' id='line_1_68' title="bbox 2229 878 3816 954; baseline 0.004 -22"><span class='ocrx_word' id='word_1_512' title='bbox 2229 878 2378 944; x_wconf 91' lang='lat' dir='ltr'><strong>tiam,</strong></span> <span class='ocrx_word' id='word_1_513' title='bbox 2411 879 2481 934; x_wconf 84' lang='lat' dir='ltr'><strong>ita</strong></span> <span class='ocrx_word' id='word_1_514' title='bbox 2508 879 2575 935; x_wconf 91' lang='lat' dir='ltr'><strong>de</strong></span> <span class='ocrx_word' id='word_1_515' title='bbox 2601 895 2764 936; x_wconf 87' lang='lat' dir='ltr'><strong>carne</strong></span> <span class='ocrx_word' id='word_1_516' title='bbox 2792 881 2997 951; x_wconf 87' lang='lat' dir='ltr'><strong>peccati</strong></span> <span class='ocrx_word' id='word_1_517' title='bbox 3025 881 3185 936; x_wconf 89' lang='lat' dir='ltr'><strong>trahit</strong></span> <span class='ocrx_word' id='word_1_518' title='bbox 3208 882 3470 952; x_wconf 88' lang='lat' dir='ltr'><strong>originale</strong></span> <span class='ocrx_word' id='word_1_519' title='bbox 3499 895 3773 954; x_wconf 87' lang='lat' dir='ltr'><strong>peccatum</strong></span> <span class='ocrx_word' id='word_1_520' title='bbox 3791 887 3816 938; x_wconf 72' lang='grc'><strong>1</strong></span> 
     </span>
    </p>
   </div>
   <div class='ocr_carea' id='block_1_69' title="bbox 2225 971 3814 1042">
    <p class='ocr_par' dir='ltr' id='par_1_69' title="bbox 2225 971 3814 1042">
     <span class='ocr_line' id='line_1_69' title="bbox 2225 971 3814 1042; baseline 0.004 -16"><span class='ocrx_word' id='word_1_521' title='bbox 2225 971 2412 1042; x_wconf 80' lang='lat' dir='ltr'><strong>Neque</strong></span> <span class='ocrx_word' id='word_1_522' title='bbox 2436 973 2582 1028; x_wconf 86' lang='lat' dir='ltr'><strong>enim</strong></span> <span class='ocrx_word' id='word_1_523' title='bbox 2603 976 2837 1028; x_wconf 78' lang='lat' dir='ltr'><strong>venisset</strong></span> <span class='ocrx_word' id='word_1_524' title='bbox 2862 973 3025 1030; x_wconf 82' lang='lat' dir='ltr'><strong>homo</strong></span> <span class='ocrx_word' id='word_1_525' title='bbox 3049 990 3188 1031; x_wconf 91' lang='lat' dir='ltr'><strong>unus</strong></span> <span class='ocrx_word' id='word_1_526' title='bbox 3211 975 3276 1030; x_wconf 90' lang='lat' dir='ltr'><strong>ad</strong></span> <span class='ocrx_word' id='word_1_527' title='bbox 3305 976 3610 1033; x_wconf 89' lang='lat' dir='ltr'><strong>liberandos</strong></span> <span class='ocrx_word' id='word_1_528' title='bbox 3635 994 3734 1036; x_wconf 88' lang='lat' dir='ltr'><strong>nos</strong></span> <span class='ocrx_word' id='word_1_529' title='bbox 3758 978 3814 1034; x_wconf 89' lang='lat' dir='ltr'><strong>in</strong></span> 
     </span>
    </p>
   </div>
   <div class='ocr_carea' id='block_1_70' title="bbox 2225 1061 3812 1135">
    <p class='ocr_par' dir='ltr' id='par_1_70' title="bbox 2225 1061 3812 1135">
     <span class='ocr_line' id='line_1_70' title="bbox 2225 1061 3812 1135; baseline 0.005 -19"><span class='ocrx_word' id='word_1_530' title='bbox 2225 1061 2575 1119; x_wconf 88' lang='lat' dir='ltr'><strong>similitudine</strong></span> <span class='ocrx_word' id='word_1_531' title='bbox 2616 1064 2796 1119; x_wconf 89' lang='lat' dir='ltr'><strong>carnis</strong></span> <span class='ocrx_word' id='word_1_532' title='bbox 2843 1066 3082 1135; x_wconf 86' lang='lat' dir='ltr'><strong>peccati,</strong></span> <span class='ocrx_word' id='word_1_533' title='bbox 3132 1066 3232 1120; x_wconf 86' lang='lat' dir='ltr'><strong>nisi</strong></span> <span class='ocrx_word' id='word_1_534' title='bbox 3281 1067 3521 1122; x_wconf 89' lang='lat' dir='ltr'><strong>omnium</strong></span> <span class='ocrx_word' id='word_1_535' title='bbox 3573 1077 3812 1124; x_wconf 89' lang='lat' dir='ltr'><strong>nostrum</strong></span> 
     </span>
    </p>
   </div>
   <div class='ocr_carea' id='block_1_71' title="bbox 2226 1153 3814 1226">
    <p class='ocr_par' dir='ltr' id='par_1_71' title="bbox 2226 1153 3814 1226">
     <span class='ocr_line' id='line_1_71' title="bbox 2226 1153 3814 1226; baseline 0.004 -19"><span class='ocrx_word' id='word_1_536' title='bbox 2226 1161 2370 1208; x_wconf 90' lang='lat' dir='ltr'><strong>esset</strong></span> <span class='ocrx_word' id='word_1_537' title='bbox 2393 1168 2522 1208; x_wconf 88' lang='lat' dir='ltr'><strong>caro</strong></span> <span class='ocrx_word' id='word_1_538' title='bbox 2549 1155 2774 1224; x_wconf 86' lang='lat' dir='ltr'><strong>peccati.</strong></span> <span class='ocrx_word' id='word_1_539' title='bbox 2801 1153 2934 1210; x_wconf 90' lang='lat' dir='ltr'><strong>Cum</strong></span> <span class='ocrx_word' id='word_1_540' title='bbox 2964 1155 3123 1225; x_wconf 90' lang='lat' dir='ltr'><strong>igitur</strong></span> <span class='ocrx_word' id='word_1_541' title='bbox 3143 1154 3266 1212; x_wconf 91' lang='lat' dir='ltr'><strong>huic</strong></span> <span class='ocrx_word' id='word_1_542' title='bbox 3292 1157 3479 1226; x_wconf 66' lang='lat' dir='ltr'><strong>gratia:</strong></span> <span class='ocrx_word' id='word_1_543' title='bbox 3507 1158 3814 1214; x_wconf 66' lang='lat' dir='ltr'><strong>christianum</strong></span> 
     </span>
    </p>
   </div>
   <div class='ocr_carea' id='block_1_72' title="bbox 2224 1244 3812 1322">
    <p class='ocr_par' dir='ltr' id='par_1_72' title="bbox 2224 1244 3812 1322">
     <span class='ocr_line' id='line_1_72' title="bbox 2224 1244 3812 1322; baseline 0.006 -24"><span class='ocrx_word' id='word_1_544' title='bbox 2224 1244 2296 1299; x_wconf 82' lang='lat' dir='ltr'><strong>sit</strong></span> <span class='ocrx_word' id='word_1_545' title='bbox 2324 1245 2534 1300; x_wconf 86' lang='lat' dir='ltr'><strong>inimica</strong></span> <span class='ocrx_word' id='word_1_546' title='bbox 2566 1245 2788 1302; x_wconf 62' lang='lat' dir='ltr'><strong>haeresis</strong></span> <span class='ocrx_word' id='word_1_547' title='bbox 2816 1255 2990 1302; x_wconf 86' lang='lat' dir='ltr'><strong>vestra</strong></span> <span class='ocrx_word' id='word_1_548' title='bbox 3013 1290 3027 1311; x_wconf 93' lang='lat'><strong>,</strong></span> <span class='ocrx_word' id='word_1_549' title='bbox 3058 1247 3234 1303; x_wconf 86' lang='lat' dir='ltr'><strong>adhuc</strong></span> <span class='ocrx_word' id='word_1_550' title='bbox 3259 1248 3441 1304; x_wconf 88' lang='lat' dir='ltr'><strong>mirari</strong></span> <span class='ocrx_word' id='word_1_551' title='bbox 3478 1258 3533 1306; x_wconf 90' lang='lat' dir='ltr'><strong>et</strong></span> <span class='ocrx_word' id='word_1_552' title='bbox 3557 1251 3812 1322; x_wconf 85' lang='lat' dir='ltr'><strong>conqueri</strong></span> 
     </span>
    </p>
   </div>
   <div class='ocr_carea' id='block_1_73' title="bbox 2223 1335 3604 1406">
    <p class='ocr_par' dir='ltr' id='par_1_73' title="bbox 2223 1335 3604 1406">
     <span class='ocr_line' id='line_1_73' title="bbox 2223 1335 3604 1406; baseline 0.004 -16"><span class='ocrx_word' id='word_1_553' title='bbox 2223 1335 2431 1391; x_wconf 85' lang='lat' dir='ltr'><strong>audetis</strong></span> <span class='ocrx_word' id='word_1_554' title='bbox 2449 1379 2466 1405; x_wconf 91' lang='lat'><strong>,</strong></span> <span class='ocrx_word' id='word_1_555' title='bbox 2493 1337 2634 1406; x_wconf 90' lang='lat' dir='ltr'><strong>quod</strong></span> <span class='ocrx_word' id='word_1_556' title='bbox 2662 1353 2758 1392; x_wconf 80' lang='lat' dir='ltr'><strong>vos</strong></span> <span class='ocrx_word' id='word_1_557' title='bbox 2783 1338 2981 1393; x_wconf 80' lang='lat' dir='ltr'><strong>Christi</strong></span> <span class='ocrx_word' id='word_1_558' title='bbox 3005 1339 3302 1396; x_wconf 89' lang='lat' dir='ltr'><strong>detestetur</strong></span> <span class='ocrx_word' id='word_1_559' title='bbox 3331 1340 3604 1397; x_wconf 85' lang='lat' dir='ltr'><strong>Ecclesia?</strong></span> 
     </span>
    </p>
   </div>
   <div class='ocr_carea' id='block_1_74' title="bbox 2296 1426 3814 1490">
    <p class='ocr_par' dir='ltr' id='par_1_74' title="bbox 2296 1426 3814 1490">
     <span class='ocr_line' id='line_1_74' title="bbox 2296 1426 3814 1490; baseline 0.005 -8"><span class='ocrx_word' id='word_1_560' title='bbox 2296 1426 2404 1482; x_wconf 75' lang='grc' dir='ltr'>ιιι.</span> <span class='ocrx_word' id='word_1_561' title='bbox 2443 1428 2565 1484; x_wconf 76' lang='grc' dir='ltr'>ιω..</span> <span class='ocrx_word' id='word_1_562' title='bbox 2605 1428 2662 1484; x_wconf 88' lang='lat' dir='ltr'><strong>Si</strong></span> <span class='ocrx_word' id='word_1_563' title='bbox 2687 1439 2865 1484; x_wconf 91' lang='lat' dir='ltr'><strong>autem</strong></span> <span class='ocrx_word' id='word_1_564' title='bbox 2887 1444 2994 1485; x_wconf 89' lang='lat' dir='ltr'><strong>non</strong></span> <span class='ocrx_word' id='word_1_565' title='bbox 3016 1433 3286 1486; x_wconf 88' lang='lat' dir='ltr'><strong>sustinens</strong></span> <span class='ocrx_word' id='word_1_566' title='bbox 3313 1433 3659 1489; x_wconf 85' lang='lat' dir='ltr'><strong>reclamantis</strong></span> <span class='ocrx_word' id='word_1_567' title='bbox 3675 1442 3814 1490; x_wconf 88' lang='lat' dir='ltr'><strong>stre—</strong></span> 
     </span>
    </p>
   </div>
   <div class='ocr_carea' id='block_1_75' title="bbox 2223 1519 3812 1596">
    <p class='ocr_par' dir='ltr' id='par_1_75' title="bbox 2223 1519 3812 1596">
     <span class='ocr_line' id='line_1_75' title="bbox 2223 1519 3812 1596; baseline 0.004 -24"><span class='ocrx_word' id='word_1_568' title='bbox 2223 1519 2391 1589; x_wconf 90' lang='lat' dir='ltr'><strong>pitum</strong></span> <span class='ocrx_word' id='word_1_569' title='bbox 2434 1519 2677 1574; x_wconf 84' lang='lat' dir='ltr'><strong>veritatis</strong></span> <span class='ocrx_word' id='word_1_570' title='bbox 2703 1521 2754 1588; x_wconf 83' lang='grc'><strong>¹,</strong></span> <span class='ocrx_word' id='word_1_571' title='bbox 2784 1520 2892 1575; x_wconf 89' lang='lat' dir='ltr'><strong>alio</strong></span> <span class='ocrx_word' id='word_1_572' title='bbox 2937 1523 3160 1577; x_wconf 90' lang='lat' dir='ltr'><strong>tentaris</strong></span> <span class='ocrx_word' id='word_1_573' title='bbox 3209 1523 3484 1593; x_wconf 70' lang='lat' dir='ltr'><strong>effugere,</strong></span> <span class='ocrx_word' id='word_1_574' title='bbox 3532 1524 3585 1578; x_wconf 90' lang='lat' dir='ltr'><strong>in</strong></span> <span class='ocrx_word' id='word_1_575' title='bbox 3633 1525 3812 1596; x_wconf 86' lang='lat' dir='ltr'><strong>plagas</strong></span> 
     </span>
    </p>
   </div>
   <div class='ocr_carea' id='block_1_76' title="bbox 2224 1611 3813 1686">
    <p class='ocr_par' dir='ltr' id='par_1_76' title="bbox 2224 1611 3813 1686">
     <span class='ocr_line' id='line_1_76' title="bbox 2224 1611 3813 1686; baseline 0.003 -21"><span class='ocrx_word' id='word_1_576' title='bbox 2224 1611 2429 1666; x_wconf 89' lang='lat' dir='ltr'><strong>incides</strong></span> <span class='ocrx_word' id='word_1_577' title='bbox 2479 1612 2744 1667; x_wconf 84' lang='lat' dir='ltr'><strong>fortiores.</strong></span> <span class='ocrx_word' id='word_1_578' title='bbox 2797 1611 2931 1668; x_wconf 83' lang='lat' dir='ltr'><strong>Nam</strong></span> <span class='ocrx_word' id='word_1_579' title='bbox 2978 1614 3022 1668; x_wconf 90' lang='lat' dir='ltr'><strong>si</strong></span> <span class='ocrx_word' id='word_1_580' title='bbox 3075 1614 3259 1680; x_wconf 88' lang='lat' dir='ltr'><strong>dicas,</strong></span> <span class='ocrx_word' id='word_1_581' title='bbox 3296 1615 3432 1670; x_wconf 85' lang='lat' dir='ltr'><strong>Vera</strong></span> <span class='ocrx_word' id='word_1_582' title='bbox 3471 1615 3686 1686; x_wconf 90' lang='lat' dir='ltr'><strong>quidem</strong></span> <span class='ocrx_word' id='word_1_583' title='bbox 3729 1626 3813 1672; x_wconf 88' lang='lat' dir='ltr'><strong>est</strong></span> 
     </span>
    </p>
   </div>
   <div class='ocr_carea' id='block_1_77' title="bbox 2223 1701 3806 1779">
    <p class='ocr_par' dir='ltr' id='par_1_77' title="bbox 2223 1701 3806 1779">
     <span class='ocr_line' id='line_1_77' title="bbox 2223 1701 3806 1779; baseline 0.004 -21"><span class='ocrx_word' id='word_1_584' title='bbox 2223 1701 2504 1773; x_wconf 53' lang='lat' dir='ltr'><strong>Prophetas</strong></span> <span class='ocrx_word' id='word_1_585' title='bbox 2529 1703 2791 1758; x_wconf 88' lang='lat' dir='ltr'><strong>sententia</strong></span> <span class='ocrx_word' id='word_1_586' title='bbox 2813 1745 2827 1768; x_wconf 92' lang='lat'><strong>,</strong></span> <span class='ocrx_word' id='word_1_587' title='bbox 2861 1704 2956 1761; x_wconf 89' lang='lat' dir='ltr'><strong>sed</strong></span> <span class='ocrx_word' id='word_1_588' title='bbox 2997 1705 3053 1760; x_wconf 93' lang='lat' dir='ltr'><strong>in</strong></span> <span class='ocrx_word' id='word_1_589' title='bbox 3081 1707 3102 1738; x_wconf 79' lang='grc'><strong>’</strong></span> <span class='ocrx_word' id='word_1_590' title='bbox 3131 1707 3374 1776; x_wconf 89' lang='lat' dir='ltr'><strong>personis</strong></span> <span class='ocrx_word' id='word_1_591' title='bbox 3402 1708 3772 1779; x_wconf 88' lang='lat' dir='ltr'><strong>grandioribus</strong></span> <span class='ocrx_word' id='word_1_592' title='bbox 3789 1749 3806 1774; x_wconf 94' lang='lat'><strong>,</strong></span> 
     </span>
    </p>
   </div>
   <div class='ocr_carea' id='block_1_78' title="bbox 2220 1795 3809 1870">
    <p class='ocr_par' dir='ltr' id='par_1_78' title="bbox 2220 1795 3809 1870">
     <span class='ocr_line' id='line_1_78' title="bbox 2220 1795 3809 1870; baseline 0.004 -21"><span class='ocrx_word' id='word_1_593' title='bbox 2220 1811 2340 1866; x_wconf 68' lang='lat' dir='ltr'><strong>quae</strong></span> <span class='ocrx_word' id='word_1_594' title='bbox 2362 1795 2492 1850; x_wconf 89' lang='lat' dir='ltr'><strong>dicit</strong></span> <span class='ocrx_word' id='word_1_595' title='bbox 2518 1795 2940 1852; x_wconf 87' lang='lat' dir='ltr'><strong>necessitudines</strong></span> <span class='ocrx_word' id='word_1_596' title='bbox 2975 1797 3149 1868; x_wconf 87' lang='lat' dir='ltr'><strong>culpis</strong></span> <span class='ocrx_word' id='word_1_597' title='bbox 3188 1799 3388 1854; x_wconf 88' lang='lat' dir='ltr'><strong>mutuis</strong></span> <span class='ocrx_word' id='word_1_598' title='bbox 3416 1814 3522 1854; x_wconf 89' lang='lat' dir='ltr'><strong>non</strong></span> <span class='ocrx_word' id='word_1_599' title='bbox 3559 1801 3809 1870; x_wconf 84' lang='lat' dir='ltr'><strong>gravari;</strong></span> 
     </span>
    </p>
   </div>
   <div class='ocr_carea' id='block_1_79' title="bbox 2221 1887 3809 1960">
    <p class='ocr_par' dir='ltr' id='par_1_79' title="bbox 2221 1887 3809 1960">
     <span class='ocr_line' id='line_1_79' title="bbox 2221 1887 3809 1960; baseline 0.003 -19"><span class='ocrx_word' id='word_1_600' title='bbox 2221 1887 2274 1942; x_wconf 90' lang='lat' dir='ltr'><strong>in</strong></span> <span class='ocrx_word' id='word_1_601' title='bbox 2306 1887 2540 1958; x_wconf 85' lang='lat' dir='ltr'><strong>parvulis</strong></span> <span class='ocrx_word' id='word_1_602' title='bbox 2582 1895 2760 1942; x_wconf 89' lang='lat' dir='ltr'><strong>autem</strong></span> <span class='ocrx_word' id='word_1_603' title='bbox 2802 1887 2872 1942; x_wconf 92' lang='lat' dir='ltr'><strong>ab</strong></span> <span class='ocrx_word' id='word_1_604' title='bbox 2915 1903 3018 1943; x_wconf 91' lang='lat' dir='ltr'><strong>una</strong></span> <span class='ocrx_word' id='word_1_605' title='bbox 3063 1888 3146 1943; x_wconf 91' lang='lat' dir='ltr'><strong>sui</strong></span> <span class='ocrx_word' id='word_1_606' title='bbox 3190 1898 3340 1959; x_wconf 91' lang='lat' dir='ltr'><strong>parte</strong></span> <span class='ocrx_word' id='word_1_607' title='bbox 3381 1889 3674 1958; x_wconf 90' lang='lat' dir='ltr'><strong>mentitur,</strong></span> <span class='ocrx_word' id='word_1_608' title='bbox 3703 1907 3809 1960; x_wconf 88' lang='lat' dir='ltr'><strong>qua</strong></span> 
     </span>
    </p>
   </div>
   <div class='ocr_carea' id='block_1_80' title="bbox 2219 1977 3808 2053">
    <p class='ocr_par' dir='ltr' id='par_1_80' title="bbox 2219 1977 3808 2053">
     <span class='ocr_line' id='line_1_80' title="bbox 2219 1977 3808 2053; baseline 0.003 -21"><span class='ocrx_word' id='word_1_609' title='bbox 2219 1977 2348 2032; x_wconf 90' lang='lat' dir='ltr'><strong>dicit</strong></span> <span class='ocrx_word' id='word_1_610' title='bbox 2376 1991 2470 2033; x_wconf 90' lang='lat' dir='ltr'><strong>eos</strong></span> <span class='ocrx_word' id='word_1_611' title='bbox 2498 1993 2621 2034; x_wconf 90' lang='lat' dir='ltr'><strong>reos</strong></span> <span class='ocrx_word' id='word_1_612' title='bbox 2649 1994 2755 2034; x_wconf 90' lang='lat' dir='ltr'><strong>non</strong></span> <span class='ocrx_word' id='word_1_613' title='bbox 2794 1993 2916 2035; x_wconf 89' lang='lat' dir='ltr'><strong>esse</strong></span> <span class='ocrx_word' id='word_1_614' title='bbox 2951 1979 3023 2035; x_wconf 91' lang='lat' dir='ltr'><strong>ob</strong></span> <span class='ocrx_word' id='word_1_615' title='bbox 3066 1981 3268 2036; x_wconf 87' lang='lat' dir='ltr'><strong>scelera</strong></span> <span class='ocrx_word' id='word_1_616' title='bbox 3316 1982 3719 2053; x_wconf 87' lang='lat' dir='ltr'><strong>generantium;</strong></span> <span class='ocrx_word' id='word_1_617' title='bbox 3752 1983 3808 2037; x_wconf 89' lang='lat' dir='ltr'><strong>in</strong></span> 
     </span>
    </p>
   </div>
   <div class='ocr_carea' id='block_1_81' title="bbox 2219 2069 3810 2144">
    <p class='ocr_par' dir='ltr' id='par_1_81' title="bbox 2219 2069 3810 2144">
     <span class='ocr_line' id='line_1_81' title="bbox 2219 2069 3810 2144; baseline 0.005 -20"><span class='ocrx_word' id='word_1_618' title='bbox 2219 2069 2322 2124; x_wconf 91' lang='lat' dir='ltr'><strong>alia</strong></span> <span class='ocrx_word' id='word_1_619' title='bbox 2350 2079 2527 2126; x_wconf 91' lang='lat' dir='ltr'><strong>autem</strong></span> <span class='ocrx_word' id='word_1_620' title='bbox 2574 2087 2682 2127; x_wconf 93' lang='lat' dir='ltr'><strong>non</strong></span> <span class='ocrx_word' id='word_1_621' title='bbox 2724 2073 2980 2128; x_wconf 89' lang='lat' dir='ltr'><strong>mentitur</strong></span> <span class='ocrx_word' id='word_1_622' title='bbox 3004 2073 3048 2140; x_wconf 88' lang='grc'><em>³,</em></span> <span class='ocrx_word' id='word_1_623' title='bbox 3079 2073 3131 2128; x_wconf 89' lang='lat' dir='ltr'><strong>in</strong></span> <span class='ocrx_word' id='word_1_624' title='bbox 3161 2089 3263 2144; x_wconf 92' lang='lat' dir='ltr'><strong>qua</strong></span> <span class='ocrx_word' id='word_1_625' title='bbox 3292 2075 3484 2130; x_wconf 88' lang='lat' dir='ltr'><strong>asserit</strong></span> <span class='ocrx_word' id='word_1_626' title='bbox 3509 2090 3606 2132; x_wconf 88' lang='lat' dir='ltr'><strong>eos</strong></span> <span class='ocrx_word' id='word_1_627' title='bbox 3646 2075 3810 2132; x_wconf 79' lang='lat' dir='ltr'><strong>nullis</strong></span> 
     </span>
    </p>
   </div>
   <div class='ocr_carea' id='block_1_82' title="bbox 2220 2161 3805 2236">
    <p class='ocr_par' dir='ltr' id='par_1_82' title="bbox 2220 2161 3805 2236">
     <span class='ocr_line' id='line_1_82' title="bbox 2220 2161 3805 2236; baseline 0.005 -23"><span class='ocrx_word' id='word_1_628' title='bbox 2220 2169 2500 2231; x_wconf 89' lang='lat' dir='ltr'><strong>parentum</strong></span> <span class='ocrx_word' id='word_1_629' title='bbox 2528 2161 2813 2218; x_wconf 89' lang='lat' dir='ltr'><strong>virtutibus</strong></span> <span class='ocrx_word' id='word_1_630' title='bbox 2851 2162 3124 2218; x_wconf 87' lang='lat' dir='ltr'><strong>sublevari</strong></span> <span class='ocrx_word' id='word_1_631' title='bbox 3155 2181 3170 2219; x_wconf 89' lang='lat'><strong>:</strong></span> <span class='ocrx_word' id='word_1_632' title='bbox 3203 2171 3329 2219; x_wconf 93' lang='lat' dir='ltr'><strong>tunc</strong></span> <span class='ocrx_word' id='word_1_633' title='bbox 3376 2165 3534 2236; x_wconf 90' lang='lat' dir='ltr'><strong>plane</strong></span> <span class='ocrx_word' id='word_1_634' title='bbox 3569 2164 3805 2221; x_wconf 72' lang='lat' dir='ltr'><strong>fmdissr-</strong></span> 
     </span>
    </p>
   </div>
   <div class='ocr_carea' id='block_1_83' title="bbox 2218 2253 3803 2327">
    <p class='ocr_par' dir='ltr' id='par_1_83' title="bbox 2218 2253 3803 2327">
     <span class='ocr_line' id='line_1_83' title="bbox 2218 2253 3803 2327; baseline 0.003 -21"><span class='ocrx_word' id='word_1_635' title='bbox 2218 2267 2360 2306; x_wconf 89' lang='lat' dir='ltr'><strong>mam</strong></span> <span class='ocrx_word' id='word_1_636' title='bbox 2381 2268 2489 2307; x_wconf 88' lang='lat' dir='ltr'><strong>non</strong></span> <span class='ocrx_word' id='word_1_637' title='bbox 2509 2253 2832 2324; x_wconf 88' lang='lat' dir='ltr'><strong>disputandi,</strong></span> <span class='ocrx_word' id='word_1_638' title='bbox 2858 2253 2951 2310; x_wconf 89' lang='lat' dir='ltr'><strong>sed</strong></span> <span class='ocrx_word' id='word_1_639' title='bbox 2973 2255 3342 2326; x_wconf 85' lang='lat' dir='ltr'><strong>contingeadi;</strong></span> <span class='ocrx_word' id='word_1_640' title='bbox 3371 2271 3477 2310; x_wconf 91' lang='lat' dir='ltr'><strong>non</strong></span> <span class='ocrx_word' id='word_1_641' title='bbox 3499 2255 3803 2327; x_wconf 89' lang='lat' dir='ltr'><strong>eloquendi,</strong></span> 
     </span>
    </p>
   </div>
   <div class='ocr_carea' id='block_1_84' title="bbox 2218 2341 3803 2413">
    <p class='ocr_par' dir='ltr' id='par_1_84' title="bbox 2218 2341 3803 2413">
     <span class='ocr_line' id='line_1_84' title="bbox 2218 2341 3803 2413; baseline 0.002 -16"><span class='ocrx_word' id='word_1_642' title='bbox 2218 2341 2311 2397; x_wconf 87' lang='lat' dir='ltr'><strong>sed</strong></span> <span class='ocrx_word' id='word_1_643' title='bbox 2341 2342 2622 2412; x_wconf 82' lang='lat' dir='ltr'><strong>loquendi;</strong></span> <span class='ocrx_word' id='word_1_644' title='bbox 2650 2357 2756 2398; x_wconf 91' lang='lat' dir='ltr'><strong>non</strong></span> <span class='ocrx_word' id='word_1_645' title='bbox 2782 2352 3060 2413; x_wconf 86' lang='lat' dir='ltr'><strong>postremo</strong></span> <span class='ocrx_word' id='word_1_646' title='bbox 3081 2344 3198 2400; x_wconf 78' lang='lat' dir='ltr'><strong>sani</strong></span> <span class='ocrx_word' id='word_1_647' title='bbox 3235 2344 3466 2400; x_wconf 87' lang='lat' dir='ltr'><strong>hominis</strong></span> <span class='ocrx_word' id='word_1_648' title='bbox 3486 2386 3505 2413; x_wconf 95' lang='lat'><strong>,</strong></span> <span class='ocrx_word' id='word_1_649' title='bbox 3532 2345 3627 2402; x_wconf 89' lang='lat' dir='ltr'><strong>sed</strong></span> <span class='ocrx_word' id='word_1_650' title='bbox 3655 2361 3803 2402; x_wconf 81' lang='lat' dir='ltr'><strong>exct-</strong></span> 
     </span>
    </p>
   </div>
   <div class='ocr_carea' id='block_1_85' title="bbox 2217 2431 3802 2506">
    <p class='ocr_par' dir='ltr' id='par_1_85' title="bbox 2217 2431 3802 2506">
     <span class='ocr_line' id='line_1_85' title="bbox 2217 2431 3802 2506; baseline 0.003 -19"><span class='ocrx_word' id='word_1_651' title='bbox 2217 2431 2395 2488; x_wconf 87' lang='lat' dir='ltr'><strong>dentis</strong></span> <span class='ocrx_word' id='word_1_652' title='bbox 2418 2449 2582 2489; x_wconf 91' lang='lat' dir='ltr'><strong>sensu</strong></span> <span class='ocrx_word' id='word_1_653' title='bbox 2610 2432 2634 2466; x_wconf 78' lang='grc'><strong>⁸</strong></span> <span class='ocrx_word' id='word_1_654' title='bbox 2661 2433 2941 2490; x_wconf 74' lang='lat' dir='ltr'><strong>Manichmi</strong></span> <span class='ocrx_word' id='word_1_655' title='bbox 2965 2434 3240 2491; x_wconf 89' lang='lat' dir='ltr'><strong>libidinem</strong></span> <span class='ocrx_word' id='word_1_656' title='bbox 3265 2436 3558 2506; x_wconf 88' lang='lat' dir='ltr'><strong>publicabis</strong></span> <span class='ocrx_word' id='word_1_657' title='bbox 3589 2453 3604 2489; x_wconf 88' lang='lat'><strong>:</strong></span> <span class='ocrx_word' id='word_1_658' title='bbox 3637 2436 3683 2492; x_wconf 89' lang='lat' dir='ltr'><strong>si</strong></span> <span class='ocrx_word' id='word_1_659' title='bbox 3709 2437 3802 2492; x_wconf 85' lang='lat' dir='ltr'><strong>tibi</strong></span> 
     </span>
    </p>
   </div>
   <div class='ocr_carea' id='block_1_86' title="bbox 2218 2526 3803 2597">
    <p class='ocr_par' dir='ltr' id='par_1_86' title="bbox 2218 2526 3803 2597">
     <span class='ocr_line' id='line_1_86' title="bbox 2218 2526 3803 2597; baseline 0.001 -17"><span class='ocrx_word' id='word_1_660' title='bbox 2218 2533 2370 2596; x_wconf 80' lang='lat' dir='ltr'><strong>putes</strong></span> <span class='ocrx_word' id='word_1_661' title='bbox 2393 2534 2578 2581; x_wconf 86' lang='lat' dir='ltr'><strong>eontra</strong></span> <span class='ocrx_word' id='word_1_662' title='bbox 2613 2526 2950 2597; x_wconf 83' lang='lat' dir='ltr'><strong>perspicuam</strong></span> <span class='ocrx_word' id='word_1_663' title='bbox 2989 2527 3293 2594; x_wconf 83' lang='lat' dir='ltr'><strong>rationem,</strong></span> <span class='ocrx_word' id='word_1_664' title='bbox 3320 2536 3506 2583; x_wconf 89' lang='lat' dir='ltr'><strong>contra</strong></span> <span class='ocrx_word' id='word_1_665' title='bbox 3543 2526 3803 2583; x_wconf 84' lang='lat' dir='ltr'><strong>honorem</strong></span> 
     </span>
    </p>
   </div>
   <div class='ocr_carea' id='block_1_87' title="bbox 2218 2615 3802 2691">
    <p class='ocr_par' dir='ltr' id='par_1_87' title="bbox 2218 2615 3802 2691">
     <span class='ocr_line' id='line_1_87' title="bbox 2218 2615 3802 2691; baseline 0.001 -19"><span class='ocrx_word' id='word_1_666' title='bbox 2218 2615 2334 2682; x_wconf 90' lang='lat' dir='ltr'><strong>Dei,</strong></span> <span class='ocrx_word' id='word_1_667' title='bbox 2355 2626 2542 2672; x_wconf 84' lang='lat' dir='ltr'><strong>contra</strong></span> <span class='ocrx_word' id='word_1_668' title='bbox 2564 2617 2831 2687; x_wconf 77' lang='lat' dir='ltr'><strong>exempla,</strong></span> <span class='ocrx_word' id='word_1_669' title='bbox 2853 2627 3040 2674; x_wconf 90' lang='lat' dir='ltr'><strong>contra</strong></span> <span class='ocrx_word' id='word_1_670' title='bbox 3065 2619 3368 2675; x_wconf 88' lang='lat' dir='ltr'><strong>testimonia</strong></span> <span class='ocrx_word' id='word_1_671' title='bbox 3393 2629 3802 2691; x_wconf 68' lang='lat' dir='ltr'><strong>praeceptorum,</strong></span> 
     </span>
    </p>
   </div>
   <div class='ocr_carea' id='block_1_88' title="bbox 2216 2710 3804 2783">
    <p class='ocr_par' dir='ltr' id='par_1_88' title="bbox 2216 2710 3804 2783">
     <span class='ocr_line' id='line_1_88' title="bbox 2216 2710 3804 2783; baseline 0.002 -18"><span class='ocrx_word' id='word_1_672' title='bbox 2216 2719 2404 2766; x_wconf 83' lang='lat' dir='ltr'><strong>contra</strong></span> <span class='ocrx_word' id='word_1_673' title='bbox 2427 2710 2817 2781; x_wconf 75' lang='lat' dir='ltr'><strong>expositionem</strong></span> <span class='ocrx_word' id='word_1_674' title='bbox 2837 2710 3162 2782; x_wconf 90' lang='lat' dir='ltr'><strong>judiciorum</strong></span> <span class='ocrx_word' id='word_1_675' title='bbox 3185 2752 3200 2778; x_wconf 95' lang='lat'><strong>,</strong></span> <span class='ocrx_word' id='word_1_676' title='bbox 3228 2712 3370 2783; x_wconf 87' lang='lat' dir='ltr'><strong>quod</strong></span> <span class='ocrx_word' id='word_1_677' title='bbox 3398 2713 3612 2770; x_wconf 87' lang='lat' dir='ltr'><strong>libuerit</strong></span> <span class='ocrx_word' id='word_1_678' title='bbox 3638 2712 3804 2770; x_wconf 82' lang='lat' dir='ltr'><strong>licere</strong></span> 
     </span>
    </p>
   </div>
   <div class='ocr_carea' id='block_1_89' title="bbox 2219 2800 3374 2872">
    <p class='ocr_par' dir='ltr' id='par_1_89' title="bbox 2219 2800 3374 2872">
     <span class='ocr_line' id='line_1_89' title="bbox 2219 2800 3374 2872; baseline 0.001 -16"><span class='ocrx_word' id='word_1_679' title='bbox 2219 2815 2495 2872; x_wconf 88' lang='lat' dir='ltr'><strong>respuere,</strong></span> <span class='ocrx_word' id='word_1_680' title='bbox 2525 2800 2744 2872; x_wconf 91' lang='lat' dir='ltr'><strong>etquod</strong></span> <span class='ocrx_word' id='word_1_681' title='bbox 2772 2801 3054 2858; x_wconf 90' lang='lat' dir='ltr'><strong>delectarit</strong></span> <span class='ocrx_word' id='word_1_682' title='bbox 3077 2816 3374 2860; x_wconf 90' lang='lat' dir='ltr'><strong>assumere.</strong></span> 
     </span>
    </p>
   </div>
   <div class='ocr_carea' id='block_1_90' title="bbox 2285 2911 3797 2984">
    <p class='ocr_par' dir='ltr' id='par_1_90' title="bbox 2285 2911 3797 2984">
     <span class='ocr_line' id='line_1_90' title="bbox 2285 2911 3797 2984; baseline 0.001 -16"><span class='ocrx_word' id='word_1_683' title='bbox 2285 2913 2424 2969; x_wconf 78' lang='lat' dir='ltr'><strong>Anc.</strong></span> <span class='ocrx_word' id='word_1_684' title='bbox 2463 2911 2736 2968; x_wconf 90' lang='lat' dir='ltr'><strong>Sententia</strong></span> <span class='ocrx_word' id='word_1_685' title='bbox 2768 2913 3047 2984; x_wconf 80' lang='lat' dir='ltr'><strong>Prophetze</strong></span> <span class='ocrx_word' id='word_1_686' title='bbox 3075 2929 3142 2968; x_wconf 83' lang='lat' dir='ltr'><strong>ex</strong></span> <span class='ocrx_word' id='word_1_687' title='bbox 3161 2922 3313 2984; x_wconf 88' lang='lat' dir='ltr'><strong>parte</strong></span> <span class='ocrx_word' id='word_1_688' title='bbox 3335 2914 3478 2969; x_wconf 88' lang='lat' dir='ltr'><strong>nulla</strong></span> <span class='ocrx_word' id='word_1_689' title='bbox 3506 2913 3797 2970; x_wconf 88' lang='lat' dir='ltr'><strong>mentitur:</strong></span> 
     </span>
    </p>
   </div>
   <div class='ocr_carea' id='block_1_91' title="bbox 2214 3002 3800 3076">
    <p class='ocr_par' dir='ltr' id='par_1_91' title="bbox 2214 3002 3800 3076">
     <span class='ocr_line' id='line_1_91' title="bbox 2214 3002 3800 3076; baseline 0.001 -17"><span class='ocrx_word' id='word_1_690' title='bbox 2214 3002 2310 3059; x_wconf 88' lang='lat' dir='ltr'><strong>sed</strong></span> <span class='ocrx_word' id='word_1_691' title='bbox 2341 3012 2397 3058; x_wconf 94' lang='lat' dir='ltr'><strong>tu</strong></span> <span class='ocrx_word' id='word_1_692' title='bbox 2427 3018 2532 3058; x_wconf 92' lang='lat' dir='ltr'><strong>non</strong></span> <span class='ocrx_word' id='word_1_693' title='bbox 2577 3003 2880 3076; x_wconf 88' lang='lat' dir='ltr'><strong>intelligens</strong></span> <span class='ocrx_word' id='word_1_694' title='bbox 2922 3004 3065 3076; x_wconf 84' lang='lat' dir='ltr'><strong>quod</strong></span> <span class='ocrx_word' id='word_1_695' title='bbox 3108 3019 3203 3075; x_wconf 88' lang='lat' dir='ltr'><strong>per</strong></span> <span class='ocrx_word' id='word_1_696' title='bbox 3239 3005 3382 3059; x_wconf 85' lang='lat' dir='ltr'><strong>illam</strong></span> <span class='ocrx_word' id='word_1_697' title='bbox 3416 3003 3800 3076; x_wconf 85' lang='lat' dir='ltr'><strong>prepbetatur,</strong></span> 
     </span>
    </p>
   </div>
   <div class='ocr_carea' id='block_1_92' title="bbox 2213 3093 3807 3167">
    <p class='ocr_par' dir='ltr' id='par_1_92' title="bbox 2213 3093 3807 3167">
     <span class='ocr_line' id='line_1_92' title="bbox 2213 3093 3807 3167; baseline 0.003 -17"><span class='ocrx_word' id='word_1_698' title='bbox 2213 3105 2271 3150; x_wconf 87' lang='lat' dir='ltr'><strong>ut</strong></span> <span class='ocrx_word' id='word_1_699' title='bbox 2297 3110 2402 3148; x_wconf 92' lang='lat' dir='ltr'><strong>non</strong></span> <span class='ocrx_word' id='word_1_700' title='bbox 2445 3093 2622 3150; x_wconf 90' lang='lat' dir='ltr'><strong>dicam</strong></span> <span class='ocrx_word' id='word_1_701' title='bbox 2648 3095 2892 3151; x_wconf 90' lang='lat' dir='ltr'><strong>mentiris</strong></span> <span class='ocrx_word' id='word_1_702' title='bbox 2916 3136 2930 3162; x_wconf 89' lang='lat'><strong>,</strong></span> <span class='ocrx_word' id='word_1_703' title='bbox 2958 3105 3104 3152; x_wconf 85' lang='lat' dir='ltr'><strong>certe</strong></span> <span class='ocrx_word' id='word_1_704' title='bbox 3133 3095 3308 3166; x_wconf 90' lang='lat' dir='ltr'><strong>(quod</strong></span> <span class='ocrx_word' id='word_1_705' title='bbox 3351 3096 3468 3152; x_wconf 89' lang='lat' dir='ltr'><strong>sine</strong></span> <span class='ocrx_word' id='word_1_706' title='bbox 3495 3094 3683 3167; x_wconf 88' lang='lat' dir='ltr'><strong>injuria</strong></span> <span class='ocrx_word' id='word_1_707' title='bbox 3711 3107 3807 3154; x_wconf 67' lang='lat' dir='ltr'><strong>tua</strong></span> 
     </span>
    </p>
   </div>
   <div class='ocr_carea' id='block_1_93' title="bbox 2211 3185 3799 3258">
    <p class='ocr_par' dir='ltr' id='par_1_93' title="bbox 2211 3185 3799 3258">
     <span class='ocr_line' id='line_1_93' title="bbox 2211 3185 3799 3258; baseline 0.001 -16"><span class='ocrx_word' id='word_1_708' title='bbox 2211 3185 2476 3258; x_wconf 79' lang='lat' dir='ltr'><strong>dixerim)</strong></span> <span class='ocrx_word' id='word_1_709' title='bbox 2507 3188 2684 3242; x_wconf 91' lang='lat' dir='ltr'><strong>nescis</strong></span> <span class='ocrx_word' id='word_1_710' title='bbox 2705 3186 2830 3258; x_wconf 92' lang='lat' dir='ltr'><strong>quid</strong></span> <span class='ocrx_word' id='word_1_711' title='bbox 2861 3187 3115 3258; x_wconf 91' lang='lat' dir='ltr'><strong>loquaris.</strong></span> <span class='ocrx_word' id='word_1_712' title='bbox 3149 3187 3282 3242; x_wconf 84' lang='lat' dir='ltr'><strong>Nam</strong></span> <span class='ocrx_word' id='word_1_713' title='bbox 3307 3195 3361 3242; x_wconf 91' lang='lat' dir='ltr'><strong>et</strong></span> <span class='ocrx_word' id='word_1_714' title='bbox 3385 3187 3487 3243; x_wconf 90' lang='lat' dir='ltr'><strong>hoe</strong></span> <span class='ocrx_word' id='word_1_715' title='bbox 3505 3187 3645 3258; x_wconf 84' lang='lat' dir='ltr'><strong>quod</strong></span> <span class='ocrx_word' id='word_1_716' title='bbox 3664 3187 3799 3243; x_wconf 78' lang='lat' dir='ltr'><strong>dicis</strong></span> 
     </span>
    </p>
   </div>
   <div class='ocr_carea' id='block_1_94' title="bbox 2211 3277 3800 3351">
    <p class='ocr_par' dir='ltr' id='par_1_94' title="bbox 2211 3277 3800 3351">
     <span class='ocr_line' id='line_1_94' title="bbox 2211 3277 3800 3351; baseline -0.001 -15"><span class='ocrx_word' id='word_1_717' title='bbox 2211 3295 2453 3336; x_wconf 87' lang='lat' dir='ltr'><strong>asserere</strong></span> <span class='ocrx_word' id='word_1_718' title='bbox 2474 3279 2820 3351; x_wconf 81' lang='lat' dir='ltr'><strong>PrOphetam.</strong></span> <span class='ocrx_word' id='word_1_719' title='bbox 2848 3297 2868 3331; x_wconf 84' lang='grc' dir='ltr'><strong>ι</strong></span> <span class='ocrx_word' id='word_1_720' title='bbox 2897 3279 3054 3334; x_wconf 87' lang='lat' dir='ltr'><strong>nullis</strong></span> <span class='ocrx_word' id='word_1_721' title='bbox 3071 3288 3348 3349; x_wconf 89' lang='lat' dir='ltr'><strong>parentum</strong></span> <span class='ocrx_word' id='word_1_722' title='bbox 3366 3279 3646 3335; x_wconf 87' lang='lat' dir='ltr'><strong>virtutibus</strong></span> <span class='ocrx_word' id='word_1_723' title='bbox 3663 3277 3800 3335; x_wconf 90' lang='lat' dir='ltr'><strong>ﬁlios</strong></span> 
     </span>
    </p>
   </div>
   <div class='ocr_carea' id='block_1_95' title="bbox 2211 3369 3798 3442">
    <p class='ocr_par' dir='ltr' id='par_1_95' title="bbox 2211 3369 3798 3442">
     <span class='ocr_line' id='line_1_95' title="bbox 2211 3369 3798 3442; baseline 0.001 -17"><span class='ocrx_word' id='word_1_724' title='bbox 2211 3369 2514 3436; x_wconf 91' lang='lat' dir='ltr'><strong>sublevari;</strong></span> <span class='ocrx_word' id='word_1_725' title='bbox 2554 3388 2574 3423; x_wconf 85' lang='grc' dir='ltr'><strong>ι</strong></span> <span class='ocrx_word' id='word_1_726' title='bbox 2606 3369 2874 3440; x_wconf 90' lang='lat' dir='ltr'><strong>quomodo</strong></span> <span class='ocrx_word' id='word_1_727' title='bbox 2911 3379 2967 3425; x_wconf 93' lang='lat' dir='ltr'><strong>et</strong></span> <span class='ocrx_word' id='word_1_728' title='bbox 2993 3378 3260 3441; x_wconf 90' lang='lat' dir='ltr'><strong>quatenus</strong></span> <span class='ocrx_word' id='word_1_729' title='bbox 3294 3371 3602 3442; x_wconf 84' lang='lat' dir='ltr'><strong>accipiatur,</strong></span> <span class='ocrx_word' id='word_1_730' title='bbox 3630 3371 3798 3426; x_wconf 76' lang='lat' dir='ltr'><strong>inter-</strong></span> 
     </span>
    </p>
   </div>
   <div class='ocr_carea' id='block_1_96' title="bbox 2211 3454 3798 3534">
    <p class='ocr_par' dir='ltr' id='par_1_96' title="bbox 2211 3454 3798 3534">
     <span class='ocr_line' id='line_1_96' title="bbox 2211 3454 3798 3534; baseline 0.001 -16"><span class='ocrx_word' id='word_1_731' title='bbox 2211 3471 2295 3518; x_wconf 90' lang='lat' dir='ltr'><strong>est</strong></span> <span class='ocrx_word' id='word_1_732' title='bbox 2327 3462 2632 3532; x_wconf 88' lang='lat' dir='ltr'><strong>plurimum.</strong></span> <span class='ocrx_word' id='word_1_733' title='bbox 2665 3454 2933 3534; x_wconf 82' lang='lat' dir='ltr'><strong>Numquid</strong></span> <span class='ocrx_word' id='word_1_734' title='bbox 2971 3462 3112 3518; x_wconf 91' lang='lat' dir='ltr'><strong>enim</strong></span> <span class='ocrx_word' id='word_1_735' title='bbox 3145 3475 3241 3517; x_wconf 86' lang='lat' dir='ltr'><strong>vos</strong></span> <span class='ocrx_word' id='word_1_736' title='bbox 3285 3463 3526 3534; x_wconf 84' lang='lat' dir='ltr'><strong>negatis,</strong></span> <span class='ocrx_word' id='word_1_737' title='bbox 3558 3462 3663 3519; x_wconf 87' lang='lat' dir='ltr'><strong>ﬁde</strong></span> <span class='ocrx_word' id='word_1_738' title='bbox 3701 3479 3798 3534; x_wconf 75' lang='lat' dir='ltr'><strong>pa-</strong></span> 
     </span>
    </p>
   </div>
   <div class='ocr_carea' id='block_1_97' title="bbox 2210 3551 3797 3624">
    <p class='ocr_par' dir='ltr' id='par_1_97' title="bbox 2210 3551 3797 3624">
     <span class='ocr_line' id='line_1_97' title="bbox 2210 3551 3797 3624; baseline -0.001 -15"><span class='ocrx_word' id='word_1_739' title='bbox 2210 3560 2422 3609; x_wconf 91' lang='lat' dir='ltr'><strong>rentum</strong></span> <span class='ocrx_word' id='word_1_740' title='bbox 2449 3553 2846 3624; x_wconf 87' lang='lat' dir='ltr'><strong>regenerandos</strong></span> <span class='ocrx_word' id='word_1_741' title='bbox 2876 3551 3055 3608; x_wconf 74' lang='lat' dir='ltr'><strong>offerri</strong></span> <span class='ocrx_word' id='word_1_742' title='bbox 3087 3552 3224 3608; x_wconf 91' lang='lat' dir='ltr'><strong>ﬁlios</strong></span> <span class='ocrx_word' id='word_1_743' title='bbox 3251 3553 3508 3609; x_wconf 71' lang='lat' dir='ltr'><strong>Ecclesia:</strong></span> <span class='ocrx_word' id='word_1_744' title='bbox 3537 3553 3713 3618; x_wconf 90' lang='lat' dir='ltr'><strong>matri,</strong></span> <span class='ocrx_word' id='word_1_745' title='bbox 3741 3563 3797 3609; x_wconf 92' lang='lat' dir='ltr'><strong>et</strong></span> 
     </span>
    </p>
   </div>
   <div class='ocr_carea' id='block_1_98' title="bbox 2207 3642 3794 3714">
    <p class='ocr_par' dir='ltr' id='par_1_98' title="bbox 2207 3642 3794 3714">
     <span class='ocr_line' id='line_1_98' title="bbox 2207 3642 3794 3714; baseline -0.001 -14"><span class='ocrx_word' id='word_1_746' title='bbox 2207 3643 2553 3714; x_wconf 83' lang='lat' dir='ltr'><strong>baptizandos</strong></span> <span class='ocrx_word' id='word_1_747' title='bbox 2583 3643 2840 3699; x_wconf 88' lang='lat' dir='ltr'><strong>ministris</strong></span> <span class='ocrx_word' id='word_1_748' title='bbox 2872 3643 3006 3698; x_wconf 81' lang='lat' dir='ltr'><strong>Dei?</strong></span> <span class='ocrx_word' id='word_1_749' title='bbox 3040 3642 3320 3710; x_wconf 92' lang='lat' dir='ltr'><strong>Quomodo</strong></span> <span class='ocrx_word' id='word_1_750' title='bbox 3347 3658 3477 3714; x_wconf 85' lang='lat' dir='ltr'><strong>ergo</strong></span> <span class='ocrx_word' id='word_1_751' title='bbox 3502 3643 3662 3698; x_wconf 89' lang='lat' dir='ltr'><strong>nullis</strong></span> <span class='ocrx_word' id='word_1_752' title='bbox 3700 3658 3794 3713; x_wconf 87' lang='lat' dir='ltr'><strong>pa-</strong></span> 
     </span>
    </p>
   </div>
   <div class='ocr_carea' id='block_1_99' title="bbox 2208 3735 3794 3794">
    <p class='ocr_par' dir='ltr' id='par_1_99' title="bbox 2208 3735 3794 3794">
     <span class='ocr_line' id='line_1_99' title="bbox 2208 3735 3794 3794; baseline -0.003 -1"><span class='ocrx_word' id='word_1_753' title='bbox 2208 3746 2420 3794; x_wconf 89' lang='lat' dir='ltr'><strong>rentum</strong></span> <span class='ocrx_word' id='word_1_754' title='bbox 2447 3737 2733 3792; x_wconf 90' lang='lat' dir='ltr'><strong>virtutibus</strong></span> <span class='ocrx_word' id='word_1_755' title='bbox 2774 3736 2866 3791; x_wconf 89' lang='lat' dir='ltr'><strong>ﬁlii</strong></span> <span class='ocrx_word' id='word_1_756' title='bbox 2913 3735 3300 3792; x_wconf 79' lang='lat' dir='ltr'><strong>sublevantur?</strong></span> <span class='ocrx_word' id='word_1_757' title='bbox 3342 3736 3422 3790; x_wconf 83' lang='lat' dir='ltr'><strong>An</strong></span> <span class='ocrx_word' id='word_1_758' title='bbox 3450 3735 3794 3790; x_wconf 78' lang='lat' dir='ltr'><strong>christianum</strong></span> 
     </span>
    </p>
   </div>
   <div class='ocr_carea' id='block_1_100' title="bbox 2208 3826 3792 3884">
    <p class='ocr_par' dir='ltr' id='par_1_100' title="bbox 2208 3826 3792 3884">
     <span class='ocr_line' id='line_1_100' title="bbox 2208 3826 3792 3884; baseline -0.001 -1"><span class='ocrx_word' id='word_1_759' title='bbox 2208 3827 2366 3883; x_wconf 86' lang='lat' dir='ltr'><strong>ﬁdem</strong></span> <span class='ocrx_word' id='word_1_760' title='bbox 2396 3828 2576 3884; x_wconf 91' lang='lat' dir='ltr'><strong>dicere</strong></span> <span class='ocrx_word' id='word_1_761' title='bbox 2613 3827 2836 3883; x_wconf 85' lang='lat' dir='ltr'><strong>audebis</strong></span> <span class='ocrx_word' id='word_1_762' title='bbox 2882 3827 3081 3882; x_wconf 91' lang='lat' dir='ltr'><strong>nullam</strong></span> <span class='ocrx_word' id='word_1_763' title='bbox 3125 3841 3246 3882; x_wconf 91' lang='lat' dir='ltr'><strong>esse</strong></span> <span class='ocrx_word' id='word_1_764' title='bbox 3281 3826 3573 3882; x_wconf 86' lang='lat' dir='ltr'><strong>virtutem?</strong></span> <span class='ocrx_word' id='word_1_765' title='bbox 3599 3830 3792 3882; x_wconf 76' lang='lat' dir='ltr'><strong>Annon</strong></span> 
     </span>
    </p>
   </div>
   <div class='ocr_carea' id='block_1_101' title="bbox 2207 3919 3793 3990">
    <p class='ocr_par' dir='ltr' id='par_1_101' title="bbox 2207 3919 3793 3990">
     <span class='ocr_line' id='line_1_101' title="bbox 2207 3919 3793 3990; baseline -0.001 -16"><span class='ocrx_word' id='word_1_766' title='bbox 2207 3919 2586 3986; x_wconf 88' lang='lat' dir='ltr'><strong>sublevantur,</strong></span> <span class='ocrx_word' id='word_1_767' title='bbox 2619 3934 2742 3974; x_wconf 91' lang='lat' dir='ltr'><strong>cum</strong></span> <span class='ocrx_word' id='word_1_768' title='bbox 2790 3919 2845 3974; x_wconf 92' lang='lat' dir='ltr'><strong>in</strong></span> <span class='ocrx_word' id='word_1_769' title='bbox 2889 3919 2985 3974; x_wconf 89' lang='lat' dir='ltr'><strong>Dei</strong></span> <span class='ocrx_word' id='word_1_770' title='bbox 3030 3934 3252 3990; x_wconf 89' lang='lat' dir='ltr'><strong>regnum</strong></span> <span class='ocrx_word' id='word_1_771' title='bbox 3301 3933 3409 3974; x_wconf 92' lang='lat' dir='ltr'><strong>non</strong></span> <span class='ocrx_word' id='word_1_772' title='bbox 3457 3919 3611 3974; x_wconf 90' lang='lat' dir='ltr'><strong>aliter</strong></span> <span class='ocrx_word' id='word_1_773' title='bbox 3635 3935 3793 3990; x_wconf 87' lang='lat' dir='ltr'><strong>quam</strong></span> 
     </span>
    </p>
   </div>
   <div class='ocr_carea' id='block_1_102' title="bbox 2206 4009 3793 4082">
    <p class='ocr_par' dir='ltr' id='par_1_102' title="bbox 2206 4009 3793 4082">
     <span class='ocr_line' id='line_1_102' title="bbox 2206 4009 3793 4082; baseline 0 -16"><span class='ocrx_word' id='word_1_774' title='bbox 2206 4011 2396 4066; x_wconf 89' lang='lat' dir='ltr'><strong>eadem</strong></span> <span class='ocrx_word' id='word_1_775' title='bbox 2426 4011 2826 4081; x_wconf 85' lang='lat' dir='ltr'><strong>regeneratione</strong></span> <span class='ocrx_word' id='word_1_776' title='bbox 2868 4009 3182 4066; x_wconf 85' lang='lat' dir='ltr'><strong>mittuntur?</strong></span> <span class='ocrx_word' id='word_1_777' title='bbox 3211 4011 3266 4066; x_wconf 88' lang='lat' dir='ltr'><strong>In</strong></span> <span class='ocrx_word' id='word_1_778' title='bbox 3307 4011 3438 4082; x_wconf 90' lang='lat' dir='ltr'><strong>ipsis</strong></span> <span class='ocrx_word' id='word_1_779' title='bbox 3460 4027 3670 4082; x_wconf 88' lang='lat' dir='ltr'><strong>quoque</strong></span> <span class='ocrx_word' id='word_1_780' title='bbox 3697 4013 3793 4066; x_wconf 87' lang='lat' dir='ltr'><strong>be-</strong></span> 
     </span>
    </p>
   </div>
   <div class='ocr_carea' id='block_1_103' title="bbox 2209 4100 3795 4173">
    <p class='ocr_par' dir='ltr' id='par_1_103' title="bbox 2209 4100 3795 4173">
     <span class='ocr_line' id='line_1_103' title="bbox 2209 4100 3795 4173; baseline 0 -17"><span class='ocrx_word' id='word_1_781' title='bbox 2209 4102 2413 4157; x_wconf 85' lang='lat' dir='ltr'><strong>neflciis</strong></span> <span class='ocrx_word' id='word_1_782' title='bbox 2453 4101 2835 4173; x_wconf 78' lang='lat' dir='ltr'><strong>temporalibus</strong></span> <span class='ocrx_word' id='word_1_783' title='bbox 2860 4117 3026 4172; x_wconf 91' lang='lat' dir='ltr'><strong>quare</strong></span> <span class='ocrx_word' id='word_1_784' title='bbox 3055 4100 3251 4157; x_wconf 90' lang='lat' dir='ltr'><strong>dicitur</strong></span> <span class='ocrx_word' id='word_1_785' title='bbox 3286 4101 3353 4157; x_wconf 91' lang='lat' dir='ltr'><strong>ad</strong></span> <span class='ocrx_word' id='word_1_786' title='bbox 3377 4101 3543 4170; x_wconf 86' lang='lat' dir='ltr'><strong>Isaac,</strong></span> <span class='ocrx_word' id='word_1_787' title='bbox 3581 4102 3795 4156; x_wconf 73' lang='lat' dir='ltr'><strong>Faciam</strong></span> 
     </span>
    </p>
   </div>
   <div class='ocr_carea' id='block_1_104' title="bbox 2206 4192 3796 4265">
    <p class='ocr_par' dir='ltr' id='par_1_104' title="bbox 2206 4192 3796 4265">
     <span class='ocr_line' id='line_1_104' title="bbox 2206 4192 3796 4265; baseline 0.001 -18"><span class='ocrx_word' id='word_1_788' title='bbox 2206 4192 2296 4247; x_wconf 82' lang='lat' dir='ltr'><strong>tibi</strong></span> <span class='ocrx_word' id='word_1_789' title='bbox 2321 4203 2528 4265; x_wconf 80' lang='lat' dir='ltr'><strong>propter</strong></span> <span class='ocrx_word' id='word_1_790' title='bbox 2569 4194 2826 4247; x_wconf 82' lang='lat' dir='ltr'><strong>Abraham</strong></span> <span class='ocrx_word' id='word_1_791' title='bbox 2869 4203 3064 4264; x_wconf 85' lang='lat' dir='ltr'><strong>patrem</strong></span> <span class='ocrx_word' id='word_1_792' title='bbox 3091 4203 3233 4248; x_wconf 82' lang='lat' dir='ltr'><strong>tuum</strong></span> <span class='ocrx_word' id='word_1_793' title='bbox 3259 4194 3277 4263; x_wconf 97' lang='lat'><strong>(</strong></span> <span class='ocrx_word' id='word_1_794' title='bbox 3299 4193 3428 4248; x_wconf 80' lang='lat' dir='ltr'><strong>Gen.</strong></span> <span class='ocrx_word' id='word_1_795' title='bbox 3473 4211 3618 4262; x_wconf 79' lang='lat' dir='ltr'><strong>xxvr,</strong></span> <span class='ocrx_word' id='word_1_796' title='bbox 3649 4195 3796 4265; x_wconf 63' lang='grc' dir='ltr'>ειν</span> 
     </span>
    </p>
   </div>
   <div class='ocr_carea' id='block_1_105' title="bbox 2205 4283 3792 4358">
    <p class='ocr_par' dir='ltr' id='par_1_105' title="bbox 2205 4283 3792 4358">
     <span class='ocr_line' id='line_1_105' title="bbox 2205 4283 3792 4358; baseline 0.003 -20"><span class='ocrx_word' id='word_1_797' title='bbox 2205 4285 2382 4350; x_wconf 89' lang='lat' dir='ltr'><strong>Quare</strong></span> <span class='ocrx_word' id='word_1_798' title='bbox 2410 4285 2569 4339; x_wconf 90' lang='lat' dir='ltr'><strong>etiam</strong></span> <span class='ocrx_word' id='word_1_799' title='bbox 2610 4283 2746 4339; x_wconf 87' lang='lat' dir='ltr'><strong>Loth</strong></span> <span class='ocrx_word' id='word_1_800' title='bbox 2797 4285 2936 4340; x_wconf 89' lang='lat' dir='ltr'><strong>ﬁlius</strong></span> <span class='ocrx_word' id='word_1_801' title='bbox 2986 4283 3169 4340; x_wconf 88' lang='lat' dir='ltr'><strong>fratris</strong></span> <span class='ocrx_word' id='word_1_802' title='bbox 3202 4285 3433 4342; x_wconf 69' lang='lat' dir='ltr'><strong>Abrahae</strong></span> <span class='ocrx_word' id='word_1_803' title='bbox 3457 4330 3473 4354; x_wconf 92' lang='lat'><strong>,</strong></span> <span class='ocrx_word' id='word_1_804' title='bbox 3505 4288 3680 4358; x_wconf 89' lang='lat' dir='ltr'><strong>patrui</strong></span> <span class='ocrx_word' id='word_1_805' title='bbox 3709 4289 3792 4342; x_wconf 90' lang='lat' dir='ltr'><strong>sui</strong></span> 
     </span>
    </p>
   </div>
   <div class='ocr_carea' id='block_1_106' title="bbox 2205 4374 3790 4449">
    <p class='ocr_par' dir='ltr' id='par_1_106' title="bbox 2205 4374 3790 4449">
     <span class='ocr_line' id='line_1_106' title="bbox 2205 4374 3790 4449; baseline 0.001 -17"><span class='ocrx_word' id='word_1_806' title='bbox 2205 4376 2414 4432; x_wconf 90' lang='lat' dir='ltr'><strong>meritis</strong></span> <span class='ocrx_word' id='word_1_807' title='bbox 2438 4375 2722 4445; x_wconf 82' lang='lat' dir='ltr'><strong>adjuvatur</strong></span> <span class='ocrx_word' id='word_1_808' title='bbox 2743 4375 2762 4448; x_wconf 97' lang='lat'><strong>(</strong></span> <span class='ocrx_word' id='word_1_809' title='bbox 2782 4374 2868 4430; x_wconf 82' lang='lat' dir='ltr'><strong>Id.</strong></span> <span class='ocrx_word' id='word_1_810' title='bbox 2901 4393 2991 4431; x_wconf 77' lang='lat' dir='ltr'><strong>xlv</strong></span> <span class='ocrx_word' id='word_1_811' title='bbox 3016 4385 3063 4431; x_wconf 89' lang='lat' dir='ltr'><strong>et</strong></span> <span class='ocrx_word' id='word_1_812' title='bbox 3093 4393 3180 4431; x_wconf 74' lang='lat' dir='ltr'><strong>xix</strong></span> <span class='ocrx_word' id='word_1_813' title='bbox 3197 4375 3238 4448; x_wconf 88' lang='lat'><strong>),</strong></span> <span class='ocrx_word' id='word_1_814' title='bbox 3263 4378 3307 4432; x_wconf 91' lang='lat' dir='ltr'><strong>si</strong></span> <span class='ocrx_word' id='word_1_815' title='bbox 3331 4378 3490 4432; x_wconf 92' lang='lat' dir='ltr'><strong>nullis</strong></span> <span class='ocrx_word' id='word_1_816' title='bbox 3513 4389 3790 4449; x_wconf 80' lang='lat' dir='ltr'><strong>parentum</strong></span> 
     </span>
    </p>
   </div>
   <div class='ocr_carea' id='block_1_107' title="bbox 2203 4465 3789 4539">
    <p class='ocr_par' dir='ltr' id='par_1_107' title="bbox 2203 4465 3789 4539">
     <span class='ocr_line' id='line_1_107' title="bbox 2203 4465 3789 4539; baseline 0.003 -19"><span class='ocrx_word' id='word_1_817' title='bbox 2203 4465 2486 4520; x_wconf 88' lang='lat' dir='ltr'><strong>virtutibus</strong></span> <span class='ocrx_word' id='word_1_818' title='bbox 2513 4465 2607 4519; x_wconf 87' lang='lat' dir='ltr'><strong>ﬁlii</strong></span> <span class='ocrx_word' id='word_1_819' title='bbox 2653 4466 3034 4521; x_wconf 84' lang='lat' dir='ltr'><strong>sublevantur?</strong></span> <span class='ocrx_word' id='word_1_820' title='bbox 3062 4465 3239 4534; x_wconf 88' lang='lat' dir='ltr'><strong>Quare</strong></span> <span class='ocrx_word' id='word_1_821' title='bbox 3281 4476 3555 4539; x_wconf 91' lang='lat' dir='ltr'><strong>postremo</strong></span> <span class='ocrx_word' id='word_1_822' title='bbox 3583 4477 3639 4524; x_wconf 88' lang='lat' dir='ltr'><strong>et</strong></span> <span class='ocrx_word' id='word_1_823' title='bbox 3663 4485 3789 4539; x_wconf 89' lang='lat' dir='ltr'><strong>pro-</strong></span> 
     </span>
    </p>
   </div>
   <div class='ocr_carea' id='block_1_108' title="bbox 2203 4545 3796 4630">
    <p class='ocr_par' dir='ltr' id='par_1_108' title="bbox 2203 4545 3796 4630">
     <span class='ocr_line' id='line_1_108' title="bbox 2203 4545 3796 4630; baseline 0.003 -20"><span class='ocrx_word' id='word_1_824' title='bbox 2203 4568 2321 4626; x_wconf 90' lang='lat' dir='ltr'><strong>pter</strong></span> <span class='ocrx_word' id='word_1_825' title='bbox 2342 4565 2560 4627; x_wconf 87' lang='lat' dir='ltr'><strong>peccata</strong></span> <span class='ocrx_word' id='word_1_826' title='bbox 2601 4556 2905 4612; x_wconf 91' lang='lat' dir='ltr'><strong>Salomonis</strong></span> <span class='ocrx_word' id='word_1_827' title='bbox 2944 4557 3056 4612; x_wconf 88' lang='lat' dir='ltr'><strong>ﬁlio</strong></span> <span class='ocrx_word' id='word_1_828' title='bbox 3099 4559 3215 4629; x_wconf 90' lang='lat' dir='ltr'><strong>ejus</strong></span> <span class='ocrx_word' id='word_1_829' title='bbox 3245 4574 3466 4630; x_wconf 88' lang='lat' dir='ltr'><strong>regnum</strong></span> <span class='ocrx_word' id='word_1_830' title='bbox 3497 4561 3752 4617; x_wconf 89' lang='lat' dir='ltr'><strong>minuitur</strong></span> <span class='ocrx_word' id='word_1_831' title='bbox 3772 4545 3796 4624; x_wconf 7' lang='lat' dir='ltr'><strong>,b</strong></span> 
     </span>
    </p>
   </div>
   <div class='ocr_carea' id='block_1_109' title="bbox 2201 4647 3791 4722">
    <p class='ocr_par' dir='ltr' id='par_1_109' title="bbox 2201 4647 3791 4722">
     <span class='ocr_line' id='line_1_109' title="bbox 2201 4647 3791 4722; baseline 0.004 -22"><span class='ocrx_word' id='word_1_832' title='bbox 2201 4657 2255 4701; x_wconf 92' lang='lat' dir='ltr'><strong>et</strong></span> <span class='ocrx_word' id='word_1_833' title='bbox 2285 4657 2502 4718; x_wconf 90' lang='lat' dir='ltr'><strong>propter</strong></span> <span class='ocrx_word' id='word_1_834' title='bbox 2532 4648 2668 4702; x_wconf 89' lang='lat' dir='ltr'><strong>bona</strong></span> <span class='ocrx_word' id='word_1_835' title='bbox 2700 4649 2888 4703; x_wconf 90' lang='lat' dir='ltr'><strong>merita</strong></span> <span class='ocrx_word' id='word_1_836' title='bbox 2921 4647 3083 4703; x_wconf 80' lang='lat' dir='ltr'><strong>David</strong></span> <span class='ocrx_word' id='word_1_837' title='bbox 3116 4664 3221 4704; x_wconf 90' lang='lat' dir='ltr'><strong>non</strong></span> <span class='ocrx_word' id='word_1_838' title='bbox 3251 4657 3420 4705; x_wconf 92' lang='lat' dir='ltr'><strong>totum</strong></span> <span class='ocrx_word' id='word_1_839' title='bbox 3454 4651 3658 4706; x_wconf 89' lang='lat' dir='ltr'><strong>tollitur</strong></span> <span class='ocrx_word' id='word_1_840' title='bbox 3686 4652 3791 4722; x_wconf 89' lang='grc'><strong>(111</strong></span> 
     </span>
    </p>
   </div>
   <div class='ocr_carea' id='block_1_110' title="bbox 2202 4738 3791 4815">
    <p class='ocr_par' dir='ltr' id='par_1_110' title="bbox 2202 4738 3791 4815">
     <span class='ocr_line' id='line_1_110' title="bbox 2202 4738 3791 4815; baseline 0.005 -24"><span class='ocrx_word' id='word_1_841' title='bbox 2202 4738 2329 4811; x_wconf 82' lang='lat' dir='ltr'><strong>Reg.</strong></span> <span class='ocrx_word' id='word_1_842' title='bbox 2360 4755 2434 4806; x_wconf 75' lang='lat' dir='ltr'><strong>tu,</strong></span> <span class='ocrx_word' id='word_1_843' title='bbox 2459 4740 2686 4810; x_wconf 74' lang='grc'><strong>11-15),</strong></span> <span class='ocrx_word' id='word_1_844' title='bbox 2715 4740 2759 4795; x_wconf 92' lang='lat' dir='ltr'><strong>si</strong></span> <span class='ocrx_word' id='word_1_845' title='bbox 2785 4741 2946 4796; x_wconf 91' lang='lat' dir='ltr'><strong>nullis</strong></span> <span class='ocrx_word' id='word_1_846' title='bbox 2970 4741 3203 4812; x_wconf 90' lang='lat' dir='ltr'><strong>peccatis</strong></span> <span class='ocrx_word' id='word_1_847' title='bbox 3231 4751 3512 4813; x_wconf 89' lang='lat' dir='ltr'><strong>parentum</strong></span> <span class='ocrx_word' id='word_1_848' title='bbox 3547 4743 3637 4798; x_wconf 92' lang='lat' dir='ltr'><strong>ﬁlii</strong></span> <span class='ocrx_word' id='word_1_849' title='bbox 3665 4760 3791 4815; x_wconf 79' lang='lat' dir='ltr'><strong>gra-</strong></span> 
     </span>
    </p>
   </div>
   <div class='ocr_carea' id='block_1_111' title="bbox 2202 4831 3783 4898">
    <p class='ocr_par' dir='ltr' id='par_1_111' title="bbox 2202 4831 3783 4898">
     <span class='ocr_line' id='line_1_111' title="bbox 2202 4831 3783 4898; baseline 0.005 -15"><span class='ocrx_word' id='word_1_850' title='bbox 2202 4840 2423 4898; x_wconf 90' lang='lat' dir='ltr'><strong>vantur,</strong></span> <span class='ocrx_word' id='word_1_851' title='bbox 2455 4839 2546 4886; x_wconf 91' lang='lat' dir='ltr'><strong>aut</strong></span> <span class='ocrx_word' id='word_1_852' title='bbox 2572 4832 2734 4887; x_wconf 89' lang='lat' dir='ltr'><strong>nullis</strong></span> <span class='ocrx_word' id='word_1_853' title='bbox 2753 4831 3037 4888; x_wconf 85' lang='lat' dir='ltr'><strong>virtutibus</strong></span> <span class='ocrx_word' id='word_1_854' title='bbox 3064 4833 3457 4889; x_wconf 86' lang='lat' dir='ltr'><strong>sublevantur?</strong></span> <span class='ocrx_word' id='word_1_855' title='bbox 3482 4834 3654 4890; x_wconf 76' lang='lat' dir='ltr'><strong>ﬂuuio</strong></span> <span class='ocrx_word' id='word_1_856' title='bbox 3683 4837 3783 4891; x_wconf 82' lang='lat' dir='ltr'><strong>lin-</strong></span> 
     </span>
    </p>
   </div>
   <div class='ocr_carea' id='block_1_112' title="bbox 2197 4923 3790 4997">
    <p class='ocr_par' dir='ltr' id='par_1_112' title="bbox 2197 4923 3790 4997">
     <span class='ocr_line' id='line_1_112' title="bbox 2197 4923 3790 4997; baseline 0.004 -21"><span class='ocrx_word' id='word_1_857' title='bbox 2197 4931 2377 4992; x_wconf 89' lang='lat' dir='ltr'><strong>guate,</strong></span> <span class='ocrx_word' id='word_1_858' title='bbox 2405 4937 2511 4978; x_wconf 91' lang='lat' dir='ltr'><strong>non</strong></span> <span class='ocrx_word' id='word_1_859' title='bbox 2541 4923 2778 4989; x_wconf 90' lang='lat' dir='ltr'><strong>cordate,</strong></span> <span class='ocrx_word' id='word_1_860' title='bbox 2804 4923 2904 4979; x_wconf 88' lang='lat' dir='ltr'><strong>ista</strong></span> <span class='ocrx_word' id='word_1_861' title='bbox 2935 4923 3183 4981; x_wconf 88' lang='lat' dir='ltr'><strong>discerne</strong></span> <span class='ocrx_word' id='word_1_862' title='bbox 3213 4944 3226 4980; x_wconf 89' lang='lat'><strong>:</strong></span> <span class='ocrx_word' id='word_1_863' title='bbox 3259 4925 3348 4982; x_wconf 89' lang='lat' dir='ltr'><strong>hic</strong></span> <span class='ocrx_word' id='word_1_864' title='bbox 3376 4927 3518 4994; x_wconf 91' lang='lat' dir='ltr'><strong>vide,</strong></span> <span class='ocrx_word' id='word_1_865' title='bbox 3542 4929 3585 4982; x_wconf 90' lang='lat' dir='ltr'><strong>si</strong></span> <span class='ocrx_word' id='word_1_866' title='bbox 3615 4939 3790 4997; x_wconf 81' lang='lat' dir='ltr'><strong>potes,</strong></span> 
     </span>
    </p>
   </div>
   <div class='ocr_carea' id='block_1_113' title="bbox 2196 5013 3794 5091">
    <p class='ocr_par' dir='ltr' id='par_1_113' title="bbox 2196 5013 3794 5091">
     <span class='ocr_line' id='line_1_113' title="bbox 2196 5013 3794 5091; baseline 0.006 -24"><span class='ocrx_word' id='word_1_867' title='bbox 2196 5013 2324 5084; x_wconf 91' lang='lat' dir='ltr'><strong>quid</strong></span> <span class='ocrx_word' id='word_1_868' title='bbox 2344 5031 2438 5086; x_wconf 88' lang='lat' dir='ltr'><strong>per</strong></span> <span class='ocrx_word' id='word_1_869' title='bbox 2458 5014 2793 5071; x_wconf 82' lang='lat' dir='ltr'><strong>Ezechielem</strong></span> <span class='ocrx_word' id='word_1_870' title='bbox 2816 5015 2975 5072; x_wconf 91' lang='lat' dir='ltr'><strong>fuerit</strong></span> <span class='ocrx_word' id='word_1_871' title='bbox 3002 5017 3397 5087; x_wconf 87' lang='lat' dir='ltr'><strong>prophetatum.</strong></span> <span class='ocrx_word' id='word_1_872' title='bbox 3426 5019 3481 5076; x_wconf 91' lang='lat' dir='ltr'><strong>lu</strong></span> <span class='ocrx_word' id='word_1_873' title='bbox 3501 5030 3688 5091; x_wconf 92' lang='lat' dir='ltr'><strong>aperto</strong></span> <span class='ocrx_word' id='word_1_874' title='bbox 3707 5033 3794 5077; x_wconf 86' lang='lat' dir='ltr'><strong>est</strong></span> 
     </span>
    </p>
   </div>
   <div class='ocr_carea' id='block_1_114' title="bbox 2196 5114 3790 5184">
    <p class='ocr_par' dir='ltr' id='par_1_114' title="bbox 2196 5114 3790 5184">
     <span class='ocr_line' id='line_1_114' title="bbox 2196 5114 3790 5184; baseline 0.003 -16"><span class='ocrx_word' id='word_1_875' title='bbox 2196 5114 2338 5168; x_wconf 90' lang='lat' dir='ltr'><strong>enim</strong></span> <span class='ocrx_word' id='word_1_876' title='bbox 2363 5155 2378 5181; x_wconf 94' lang='lat'><strong>,</strong></span> <span class='ocrx_word' id='word_1_877' title='bbox 2407 5128 2508 5168; x_wconf 90' lang='lat' dir='ltr'><strong>nec</strong></span> <span class='ocrx_word' id='word_1_878' title='bbox 2535 5122 2740 5183; x_wconf 89' lang='lat' dir='ltr'><strong>patrem</strong></span> <span class='ocrx_word' id='word_1_879' title='bbox 2769 5127 2876 5167; x_wconf 91' lang='lat' dir='ltr'><strong>non</strong></span> <span class='ocrx_word' id='word_1_880' title='bbox 2919 5125 3294 5184; x_wconf 88' lang='lat' dir='ltr'><strong>regeneratqu</strong></span> <span class='ocrx_word' id='word_1_881' title='bbox 3339 5117 3532 5172; x_wconf 88' lang='lat' dir='ltr'><strong>obesse</strong></span> <span class='ocrx_word' id='word_1_882' title='bbox 3559 5116 3669 5172; x_wconf 94' lang='lat' dir='ltr'><strong>ﬁlio</strong></span> <span class='ocrx_word' id='word_1_883' title='bbox 3695 5133 3790 5173; x_wconf 86' lang='lat' dir='ltr'><strong>re-</strong></span> 
     </span>
    </p>
   </div>
   <div class='ocr_carea' id='block_1_115' title="bbox 2196 5203 3792 5278">
    <p class='ocr_par' dir='ltr' id='par_1_115' title="bbox 2196 5203 3792 5278">
     <span class='ocr_line' id='line_1_115' title="bbox 2196 5203 3792 5278; baseline 0.003 -19"><span class='ocrx_word' id='word_1_884' title='bbox 2196 5214 2482 5275; x_wconf 89' lang='lat' dir='ltr'><strong>generato,</strong></span> <span class='ocrx_word' id='word_1_885' title='bbox 2514 5204 2582 5258; x_wconf 90' lang='lat' dir='ltr'><strong>ad</strong></span> <span class='ocrx_word' id='word_1_886' title='bbox 2609 5203 2993 5274; x_wconf 89' lang='lat' dir='ltr'><strong>capessendam</strong></span> <span class='ocrx_word' id='word_1_887' title='bbox 3037 5204 3202 5260; x_wconf 91' lang='lat' dir='ltr'><strong>vitam</strong></span> <span class='ocrx_word' id='word_1_888' title='bbox 3249 5215 3504 5262; x_wconf 59' lang='lat' dir='ltr'><strong>aeternam</strong></span> <span class='ocrx_word' id='word_1_889' title='bbox 3526 5249 3540 5273; x_wconf 91' lang='lat'><strong>,</strong></span> <span class='ocrx_word' id='word_1_890' title='bbox 3573 5207 3643 5263; x_wconf 91' lang='lat' dir='ltr'><strong>de</strong></span> <span class='ocrx_word' id='word_1_891' title='bbox 3681 5225 3792 5278; x_wconf 85' lang='lat' dir='ltr'><strong>qua</strong></span> 
     </span>
    </p>
   </div>
   <div class='ocr_carea' id='block_1_116' title="bbox 2199 5295 3793 5368">
    <p class='ocr_par' dir='ltr' id='par_1_116' title="bbox 2199 5295 3793 5368">
     <span class='ocr_line' id='line_1_116' title="bbox 2199 5295 3793 5368; baseline 0.003 -19"><span class='ocrx_word' id='word_1_892' title='bbox 2199 5295 2398 5350; x_wconf 87' lang='lat' dir='ltr'><strong>dictum</strong></span> <span class='ocrx_word' id='word_1_893' title='bbox 2426 5303 2528 5358; x_wconf 90' lang='lat' dir='ltr'><strong>est,</strong></span> <span class='ocrx_word' id='word_1_894' title='bbox 2558 5295 2660 5348; x_wconf 71' lang='lat' dir='ltr'><strong>vita</strong></span> <span class='ocrx_word' id='word_1_895' title='bbox 2683 5295 2846 5360; x_wconf 70' lang='lat' dir='ltr'><strong>vivet;</strong></span> <span class='ocrx_word' id='word_1_896' title='bbox 2873 5309 2970 5349; x_wconf 91' lang='lat' dir='ltr'><strong>nec</strong></span> <span class='ocrx_word' id='word_1_897' title='bbox 2998 5303 3201 5365; x_wconf 87' lang='lat' dir='ltr'><strong>patrem</strong></span> <span class='ocrx_word' id='word_1_898' title='bbox 3227 5307 3597 5365; x_wconf 85' lang='lat' dir='ltr'><strong>regeneratum</strong></span> <span class='ocrx_word' id='word_1_899' title='bbox 3627 5301 3793 5368; x_wconf 77' lang='lat' dir='ltr'><strong>prod-</strong></span> 
     </span>
    </p>
   </div>
   <div class='ocr_carea' id='block_1_117' title="bbox 2195 5385 3786 5458">
    <p class='ocr_par' dir='ltr' id='par_1_117' title="bbox 2195 5385 3786 5458">
     <span class='ocr_line' id='line_1_117' title="bbox 2195 5385 3786 5458; baseline 0.004 -16"><span class='ocrx_word' id='word_1_900' title='bbox 2195 5401 2316 5442; x_wconf 85' lang='lat' dir='ltr'><strong>esse</strong></span> <span class='ocrx_word' id='word_1_901' title='bbox 2339 5385 2405 5442; x_wconf 92' lang='lat' dir='ltr'><strong>ad</strong></span> <span class='ocrx_word' id='word_1_902' title='bbox 2431 5385 2533 5440; x_wconf 91' lang='lat' dir='ltr'><strong>hoc</strong></span> <span class='ocrx_word' id='word_1_903' title='bbox 2559 5385 2732 5455; x_wconf 89' lang='lat' dir='ltr'><strong>ipsum</strong></span> <span class='ocrx_word' id='word_1_904' title='bbox 2760 5385 2869 5440; x_wconf 93' lang='lat' dir='ltr'><strong>ﬁlio</strong></span> <span class='ocrx_word' id='word_1_905' title='bbox 2899 5401 3004 5441; x_wconf 91' lang='lat' dir='ltr'><strong>non</strong></span> <span class='ocrx_word' id='word_1_906' title='bbox 3046 5397 3390 5458; x_wconf 88' lang='lat' dir='ltr'><strong>regenerato;</strong></span> <span class='ocrx_word' id='word_1_907' title='bbox 3421 5405 3518 5445; x_wconf 90' lang='lat' dir='ltr'><strong>nec</strong></span> <span class='ocrx_word' id='word_1_908' title='bbox 3545 5391 3786 5448; x_wconf 85' lang='lat' dir='ltr'><strong>vicissim</strong></span> 
     </span>
    </p>
   </div>
   <div class='ocr_carea' id='block_1_118' title="bbox 2196 5475 3785 5553">
    <p class='ocr_par' dir='ltr' id='par_1_118' title="bbox 2196 5475 3785 5553">
     <span class='ocr_line' id='line_1_118' title="bbox 2196 5475 3785 5553; baseline 0.005 -22"><span class='ocrx_word' id='word_1_909' title='bbox 2196 5477 2360 5532; x_wconf 89' lang='lat' dir='ltr'><strong>ﬁlium</strong></span> <span class='ocrx_word' id='word_1_910' title='bbox 2382 5476 2517 5548; x_wconf 93' lang='lat' dir='ltr'><strong>patri</strong></span> <span class='ocrx_word' id='word_1_911' title='bbox 2537 5485 2625 5531; x_wconf 86' lang='lat' dir='ltr'><strong>aut</strong></span> <span class='ocrx_word' id='word_1_912' title='bbox 2649 5475 2903 5547; x_wconf 83' lang='lat' dir='ltr'><strong>prodesse</strong></span> <span class='ocrx_word' id='word_1_913' title='bbox 2922 5488 3294 5548; x_wconf 86' lang='lat' dir='ltr'><strong>regeneratqu</strong></span> <span class='ocrx_word' id='word_1_914' title='bbox 3316 5495 3422 5536; x_wconf 89' lang='lat' dir='ltr'><strong>non</strong></span> <span class='ocrx_word' id='word_1_915' title='bbox 3438 5492 3785 5553; x_wconf 84' lang='lat' dir='ltr'><strong>regenerato,</strong></span> 
     </span>
    </p>
   </div>
   <div class='ocr_carea' id='block_1_119' title="bbox 2257 5650 3624 5714">
    <p class='ocr_par' dir='ltr' id='par_1_119' title="bbox 2257 5650 3624 5714">
     <span class='ocr_line' id='line_1_119' title="bbox 2257 5650 3624 5714; baseline 0.001 -12"><span class='ocrx_word' id='word_1_916' title='bbox 2257 5653 2273 5685; x_wconf 83' lang='grc'>¹</span> <span class='ocrx_word' id='word_1_917' title='bbox 2310 5653 2385 5703; x_wconf 89' lang='lat' dir='ltr'><strong>sic</strong></span> <span class='ocrx_word' id='word_1_918' title='bbox 2406 5660 2510 5702; x_wconf 79' lang='lat' dir='ltr'><strong>Mss.</strong></span> <span class='ocrx_word' id='word_1_919' title='bbox 2538 5660 2595 5702; x_wconf 84' lang='grc' dir='ltr'>Αι</span> <span class='ocrx_word' id='word_1_920' title='bbox 2614 5651 2769 5714; x_wconf 88' lang='lat' dir='ltr'><strong>editi,</strong></span> <span class='ocrx_word' id='word_1_921' title='bbox 2793 5650 3133 5714; x_wconf 73' lang='lat' dir='ltr'><strong>rectrnnantem</strong></span> <span class='ocrx_word' id='word_1_922' title='bbox 3150 5653 3374 5714; x_wconf 79' lang='lat' dir='ltr'><strong>spiritum</strong></span> <span class='ocrx_word' id='word_1_923' title='bbox 3395 5653 3624 5706; x_wconf 76' lang='lat' dir='ltr'><strong>veritatis.</strong></span> 
     </span>
    </p>
   </div>
   <div class='ocr_carea' id='block_1_120' title="bbox 2255 5713 3477 5777">
    <p class='ocr_par' dir='ltr' id='par_1_120' title="bbox 2255 5713 3477 5777">
     <span class='ocr_line' id='line_1_120' title="bbox 2255 5713 3477 5777; baseline 0.004 -15"><span class='ocrx_word' id='word_1_924' title='bbox 2255 5715 2276 5777; x_wconf 60' lang='grc' dir='ltr'>ῗ</span> <span class='ocrx_word' id='word_1_925' title='bbox 2311 5714 2600 5777; x_wconf 66' lang='lat' dir='ltr'><strong>Vignierius,</strong></span> <span class='ocrx_word' id='word_1_926' title='bbox 2635 5713 2758 5777; x_wconf 84' lang='lat' dir='ltr'><strong>loco,</strong></span> <span class='ocrx_word' id='word_1_927' title='bbox 2783 5713 2869 5764; x_wconf 81' lang='lat' dir='ltr'><strong>sed</strong></span> <span class='ocrx_word' id='word_1_928' title='bbox 2890 5713 2960 5772; x_wconf 79' lang='lat' dir='ltr'><strong>in.</strong></span> <span class='ocrx_word' id='word_1_929' title='bbox 2984 5713 3320 5772; x_wconf 71' lang='lat' dir='ltr'><strong>substituent,</strong></span> <span class='ocrx_word' id='word_1_930' title='bbox 3367 5715 3477 5767; x_wconf 76' lang='lat' dir='ltr'><strong>nisi.</strong></span> 
     </span>
    </p>
   </div>
   <div class='ocr_carea' id='block_1_121' title="bbox 2257 5775 3787 5845">
    <p class='ocr_par' dir='ltr' id='par_1_121' title="bbox 2257 5775 3787 5845">
     <span class='ocr_line' id='line_1_121' title="bbox 2257 5775 3787 5845; baseline 0.008 -25"><span class='ocrx_word' id='word_1_931' title='bbox 2257 5776 2278 5806; x_wconf 84' lang='grc'><strong><em>³</em></strong></span> <span class='ocrx_word' id='word_1_932' title='bbox 2302 5775 2480 5824; x_wconf 77' lang='lat' dir='ltr'><strong>versus</strong></span> <span class='ocrx_word' id='word_1_933' title='bbox 2499 5776 2640 5845; x_wconf 74' lang='lat' dir='ltr'><strong>isthic</strong></span> <span class='ocrx_word' id='word_1_934' title='bbox 2654 5775 2752 5845; x_wconf 86' lang='lat' dir='ltr'><strong>duo</strong></span> <span class='ocrx_word' id='word_1_935' title='bbox 2767 5778 3089 5845; x_wconf 75' lang='lat' dir='ltr'><strong>restituuntur</strong></span> <span class='ocrx_word' id='word_1_936' title='bbox 3105 5791 3169 5828; x_wconf 83' lang='lat' dir='ltr'><strong>ex</strong></span> <span class='ocrx_word' id='word_1_937' title='bbox 3203 5785 3329 5840; x_wconf 64' lang='lat' dir='ltr'><strong>Mss,</strong></span> <span class='ocrx_word' id='word_1_938' title='bbox 3356 5791 3533 5842; x_wconf 88' lang='lat' dir='ltr'><strong>nempe</strong></span> <span class='ocrx_word' id='word_1_939' title='bbox 3557 5791 3587 5829; x_wconf 78' lang='grc' dir='ltr'><strong>ι</strong></span> <span class='ocrx_word' id='word_1_940' title='bbox 3608 5785 3787 5845; x_wconf 71' lang='lat' dir='ltr'><strong>verbo,</strong></span> 
     </span>
    </p>
   </div>
   <div class='ocr_carea' id='block_1_122' title="bbox 2195 5836 3066 5900">
    <p class='ocr_par' dir='ltr' id='par_1_122' title="bbox 2195 5836 3066 5900">
     <span class='ocr_line' id='line_1_122' title="bbox 2195 5836 3066 5900; baseline 0 -15"><span class='ocrx_word' id='word_1_941' title='bbox 2195 5849 2307 5900; x_wconf 85' lang='lat' dir='ltr'><strong>qua,</strong></span> <span class='ocrx_word' id='word_1_942' title='bbox 2327 5849 2485 5900; x_wconf 77' lang='lat' dir='ltr'><strong>usque</strong></span> <span class='ocrx_word' id='word_1_943' title='bbox 2501 5837 2558 5886; x_wconf 90' lang='lat' dir='ltr'><strong>ad</strong></span> <span class='ocrx_word' id='word_1_944' title='bbox 2582 5838 2804 5900; x_wconf 87' lang='lat' dir='ltr'><strong>verbum,</strong></span> <span class='ocrx_word' id='word_1_945' title='bbox 2823 5836 3066 5900; x_wconf 74' lang='lat' dir='ltr'><strong>nwntitur.</strong></span> 
     </span>
    </p>
   </div>
   <div class='ocr_carea' id='block_1_123' title="bbox 2261 5897 3267 5956">
    <p class='ocr_par' dir='ltr' id='par_1_123' title="bbox 2261 5897 3267 5956">
     <span class='ocr_line' id='line_1_123' title="bbox 2261 5897 3267 5956; baseline 0.001 -7"><span class='ocrx_word' id='word_1_946' title='bbox 2261 5899 2280 5929; x_wconf 71' lang='grc'>⁸</span> <span class='ocrx_word' id='word_1_947' title='bbox 2300 5897 2458 5950; x_wconf 74' lang='lat' dir='ltr'><strong>codex</strong></span> <span class='ocrx_word' id='word_1_948' title='bbox 2489 5905 2635 5956; x_wconf 81' lang='lat' dir='ltr'><strong>rort..</strong></span> <span class='ocrx_word' id='word_1_949' title='bbox 2659 5899 2743 5951; x_wconf 80' lang='lat' dir='ltr'><strong>sed</strong></span> <span class='ocrx_word' id='word_1_950' title='bbox 2765 5897 3040 5952; x_wconf 72' lang='lat' dir='ltr'><strong>excedentis</strong></span> <span class='ocrx_word' id='word_1_951' title='bbox 3061 5911 3267 5953; x_wconf 59' lang='lat' dir='ltr'><strong>“nsunt.</strong></span> 
     </span>
    </p>
   </div>
  </div>
