4172 6510
369 405 510 464 ηπ»

366 527 460 576 aut
487 517 679 574 obesse
701 527 809 570 non
837 517 1206 583 regeneratum
1247 511 1565 575 regenerato
1587 543 1603 568 ,
1637 508 1696 556 ut
1724 499 1815 554 ille
1842 497 1948 552 vita

365 614 531 678 vivat,
551 609 635 665 vel
655 607 758 664 iste
776 613 951 660 morte
967 602 1244 658 moriatur.
1273 599 1330 656 Si
1349 605 1528 653 autem
1551 595 1651 651 ista
1672 608 1777 648 non
1800 601 1951 662 petes

367 703 551 760 videre
573 743 590 768 ,
615 716 713 755 cur
734 713 834 755 nec
862 695 1078 752 tacere?

434 793 566 852 LIII.
605 793 722 848 Jue.
763 790 894 858 Quis
921 799 976 844 tu
998 803 1080 854 es,
1109 784 1196 856 qui
1219 793 1387 840 (nstro
1410 779 1693 838 Marcionis
1712 775 1951 832 concita-

363 898 452 944 tus
477 888 494 920 ¹
525 887 579 940 in
606 883 872 940 excidium
913 879 1180 950 :equitatis
1221 873 1525 945 irrumpas?
1562 871 1654 942 qui
1679 870 1778 924 sub
1819 883 1952 922 cen-

363 993 546 1036 suram
597 977 792 1046 lingua:
841 983 944 1028 tuae
991 969 1260 1042 mysteriis
1310 967 1486 1022 adhuc
1529 961 1946 1019 Manichaeorum

361 1070 580 1126 lubrica:
601 1110 617 1134 ,
653 1067 742 1122 Dei
773 1075 879 1119 tam
908 1061 1113 1118 Judicia
1141 1075 1298 1131 quam
1328 1066 1593 1130 praecepta
1620 1049 1950 1122 compellas?

361 1163 530 1220 Nemo
554 1162 657 1216 hoc
682 1173 914 1227 unquam
947 1155 1153 1220 facere,
1186 1152 1286 1206 nisi
1317 1151 1406 1220 qui
1435 1150 1580 1220 prius
1607 1162 1670 1202 ea
1699 1142 1948 1214 negavit,

360 1267 642 1325 aggressus
652 1249 838 1306 est.Tu
859 1253 1231 1304 testamentum
1253 1240 1514 1311 Dei,quod
1531 1239 1688 1303 ratio,
1707 1235 1948 1305 aequitas,

362 1324 551 1416 pietas,
573 1342 791 1408 veritas,
820 1339 923 1394 ﬁde
949 1335 1308 1393 scribentibus
1330 1329 1631 1401 Prophetis,
1653 1326 1804 1397 quasi
1834 1324 1952 1394 qui-

359 1437 482 1491 dam
499 1449 773 1490 sacrorum
792 1432 1004 1487 testium
1022 1429 1154 1484 ordo
1171 1422 1643 1497 signavit,audebis
1659 1417 1952 1474 Manichmo

360 1535 583 1582 auctore
613 1537 956 1594 perrumpere
984 1522 1028 1574 '.
1052 1518 1190 1574 Olim
1217 1527 1272 1572 et
1299 1512 1663 1583 intelligentia:
1692 1509 1950 1566 sanctita-

363 1630 496 1683 tem,
521 1627 577 1673 et
600 1615 871 1686 religionis
891 1613 1121 1683 speciem
1151 1607 1449 1680 perdidisti,
1473 1607 1516 1660 si
1539 1605 1641 1660 bac
1663 1601 1948 1663 sententia,

361 1727 484 1780 qua:
524 1709 662 1780 apud
703 1706 1037 1762 Ezechielem
1075 1714 1195 1766 est,
1238 1700 1470 1755 traducis
1514 1707 1619 1752 tua:
1666 1703 1820 1766 putes
1861 1702 1950 1747 aut

366 1803 620 1859 auxilium
651 1798 894 1870 reperiri,
924 1806 1015 1850 aut
1044 1795 1264 1850 exitium
1297 1807 1402 1846 non
1435 1788 1626 1844 teneri.

435 1898 571 1950 Auc.
597 1893 866 1963 Spatiatur
886 1887 1177 1958 loquacitas
1201 1884 1393 1954 inopia:
1419 1884 1636 1951 copiosa
1664 1880 1708 1948 ³,
1737 1878 1824 1933 ubi
1843 1892 1948 1932 non

365 1988 622 2051 cernitur,
647 1985 730 2040 vel
754 1984 914 2039 etiam
947 1981 991 2036 si
1017 1979 1273 2044 cernitur,
1305 1975 1579 2045 spernitur
1607 1973 1838 2035 veritas;
1862 1969 1949 2023 ubi

364 2091 450 2137 est
476 2095 581 2134 non
611 2077 894 2133 verborum
923 2072 1211 2129 vanissima
1235 2111 1250 2135 ,
1299 2068 1393 2124 sed
1444 2082 1625 2122 rerum
1653 2063 1949 2120 certissima

365 2173 539 2243 copia.
572 2168 731 2226 Aliud
773 2176 856 2224 est
901 2166 1138 2221 directus
1183 2161 1482 2224 veridicus,
1527 2157 1672 2213 aliud
1719 2156 1951 2211 disertus

367 2262 658 2320 maledicus
681 2259 727 2314 δ.
759 2258 1026 2328 Propheta
1058 2256 1180 2310 ﬁliis
1203 2263 1258 2309 et
1289 2252 1527 2324 patribus
1555 2265 1680 2306 suas
1704 2248 1840 2302 vitas
1860 2262 1949 2303 se-

365 2354 588 2425 paratim
613 2351 933 2407 ducentibus
953 2363 1077 2402 vera
1101 2345 1230 2401 dicit
1261 2362 1274 2398 :
1316 2354 1370 2398 tu
1401 2340 1814 2397 Manicbazorum
1851 2353 1949 2392 no-

364 2449 506 2502 mine
530 2445 824 2502 Catholicis
854 2443 1174 2512 Prophetam
1206 2447 1354 2494 recte
1385 2433 1802 2506 intelligentibus
1844 2431 1952 2487 Pe-

365 2541 567 2612 lagiana
595 2538 743 2594 rabie
771 2536 1067 2593 maledicis.
1551 2525 1558 2531 ’

433 2630 566 2686 LlV.
593 2629 714 2685 IUL.
746 2628 998 2699 Iniquitas
1024 2625 1202 2696 iniqui,
1236 2623 1424 2694 inquit,
1455 2637 1611 2691 super
1624 2627 1777 2691 caput
1799 2619 1910 2689 ejus
1931 2633 1952 2671 :

365 2739 764 2795 unumquemque
813 2730 1032 2776 vestrum
1076 2718 1352 2773 secundum
1385 2717 1491 2770 vias
1529 2730 1650 2768 suas
1683 2710 1947 2784 judicabo.

365 2815 488 2870 Non
517 2815 795 2869 morientur
822 2822 989 2882 patres
1022 2826 1113 2881 pro
1143 2809 1264 2878 ﬁliis
1289 2850 1302 2872 ,
1341 2823 1501 2874 neque
1526 2805 1621 2874 ﬁlii
1647 2820 1740 2876 pro
1768 2817 1952 2873 paren-

362 2908 494 2963 tibus
521 2923 540 2961 :
560 2906 753 2970 anima,
785 2903 975 2972 inquit,
996 2916 1110 2971 qua:
1135 2909 1303 2969 peccat
1323 2939 1339 2963 ,
1367 2899 1480 2967 ipsa
1504 2897 1747 2950 morietur
1778 2910 1798 2949 :
1824 2910 1953 2963 quo-

364 3000 503 3052 niam
531 3011 702 3049 ontnes
729 2994 915 3046 anima:
955 3005 1080 3044 mea:
1111 2999 1226 3044 sunt
1251 3028 1268 3055 ,
1295 3001 1696 3056 unumquemque
1722 3002 1816 3055 pro
1845 2985 1952 3040 suis

363 3085 709 3157 iniquitatibus
730 3081 992 3153 Jiudicabo.

437 3181 574 3233 Anc.
608 3178 747 3230 Deus
787 3174 876 3244 qui
908 3172 1024 3227 hare
1059 3170 1210 3234 dicit,
1235 3169 1359 3241 ipse
1387 3177 1470 3223 est
1502 3168 1642 3223 Deus
1663 3167 1755 3238 qul
1781 3167 1910 3222 dicit
1932 3206 1950 3232 ,

364 3269 597 3326 Reddam
623 3275 827 3338 peccata
856 3273 1056 3334 patrum
1075 3263 1130 3316 in
1155 3261 1310 3331 ﬁlios.
1335 3259 1448 3315 Nisi
1476 3258 1804 3313 intellexeris
1823 3273 1956 3327 quo-

364 3358 525 3414 modo
551 3366 834 3426 utrumque
874 3357 946 3409 sit
981 3367 1191 3418 verum,
1237 3350 1384 3404 nullo
1413 3348 1572 3403 modo
1601 3347 1951 3402 credasPro-

364 3449 578 3520 pbetam
602 3457 653 3503 te
670 3446 997 3501 intellexisse
1014 3442 1325 3508 veridicum,
1344 3438 1675 3511 quantalibet
1705 3447 1756 3494 te
1781 3437 1955 3508 patiar

366 3539 686 3610 loquacitate
716 3535 1057 3590 maledicum.
1114 3522 1116 3524 ’

439 3631 550 3688 LV.
581 3630 699 3686 lue.
734 3629 812 3684 En
842 3627 926 3682 cui
965 3625 1104 3690 luci,
1145 3623 1234 3679 cui
1282 3621 1480 3693 populo
1523 3619 1906 3676 sententiarum
1934 3658 1954 3685 ,

368 3723 455 3778 cui
486 3719 729 3792 dignitati
769 3716 1094 3788 judiciorum
1120 3713 1311 3768 tradux
1341 3721 1430 3766 tua
1457 3719 1514 3766 et
1543 3710 1845 3766 convicium
1875 3709 1955 3762 fa-

369 3830 495 3872 cere
521 3829 626 3869 non
656 3813 840 3874 timet,
872 3817 927 3865 et
951 3815 1176 3864 conatur
1201 3805 1398 3860 inferre
1427 3801 1816 3873 pra-judicium.
1858 3800 1956 3856 llic

373 3909 592 3964 dubium
647 3920 754 3961 non
801 3913 882 3959 est
903 3943 919 3969 ,
963 3901 1087 3972 quia
1119 3915 1224 3954 non
1263 3907 1316 3953 te
1343 3895 1538 3967 pudeat
1566 3894 1699 3950 illud
1729 3894 1908 3949 dicere
1936 3933 1951 3958 ,

372 3999 513 4070 quod
543 3997 750 4052 videtur
780 3994 1040 4063 reliquum
1059 4033 1074 4056 ,
1113 3989 1163 4045 id
1190 3997 1292 4054 est,
1321 3995 1378 4042 ut
1408 3984 1736 4055 respondeas
1775 3999 1958 4040 veram

372 4089 691 4161 Pr0plteta:,
733 4086 841 4140 imo
881 4083 973 4138 Dei
1009 4098 1104 4152 per
1145 4078 1464 4149 Prophetam
1503 4078 1559 4143 ⁸,
1589 4090 1711 4131 esse
1739 4083 1957 4130 senten-

371 4185 499 4240 tiam
524 4224 540 4249 ,
596 4177 1008 4250 insuperabilcm
1048 4173 1368 4244 prudentum
1409 4171 1698 4232 rationem,
1726 4183 1830 4239 qua
1859 4166 1958 4222 do-

373 4287 524 4333 cetur
553 4273 962 4345 iniquissimum,
997 4277 1056 4323 ut
1083 4275 1299 4340 peccata
1328 4272 1609 4336 parentum
1639 4261 1762 4318 ﬁliis
1789 4262 1963 4332 impu-

380 4377 578 4423 tentur.

446 4458 580 4512 Auc.
613 4454 906 4515 Erubesce,
938 4459 992 4504 tu
1021 4464 1082 4504 es
1108 4447 1504 4519 iniquissimus:
1529 4460 1651 4500 nam
1681 4443 1772 4515 qui
1799 4442 1956 4510 dixit,

381 4549 610 4605 Reddam
640 4555 843 4616 peccata
875 4551 1074 4613 patrum
1103 4541 1156 4595 in
1185 4541 1338 4610 ﬁlios,
1373 4555 1480 4594 non
1507 4547 1590 4595 est
1618 4537 1851 4607 iniquus.

448 4638 583 4696 LVI.
611 4637 730 4694 Jun.
757 4635 868 4690 Nec
893 4644 948 4689 te
978 4633 1078 4687 hoe
1110 4630 1319 4702 putare.
1345 4631 1468 4701 quia
1494 4639 1647 4686 reatu
1669 4627 1963 4684 voluntatis

375 4733 580 4793 semina
636 4728 876 4784 omnium
918 4724 1192 4780 hominum
1245 4721 1550 4793 polluantur
1599 4738 1614 4775 :
1653 4720 1748 4776 sed
1787 4728 1962 4774 tamen

376 4831 514 4886 hanc
537 4824 796 4898 justitiam
844 4821 898 4876 in
941 4817 1074 4873 Adae
1117 4815 1284 4872 solius
1329 4813 1554 4869 crimine
1603 4827 1709 4866 non
1746 4811 1962 4875 valere;

376 4921 542 4992 ipsius
573 4931 736 4973 unum
765 4927 885 4970 esse
915 4916 1190 4982 peccatum
1218 4947 1234 4972 ,
1260 4903 1406 4975 quod
1443 4901 1694 4958 omnibus
1732 4902 1962 4971 impute-

380 5027 484 5071 tur.
517 5011 595 5067 Ad
622 5007 764 5081 quod
789 5021 910 5077 ego,
935 5001 1063 5074 quid
1094 5000 1240 5071 prius
1269 4997 1448 5053 facere
1475 4994 1700 5050 debeam
1739 4993 1960 5048 nescio:

378 5106 673 5168 rideamne,
696 5097 837 5170 quod
867 5095 1081 5166 ineptias
1105 5091 1324 5162 exigunt
1345 5085 1678 5159 singulares?
1703 5084 1797 5140 sed
1825 5084 1966 5139 mul-
1993 5109 2000 5116 -

380 5210 555 5253 torum
585 5192 813 5266 perditio
840 5203 977 5262 quos
1013 5185 1258 5257 decipitis
1283 5225 1299 5250 ,
1350 5180 1747 5237 miserationem
1776 5193 1968 5248 exSpe-

381 5299 492 5346 ctat
518 5299 573 5345 et
601 5289 884 5359 lacrymas.
909 5282 1063 5340 Serio
1081 5294 1210 5351 ergo
1235 5291 1469 5334 maerore
1498 5272 1751 5330 conﬁciar
1770 5272 1792 5304 ⁶
1821 5271 1845 5326 ?
1872 5269 1966 5327 sed

446 5427 462 5454 ⁸
498 5421 618 5471 aditi
659 5426 710 5469 et
755 5418 852 5466 duo
888 5424 1015 5472 Mss,
1051 5413 1195 5464 vestri
1243 5408 1502 5464 arare-iouis
1529 5415 1650 5461 testu
1680 5407 1967 5472 concitatus.

383 5491 530 5545 victus
552 5483 712 5535 codex
736 5486 880 5545 Port.,
907 5471 1061 5536 caret,
1085 5482 1222 5534 testu,
1237 5483 1288 5524 et
1310 5475 1431 5535 loco,
1450 5471 1784 5534 vestri,habet,
1807 5477 1968 5521 aratro.

447 5549 469 5578 ¹
493 5546 567 5595 sic
587 5551 694 5610 Mss.
723 5549 777 5593 At
799 5543 960 5610 γίεςιι.2
983 5549 1316 5600 prorumpere.

445 5610 468 5642 ³
500 5615 644 5666 πνοι-ιη
667 5603 827 5665 inopia
849 5603 1055 5666 copiosa.

447 5669 469 5702 δ
501 5653 644 5727 ἧέὶἱῖ
671 5653 892 5727 opinatur
907 5653 984 5712 'sic
1015 5660 1140 5727 forte
1171 5657 1436 5727 legendum
1461 5672 1474 5707 :
1504 5656 1633 5709 Alius
1662 5662 1732 5709 est
1765 5653 1973 5708 disertus

381 5720 643 5787 veridicis,
665 5720 790 5779 alius
814 5725 1021 5776 disertus
1043 5720 1323 5787 maledicus.
1391 5728 1444 5768 Μ.

446 5781 676 5850 magis
723 5788 1012 5850 vignierius,
1049 5783 1145 5837 imo
1185 5783 1275 5836 Dei
1319 5781 1624 5848 PrOphetam.

447 5864 469 5895 ι
493 5867 640 5923 θυι-ι..
673 5862 908 5922 magar.

1709 382 1914 441 LIBER
1949 378 2264 436 TERTIUS.

3515 382 3653 438 12η

2061 501 2495 564 argumentorum
2540 503 2750 550 tuorum
2796 493 3031 565 prodigia
3063 493 3362 564 incutiunt,
3404 498 3648 568 quamvis

2057 595 2251 642 mmsto
2276 587 2476 652 animo,
2503 586 2844 642 cachinnum.

2128 701 2262 757 Acc.
2291 701 2386 755 Dic
2409 700 2554 772 quod
2581 700 2821 757 dicturus
2839 715 2920 767 es,
2951 700 3162 772 egregie
3191 708 3494 766 corrector;
3540 715 3646 771 quo

2056 804 2274 850 auctore
2304 794 2558 865 deceptor
2586 804 2668 850 est
2695 793 2994 849 credendus
3038 793 3348 848 Ambrosius
3372 835 3388 861 ,
3433 793 3500 848 de
3539 809 3648 863 quo

2057 887 2130 941 ait
2157 887 2402 958 Pelagius
2426 887 2680 958 magister
2705 897 2846 954 tuus,
2878 886 3020 957 quod
3050 887 3164 957 ejus
3197 885 3378 952 ﬁdem,
3397 895 3450 940 et
3469 885 3645 955 puris-

2056 980 2250 1034 simum
2306 980 2357 1034 in
2412 979 2702 1050 Scripturis
2752 995 2968 1034 sensum
3023 994 3091 1034 ne
3133 977 3382 1033 inimicus
3427 976 3645 1047 quidem

2057 1084 2219 1124 ausus
2247 1079 2330 1124 est
2372 1069 2770 1140 reprehendere
2815 1068 2914 1142 (α).
2959 1069 3038 1124 Tu
3089 1084 3213 1124 eum
3262 1067 3596 1139 reprehende
3627 1109 3644 1127 .

2058 1159 2248 1216 fortior
2297 1162 2439 1216 enim
2496 1176 2555 1216 es
2607 1170 2766 1231 atque
2823 1162 3094 1231 potentior
3154 1160 3402 1216 inimicus
3471 1160 3646 1214 crucis

2033 1251 2251 1307 Christi
2277 1294 2291 1318 ,
2323 1267 2485 1323 quam
2512 1253 2558 1307 si
2584 1267 2734 1308 esses
2771 1252 3020 1307 inimicus
3049 1251 3318 1306 Ambrosii
3344 1266 3359 1316 ;
3386 1250 3644 1306 audacius

2058 1343 2264 1397 invides
2289 1344 2474 1414 gratia:
2500 1344 2616 1409 Dei,
2648 1359 2807 1414 quam
2832 1345 2876 1398 si
2901 1345 3165 1399 invideres
3192 1343 3265 1398 illi
3293 1342 3495 1397 homini
3522 1343 3638 1397 Dei.

2058 1435 2412 1504 Reprehende
2431 1477 2449 1503 ,
2480 1435 2696 1505 inquam
2713 1477 2729 1504 ,
2759 1435 2920 1492 irride
2947 1437 2964 1467 ⁸
2991 1433 3309 1507 exagitando
3331 1475 3346 1501 ,
3374 1433 3514 1489 deﬁe
3540 1433 3641 1488 do-

2056 1526 2216 1581 lendo
2243 1544 2258 1580 :
2281 1536 2431 1597 potes
2468 1529 2613 1582 enim
2638 1528 2690 1582 vi
2722 1543 2910 1598 magna
2939 1527 3260 1598 eloquentiae
3286 1527 3338 1580 in
3371 1525 3644 1581 urbanita-

2057 1627 2164 1673 tcm
2212 1617 2409 1674 ducere
2455 1620 2745 1696 vanitatem
2799 1629 2982 1683 tuam,
3014 1628 3070 1674 et
3116 1619 3168 1673 in
3221 1618 3644 1674 misericordiam

2059 1710 2438 1781 transﬁgurare
2465 1712 2786 1766 vecordiam.
2808 1711 2902 1766 Dic
2922 1727 3051 1781 ergo
3073 1712 3219 1766 illum
3237 1711 3412 1765 virum
3438 1725 3646 1765 errasse

2055 1802 2400 1870 deformiter,
2432 1802 2730 1873 desipuisse
2761 1802 3065 1869 infeliciter,
3093 1801 3410 1856 afﬁrmando
3438 1800 3645 1856 discor-

2057 1893 2198 1948 diam
2229 1895 2678 1964 concupiscentizn
2703 1894 2882 1949 carnis
2906 1904 2962 1949 et
2989 1893 3206 1964 spiritus
3233 1892 3286 1947 in
3316 1900 3559 1946 naturam
3578 1907 3642 1945 ex

2059 1983 2214 2053 primi
2247 1983 2481 2038 hominis
2509 1985 2945 2054 prmvaricaliotte
2968 1984 3191 2039 vertisse
3217 1982 3358 2053 (Lib.
3383 1982 3413 2036 7
3442 1981 3494 2035 in
3516 1981 3643 2034 Luc.

2059 2093 2152 2140 xu,
2186 2077 2301 2148 52).
2330 2076 2462 2145 Quis
2491 2078 2634 2133 enim
2667 2078 2785 2133 sine
2828 2078 2916 2133 illa
2949 2077 3205 2140 nascitur,
3237 2091 3302 2132 ex
3333 2091 3438 2146 quo
3462 2090 3646 2145 cmpe-

2059 2178 2186 2225 runt
2227 2170 2470 2225 homines
2513 2171 2703 2238 nasci,
2748 2170 3017 2226 nascendo
3045 2171 3227 2239 utique
3253 2168 3305 2222 in
3333 2183 3494 2222 carne
3519 2183 3640 2238 pec-

2058 2260 2202 2315 cati?
2226 2259 2333 2316 Sed
2363 2269 2419 2315 tu
2454 2261 2616 2316 homo
2643 2260 3008 2326 acutissimus,
3039 2277 3144 2314 non
3175 2259 3404 2314 credens
3439 2259 3542 2312 tale
3583 2273 3647 2311 ae

2061 2360 2265 2406 tantum
2288 2352 2415 2406 illud
2439 2351 2605 2407 fuisse
2627 2360 2924 2421 peccatum,
2943 2361 2999 2404 ut
3029 2359 3208 2419 posset
3237 2349 3289 2402 in
3319 2351 3419 2401 hoc
3449 2347 3644 2401 malum

2061 2452 2186 2498 tunc
2207 2444 2374 2513 ipsam
2401 2453 2608 2499 mutare
2633 2453 2908 2508 naturam,
2948 2455 3175 2510 eamque
3211 2437 3493 2494 iueﬁabilis
3518 2452 3650 2506 apo-

2057 2535 2235 2591 stasia:
2279 2536 2471 2591 merito
2515 2536 2689 2602 tacere
2731 2548 2853 2589 cum
2893 2533 3059 2602 stirpe
3111 2529 3496 2593 damnandam;
3549 2529 3650 2584 hoc

2058 2628 2200 2700 quod
2227 2642 2416 2683 omnes
2443 2627 2610 2683 sobrii
2643 2627 2840 2681 malum
2872 2625 3132 2690 sentiunt,
3163 2623 3360 2677 malum
3390 2621 3648 2691 iudicant,

2057 2719 2237 2775 ebrius
2291 2719 2576 2790 Pelagiano
2620 2717 2871 2788 dogmate
2915 2716 3114 2771 asseris
3159 2714 3377 2769 bonum.
3425 2711 3648 2766 “habili

2057 2811 2200 2865 enim
2230 2809 2474 2865 facundia
2506 2819 2656 2880 potes
2676 2851 2692 2875 ,
2720 2823 2839 2863 eam
2868 2822 3028 2877 quam
3065 2805 3236 2860 sancti
3275 2812 3528 2859 accusant
3555 2817 3650 2872 ge-

2059 2901 2296 2966 mitibus,
2325 2910 2379 2955 tu
2408 2900 2651 2955 laudibus
2679 2913 2873 2954 ornare
2897 2896 3191 2961 libidinem,
3224 2904 3278 2951 et
3306 2895 3465 2949 talem
3495 2910 3649 2965 pror-

2057 3009 2170 3060 sus,
2201 2993 2374 3064 qualis
2410 3001 2466 3047 et
2505 3007 2646 3046 nunc
2682 3001 2801 3058 est,
2844 3005 2904 3046 se
2933 2990 3137 3046 scilicet
3164 2987 3469 3042 nolentibus
3498 2985 3651 3056 inge-

2060 3092 2290 3149 rentum,
2312 3093 2366 3140 et
2384 3083 2451 3137 ad
2475 3091 2744 3159 certamen
2773 3088 3150 3153 provocantem
3177 3078 3338 3134 corda
3359 3085 3650 3140 castorum,

2061 3189 2308 3250 tanquam
2335 3177 2628 3232 formosum
2653 3183 2707 3230 et
2726 3189 2997 3228 amantum
3021 3172 3242 3242 lignum,
3259 3169 3466 3225 etiamsi
3493 3185 3653 3223 nemo

2061 3272 2133 3327 ibi
2166 3278 2458 3341 peccasset,
2489 3269 2628 3324 inter
2654 3265 2889 3338 peradisi
2936 3280 3154 3320 nemora
3197 3263 3479 3318 collocare.
3508 3261 3648 3315 Eru-

2060 3362 2219 3417 besce
2241 3401 2257 3426 ,
2309 3359 2580 3415 beatitudo
2626 3358 3056 3428 Pelagianorum;
3085 3364 3139 3411 et
3169 3353 3291 3411 vide
3316 3370 3420 3426 quo
3446 3353 3613 3424 fugias
3633 3393 3651 3421 ,

2060 3454 2184 3525 quia
2213 3453 2346 3507 casti
2376 3461 2427 3506 te
2457 3450 2684 3522 fugiunt.

2132 3564 2289 3621 LVII.
2321 3565 2442 3621 Jun.
2471 3564 2604 3632 Quis
2631 3562 2774 3618 enim
2805 3561 2928 3624 hoc,
2960 3562 3004 3616 si
3031 3561 3158 3632 quid
3182 3560 3379 3616 szcculo
3409 3559 3532 3615 lmic
3560 3576 3653 3615 su-

2062 3655 2320 3728 perfuerit
2348 3655 2544 3724 multis,
2576 3653 2939 3708 monumentis
2978 3653 3174 3722 poterit
3197 3650 3418 3706 credere
3447 3651 3652 3706 littera-

2064 3764 2204 3814 rum,
2236 3746 2510 3802 exstitisse
2530 3745 2778 3801 videlicet
2806 3744 3098 3810 hominem,
3121 3745 3209 3813 qui
3231 3743 3478 3799 crederet
3497 3751 3552 3799 et
3571 3743 3657 3813 ju--

2065 3849 2229 3907 raret,
2261 3855 2368 3894 non
2399 3853 2520 3895 esse
2559 3837 2832 3903 naturale,
2861 3836 3003 3907 quod
3045 3845 3191 3891 esset
3230 3836 3500 3901 naturale;
3548 3851 3656 3889 non

2065 3947 2188 3989 esse
2215 3929 2604 4003 generationis,
2633 3928 2773 3999 quod
2804 3935 2948 3983 esset
2976 3927 3369 3997 generationis;
3400 3942 3504 3981 non
3534 3943 3657 3996 pcr-

2069 4025 2238 4080 tinere
2277 4022 2343 4077 ad
2389 4020 2749 4077 conditionem
2799 4028 3110 4090 parentum,
3160 4017 3302 4088 quod
3339 4018 3406 4072 ad
3455 4018 3660 4088 aliquos

2070 4130 2176 4170 non
2205 4115 2274 4170 ob
2302 4114 2449 4169 aliud
2478 4112 2792 4183 pertineret,
2837 4110 2938 4165 nisi
2968 4111 3091 4182 quia
3118 4109 3342 4166 fuissent
3369 4111 3660 4180 parentes?

2070 4209 2204 4264 Puto
2232 4205 2374 4277 quod
2399 4204 2624 4260 conﬁcta
2653 4203 2789 4270 haec,
2821 4202 2991 4272 magis
3018 4217 3175 4272 quam
3204 4201 3272 4259 ab
3297 4201 3418 4255 ullis
3441 4199 3659 4255 defensa

2072 4299 2388 4356 mortalibus
2406 4339 2424 4367 ,
2453 4297 2740 4352 arbitretur
2777 4304 3024 4352 secutura
3053 4295 3348 4364 generatio.
3382 4293 3490 4347 llos
3516 4293 3658 4348 enim

2073 4402 2304 4456 natatus,
2349 4399 2404 4446 et
2446 4389 2542 4445 has
2583 4402 2829 4454 nauscas,
2864 4395 3023 4456 atque
3062 4386 3160 4442 hos
3192 4386 3444 4452 vomitus,
3485 4394 3659 4438 vestra

2074 4487 2218 4542 natio
2261 4485 2499 4555 lidesque
2544 4482 2858 4554 perpetitur,
2904 4480 2994 4551 qui
3041 4479 3248 4546 dicitis,
3295 4477 3413 4533 Non
3444 4484 3663 4548 possunt

2075 4588 2354 4650 parentum
2393 4587 2610 4649 peccata
2639 4576 2706 4630 ad
2737 4575 2875 4630 ﬁlios
2913 4573 3197 4629 decurrere
3239 4587 3336 4644 per
3377 4581 3619 4626 naturam
3647 4609 3662 4633 ,

2073 4674 2196 4744 quia
2222 4688 2309 4727 res
2333 4669 2536 4725 arbitrii
2569 4668 2862 4724 seminibus
2887 4683 2992 4721 non
3020 4667 3244 4734 ligatur;
3273 4663 3365 4718 sed
3389 4671 3662 4732 peccatum

2075 4765 2226 4828 Adae,
2255 4761 2396 4832 quod
2435 4760 2502 4816 de
2538 4759 2810 4815 voluntate
2847 4765 3166 4826 conceptum
3209 4762 3328 4818 est,
3377 4751 3566 4806 transit
3613 4752 3664 4807 in

2075 4871 2265 4912 omnes
2295 4853 2540 4907 homines
2569 4867 2664 4921 per
2690 4857 2955 4915 naturam,
2994 4848 3114 4918 quia
3160 4862 3248 4902 res
3272 4844 3476 4900 arbitrii
3502 4845 3666 4899 semi-

2077 4949 2234 5004 nibus
2266 4947 2463 5017 illigata
2494 4953 2578 5000 est
2607 4962 2620 4998 :
2653 4959 2759 4998 non
2784 4942 3000 4997 damnat
3026 4941 3186 4997 etiam
3228 4939 3368 4993 Deus
3404 4939 3540 4994 ﬁlios
3569 4954 3666 5007 pro

2079 5039 2311 5111 peccatis
2338 5047 2615 5108 parentum
2636 5076 2652 5100 ,
2691 5033 2814 5105 quia
2847 5048 3072 5088 summa:
3109 5029 3400 5100 iniquitatis
3440 5038 3543 5094 est,
3574 5029 3668 5083 sed

2077 5132 2296 5187 damnat
2323 5128 2454 5184 Ada:
2481 5137 2727 5199 posteros
2770 5133 2987 5195 propter
3026 5131 3303 5194 peccatum
3345 5129 3624 5192 parentum
3653 5161 3668 5184 ,

2076 5226 2219 5300 quod
2245 5225 2389 5281 nulla
2418 5221 2810 5295 potestjustitia
2843 5218 3101 5273 vindicari
3135 5235 3148 5270 :
3179 5232 3285 5271 non
3320 5215 3544 5285 pertinet
3579 5231 3674 5285 po-

2079 5331 2282 5376 stremo
2331 5317 2397 5372 ad
2448 5313 2809 5373 conditionem
2856 5310 3237 5382 generationis,
3288 5309 3411 5379 quia
3471 5306 3526 5362 hi
3580 5307 3671 5378 qui

2081 5413 2334 5482 conjuges
2380 5418 2542 5470 sunt,
2593 5406 2727 5460 ﬁunt
2768 5412 3046 5476 parentes;
3093 5401 3235 5472 quod
3277 5417 3384 5456 non
3421 5400 3492 5456 ob
3529 5400 3674 5454 aliud

2085 5504 2337 5575 pertinuit
2361 5501 2426 5556 ad
2455 5499 2646 5564 Adam,
2677 5498 2781 5552 nisi
2804 5499 2925 5568 quia
2951 5495 3183 5567 conjugii
3223 5495 3340 5565 lege
3379 5493 3673 5565 generavit.

2085 5599 2315 5655 lloccine
2358 5609 2573 5652 cursum
2612 5592 2913 5666 gubernare
2954 5601 3057 5658 est,
3087 5606 3157 5645 an
3197 5589 3422 5644 natare?
3453 5585 3676 5641 hoccine

2149 5781 2164 5812 ί
2204 5779 2278 5828 sic
2299 5783 2407 5825 Mss.
2436 5780 2488 5824 At
2511 5769 2842 5832 \’ign.,tradc.

2150 5821 2670 5906 (αγῖἱὰἷὲυιῖωξίἱυί
2693 5834 2759 5885 de
2781 5833 2935 5884 Gratia
2953 5825 3140 5892 Christi,
3167 5841 3249 5878 un.
3284 5823 3353 5886 ιϐ,
3376 5821 3452 5873 47.
