2086 3272
258 203 269 229 l
275 202 326 229 275

258 265 300 286 cat
321 257 464 289 conficere,
478 264 511 284 au
527 256 677 284 nauseare?
693 255 803 282 hoccine
825 258 866 281 est
880 260 985 280 sumere
1004 252 1052 281 ali—
1067 276 1069 278 ,

258 304 321 339 quid
332 303 456 335 solidum,
468 311 501 330 an
510 311 617 338 semper
626 302 769 330 evomere?
778 300 873 329 Iisdem
884 298 1052 326 sermonibus

256 351 327 386 quod
342 349 482 386 negaveris
496 348 615 378 affirmas
625 369 633 382 ,
648 348 741 377 iisdem
754 346 833 375 lineis
847 345 919 383 quod
934 344 1053 373 affirma-

259 396 331 425 νει-ιε
343 396 476 432 denegas;
488 399 515 423 et
527 395 650 423 irasceris
663 402 711 423 cur
722 401 774 423 non
788 392 991 428 acquiescamus
1006 390 1055 418 ho—

260 442 335 477 mihi,
349 442 394 477 qui
408 441 483 479 gravi
497 441 591 471 morbo
603 446 697 476 ruptus
708 448 761 469 non
777 444 865 477 potest
878 442 971 468 tenere
980 436 1052 474 quod

258 488 385 525 suscipit!

295 534 363 563 Atla.
385 534 461 563 ALsit
481 537 510 563 ιιι
529 533 659 567 dicamus,
680 533 792 562 aliorum
814 536 919 568 patrum
937 530 963 559 in
987 529 1055 559 filios

263 578 345 609 Deum
369 585 475 614 peccata
500 586 552 606 non
577 578 690 608 reddere
712 587 718 606 :
739 585 801 605 cum
814 577 950 611 Scriptura
963 575 1054 604 divina

261 625 340 653 toties
352 625 559 660 nominatimque
572 629 693 659 testetur,
708 632 756 659 pro
766 623 863 659 quibus
874 626 978 657 patrum
989 628 1054 666 pec.

259 670 327 698 catis
341 670 367 698 in
381 678 448 707 quos
459 679 551 698 eorum
567 671 634 698 ﬁlios
648 670 762 699 vindicta
774 668 952 706 processerit;
971 675 1055 702 usque

263 716 331 745 adeo
344 721 371 743 ut
386 716 518 751 quoddam
532 720 671 752 peceatum
684 723 764 751 grave
784 715 854 750 regis
874 714 976 747 Achab,
991 720 1055 748 par-

262 769 326 789 cens
334 762 357 788 υἱ
368 762 446 794 Drus,
458 762 482 790 in
492 762 549 798 ejus
559 762 640 789 filium
650 762 786 792 vindicare
793 760 926 790 distulerit
934 759 979 795 (Ill
989 758 1054 793 Reg.

261 816 317 839 xxI,
335 808 392 843 29).
409 808 460 836 Sed
475 809 536 844 quis
549 809 644 837 modus
656 813 683 837 et
696 816 755 844 quas
774 808 809 837 sit
830 808 928 836 divinze
947 805 1016 836 ratio
1028 810 1056 835 et

261 862 384 883 mensura
394 854 505 891 justitia:
517 854 551 882 de
566 855 678 882 aliarum
695 860 798 889 patrum
813 855 941 890 peccatis.
953 860 982 883 ut
994 854 1056 884 red-

259 899 356 927 dantur
370 900 394 926 in
411 901 488 929 filios.
504 900 630 936 indagare
652 901 712 936 quis
734 901 842 936 potest?
855 901 968 935 Propter
982 901 1054 936 quod

261 944 330 972 licus
343 944 394 972 sibi
409 945 493 972 tenuit
507 945 558 973 ista
572 945 670 980 judicia
680 966 688 979 ,
705 946 841 975 hominem
858 954 922 974 vero
933 945 1057 980 judican—

259 994 311 1017 tem
326 990 365 1018 sic
379 991 514 1020 vindicare
529 991 673 1027 prohibuit.
686 991 740 1020 Sed
762 992 895 1026 apostasia
914 992 992 1026 primi
1007 992 1057 1022 ho-

261 1035 350 1069 minis,
365 1036 391 1064 in
404 1044 457 1071 quo
470 1044 573 1064 summa
583 1041 651 1070 erat,
664 1042 692 1065 et
702 1037 775 1066 nullo
787 1037 981 1072 impediebatur
991 1037 1056 1067 vitio

259 1081 368 1111 libertas
388 1082 501 1119 propria:
518 1083 660 1114 voluntatis
672 1103 680 1115 ,
701 1087 755 1112 tam
778 1091 901 1119 magnum
918 1088 1055 1118 peccatum

259 1127 318 1158 fuit.
335 1133 363 1155 ut
375 1128 450 1154 ruina
464 1128 522 1163 ejus
536 1134 628 1157 natura
644 1128 758 1158 humana
772 1133 843 1158 esset
855 1133 908 1158 tota
919 1129 1054 1164 collapsa:

259 1174 329 1208 quod
353 1174 452 1203 indicat
468 1174 576 1203 humani
598 1175 706 1210 generis
731 1180 804 1205 tanta
825 1176 942 1208 miseria,
963 1184 1026 1210 qum
1039 1184 1055 1206 a

259 1219 353 1253 primis
373 1219 519 1256 ploratibus
538 1220 699 1255 vagientium
716 1228 802 1256 usque
815 1220 849 1251 ad
863 1222 1055 1256 exspirantium

261 1265 422 1294 novissimos
437 1265 536 1295 halitus
550 1266 674 1295 omnibus
689 1270 750 1295 nota
764 1270 824 1300 est;
841 1267 875 1295 ita
890 1271 919 1297 ut
939 1268 983 1302 qui
996 1275 1055 1297 eam

262 1316 360 1346 negant
372 1332 380 1345 ,
395 1311 524 1348 majorem
542 1316 644 1347 partem
659 1312 710 1341 sibi
723 1312 858 1342 vindicent
870 1312 992 1342 humana:
1004 1313 1056 1342 mi-

260 1358 338 1385 seria:
353 1361 406 1385 tam
422 1357 542 1386 horribili
556 1362 583 1387 et
599 1358 748 1387 incredibili
767 1358 887 1388 caecitate
904 1368 910 1385 :
926 1359 994 1389 sicut
1009 1366 1056 1387 vos

259 1402 355 1435 facitis,
372 1403 416 1438 qui
431 1402 572 1431 mortalem
590 1403 676 1433 Adam
698 1403 735 1432 ita
755 1403 863 1437 factum,
878 1408 906 1433 ut
921 1404 977 1433 sive
991 1412 1056 1439 pec-

259 1454 343 1480 caret.
358 1448 416 1477 sive
430 1456 483 1477 non
500 1453 632 1483 peccaret,
648 1449 793 1478 moriturus
805 1453 886 1482 esset.
900 1450 981 1478 etiam
996 1454 1057 1485 post

259 1493 386 1528 judicium
403 1494 585 1530 Paimstiuum,
600 1495 645 1524 ubi
660 1503 707 1522 vos
721 1495 770 1523 ista
790 1495 910 1526 dicentes
931 1496 1056 1532 Pelagius

259 1542 317 1575 ipse
335 1541 470 1570 damnavit
490 1541 529 1576 (α)
543 1561 551 1575 ,
572 1542 661 1571 adhuc
684 1542 773 1571 dicere
795 1550 848 1570 non
871 1542 979 1571 timetis.
1001 1542 1055 1572 Sed

259 1594 353 1622 perge,
371 1591 398 1615 ut
412 1586 460 1615 tibi
478 1587 582 1621 placet,
608 1592 689 1622 atque
701 1588 781 1616 etiam
798 1588 870 1623 ipsos
884 1592 921 1616 tot
938 1588 1057 1617 Palmsti-

259 1640 307 1659 nos
320 1632 460 1668 episcopos
470 1633 613 1661 criminare
622 1633 782 1662 Manichazos
794 1643 802 1660 :
814 1634 908 1667 clama,
920 1634 953 1661 ad
962 1634 1055 1663 horam

260 1677 393 1713 Pelagium
409 1678 524 1706 cessisse
536 1677 688 1706 Mauiehmis
697 1700 704 1710 .
719 1686 753 1707 ne
772 1680 946 1707 damnaretur
959 1679 993 1706 ab
1004 1680 1055 1710 eis.

260 1722 342 1756 imple
363 1723 512 1757 paradisum
535 1724 621 1758 pomis
643 1724 796 1758 libidinum;
821 1729 849 1752 et
875 1729 913 1752 tot
934 1732 966 1753 ac
985 1729 1056 1754 tanta

259 1769 327 1795 mala
342 1777 400 1804 quae
413 1770 515 1804 perpeti
531 1770 651 1797 videmus
666 1769 790 1803 infantes,
803 1775 928 1805 tauquam
940 1779 993 1798 non
1004 1771 1057 1799 sint

261 1814 379 1848 νωιιςιιρε
392 1814 510 1847 dolores,
525 1814 572 1842 sed
588 1815 710 1843 vernales
725 1816 831 1848 odores.
846 1824 894 1851 per
908 1816 952 1846 illa
968 1816 1055 1844 felicia

259 1863 333 1894 prata
347 1860 475 1887 dill'unde.
492 1860 525 1888 Et
539 1868 581 1888 me
593 1861 678 1888 irride
697 1861 773 1899 quasi
786 1866 1014 1895 natautem;cum
1030 1867 1056 1890 tu

259 1906 286 1932 in
301 1905 358 1932 lucc
374 1905 506 1942 profunda
519 1906 658 1936 demersus
672 1907 787 1935 intereas
800 1917 807 1934 :
824 1915 868 1935 me
885 1908 967 1936 irride
980 1909 1056 1946 quasi

260 1956 434 1978 nauseantem
447 1959 479 1979 ac
497 1957 669 1986 vomentem;
684 1960 745 1980 cum
766 1958 794 1980 tu
814 1958 936 1983 mortuus
951 1954 1038 1988 iaceas
1048 1976 1055 1988 ,

259 2000 287 2023 et
311 2000 436 2031 tanquam
458 2002 643 2024 rermescente
654 1997 797 2033 putredine
807 2018 814 2030 ,
829 1999 868 2026 sic
882 1999 998 2034 inquieta
1019 2000 1058 2027 lo-

260 2042 391 2076 quacilulc
412 2046 535 2076 putescas
559 2051 567 2069 :
591 2050 634 2071 me
662 2051 744 2078 argue
771 2045 847 2080 quasi
880 2044 1056 2074 affirmantem

260 2087 330 2122 quod
346 2088 506 2123 negaverim,
525 2092 552 2116 et
566 2088 638 2125 quod
653 2088 843 2118 afﬁrmaverim
857 2090 1033 2127 denegantem
1048 2099 1056 2127 ;

260 2141 321 2160 cum
336 2138 363 2160 tu
378 2134 465 2170 potius
478 2134 530 2162 hoc
544 2134 639 2163 feceris
649 2156 657 2170 ,
671 2136 741 2164 sicut
755 2136 781 2164 in
801 2140 846 2164 tuo
859 2136 995 2167 volumine
1013 2145 1059 2165 su-

263 2181 369 2215 periore
388 2182 551 2215 monstravi;
570 2187 597 2210 et
615 2190 658 2210 me
675 2182 727 2210 hoc
744 2191 798 2210 non
812 2183 917 2216 fecisse,
934 2184 1056 2218 possint,

259 2226 304 2262 qui
319 2227 409 2263 legunt
418 2227 567 2263 attendere,
578 2233 605 2256 et
617 2236 696 2264 quam
708 2228 837 2257 fallaciter
845 2229 897 2257 hoc
909 2238 951 2258 me
964 2230 1059 2258 fecisse

260 2272 374 2307 dixeris,
391 2273 511 2301 invenire
525 2282 531 2301 :
546 2282 589 2302 me
603 2274 646 2302 dic
659 2274 732 2311 gravi
746 2275 842 2303 morbo
856 2280 973 2312 ruptum,
987 2276 1058 2313 quod

259 2320 377 2356 suscipio
391 2324 482 2349 tenere
495 2329 547 2349 non
564 2329 659 2357 posse;
675 2329 735 2349 cum
751 2327 779 2349 tu
801 2322 896 2357 spiritu
909 2322 969 2350 vita:
984 2323 1059 2358 peni-

260 2371 302 2393 tus
315 2366 423 2400 amisso,
438 2375 490 2394 non
506 2366 600 2395 saltem
618 2367 708 2395 valeas
720 2367 822 2404 ingesta
832 2368 977 2403 suscipere.

295 2412 384 2443 LVlll.
399 2413 459 2443 JuL.
474 2413 556 2441 Vides
570 2414 678 2450 quidem
694 2414 773 2442 etiam
792 2414 859 2451 ipse,
874 2423 931 2442 rem
951 2415 1058 2451 dignam

259 2458 456 2487 conflictatione
475 2467 528 2489 non
549 2466 609 2487 esae
623 2468 631 2486 :
645 2464 735 2487 tamen
757 2463 787 2487 ut
810 2460 944 2489 mentibus
963 2461 1059 2489 subve-

261 2504 348 2531 niatur
360 2504 485 2537 incautis,
499 2512 560 2540 quac
573 2505 720 2534 crassiores
733 2512 852 2543 quasque
870 2505 1011 2543 opiniones
1031 2510 1059 2533 ct

262 2549 338 2576 malis
354 2550 474 2578 moribus
487 2550 655 2579 blandientes
668 2551 694 2578 in
706 2551 832 2579 solatium
843 2556 983 2581 assumunt
992 2559 1058 2580 con-

261 2594 380 2622 scientia!
393 2594 533 2628 sauciata;
549 2596 747 2633 interrogamus
761 2601 848 2623 utrum
863 2601 943 2624 tanta:
957 2596 1060 2626 stolidi-

265 2639 326 2666 tatis
345 2640 481 2669 inventum
510 2641 545 2668 de
573 2641 663 2678 aliqua
693 2641 892 2677 Scripturarum
918 2643 1059 2671 occasione

262 2685 425 2721 cmnpercris
439 2684 459 2710 ‘.
476 2684 503 2714 Si
515 2685 623 2718 dixeris,
636 2685 688 2714 Per
699 2695 778 2713 unum
789 2687 916 2714 hominem
928 2693 1059 2723 peccatum

263 2731 364 2758 inn-aui:
388 2732 414 2758 in
435 2731 557 2757 muurlum
573 2732 660 2767 (Rom.
673 2741 699 2764 v.
713 2734 756 2770 l2)
772 2742 778 2760 :
793 2734 1015 2768 atlmonemuste,
1029 2740 1058 2763 ut

263 2777 365 2812 t'cit'gas
379 2776 518 2811 prmScntis
532 2778 619 2812 operis
633 2779 799 2813 superiorem
820 2779 939 2808 libellum
952 2801 959 2814 ,
982 2781 1058 2817 cujus

295 2884 302 2899 ι
319 2883 399 2908 codex
414 2885 488 2910 Port.,
501 2885 642 2910 rauci-neris.

294 2915 329 2945 (α)
346 2915 394 2939 Lib.
404 2913 440 2938 de
450 2913 528 2937 cesti:
539 2913 636 2947 Pelagia,
646 2921 689 2939 nn.
702 2913 740 2945 2|,
753 2916 791 2947 ΞΠ,
804 2918 843 2944 60.

605 197 729 226 OPERiS
749 195 955 225 lMPEliFECTI
973 194 1055 223 CONi

1128 193 1309 229 JULIANUM,
1329 194 1358 223 S.
1378 194 1564 224 AUGUSTINI

1835 197 1905 226 1226

1108 251 1130 278 si
1146 259 1249 279 memor
1261 251 1352 286 fueris,
1366 252 1486 287 Apostoli
1500 251 1680 281 testimonium
1701 260 1832 288 usurpare
1848 262 1906 284 non

1109 297 1220 333 poteris.

1143 343 1210 372 Anc.
1225 343 1278 371 Nos
1294 348 1319 371 te
1334 344 1421 379 potius
1433 344 1618 378 admonemur.
1638 349 1667 374 ut
1685 345 1773 380 ipsiu-
1789 345 1904 381 Αρωω-

1109 390 1163 417 lum
1179 391 1261 426 legas.
1274 395 1303 418 et
1315 391 1405 419 videas
1427 399 1510 426 pauca
1534 391 1601 426 ipsa,
1623 391 1657 420 de
1669 392 1766 427 quibus
1777 392 1882 428 agimus
1895 414 1906 426 .

1109 436 1188 464 verba
1201 437 1270 472 ejus,
1287 441 1341 464 tam
1356 437 1498 465 manifesta
1516 445 1576 465 esse
1598 441 1691 465 contra
1706 442 1743 470 te,
1759 443 1789 466 ut
1802 446 1857 467 non
1869 438 1904 468 li»-

1108 483 1178 511 bello
1191 505 1199 517 ,
1225 484 1273 511 sed
1292 484 1372 519 plane
1387 484 1543 519 longissimo
1564 488 1591 511 et
1611 483 1798 519 ioquaeissitno
1810 485 1882 514 libro
1894 507 1902 518 .

1108 530 1204 561 frustra
1224 538 1254 558 ea
1276 530 1357 558 fueris
1379 531 1406 558 in
1430 530 1582 559 hcereticam
1604 535 1729 566 vestram~
1742 532 1903 560 saltemiam

1107 583 1161 603 non
1175 580 1290 608 vertere,
1306 576 1352 603 sed
1367 580 1536 611 pervertere;
1552 583 1606 603 non
1620 584 1754 612 exponere
1763 597 1771 610 ,
1792 576 1842 605 sed
1851 576 1904 605 ob-

1108 629 1218 649 scurare
1229 626 1352 650 conatus.

1144 666 1212 697 LIX.
1235 667 1295 697 JUL.
1320 667 1348 695 Si
1373 671 1462 695 autem
1481 667 1597 701 dixeris,
1613 668 1674 703 quia
1693 676 1743 695 um
1757 672 1796 696 est
1816 669 1904 699 fama

1108 714 1278 749 Baptismatis
1289 715 1309 748 ⁸,
1323 722 1374 750 qua
1384 714 1497 743 diversae
1506 714 1593 741 aetatis
1610 713 1733 741 honiiues
1744 721 1904 742 consecrari.

1108 764 1168 792 tur;
1185 760 1327 792 fateberis,
1343 760 1423 788 etiam
1438 768 1479 787 me
1493 764 1606 793 tacente,
1619 761 1902 788 unnmemorationnln

1108 806 1144 834 ibi
1166 814 1216 833 nec
1237 806 1418 841 generationis
1439 805 1560 838 infector,
1581 813 1632 833 nec
1648 807 1739 834 cautis
1751 806 1902 840 diabolica,

1108 860 1159 879 nec
1180 852 1245 879 Δότε
1266 852 1382 886 aliquam
1397 852 1528 879 contineri
1552 851 1608 879 :ad
1629 852 1700 886 quod
1716 853 1726 869 ¹
1742 856 1830 880 tarueu
1850 859 1904 880 tuo

1109 899 1168 926 loco
1180 919 1188 931 ,
1212 899 1332 933 quamvis
1354 898 1387 925 ad
1404 897 1540 925 traducem
1565 906 1620 925 non
1634 902 1744 932 spectet,
1763 898 1842 933 plene
1855 906 1904 926 :ov

1109 944 1231 979 sponsuri
1247 952 1349 972 sumus.
1851 978 1856 983 _

1145 991 1212 1018 Auc.
1230 991 1279 1018 Ubi
1294 990 1457 1025 respondere
1466 990 1592 1026 caperis,
1613 990 1679 1026 quid
1691 990 1729 1018 ibi
1739 991 1803 1024 nisi,
1814 996 1846 1019 ut
1855 998 1903 1019 no.

1109 1037 1158 1069 ics,
1173 1037 1313 1064 hmrctieus
1328 1037 1490 1072 apparebis?
1863 1034 1865 1036 ’

1145 1082 1200 1110 LX.
1214 1083 1274 1110 Jun.
1289 1083 1373 1111 Unam
1385 1090 1451 1118 ergo
1463 1083 1557 1110 saltem
1568 1087 1661 1110 eontra
1681 1087 1781 1110 tantam
1793 1090 1809 1110 a
1825 1084 1905 1112 nobis

1108 1129 1300 1163 producturum
1323 1129 1430 1155 testium
1453 1128 1609 1163 dignitatem
1623 1149 1632 1162 ,
1660 1133 1754 1156 contra
1772 1128 1906 1164 justitiam

1109 1174 1288 1207 manifestam,
1302 1179 1396 1201 contra
1411 1174 1578 1209 perspicuam
1598 1175 1738 1207 rationem,
1764 1175 1831 1210 legis
1849 1175 1903 1206 edo

1109 1221 1280 1253 sententiam,
1304 1228 1352 1255 per
1364 1228 1443 1256 quam
1459 1225 1484 1248 te
1497 1220 1624 1248 ostendas
1642 1220 1723 1248 misse
1739 1220 1882 1256 decem-tm
1895 1230 1904 1248 :

1108 1267 1178 1301 quod
1192 1266 1251 1294 ideo
1265 1266 1363 1299 addidi,
1376 1267 1439 1302 quia
1452 1267 1557 1294 etiamsi
1569 1272 1642 1295 esset
1657 1274 1717 1302 qua:
1733 1267 1789 1294 tale
1802 1267 1906 1303 aliquid

1109 1312 1280 1347 ambiguitate
1301 1312 1444 1340 verborum
1465 1317 1602 1347 putaretur
1622 1312 1778 1347 ostendere,
1791 1313 1904 1341 aliarum

1110 1361 1199 1386 tamen
1214 1358 1405 1386 sententiarum
1422 1357 1567 1393 Splendore
1581 1362 1609 1385 et
1622 1358 1778 1393 magisterio
1790 1379 1799 1392 ,
1818 1359 1855 1387 ita
1874 1363 1906 1387 ut

1106 1402 1216 1437 iustitia:
1226 1403 1401 1438 congruebat,
1414 1403 1559 1439 cogebatur
1573 1403 1682 1438 exponi.

1143 1449 1211 1478 Acs.
1223 1449 1302 1477 Certa
1315 1449 1336 1483 ³,
1348 1457 1401 1478 non
1415 1449 1548 1485 ambigua,
1560 1455 1654 1478 contra
1665 1456 1712 1478 vos
1723 1449 1814 1478 divina
1828 1450 1905 1478 ιαιί-

1109 1494 1198 1523 monia
1219 1494 1405 1532 proferuntur;
1420 1495 1490 1523 sicut
1507 1495 1563 1530 jam
1577 1502 1591 1522 a
1606 1495 1685 1522 nobis
1698 1495 1781 1524 multa
1803 1495 1905 1530 prolata

1109 1545 1171 1568 sunt
1185 1549 1192 1568 :
1208 1541 1256 1568 sed
1278 1541 1340 1576 quia
1360 1541 1486 1569 tenebras
1507 1545 1611 1569 vestras
1630 1540 1810 1576 redarguunt,
1827 1541 1906 1570 vobis

1108 1585 1195 1615 hteida
1206 1594 1258 1615 non
1269 1586 1393 1614 videntur
1403 1594 1410 1619 ;
1420 1590 1449 1614 et
1460 1593 1635 1621 quiscumque
1645 1586 1775 1615 vobissua
1785 1586 1906 1615 radiante

1109 1632 1168 1661 uice
1182 1632 1296 1661 molesta
1308 1636 1381 1665 sunt,
1401 1636 1498 1661 contra
1512 1632 1557 1660 illa
1578 1640 1626 1660 cor
1638 1632 1777 1667 claudius,
1794 1641 1830 1661 ne
1842 1633 1905 1662 inde

1109 1685 1162 1705 nos
1174 1677 1280 1713 fugetur
1294 1678 1403 1706 erroris.

1144 1724 1213 1753 LXI.
1227 1725 1288 1752 ius.
1306 1725 1382 1753 Nunc
1402 1729 1493 1753 autem
1516 1732 1577 1752 etim
1599 1732 1650 1754 nec
1663 1725 1757 1761 exigua
1771 1725 1906 1761 opinionis

1110 1772 1188 1806 hujus
1203 1772 1230 1799 in
1250 1771 1397 1806 Scripturis
1419 1771 1519 1799 sanctis
1540 1771 1691 1799 inveniatur
1710 1772 1828 1805 occasio,
1842 1776 1871 1803 et
1889 1780 1905 1800 ο

1110 1818 1220 1854 regione
1242 1818 1307 1845 fides
1320 1826 1400 1853 quam
1423 1822 1540 1852 tuemur,
1555 1826 1607 1845 non
1623 1819 1711 1845 minus
1725 1818 1781 1846 suis
1793 1819 1905 1846 rationi-

1110 1864 1158 1891 bus
1171 1871 1252 1899 quam
1271 1863 1404 1898 exemplis
1415 1868 1444 1891 et
1458 1864 1618 1891 testimoniis
1632 1864 1766 1892 muniatur
1778 1872 1786 1891 :
1801 1864 1905 1893 funesta

1110 1917 1141 1937 es
1154 1917 1264 1945 prorsus
1275 1909 1455 1939 obsrinatione
1470 1917 1608 1944 pervasus,
1617 1911 1660 1944 qui
1671 1915 1748 1945 putas
1758 1910 1906 1938 damnoiev

1110 1956 1169 1991 gis,
1192 1956 1292 1983 damno
1306 1955 1428 1988 rationis,
1447 1955 1546 1982 damno
1566 1955 1732 1990 prudentiae,
1755 1956 1907 1992 damnaque

1108 2001 1229 2037 iustitiae,
1243 2001 1453 2030 Manicbteorum
1467 2001 1578 2029 somniis
1590 2002 1771 2030 annuendum.

1147 2049 1216 2076 Anc.
1232 2048 1334 2075 Damno
1346 2048 1414 2083 legis
1427 2056 1482 2076 non
1494 2047 1582 2081 audis,
1599 2048 1714 2075 Reddam
1723 2048 1750 2075 in
1764 2048 1832 2083 ﬁlios
1847 2055 1906 2084 pec.

1111 2099 1168 2121 cata
1185 2099 1285 2129 patrum
1304 2094 1315 2130 (
1327 2093 1401 2122 Deut.
1416 2102 1442 2127 ν,
1457 2094 1497 2130 9).
1510 2095 1612 2123 Damno
1626 2094 1737 2123 rationis
1750 2102 1803 2122 non
1820 2094 1905 2126 vides.

1112 2141 1180 2169 mala
1194 2148 1255 2176 qua
1269 2141 1370 2175 parvuli
1391 2140 1545 2175 patiuntur,
1567 2141 1613 2175 qui
1635 2141 1741 2175 propria
1754 2144 1862 2176 peccata
1877 2140 1905 2168 in

1113 2187 1163 2215 hac
1180 2187 1233 2214 vita
1248 2186 1320 2214 nulla
1336 2186 1468 2219 fecerunt,
1484 2186 1590 2213 nonnisi
1604 2194 1639 2214 ex
1660 2186 1776 2221 peccatis
1795 2185 1905 2221 originis

1111 2239 1206 2260 causas
1217 2232 1304 2267 justas
1318 2231 1418 2259 habere
1438 2231 1509 2266 apud
1525 2232 1619 2259 Deum.
1635 2232 1737 2259 Damno
1758 2231 1906 2267 prudentiae

1113 2286 1166 2306 non
1179 2286 1268 2312 caves,
1282 2283 1377 2306 contra
1391 2278 1605 2313 antiquissimum
1620 2278 1682 2306 fidei
1696 2278 1835 2306 catholica!
1847 2277 1907 2306 futt-

1112 2325 1266 2352 damontum
1286 2324 1382 2360 dogma
1398 2324 1518 2360 proferre
1538 2325 1581 2352 vel
1600 2324 1741 2352 defensare
1759 2324 1906 2358 novitium,

1112 2378 1166 2407 quo
1183 2376 1294 2406 negatur
1308 2370 1436 2406 originale
1456 2374 1607 2405 peccatum.
1620 2371 1722 2397 Damno
1733 2370 1853 2405 justitia,
1867 2369 1908 2398 sic

1112 2417 1219 2452 iniquus
1231 2423 1261 2444 es
1272 2436 1280 2449 ,
1303 2420 1332 2443 ut
1353 2415 1403 2443 sub
1425 2422 1486 2443 meo
1500 2416 1619 2448 nomine,
1633 2419 1673 2443 tot
1683 2415 1694 2431 ⁵
1707 2415 1770 2443 viris
1787 2415 1887 2446 nanctis
1898 2436 1907 2449 ,

1112 2465 1239 2493 Ecclesia:
1257 2465 1356 2493 Christi
1377 2464 1438 2492 ﬁliis
1458 2468 1486 2492 et
1507 2463 1645 2498 patribus,
1669 2463 1807 2499 discipulis
1827 2469 1909 2499 atque

1111 2511 1277 2544 doctoribus,
1287 2511 1333 2547 qui
1346 2515 1408 2538 ante
1417 2518 1466 2538 nos
1476 2510 1596 2543 fuerunt,
1609 2514 1688 2545 atque
1697 2510 1747 2544 ipsi
1761 2509 1838 2540 matri
1851 2516 1910 2536 om-

1113 2558 1186 2585 nium
1209 2557 1349 2585 catholica
1370 2556 1499 2585 Ecclesia:
1517 2556 1529 2574 ⁵
1541 2577 1549 2590 ,
1572 2564 1626 2585 non
1640 2556 1737 2584 timeas
1756 2555 1910 2584 Manicinetu

1112 2604 1197 2640 pestis
1208 2605 1343 2640 objectare
1355 2604 1517 2639 contagium.

1148 2649 1228 2677 ωιιι.
1244 2649 1304 2677 λιιι..
1317 2649 1386 2683 Quid
1402 2653 1490 2676 tanien
1502 2648 1527 2677 in
1541 2648 1612 2676 hunc
1624 2656 1733 2676 sensum
1747 2647 1891 2676 offeramus
1900 2669 1908 2678 .

1112 2696 1229 2727 auende.
1243 2696 1354 2727 Etiamsi
1377 2703 1470 2731 posses
1483 2694 1596 2730 probare
1608 2694 1673 2723 Adae
1695 2698 1832 2730 peccatum
1846 2693 1909 2722 filiis

1145 2798 1152 2812 ¹
1172 2796 1212 2821 llic
1234 2802 1265 2820 ex
1281 2799 1335 2819 Mss.
1360 2795 1407 2820 [ide
1426 2795 1581 2826 restituitur,
1601 2794 1679 2825 forma
1698 2792 1859 2824 ειιριέιηιαιὶδ.

1146 2829 1246 2862 fvisuw
1257 2833 1339 2862 tum:
1351 2826 1531 2862 “$:!.q‘,wd'....

1145 2859 1155 2875 ³
1167 2857 1204 2882 sic
1212 2861 1272 2882 I‘ort.
1287 2861 1313 2882 At
1322 2861 1374 2882 Mss.
1383 2857 1422 2882 alii
1435 2861 1462 2882 et
1474 2857 1542 2887 editi,
1554 2859 1626 2882 certe.

1145 2890 1154 2904 δ
1168 2890 1246 2918 \igu.,
1259 2890 1292 2912 tu.
1301 2892 1369 2920 also.
1383 2892 1424 2914 tnl.
1517 2918 1521 2920 _
1553 2918 1557 2920 μ
1625 2919 1628 2920 ν
1719 2916 1747 2920 __
1768 2915 1774 2920 _

1145 2921 1155 2936 ⁵
1167 2916 1306 2951 editi,'ﬁdci
1325 2919 1448 2945 catholica:
1467 2918 1587 2944 Ecclesiae.
1607 2919 1696 2948 Abest.
1713 2916 1782 2950 ﬁdei.
1793 2922 1807 2941 τι
1819 2918 1868 2942 azss
