4172 6544
360 413 510 470 ηπ

352 631 561 677 earum
586 614 810 676 erimina
831 629 937 671 non
962 626 1176 671 nocere.

1715 393 1918 452 LIBER
1958 393 2276 459 TERTIUS.

353 523 641 597 imputari,
666 521 1005 583 assentireris
1027 529 1204 579 tamen
1231 518 1460 577 aliorum
1486 523 1759 588 parentum
1785 512 1957 571 soboli

3513 417 3646 473 1278

2070 521 2174 567 tein
2211 529 2333 570 cum
2373 515 2511 573 inter
2536 534 2623 575 me
2651 527 2707 575 ct
2735 528 2788 579 te
2815 524 3115 593 conveniat,
3144 536 3419 599 parentum
3448 545 3638 603 pecca-

2064 612 2176 663 tum
2215 605 2283 664 ad
2313 606 2471 679 filios,
2517 610 2617 667 nisi
2658 612 2785 669 vitio
2825 623 2880 672 et
2920 626 3071 675 reatu
3112 621 3489 690 generationis,
3536 638 3671 676 non-

433 710 575 768 Auc.
620 706 750 774 Quis
797 704 921 763 huic
962 703 1130 765 errori
1175 701 1518 766 assentimur,
1563 699 1664 755 Iliai
1707 698 1796 769 qui
1850 712 1957 756 non
2064 698 2298 767 potuisse
2327 702 2584 770 transire;
2618 705 2807 762 rationi
2847 719 3025 768 autem
3050 752 3066 779 ,
3113 713 3405 781 exemplis,
3440 715 3646 785 legique

350 799 545 859 credit
586 797 701 859 Deo
736 795 934 857 dicenti
957 835 975 862 ,
1024 793 1259 853 Reddam
1297 803 1508 864 peccata
1550 799 1751 861 patrum
1788 790 1844 845 in
1886 790 1954 861 ﬁ.

356 889 462 943 lio:
478 890 507 944 2

430 978 623 1039 LXIII.
651 978 772 1039 ιω..
795 977 1126 1037 Manifestum
1151 984 1285 1041 erat.
1314 991 1419 1033 non
1455 972 1833 1046 generationis,
1856 971 1951 1029 sed

350 1074 583 1129 alterius
618 1072 1000 1142 cujuscumque
1032 1069 1196 1125 fuisse
1221 1083 1416 1132 caus'e,
1442 1067 1583 1138 quod
1612 1067 1763 1125 unius
1788 1081 1952 1136 genu.

348 1166 531 1223 rantis
557 1174 797 1235 peccato,
826 1162 967 1233 apud
993 1162 1232 1233 iniquum
1261 1170 1440 1218 tamen
1463 1158 1720 1231 judicent,
1761 1158 1853 1216 lilii
1876 1157 1951 1213 vi-

350 1256 625 1317 debantur
643 1255 883 1315 obnoxii.

424 1351 569 1406 Anc.
613 1348 963 1419 Apertissime
1002 1345 1138 1403 dicis
1177 1344 1413 1415 iniqtuun
1452 1343 1656 1409 Deum,
1701 1341 1792 1412 qui
1823 1355 1949 1412 pec-

343 1450 473 1500 cata
521 1450 728 1513 patrum
767 1438 1104 1510 apertissime
1145 1437 1295 1497 dicit~
1319 1452 1381 1496 se
1431 1436 1485 1497 in
1526 1436 1666 1496 ﬁlios
1710 1435 1947 1496 redditu-

345 1550 498 1596 NOII.

422 1622 618 1684 LXIV.
646 1621 767 1681 .Iuc.
812 1620 1124 1693 Ficbatque,
1153 1628 1216 1676 ut
1256 1620 1394 1679 sicut
1429 1619 1624 1691 iudicis
1664 1619 1947 1677 aestimatio

341 1714 732 1774 innocentibus
759 1712 1126 1771 maculabatur
1162 1711 1387 1773 addictis
1411 1713 1452 1777 ⁸,
1493 1712 1563 1769 ita
1586 1712 1946 1783 generationis

342 1815 532 1861 status
573 1806 800 1860 aliorum
846 1813 1123 1874 parentum
1165 1804 1524 1859 vindicaretur
1563 1804 1843 1874 exemplis.
1884 1804 1943 1864 Si

339 1898 495 1955 enim
532 1896 758 1954 tramitis
780 1936 797 1963 ,
824 1896 869 1953 si
894 1894 1138 1953 criminis
1152 1909 1312 1951 causa
1339 1895 1393 1951 in
1418 1894 1754 1956 fecunditatis
1780 1911 1944 1968 opere

337 1988 720 2055 constitisset;
766 2002 981 2043 omnem
1011 1985 1392 2043 fecunditatem
1420 1985 1656 2047 conditio
1685 1987 1784 2047 ista
1828 1988 1943 2058 poi-

334 2078 545 2137 lueret.

416 2170 568 2227 Auc.
597 2166 831 2223 Reddam
861 2178 1065 2238 peccata
1106 2180 1310 2239 patrum
1352 2169 1406 2225 in
1445 2169 1600 2237 ﬁlios,
1642 2169 1784 2231 Deus
1826 2169 1942 2228 cla-

330 2268 503 2321 mat:
531 2276 658 2332 ergo
681 2262 806 2332 quia
831 2260 922 2321 ille
950 2276 1108 2321 verax
1148 2270 1264 2330 est,
1293 2271 1347 2321 tu
1374 2262 1443 2321 ab
1482 2262 1674 2321 itinere
1704 2263 1942 2323 veritatis

329 2352 643 2413 exorbitas.
1510 2382 1513 2383 '

405 2443 585 2499 LXV.
632 2443 756 2499 ιω..
800 2442 935 2498 Cum
989 2456 1119 2499 vero
1159 2458 1265 2499 non
1306 2443 1533 2499 diversa:
1582 2446 1942 2516 generationis

330 2534 598 2595 diversus
655 2543 833 2594 tamen
874 2542 1159 2604 appareret
1200 2541 1408 2602 status;
1456 2534 1731 2592 relucebat
1785 2552 1940 2607 pror-

332 2642 432 2689 sus
455 2669 472 2694 ,
531 2627 695 2686 etiam
745 2628 799 2685 in
852 2626 948 2687 illo
987 2626 1237 2697 coniugio
1259 2668 1276 2695 ,
1318 2628 1472 2697 cujus
1512 2628 1681 2685 reatui
1729 2629 1941 2690 soboles

338 2733 441 2776 sua
482 2717 1022 2788 communicaverat,
1059 2719 1461 2790 generationem
1503 2735 1612 2779 non
1652 2720 1819 2781 fuisse
1862 2722 1942 2781 vi-

341 2811 557 2868 tiatam.

419 2903 560 2961 Anc.
598 2898 715 2957 Etsi
743 2898 954 2957 diversa
975 2899 1249 2966 generatio
1278 2914 1385 2955 non
1412 2909 1515 2966 est,
1535 2915 1661 2961 cum
1697 2902 1938 2961 morituri

345 3008 414 3045 ex
449 2988 729 3045 morituris
754 2998 1083 3043 nascuntur:
1114 2999 1289 3043 tamen
1310 2990 1451 3060 quod
1478 2991 1606 3045 dicit
1629 2994 1937 3062 Apostolus,

339 3081 552 3152 Corpus
579 3078 778 3149 quidem
806 3087 1062 3135 mortuum
1102 3088 1178 3135 est
1207 3090 1414 3151 propter
1456 3092 1716 3151 peccatum
1759 3082 1937 3150 (Rem.

350 3189 473 3239 vni,
506 3172 620 3242 In),
651 3186 756 3229 non
794 3170 862 3231 ad
888 3171 1025 3229 alios
1050 3182 1250 3242 patres,
1276 3171 1371 3233 sed
1398 3173 1464 3231 ad
1491 3173 1640 3232 illum
1670 3175 1900 3244 pertinet
1920 3215 1937 3244 ,

343 3265 442 3336 qui
479 3272 624 3323 tanta
651 3261 922 3331 impietate
962 3263 1221 3332 peccavit,
1244 3273 1500 3334 minutam
1528 3279 1626 3323 nos
1660 3266 1836 3325 metiri
1858 3275 1941 3322 at-

337 3373 454 3428 que
481 3356 752 3415 aestiuare
776 3369 882 3415 non
924 3370 1228 3426 possumus.
1269 3356 1373 3416 Sed
1412 3366 1663 3428 quantam
1690 3358 1833 3418 illam
1850 3359 1942 3429 ju-

338 3447 608 3508 dicuverit
633 3447 775 3509 Deus
797 3488 814 3514 ,
855 3446 984 3505 satis
1014 3445 1218 3521 idoneis
1256 3447 1542 3509 didicimus
1579 3449 1862 3523 testibusp
1884 3462 1940 3507 et

343 3544 529 3600 divina
560 3542 763 3600 scilicet
805 3542 1102 3614 Scriptura,
1129 3554 1180 3600 et
1210 3546 1323 3617 ipsa
1346 3547 1562 3618 generis
1587 3548 1802 3609 humani
1839 3550 1941 3609 mi-

339 3638 510 3703 seria,
533 3648 786 3708 quantum
811 3640 834 3675 ³
863 3654 960 3708 pro
984 3647 1201 3708 peccato
1222 3638 1339 3711 ejus
1366 3642 1638 3715 promgini
1669 3640 1805 3712 ejus.
1831 3658 1936 3701 non

340 3728 550 3799 iniusto
575 3729 762 3801 utique
781 3728 985 3800 judicio
1026 3729 1141 3795 Dei,
1176 3730 1438 3790 redditam
1463 3732 1735 3791 cernimus
1765 3750 1780 3790 :
1811 3735 1934 3804 qui,

344 3835 454 3880 non
485 3820 610 3879 dico
645 3830 903 3884 aeternam
944 3830 999 3882 et
1046 3822 1239 3881 animae
1280 3831 1338 3881 et
1378 3824 1654 3893 corporis,
1698 3824 1794 3883 sed
1838 3842 1939 3888 nec

346 3910 701 3981 temporalem
746 3912 992 3981 corporis
1020 3920 1246 3971 mortem
1270 3951 1287 3979 ,
1317 3928 1417 3971 nec
1440 3922 1518 3970 tot
1543 3923 1597 3973 et
1625 3922 1770 3973 tanta
1796 3916 1936 3975 maia

338 4012 464 4071 auus
490 4002 733 4063 videmus
767 4005 1015 4075 parvulos
1043 4006 1269 4077 perpeti.
1300 4007 1462 4066 etiam
1485 4006 1540 4065 in
1567 4008 1813 4077 paradiso
1834 4050 1853 4077 ,
1891 4011 1936 4064 si

338 4109 509 4153 nemo
529 4106 824 4164 meum,
846 4094 1022 4159 futura
1050 4098 1216 4159 luisse
1237 4098 1487 4166 dicimus,
1514 4100 1768 4170 quoniam
1790 4101 1935 4163 chri~

342 4183 506 4238 stiani
533 4199 739 4241 sumus.
761 4187 863 4241 Alii
891 4203 1017 4249 vero
1047 4197 1224 4259 patres
1249 4190 1457 4249 etiamsi
1487 4192 1651 4251 multo
1678 4203 1932 4262 peccant,

342 4283 526 4332 tamen
556 4275 678 4346 quia
708 4284 765 4334 et
787 4276 965 4335 anima
1000 4279 1230 4348 infirma,
1254 4290 1309 4341 et
1337 4282 1390 4341 in
1420 4297 1646 4354 corpore
1669 4286 1934 4357 corrupti-

341 4364 438 4421 bili
479 4365 626 4435 quod
670 4377 922 4439 εδει-αντη
946 4371 1215 4441 animam,
1259 4383 1514 4444 peccant;
1563 4390 1665 4433 nec
1705 4378 1936 4448 peccatis

280 4480 287 4486 -
336 4471 533 4512 eorum
563 4456 622 4512 lit
641 4467 830 4517 natum
855 4461 1134 4528 moritura.
1159 4472 1217 4521 et
1241 4473 1454 4532 peccata
1480 4480 1666 4523 eorum
1694 4467 1747 4527 in
1770 4467 1931 4538 ﬁlios,

336 4546 611 4619 supplicio
647 4548 807 4621 lange
838 4551 1052 4610 diverso
1089 4566 1144 4614 ct
1181 4555 1338 4627 longe
1359 4558 1569 4617 minore
1605 4559 1931 4629 redduntur.

338 4632 463 4711 eius
490 4638 702 4697 occidto
732 4638 985 4713 justeque
1010 4642 1230 4713 judicio,
1265 4647 1360 4714 qui
1390 4648 1442 4707 in
1467 4664 1715 4708 mensura
1741 4661 1796 4710 et
1829 4669 1933 4711 nu-

246 4750 247 4753 η
342 4744 498 4789 mero
521 4737 579 4786 et
606 4730 844 4802 pondere
862 4743 1056 4793 cuncta
1083 4734 1319 4806 disponit
1346 4738 1514 4811 (Sep.
1557 4757 1630 4807 ιι.
1659 4741 1723 4800 21
1740 4740 1762 4815 )
1782 4785 1798 4810 .
1839 4753 1929 4811 et.

350 4819 583 4877 Reddam
623 4831 831 4892 peccata
876 4833 1079 4895 patrm
1119 4826 1175 4881 in
1218 4827 1356 4896 [ilius
1376 4867 1395 4896 .
1442 4844 1553 4892 non
1600 4832 1933 4897 mendaciter

340 4911 378 4965 tl
386 4912 494 4969 icit.

419 5001 605 5063 ωιγι.
632 5003 752 5066 ius.
788 5004 930 5079 Quid
973 5006 1132 5079 igitur
1157 5017 1336 5071 actum
1377 5011 1499 5073 est?
1545 5013 1929 5076 Videlicettam

346 5100 552 5151 certum
590 5110 715 5153 esse
758 5096 1032 5156 traducem
1077 5114 1186 5161 non
1213 5115 1333 5161 esse
1370 5103 1611 5174 peccati,
1640 5113 1698 5163 ut
1719 5107 1930 5168 etiantsi

348 5185 593 5253 duceres,
622 5199 838 5264 propter
859 5191 992 5251 Atla:
1020 5205 1296 5265 peccauit:
1326 5197 1464 5257 ﬁlios
1491 5199 1688 5269 puniri,
1715 5213 1930 5263 conelov

351 5285 432 5332 ret.
462 5284 640 5337 tamen
668 5279 870 5342 innasci
892 5293 1110 5355 peccata
1146 5301 1250 5345 non
1277 5302 1456 5359 posse,
1488 5305 1589 5351 nco
1623 5290 1828 5350 crimen
1852 5293 1931 5355 ire

347 5379 467 5420 cum
507 5370 741 5438 semine;
787 5373 1000 5442 quando
1043 5390 1147 5443 non
1197 5376 1299 5432 hoc
1329 5378 1380 5433 in
1425 5381 1569 5436 omni
1613 5382 1931 5441 fecunditate

350 5469 471 5511 esse
496 5456 735 5516 fatereris
766 5479 780 5515 :
811 5476 875 5517 ac
907 5478 1004 5534 per
1030 5463 1153 5532 hoc,
1181 5467 1285 5522 etsi
1326 5470 1661 5528 traderentur
1691 5475 1932 5544 personis

352 5544 499 5617 vitia,
525 5565 631 5605 non
663 5560 839 5608 tamen
881 5556 1227 5629 consepultus
1254 5559 1627 5626 miseercotur.
1655 5565 1807 5628 Nunc
1828 5583 1928 5626 auc

413 5747 434 5819 ξ
467 5750 844 5819 Ριίίιὶηαᾱάὶιὶδ,
877 5756 1173 5819 castigantur
1212 5759 1271 5815 ad
1309 5768 1415 5814 Mss.

412 5810 435 5845 ³
467 5819 571 5864 MSS.
594 5810 714 5867 dar.
742 5824 793 5867 ct
810 5810 938 5881 illam,
963 5810 1123 5881 quam.

2060 792 2391 861 convenerit,
2431 796 2793 865 generationis
2818 807 3011 855 statum
3056 802 3201 858 nullo
3225 815 3379 875 pacto
3410 807 3643 874 potuisse

2060 880 2266 951 vitiari;
2308 885 2449 954 quod
2488 886 2647 944 etiam
2687 903 2754 946 ex
2784 898 2869 946 tua
2890 894 3235 949 concessione
3264 896 3524 962 firmatur,
3552 914 3642 969 qui

2056 970 2194 1031 dicis
2231 974 2498 1035 nullorum
2543 988 2821 1051 parentum
2854 994 3066 1051 peccata
3093 996 3286 1059 prmtcr
3321 988 3546 1047 duorum
3573 990 3640 1047 ad

2058 1060 2256 1121 liberos
2298 1080 2574 1135 permeare
2604 1086 2621 1123 :
2651 1069 2996 1128 invictissime
3037 1076 3335 1133 confectum
3378 1087 3499 1144 est,
3545 1094 3643 1139 nec

2059 1154 2432 1212 fecunditatem
2456 1160 2747 1228 primorum
2771 1162 3044 1219 hominum
3066 1183 3094 1219 a
3116 1167 3327 1225 diabolo
3349 1169 3511 1230 fuisse
3529 1185 3645 1226 cor.

2054 1258 2287 1318 tamtam,
2316 1265 2416 1309 nec
2440 1253 2583 1311 nasci
2608 1253 2771 1310 ullum
2801 1270 2958 1326 posse
2987 1269 3280 1329 peccatum.

2124 1341 2260 1398 Avo.
2289 1340 2408 1399 Non
2442 1341 2544 1401 hoc
2570 1344 2662 1402 tibi
2704 1345 2901 1404 dicitur
2926 1364 2941 1400 :
2972 1348 3086 1418 ipse
3113 1350 3224 1415 tibi,
3252 1351 3393 1419 qttod
3424 1368 3528 1407 non
3553 1352 3636 1408 di-

2052 1431 2245 1494 cimus.
2293 1433 2446 1490 dicis.
2496 1436 2565 1491 Et
2611 1437 2836 1494 aliorum
2878 1451 3086 1511 patrum
3134 1443 3185 1500 in
3239 1444 3376 1503 filios
3418 1461 3637 1516 peccata

2052 1522 2347 1583 redduntur
2366 1567 2382 1594 ,
2429 1525 2606 1583 divina
2639 1527 2841 1600 justitia
2865 1570 2884 1597 ,
2913 1547 3020 1591 non
3062 1531 3291 1591 humana
3322 1552 3336 1589 :
3363 1536 3465 1590 scit
3492 1536 3635 1591 enim

2051 1614 2193 1673 Deus
2216 1616 2428 1686 quando
2467 1626 2522 1676 et
2546 1620 2814 1690 quomodo
2851 1621 2904 1677 id
2923 1622 3218 1695 juStissime
3256 1624 3406 1680 faciat
3433 1643 3445 1689 ;
3477 1626 3636 1684 homo

2048 1714 2226 1765 autem
2253 1708 2456 1774 nescit,
2488 1717 2544 1769 et
2585 1711 2878 1770 secundum
2916 1714 3271 1783 cognitionem
3299 1730 3449 1773 suam
3478 1716 3636 1777 debet

2047 1798 2190 1859 ferre
2210 1800 2491 1871 judicium.
2514 1803 2697 1860 Potest
2720 1806 2861 1863 enim
2883 1807 3039 1870 scire,
3060 1821 3180 1864 cum
3204 1807 3405 1877 judicat
3422 1809 3633 1879 (quain-

2048 1893 2131 1948 vis
2153 1901 2209 1948 et
2233 1892 2337 1950 hoc
2364 1911 2470 1951 non
2495 1894 2761 1969 semper),
2788 1896 2985 1953 factum
3014 1899 3031 1929 ¹
3060 1899 3316 1967 cujusque
3347 1913 3588 1968 persona:
3613 1916 3629 1953 :

2049 1984 2190 2040 unde
2218 1996 2394 2040 autem
2424 1988 2572 2041 novit
2594 1986 2785 2056 quibus
2803 1996 2858 2042 et
2880 1988 3124 2059 qualibus
3149 1989 3371 2043 vinculis
3391 2004 3631 2049 connexa

2046 2074 2135 2140 sit,
2167 2074 2236 2133 de
2261 2090 2365 2148 qua
2391 2085 2507 2135 orta
2537 2086 2648 2145 cst,
2676 2088 2861 2135 natura
2888 2080 3134 2136 naturai?
3158 2079 3264 2139 Sed
3295 2079 3421 2138 illud
3443 2096 3628 2146 unum,

2045 2181 2152 2237 quo
2174 2167 2227 2222 iu
2248 2168 2436 2224 mortis
2453 2171 2826 2228 necessitatem
2845 2180 3048 2228 mutata
3068 2180 3150 2230 est
3169 2172 3397 2231 humana
3418 2182 3629 2239 natura,

2046 2257 2257 2315 etiamsi
2279 2258 2381 2315 alia
2408 2260 2551 2319 nulla
2570 2259 2702 2327 sint,
2724 2260 2972 2321 sufﬁcere
2995 2262 3062 2319 ad
3082 2262 3504 2328 damnationem,
3528 2263 3630 2321 nisi

2045 2349 2406 2418 generationis
2461 2349 2714 2420 obligatio
2756 2353 3161 2422 regenerationc
3203 2353 3482 2420 solvatur,
3527 2352 3630 2411 hoc

2043 2437 2313 2507 dicimus,
2358 2439 2459 2496 etsi
2486 2440 2678 2497 audire
2721 2456 2828 2500 non
2877 2443 3075 2510 vultis;
3119 2443 3223 2503 hoc
3262 2445 3486 2503 veritate
3524 2460 3631 2503 non

2043 2529 2258 2587 vincitis
2279 2572 2295 2598 ,
2326 2531 2428 2588 etsi
2450 2546 2757 2605 oppugnare
2784 2533 3101 2608 loquacitate
3124 2535 3426 2603 persistitis.

2118 2619 2328 2679 LXVII.
2369 2622 2491 2682 Jun.
2533 2623 2801 2693 Quaeritur
2840 2641 2969 2700 ergo
2997 2641 3027 2681 a
3052 2626 3239 2694 nobis,
3278 2644 3374 2686 cur
3412 2644 3516 2687 non
3543 2644 3632 2685 as-

2044 2712 2348 2772 sentiamur
2388 2714 2630 2771 naturale
2667 2730 2789 2773 esse
2837 2728 3133 2791 peccatum.
3185 2718 3628 2789 ncepondemus,

2045 2804 2182 2872 Quia
2239 2805 2442 2860 nullum
2500 2805 2663 2862 habet
2708 2806 3220 2875 verisimilitudiuis,
3281 2808 3477 2866 nodum
3536 2825 3630 2867 ve-

2043 2893 2218 2950 ritatis
2242 2934 2258 2958 ,
2297 2894 2503 2955 nullum
2543 2895 2804 2965 justitizc,
2842 2896 3047 2957 nullum
3098 2898 3311 2967 pietatis
3356 2900 3630 2965 colorem;

2040 2982 2166 3057 quia
2192 2982 2459 3040 diabolum
2488 2985 2818 3045 conditorem
2848 2985 3121 3045 hominum
3147 2985 3274 3047 facit
3296 2987 3487 3047 videri.

2113 3075 2250 3133 Δός.
2294 3074 2443 3135 Facit
2488 3077 2645 3147 plane
2689 3077 2898 3146 videri,
2936 3078 3035 3138 sed
3075 3079 3264 3147 vobis.
3293 3097 3397 3139 nou
3437 3083 3515 3142 cis
3541 3084 3630 3154 qui

2042 3177 2304 3222 noverunt
2332 3183 2362 3222 a
2393 3179 2579 3223 natura
2606 3168 2910 3228 discernere
2938 3171 3145 3239 vitium,
3175 3173 3423 3243 quamvis
3448 3174 3498 3231 in
3537 3191 3633 3232 ua.

2044 3267 2161 3315 tum
2185 3257 2256 3314 sit
2278 3259 2482 3316 vitium.
2507 3258 2651 3333 Lege
2675 3260 2740 3317 ad
2772 3259 3045 3330 Hebrum,
3072 3271 3125 3319 et
3149 3262 3268 3319 vide
3299 3278 3482 3320 eorum
3509 3281 3631 3320 es~e

2041 3348 2270 3407 solidum
2292 3349 2493 3420 cibum,
2521 3351 2610 3424 qui
2640 3352 2960 3411 exercitatos
2990 3352 3186 3409 habent
3210 3368 3398 3413 sensus
3423 3354 3489 3409 ad
3533 3371 3627 3410 sc-

2041 3440 2335 3512 paraudum
2374 3441 2571 3501 bonum
2620 3457 2650 3501 a
2692 3443 2883 3500 malo:
2927 3444 3068 3519 quod
3112 3462 3205 3505 vos
3251 3461 3356 3503 non
3401 3447 3626 3507 habetis.

2042 3530 2168 3587 Ideo
2195 3531 2408 3602 quando
2431 3533 2682 3601 dicimus,
2713 3533 2955 3590 Nascitur
2983 3534 3143 3591 homo
3169 3552 3290 3591 cum
3323 3537 3448 3592 vitio
3473 3555 3488 3603 ;
3516 3537 3629 3592 dia-

2040 3623 2223 3683 bolum
2267 3624 2383 3694 ejus
2433 3623 2766 3683 conditorem
2816 3625 2920 3684 dici
2970 3628 3204 3698 putatis,
3250 3628 3320 3685 ita
3362 3628 3495 3687 ca-ci
3542 3629 3627 3683 vel

2041 3714 2363 3771 contetttiosi
2385 3755 2404 3776 .
2435 3725 2493 3771 ut
2520 3730 2622 3775 nec
2649 3730 2932 3786 corporum
2962 3718 3107 3787 vitia,
3137 3733 3256 3775 cum
3286 3719 3478 3793 quibus
3509 3722 3628 3788 qui-

2040 3803 2165 3862 dam
2211 3814 2523 3873 nascuntur,
2571 3794 2787 3875 possitis
2815 3816 2905 3861 aut
2932 3807 3107 3863 velitis
3144 3809 3421 3870 attendere
3450 3826 3463 3862 :
3491 3825 3627 3883 quo-

2040 3909 2161 3952 rum
2188 3894 2439 3953 vitiorum
2486 3896 2671 3952 merita
2701 3896 2745 3953 si
2774 3909 3081 3966 quaerantur
3106 3915 3137 3954 a
3165 3898 3336 3966 vobis,
3360 3914 3469 3974 quo
3494 3916 3627 3959 con-

2039 3984 2250 4057 fugiatis
2271 4028 2287 4051 .
2315 3985 2420 4046 nisi
2447 3985 2515 4042 ad
2544 3987 2890 4058 praecipitium
2915 4029 2931 4054 ,
2973 4005 3079 4049 non
3111 3990 3358 4048 invenitis
3381 4032 3397 4057 ,
3443 4007 3629 4064 quatu-

2040 4076 2132 4135 diu
2189 4077 2257 4135 ad
2307 4076 2600 4141 Catholica:
2644 4080 2667 4111 ³
2721 4079 2951 4141 solidam
3008 4090 3216 4157 petram
3276 4082 3453 4143 redire
3520 4099 3625 4137 non
3729 4087 3736 4094 ”

2040 4167 2317 4316 “tibi”
2383 4256 2501 4319 JUL-
2532 4258 2663 4329 Quia
2705 4260 2817 4319 Deo
2848 4259 3020 4333 judici
3053 4263 3075 4294 ³
3100 4263 3393 4335 iniquitatis
3421 4262 3622 4322 crimen

2295 4444 2400 4497 tos
2455 4441 2558 4501 hoc
2602 4441 2775 4504 facitis
2823 4461 2839 4504 :
2888 4444 3011 4519 quia
3054 4410 3290 4520 iniquum
3330 4455 3418 4503 est
3463 4464 3625 4523 grave

2035 4549 2200 4604 super
2228 4535 2474 4605 pat'vulos
2499 4535 2681 4613 iugum
2709 4536 2754 4607 ⁴,
2781 4537 2828 4600 si
2863 4539 3069 4601 nullum
3095 4548 3178 4601 cet
3216 4541 3471 4617 originale
3499 4557 3620 4612 pec-

2036 4633 2292 4774 ωὲιὶιῶί.
2310 4714 2428 4775 IUL.
2451 4714 2583 4789 Quia
2604 4716 2829 4777 liberum
2850 4718 3148 4788 arbitrium,
3168 4735 3272 4793 quo
3284 4718 3619 4791 potissimum

2032 4806 2284 4883 »τίθεἰάἱο
2308 4814 2491 4865 contra
2521 4807 2764 4867 diversos
2794 4809 3031 4869 Ecclesia
3050 4807 3248 4869 Christi
3271 4809 3507 4869 munitur
3531 4825 3621 4865 er-

2033 4910 2207 4960 rores,
2233 4895 2471 4970 infringit
2490 4905 2544 4955 et
2571 4896 2798 4959 destruit
2824 4915 2838 4954 :

2102 4988 2241 5049 Acs.
2279 4986 2533 5047 Liberum
2571 4988 2850 5051 arbitrium
2891 5005 2988 5047 vos
3013 4991 3311 5062 opprimitis
3331 5033 3348 5061 ,
3386 4992 3471 5053 cui
3501 4993 3623 5050 red-

2033 5077 2211 5147 dendo
2234 5078 2317 5137 vel
2338 5078 2640 5153 adiuvando
2664 5081 2759 5141 Dei
2787 5081 3013 5157 gratiam
3041 5083 3334 5156 denegatis.

2107 5167 2271 5223 LXX.
2319 5168 2442 5225 ιω..
2488 5170 2681 5228 Dicens
2716 5186 2906 5233 omnes
2950 5173 3193 5231 homines
3233 5174 3369 5233 adeo
3397 5191 3624 5250 capaces

2034 5262 2233 5323 nullius
2254 5278 2381 5324 esse
2405 5262 2616 5326 virtutis
2636 5306 2653 5335 ,
2695 5273 2753 5326 ut
2788 5267 2841 5325 in
2871 5266 2999 5343 ipsis
3035 5277 3269 5329 matrum
3300 5268 3617 5341 visceribus,

2099 5531 2116 5563 ι
2142 5528 2277 5591 Editi,
2311 5543 2398 5641 per
2420 5531 2618 5596 ﬁtcutm.
2652 5536 2952 5646 sipungitur
2968 5572 2983 5594 ,
3008 5550 3113 5601 per,
3140 5545 3427 5590 auctoritate
3453 5548 3556 5591 Mss.
3718 5585 3726 5592 .

2099 5593 2583 5646 'Hicedtiadduut.
2615 5592 2687 5646 Μ
2739 5633 2750 5645 .
2792 5599 2886 5646 Sed
2916 5611 2945 5646 a
2985 5602 3371 5646 Ilss..bcs.l.ut
3408 5615 3473 5646 eo
3517 5603 3622 5646 loco

2095 5592 2361 5665 fﬂiccediti
2384 5592 2583 5665 addunt,
2615 5592 2750 5660 Mei.
2792 5592 2886 5648 scd
2916 5611 2945 5648 a
2972 5592 3292 5662 liss'sbcst,
3318 5610 3371 5652 ut
3408 5615 3473 5652 eo
3517 5603 3622 5652 loco

2033 5653 2311 5711 subaudias,
2331 5653 2578 5706 Ecclesin
2615 5653 2626 5660 '
2801 5665 2805 5667 λ

2100 5715 2122 5781 ξ
2158 5716 2453 5781 vignierius,
2467 5716 2655 5779 judice.
2682 5724 2810 5777 Ilss.,
2828 5720 3007 5781 judiri.

2098 5775 2235 5850 ⁸⁵ίεῖ
2268 5783 2373 5845 ’ἕδε-
2403 5775 2709 5844 ⁸ίίξηίθτίιιει
2743 5775 2862 5848 qua?!
2905 5783 3120 5850 inimum
3158 5790 3228 5836 est
3266 5791 3440 5847 grana
3477 5795 3624 5849 tutior

2040 5838 2460 5903 parvulosjugnm.
