4126 6502
576 381 714 436 1979

570 497 804 567 antiquis
829 492 1140 550 criminibus
1178 491 1522 564 impleantur.

645 589 780 642 Acc.
830 584 1110 652 Quomodo
1157 582 1456 638 diceremus
1511 581 1680 652 gratia
1724 577 2002 648 justiﬁcari
2031 618 2046 640 ,
2109 575 2161 632 id

575 689 693 746 est,
734 680 909 749 justos
953 678 1065 733 lieri
1090 719 1105 744 ,
1138 677 1182 732 si
1227 691 1450 747 capaces
1479 674 1687 728 virtutis
1726 660 1970 726 homines
1995 684 2159 742 nega-

575 786 754 826 remus
772 771 797 824 ?
2117 809 2121 812 .

643 861 832 918 LXXI.
863 862 981 918 Jun.
1012 861 1249 928 Quorum
1276 869 1450 915 tamen
1478 857 1739 913 scelerum
1767 855 1874 910 vim
1899 897 1916 922 ,
1949 869 2053 908 non
2080 869 2161 908 so-

579 954 687 1008 lum
707 953 1062 1023 expultricem
1087 951 1402 1006 innocentiae
1425 948 1706 1013 naturalis,
1737 944 2118 1003 commentaris
2143 960 2158 1008 ;

579 1061 760 1099 verum
787 1045 946 1100 etiam
977 1044 1230 1114 deinceps
1259 1058 1355 1113 per
1394 1051 1559 1097 totam
1598 1039 1761 1094 vitam
1790 1039 1841 1094 in
1875 1038 2000 1093 vitia
2044 1036 2164 1091 uni-

576 1149 726 1189 versa
753 1137 1090 1190 coactricem.

645 1229 777 1285 Atto.
805 1229 907 1284 Per
933 1228 1023 1282 Dei
1045 1227 1266 1300 gratiam
1307 1225 1580 1300 minuitur,
1609 1240 1704 1295 per
1731 1224 1822 1278 Dei
1844 1222 2068 1295 gratiam
2097 1221 2161 1276 Il-

576 1321 718 1375 nitur
763 1299 1064 1376 necessitas
1095 1331 1276 1376 nostra
1310 1337 1324 1374 :
1354 1335 1458 1375 non
1491 1299 1622 1373 “hic
1661 1317 1820 1372 habet
1859 1315 2001 1388 quod
2041 1324 2165 1387 agat

576 1413 866 1483 loquacitas
891 1425 1090 1470 vestra.

648 1505 856 1560 LXXII.
902 1505 1020 1562 Jun.
1052 1505 1220 1574 Quam
1269 1504 1438 1576 legem
1478 1502 1637 1558 etiam
1683 1501 1887 1574 peccati
1933 1500 1987 1556 in
2015 1499 2166 1556 'Pro-

580 1598 754 1668 phctis
797 1605 852 1652 et
896 1597 1166 1668 Apostolis
1203 1597 1312 1666 jam
1349 1610 1541 1666 magno
1570 1609 1778 1649 morum
1810 1602 1864 1648 et
1888 1593 2160 1664 signorum

578 1691 778 1761 fulgore
821 1690 1124 1760 conspicuis
1150 1691 1195 1756 ’,
1228 1697 1282 1744 et
1309 1698 1430 1759 post
1460 1689 1601 1743 illam
1628 1687 1850 1758 gratiam
1879 1686 2161 1758 mysterio-

575 1796 690 1834 rum
749 1778 981 1844 Christi,
1030 1795 1189 1850 quam
1242 1789 1296 1834 tu
1341 1779 1426 1834 his
1478 1778 1729 1834 omnibus
1771 1776 2035 1846 dogmatis
2087 1774 2162 1831 tui

569 1869 780 1942 Ilagitiis
817 1869 1066 1940 opitulari
1108 1878 1302 1940 putas,
1353 1869 1616 1924 mansisse
1645 1876 1702 1924 et
1743 1867 1971 1938 viguisse
2012 1865 2162 1937 deju-

568 1976 656 2016 ras
685 1961 728 2015 ³.

641 2053 778 2108 Acc.
805 2051 1121 2123 Snsceptam
1153 2061 1297 2106 tuam
1338 2050 1634 2116 libidinem,
1669 2050 1769 2104 hoe
1797 2058 1879 2104 cst
1906 2048 2161 2118 concupi-

568 2143 826 2198 scentiam
867 2144 1046 2198 carnis
1092 2143 1543 2214 concupiscentia:
1586 2141 1805 2212 spiritus
1851 2155 2160 2210 repugnan-

568 2243 714 2299 tem,
753 2233 1035 2304 PrOpheta:
1078 2243 1134 2290 et
1173 2234 1416 2305 Apostoli
1471 2232 1700 2289 ﬁdeliter
1739 2231 2114 2304 expugnahant
2139 2271 2160 2299 ,

565 2325 690 2394 quia
719 2341 822 2378 non
849 2325 1154 2381 laudabant.

644 2413 879 2470 LXXIII.
923 2415 1039 2471 Jun.
1073 2416 1336 2484 Quoniam
1380 2425 1605 2471 conatus
1648 2414 1968 2470 omnimoda:
1996 2413 2165 2470 hone-

571 2511 726 2561 statis
790 2507 1117 2580 exstinguit;
1167 2509 1418 2579 quoniam
1479 2524 1687 2563 morum
1737 2506 2159 2573 obscenitatem,

569 2613 793 2669 operum
834 2598 969 2666 Dei,
1019 2598 1073 2654 id
1111 2608 1195 2655 est
1236 2607 1438 2654 natura:
1465 2597 1712 2653 humanm
1735 2639 1751 2664 ,
1779 2598 2084 2653 consolatur
2107 2605 2163 2652 et

571 2701 730 2761 auget
758 2690 1004 2757 infamia;
1033 2691 1286 2762 quoniam
1313 2691 1490 2746 omnia
1531 2689 1780 2745 mandata
1807 2690 1958 2761 legis,
1990 2690 2159 2745 reatui

572 2783 1033 2853 impossibilitatis,
1064 2783 1116 2838 id
1137 2792 1238 2849 est,
1269 2783 1558 2854 iniquitatis
1587 2783 1804 2837 addicit.

645 2877 781 2931 Anc.
813 2875 914 2943 Qui
939 2875 1086 2940 dicit,
1122 2874 1246 2930 Non
1273 2875 1409 2945 quod
1444 2875 1578 2939 colo,
1615 2890 1753 2944 ago;
1781 2873 1870 2927 sed
1887 2873 2025 2944 quod
2049 2875 2156 2943 odi,

570 2969 702 3024 illud
730 2970 864 3042 facio
891 2969 1070 3038 (Rom.
1098 2985 1192 3036 vn,
1226 2968 1333 3040 15),
1385 2968 1787 3040 possibilitatem
1820 2967 2161 3038 perfectionis

571 3077 682 3116 suze
721 3062 773 3116 in
804 3062 898 3116 Dei
923 3062 1087 3134 gratia
1116 3062 1299 3132 ponit,
1327 3071 1510 3116 contra
1539 3076 1668 3126 vos;
1703 3077 1804 3114 non
1835 3061 1888 3114 in
1917 3073 2012 3114 sua
2047 3059 2160 3114 viro

569 3167 679 3214 tute
708 3157 948 3224 conlidit,
978 3173 1044 3213 ne
1074 3157 1142 3212 sit
1166 3172 1334 3212 vanus
1363 3166 1421 3210 ut
1449 3171 1564 3211 vos.

640 3249 874 3305 LXXIV.
907 3249 1028 3304 JuL.
1066 3249 1326 3317 Quoniam
1366 3263 1471 3303 non
1517 3247 1693 3302 minus
1733 3245 1890 3300 habet
1934 3243 2160 3314 tul-pitu.

565 3341 707 3396 dinis
751 3358 910 3413 quam
955 3341 1329 3413 prolanitatis,
1375 3357 1495 3397 eum
1555 3354 1652 3411 pro
1704 3338 1926 3393 summis
1977 3353 2157 3393 asser-

563 3434 722 3489 tionis
762 3449 873 3490 sua:
919 3434 1240 3490 testimoniis
1283 3432 1596 3506 genitalium
1644 3430 1903 3503 pudorem
1947 3429 2156 3502 ample-

563 3533 718 3580 xatur
741 3543 755 3580 :

635 3621 770 3673 Acc.
812 3615 929 3675 Non
972 3617 1339 3689 amplexamur
1373 3614 1682 3687 genitalium
1727 3612 2028 3684 pudorem:
2063 3609 2160 3667 sed

563 3708 739 3778 potius
769 3707 941 3779 pudor
960 3708 1060 3762 iste
1084 3707 1225 3762 unde
1252 3706 1342 3773 sit,
1371 3705 1512 3776 quod
1535 3719 1629 3759 vos
1658 3718 1764 3758 non
1792 3702 1972 3768 vultis,
1996 3715 2160 3772 agno-

563 3799 784 3860 scimus.
829 3799 1092 3854 Audimus
1139 3800 1280 3854 enim
1334 3796 1622 3866 Scriptura!
1665 3792 2159 3849 manifestissimum

563 3889 973 3945 testimonium:
1006 3900 1194 3945 contra
1243 3887 1385 3960 quod
1427 3905 1524 3942 vos
1569 3885 1987 3954 obsurdeseitis,
2033 3900 2154 3940 cum

559 3981 935 4036 obmutescere
962 3977 1249 4035 deberetis.
1292 3978 1422 4046 Quis
1448 3979 1589 4033 enim
1633 3976 1854 4032 audiens
1897 3975 2038 4047 quod
2084 3977 2155 4031 illi

561 4072 718 4140 primi
747 4070 988 4126 homines
1013 4069 1138 4125 nudi
1175 4078 1360 4136 erant,
1391 4077 1444 4124 et
1471 4083 1579 4123 non
1608 4067 1838 4139 pudebat
1859 4081 1953 4123 eos
1979 4065 1999 4138 (
2024 4065 2155 4122 Gen.

559 4177 614 4224 n,
649 4162 780 4234 25),
804 4177 908 4215 non
938 4159 1114 4216 videat
1144 4158 1284 4216 unde
1307 4159 1376 4215 sit
1401 4159 1619 4225 factum,
1652 4168 1707 4214 ut
1734 4167 1854 4230 post
1879 4167 2154 4230 peccatum

563 4253 789 4324 puderet
817 4268 911 4308 eos
953 4251 1127 4308 nudos
1165 4267 1304 4317 esse,
1335 4259 1389 4306 et
1417 4266 1480 4306 ea
1524 4250 1762 4306 membra
1791 4264 2018 4322 quorum
2058 4266 2156 4320 pu-

561 4345 734 4411 deret,
763 4345 1074 4400 festinarent
1099 4343 1462 4399 succinctoriis
1483 4341 1953 4413 qualibuscumque
1980 4340 2156 4396 velare

561 4435 684 4506 (ld.
712 4452 799 4500 m,
830 4434 936 4508 7)?
961 4433 1067 4491 Sed
1123 4434 1367 4489 inventus
1403 4441 1486 4488 est
1524 4433 1705 4498 homo,
1731 4426 1822 4502 q‘ui
1861 4431 2020 4486 etiam
2074 4439 2153 4485 ta-

566 4530 670 4585 lem
703 4527 972 4583 libidinem
995 4566 1011 4592 ,
1039 4526 1124 4582 cui
1170 4524 1569 4602 repugnandum
1601 4535 1685 4580 est
1713 4538 1780 4578 ne
1802 4529 2072 4595 peccetur,
2100 4531 2155 4577 et

565 4619 712 4690 citius
739 4619 899 4675 etiam
932 4616 1265 4689 impudentes
1294 4616 1476 4689 pudet,
1509 4616 1562 4671 in
1595 4615 1840 4687 paradiso
1864 4615 2154 4670 constitue-

559 4722 660 4781 tet,
691 4711 900 4769 etiamsi
931 4710 1003 4766 ibi
1039 4725 1199 4766 nemo
1228 4717 1536 4780 peccasset;
1568 4723 1668 4764 nec
1692 4723 1814 4764 eum
1845 4706 1940 4762 ista
1972 4707 2154 4762 dicen-

559 4815 662 4860 tem
689 4813 846 4859 tantae
862 4813 1049 4859 actam
1071 4802 1343 4873 sacrilega:
1363 4800 1715 4857 deformitatis
1737 4799 1977 4870 puderet.
2000 4799 2153 4869 Rogo

521 4911 524 4914 ·
556 4905 607 4950 te
635 4937 648 4960 ,
673 4895 719 4950 si
749 4894 914 4950 libido
944 4895 1067 4958 ista,
1096 4903 1154 4948 ut
1177 4893 1468 4956 credimus,
1491 4892 1660 4948 solam
1688 4891 1782 4947 tibi
1814 4891 2006 4962 ingerit
2034 4906 2154 4944 mo-

562 4984 768 5038 lestiam
796 4983 1076 5040 resistendi
1097 5025 1111 5044 ,
1153 4983 1351 5038 nullam
1383 4997 1510 5037 vero
1537 4982 1755 5038 exhibet
1781 4981 2107 5036 voluntatem
2131 4997 2148 5047 ;

558 5095 655 5133 cur
677 5079 748 5145 ei,
775 5079 1018 5150 quamvis
1046 5078 1210 5142 falsae,
1236 5087 1342 5132 tam
1374 5091 1619 5147 magnam
1651 5074 1824 5131 laudis
1844 5075 2154 5146 persolven—

557 5170 678 5225 dam
702 5177 853 5238 putas
881 5183 1003 5224 esse
1035 5167 1377 5223 mercedem?
1853 5175 1856 5178 '

629 5257 840 5314 LXXV.
878 5258 997 5313 Jun.
1041 5258 1106 5312 Et
1135 5273 1231 5328 pro
1259 5255 1667 5312 auctoritatibus
1695 5255 1882 5320 sacris,
1916 5255 2012 5311 Dei
2041 5254 2152 5310 cri-

562 5351 936 5406 minationibus
962 5349 1327 5406 intumescit‘.

631 5443 766 5498 Anc.
808 5441 954 5497 Itane
991 5457 1123 5497 vero
1160 5457 1310 5498 sacra
1357 5441 1646 5498 auctoritas
1679 5457 1784 5498 non
1821 5451 1922 5504 est,
1952 5439 2151 5513 Corpus

559 5545 812 5591 mortuum
837 5544 910 5589 est
939 5544 1145 5607 propter
1172 5535 1468 5605 peccatum?
1492 5544 1547 5590 et
1574 5534 1667 5592 Dei
1693 5535 2018 5600 criminatio,
2043 5549 2149 5590 non

623 5675 636 5704 '
663 5672 821 5724 Codex
846 5677 990 5730 Port.,
1016 5683 1122 5721 nec.

621 5737 640 5798 ξ
674 5736 808 5798 aditi,
827 5731 1118 5798 conspicitis,
1140 5731 1462 5798 t-Zmendantur
1487 5745 1548 5783 ex
1573 5740 1680 5783 Mss.

621 5793 1017 5864 frangamus.
1048 5804 1101 5846 At
1125 5803 1252 5864 Mss.,
1287 5793 1506 5864 ἀείρεταξῖ
1630 5853 1640 5862 _
1684 5861 1692 5864 _
1871 5853 1874 5856 ,

622 5860 644 5891 δ
665 5860 954 5921 numerius,
978 5857 1268 5913 uituumcis.
1289 5857 1456 5922 Aptius
1470 5862 1598 5924 uss,
1623 5857 1912 5909 intumuit.

1261 373 1505 432 OPEIIIS
1544 368 1957 430 IMPERFECTI
1995 367 2266 425 CONTRA
2306 367 2672 432 ιυιιΑΝωι.
2705 374 2762 431 S.
2805 373 3170 433 AUGUSTINI

3707 374 3852 441 .1980

2270 485 2504 542 laudatio
2524 499 2625 555 est,
2654 489 2994 560 Vivi/icabitet
3011 494 3245 548 mortalia
3267 511 3480 568 corpora
3501 508 3660 552 vestra
3675 497 3846 571 (Rom.

2269 593 2382 644 vm,
2411 579 2496 644 10,
2527 581 2649 653 ll)?
2672 582 2806 637 Puto
2829 585 2968 655 quod
3000 601 3104 640 non
3134 587 3463 656 criminator,
3485 589 3579 646 sed
3607 591 3722 662 ipso
3744 591 3848 646 Deo

2270 669 2460 738 plenus
2486 671 2578 727 Dei
2615 673 2931 742 praedicator
2961 676 3075 732 hzee
3109 677 3259 734 dixit.
3289 679 3388 736 Ubi
3424 683 3656 737 ostendit
3683 683 3848 738 Adam

2269 775 2374 814 non
2419 759 2498 816 sie
2537 776 2660 818 esse
2701 763 2922 830 factum,
2956 769 3404 837 quemadmodum
3435 771 3630 840 dicitis,
3659 782 3716 829 ut
3741 774 3848 831 sive

2268 861 2534 923 peccaret,
2561 855 2673 911 sive
2701 871 2806 912 non
2836 868 3101 928 peccaret,
3124 862 3414 918 moriturus
3439 875 3602 920 esset.

2341 941 2573 998 LXXVI.
2614 945 2734 1001 ιω..
2777 947 2833 1002 In
2863 949 3016 1020 cujus
3047 953 3330 1024 praeceptis
3359 954 3846 1012 immoderationem

2269 1037 2596 1108 tyrannicam
2624 1055 2639 1093 :

2340 1131 2476 1186 Avo.
2518 1129 2852 1201 Puer-cptum
2892 1132 2982 1188 Dei
3029 1137 3367 1206 tyrannicum
3399 1153 3504 1191 non
3531 1147 3644 1201 est;
3675 1139 3767 1193 sed
3795 1149 3846 1194 ut

2269 1220 2569 1291 impleatur,
2615 1222 2727 1292 ipse
2769 1223 3039 1294 rogandus
3083 1236 3166 1281 est
3195 1245 3208 1281 :
3241 1227 3341 1284 hoc
3381 1245 3476 1284 vos
3519 1245 3622 1285 non
3671 1231 3845 1296 vultis,

2267 1311 2388 1382 quia
2419 1312 2470 1366 in
2496 1313 2690 1368 virtute
2713 1326 2893 1371 vestra
2921 1317 3210 1373 conﬁditis.

2337 1405 2596 1461 LXXVII.
2637 1406 2758 1463 Jun.
2799 1407 2855 1464 In
2880 1409 3097 1480 judiciis
3141 1411 3472 1483 iniquitatem
3522 1413 3843 1472 barbaram:

2339 1499 2475 1556 Ave.
2514 1500 2776 1569 Quoniam
2827 1502 2921 1558 Dei
2977 1520 3080 1559 non
3133 1515 3218 1560 est
3267 1507 3502 1577 iniquum
3549 1507 3842 1578 judicium,

2268 1589 2388 1646 ideo
2432 1591 2486 1646 in
2533 1592 2748 1648 miseria
2787 1596 2999 1666 generis
3042 1596 3282 1666 humani,
3327 1615 3448 1669 quae
3491 1601 3673 1670 incipit
3699 1617 3729 1656 a
3757 1601 3844 1658 tle-

2267 1682 2408 1738 tibus
2438 1684 2778 1753 parvulorum
2801 1727 2816 1752 ,
2861 1687 3256 1758 agnoscendum
3297 1698 3382 1746 cst
3427 1692 3684 1763 originale
3722 1708 3843 1764 pec-

2264 1785 2462 1828 catum.

2336 1863 2618 1920 LXXVIII.
2657 1866 2776 1923 Jun.
2819 1866 2875 1924 In
2913 1868 3234 1940 iuramentis
3276 1869 3563 1927 falsitatem
3605 1873 3843 1944 punicam
3890 1946 3894 1950 .

2265 1953 2441 2010 inesse
2467 1956 2766 2013 conﬁrmat.

2337 2049 2475 2106 Anc.
2515 2051 2781 2123 Numquid
2809 2053 3022 2124 quando
3048 2054 3189 2110 Deus
3213 2054 3362 2125 dicit,
3391 2056 3621 2112 Reddam
3647 2069 3844 2129 peccata

2266 2150 2468 2210 patrum
2495 2142 2548 2195 in
2573 2143 2730 2211 ﬁlios,
2760 2143 2950 2214 punice
2976 2145 3248 2216 loquitur?
3791 2141 3800 2151 ’

2335 2231 2572 2289 LXXIX.
2613 2235 2732 2291 Jun.
2773 2235 3036 2305 Quoniam
3068 2252 3165 2308 pro
3199 2238 3652 2314 disputationibus
3671 2249 3723 2295 et
3749 2255 3844 2312 pro

2265 2328 2513 2384 omnibus
2561 2329 2906 2401 syllogismis,
2943 2329 3223 2386 Manichmi
3260 2331 3503 2387 innititur
3539 2333 3760 2389 somniis
3794 2343 3842 2390 et

2267 2416 2455 2473 furori.

2336 2511 2470 2566 Anc.
2511 2509 2623 2566 Nec
2649 2511 2970 2567 Manichacus
2997 2521 3132 2578 erat,
3171 2528 3270 2569 nec
3295 2514 3612 2579 somniabat,
3640 2531 3738 2572 nec
3767 2518 3840 2570 fu-

2266 2600 2438 2667 rebat,
2475 2601 2588 2656 sive
2629 2603 2718 2673 qui
2761 2602 2916 2669 dixit,
2950 2601 3165 2658 Fuimus
3199 2613 3248 2658 et
3282 2621 3374 2658 nos
3403 2616 3584 2660 natura
3612 2607 3840 2675 lilii-im,

2265 2693 2396 2746 sicut
2423 2702 2469 2746 et
2495 2694 2661 2748 ceteri
2689 2691 2924 2773 (Ep/tes.
2950 2711 3008 2759 ιι,
3033 2695 3067 2750 5
3087 2696 3106 2766 )
3129 2711 3142 2748 :
3169 2695 3280 2750 sive
3307 2697 3397 2766 qui
3424 2696 3575 2763 dixit,
3606 2716 3624 2750 ι
3653 2696 3838 2754 Omne:

2267 2783 2513 2840 homines
2537 2784 2637 2840 sub
2665 2796 2882 2856 peccato
2909 2787 3196 2852 nascimur,
3225 2803 3450 2858 quorum
3483 2789 3596 2859 ipse
3623 2799 3770 2844 ortus
3794 2791 3841 2845 in

2263 2875 2394 2930 vitio
2421 2882 2504 2931 est
2535 2893 2556 2928 ι
2589 2875 2952 2951 (Ambrosius,
3001 2878 3090 2932 lib.
3130 2879 3157 2934 I
3189 2879 3252 2933 de
3293 2878 3625 2949 Paenitentia,
3668 2897 3783 2952 cap.
3811 2881 3843 2935 2

2263 2966 2342 3020 rel
2365 2967 2398 3022 δ
2421 2967 2462 3036 ).

2335 3057 2549 3114 LXXX.
2588 3059 2709 3117 Jun.
2749 3059 2870 3116 Ista:
2917 3072 3042 3117 sunt
3084 3077 3212 3134 ergo
3253 3077 3451 3130 causae,
3493 3078 3612 3134 qua:
3656 3077 3753 3119 nos
3791 3063 3842 3120 in

2263 3150 2715 3222 impugnationem
2755 3153 2881 3208 mali
2920 3155 3176 3211 naturalis
3210 3154 3527 3221 accendunt,
3556 3171 3674 3226 qua:
3698 3154 3844 3211 dedi-

2260 3242 2417 3313 gnari
2438 3252 2491 3298 et
2515 3242 2794 3314 despicere
2818 3243 3016 3300 faciunt
3038 3246 3304 3301 consortia
3329 3239 3679 3316 perditorum.

2333 3337 2468 3394 Anc.
2531 3336 2634 3392 Tot
2691 3345 3065 3409 tantorumque
3120 3338 3400 3395 doctorum
3461 3339 3843 3395 catholicorum

2262 3428 2406 3499 pium
2437 3443 2759 3484 consensum
2803 3429 2950 3484 nullo
2981 3429 3164 3497 modo,
3203 3431 3304 3486 nisi
3345 3431 3610 3502 perditus,
3638 3429 3845 3486 diceres

2259 3521 2585 3576 consortium
2612 3520 2964 3591 perditorum.

2339 3613 2574 3669 LXXXI.
2613 3615 2736 3670 Jun.
2775 3615 2904 3682 Qua:
2933 3624 3190 3687 pnestant
3229 3616 3396 3672 nihilo
3426 3617 3593 3688 magis
3625 3633 3721 3672 nos
3761 3626 3839 3671 to-

2262 3706 2366 3760 tius
2395 3705 2575 3760 mundi
2615 3706 2825 3777 fragore
2851 3707 3060 3775 terreri,
3097 3723 3254 3778 quam
3293 3708 3338 3763 si
3369 3709 3387 3742 ¹
3418 3708 3718 3765 videremus
3747 3709 3844 3764 tri-

2259 3799 2360 3855 stis
2405 3799 2570 3870 lupini
2615 3802 2802 3856 silvam
2851 3811 3132 3858 sonantem
3163 3805 3184 3834 ⁸
3214 3802 3296 3858 vel
3327 3801 3613 3857 immundis
3641 3802 3839 3868 suibus,

2261 3893 2343 3950 vel
2373 3894 2544 3949 ventis
2573 3893 2900 3950 irruentibus
2933 3895 3278 3951 commoveri.

2331 3986 2468 4042 Anc.
2498 3985 2693 4040 Dil'fusa
2721 3994 2834 4041 toto
2853 3987 2984 4042 orbe
3007 3986 3268 4042 catholica
3296 3987 3557 4054 Ecclesia,
3581 4002 3696 4058 qum
3719 3979 3844 4059 pru-

2258 4079 2449 4135 denter
2476 4079 2754 4135 exhorruit
2781 4095 2874 4135 ora
2903 4090 3100 4146 veSIra,
3129 4095 3234 4136 non
3264 4089 3348 4136 est
3377 4082 3540 4153 lupini
3567 4081 3717 4148 silva,
3747 4081 3841 4137 sed

2259 4187 2379 4227 esse
2403 4172 2570 4227 voluit
2592 4187 2621 4226 a
2650 4173 2844 4243 lupinis
2867 4174 3134 4230 morsibus
3160 4183 3291 4228 tuta.

2331 4263 2592 4318 LXXXII.
2631 4264 2750 4320 Jun.
2792 4265 2932 4335 Ergo
2962 4265 3129 4320 Deum
3155 4275 3212 4322 et
3233 4267 3433 4336 justum
3469 4275 3522 4324 et
3559 4267 3701 4338 pium
3729 4282 3840 4322 ero-

2259 4352 2434 4409 dimus
2462 4365 2514 4410 et
2538 4369 2801 4421 veraeem,
2829 4370 2893 4410 ac
2920 4371 3015 4426 per
3043 4356 3146 4411 hoc
3175 4356 3306 4412 nihil
3337 4357 3662 4427 impossibile
3688 4373 3838 4412 nian-

2258 4445 2416 4502 dasse
2461 4445 2630 4516 legem
2676 4446 2791 4517 ejus
2837 4455 3098 4514 tenemus,
3129 4447 3258 4504 nihil
3301 4447 3490 4504 falsum
3528 4449 3840 4504 conﬁrmare

2260 4537 2596 4604 testimonia,
2638 4537 2771 4592 nihil
2822 4537 3059 4609 iniquum
3101 4541 3442 4610 pronuntiare
3485 4540 3841 4609 judiciazsed

2259 4629 2430 4698 ipsum
2453 4643 2572 4685 esse
2595 4628 2868 4685 hominum
2891 4631 3245 4696 conditorem,
3275 4647 3410 4703 quos
3437 4632 3566 4687 nulli
3591 4632 3611 4664 ³
3635 4633 3840 4688 crimini

2256 4721 2520 4777 obnoxios
2547 4731 2716 4790 creat,
2738 4738 2923 4778 verum
2953 4723 3142 4794 plenos
3169 4724 3384 4795 quidem
3421 4725 3717 4780 innocentia
3747 4741 3844 4781 na-

2259 4813 2438 4880 turali,
2464 4815 2880 4869 voluntariarum
2905 4823 3083 4870 autem
3109 4816 3364 4871 virtutum
3389 4831 3630 4887 capaces.

2330 4909 2466 4962 Anc.
2507 4904 2659 4962 Unde
2687 4920 2816 4978 ergo
2840 4921 2946 4962 non
2975 4906 3333 4975 exsufﬂatam,
3358 4923 3462 4963 non
3492 4907 3843 4965 exoreizatam

2259 4999 2539 5068 imaginem
2570 5012 2722 5053 suam
2751 5012 2856 5053 non
2881 4997 3115 5055 admittit
3141 4998 3210 5053 ad
3238 4999 3399 5054 vitam
3425 5016 3576 5055 suam
3595 5000 3617 5054 ’ἒ
3637 5001 3846 5057 Siccine

2257 5106 2464 5147 merces
2504 5090 2822 5147 innocentiae
2865 5090 3146 5147 redditur?
3171 5092 3253 5146 An
3293 5092 3470 5164 potius
3506 5093 3847 5164 generatione

2257 5192 2436 5240 reatus
2479 5182 2503 5214 ⁸
2542 5190 2842 5247 attractus,
2889 5199 3061 5254 neque
3110 5187 3516 5256 regeneratione
3562 5186 3847 5251 dimissus,

2251 5276 2398 5348 juste
2426 5284 2615 5349 negata
2634 5276 2763 5344 vita,
2785 5285 2958 5333 morte
2983 5288 3344 5350 consequente
3364 5280 3578 5352 punitur
3593 5280 3621 5334 ἲ
3637 5279 3842 5335 Aliena-

2321 5434 2338 5465 ,
2401 5434 2412 5446 .
2669 5434 2683 5443 .
3063 5434 3076 5442 .

3153 5501 3416 5568 senarium.
3444 5492 3614 5544 alludit
3637 5493 3845 5544 Julianus

2256 5555 2314 5606 ad
2339 5554 2517 5619 Virgilii
2539 5563 2711 5620 Georg.
2736 5555 2821 5605 lib.
2857 5557 2902 5615 I,
2927 5569 3040 5607 vers
3070 5558 3150 5616 75,
3173 5557 3240 5606 76
3261 5571 3273 5606 :

2414 5645 2503 5689 aut
2523 5645 2708 5703 tenues
2722 5639 2851 5690 fetus
2873 5641 3025 5703 viciae,
3053 5641 3303 5703 tristisque
3327 5639 3490 5703 lupini.

2410 5701 2668 5752 Sustuleris
2688 5701 2886 5766 fragiles
2900 5701 3110 5753 calamos
3130 5701 3398 5767 silvamque
3419 5709 3694 5754 sonantem.

2323 5789 2343 5820 ³
2369 5786 2524 5846 vign.,
2549 5782 2693 5835 nullo.
2718 5792 2848 5846 Mss.,
2875 5785 3015 5836 nulli.

2323 5851 2343 5881 δ
2379 5845 2476 5897 Hoc
2504 5845 2625 5916 loco,
2642 5855 2820 5901 reatus.
2837 5845 3116 5902 restituitur
3136 5860 3195 5899 ex
3216 5855 3322 5901 mss.
