4126 6510
297 351 460 410 ’1181

334 472 414 518 tos
439 461 632 532 quippe
659 475 690 514 a
721 458 826 514 vita
849 458 940 514 Dei
967 458 1259 514 detestatus
1282 458 1564 527 Apostolus
1591 471 1696 512 non
1729 456 1922 511 fuisset

335 551 546 624 (Ep/tes.
575 565 649 615 tv,
678 550 785 619 l8).
810 551 854 604 si
880 565 1037 620 poena
1069 550 1209 604 nulla
1240 560 1404 604 esset.

403 643 684 701 LXXXIII.
724 644 844 699 JUL.
885 643 1090 711 Quibus
1130 643 1368 698 collectis
1406 641 1631 698 alterum
1677 649 1922 696 teneatur

331 753 550 794 necesse
580 747 662 792 est
689 754 752 790 ex
786 736 992 791 duobus
1023 755 1037 792 :
1068 736 1346 803 videlicet,
1376 745 1432 791 ut
1460 745 1551 791 aut
1580 736 1702 790 talis
1739 735 1928 790 creda-

332 841 418 884 tur
454 831 610 893 Deus,
643 828 854 900 qualem
885 829 1139 900 conﬁngit
1171 828 1535 884 Traducianus
1564 828 1923 893 Manicha-us;

331 931 425 976 aut
451 921 574 976 talis
601 921 911 991 intelligaris
933 937 1053 975 cum
1077 921 1324 976 omnibus
1343 922 1432 992 qui
1460 922 1512 976 in
1537 921 1768 976 traducis
1795 921 1925 974 scita

331 1011 662 1077 concedunt,
694 1012 902 1082 qualem
933 1011 1275 1084 deprzeliatur
1303 1013 1592 1069 honoratus
1621 1013 1778 1067 Deus.
1808 1011 1925 1067 Non

330 1114 508 1158 autem
534 1113 705 1175 potest
725 1119 845 1159 esse
870 1103 1006 1158 Deus
1051 1104 1192 1171 talis,
1235 1104 1448 1175 qualem
1477 1103 1796 1158 Manielnuus
1836 1117 1924 1158 so-

333 1197 534 1262 nmiat;
567 1195 660 1250 sed
707 1205 792 1251 est
835 1196 972 1265 pius,
1015 1195 1210 1266 justus.
1239 1205 1294 1250 et
1339 1212 1498 1250 verus
1527 1196 1691 1260 Deus,
1715 1197 1924 1264 qualem

333 1289 511 1343 omnis
534 1297 717 1342 sancta
748 1288 1040 1358 Scriptura,
1066 1288 1241 1343 omnis
1268 1287 1356 1343 lex
1381 1297 1435 1342 et
1467 1287 1596 1342 lides
1620 1296 1798 1342 nostra
1829 1302 1925 1342 ve-

335 1388 573 1435 neratur.
602 1381 679 1435 Ac
708 1395 804 1450 per
833 1379 953 1446 hoc,
986 1379 1086 1433 hoc
1121 1387 1204 1434 est
1234 1389 1381 1433 tuum
1421 1378 1614 1449 dogma
1636 1379 1674 1444 ¹,
1700 1377 1840 1447 quod
1871 1387 1928 1432 ut

334 1487 456 1525 cum
513 1470 605 1525 Dei
665 1470 852 1542 injuria
902 1472 1222 1542 suscipitur,
1270 1471 1341 1526 ita
1389 1486 1510 1526 cum
1557 1471 1674 1542 ejus
1724 1471 1928 1526 honore

333 1564 648 1620 destruitur.

406 1657 542 1711 Anc.
583 1655 637 1710 Si
685 1655 828 1726 pium
868 1654 1034 1709 Dcmn
1081 1653 1320 1722 sentitis,
1366 1670 1532 1726 quare
1571 1655 1922 1720 Salvatorem,

335 1748 440 1804 hoc
469 1756 572 1813 est,
604 1747 786 1804 Jesum
817 1763 846 1802 a
879 1748 1114 1818 parvulis
1154 1748 1314 1818 impie
1359 1747 1688 1819 prohibetis?
1733 1748 1789 1804 Si
1835 1750 1924 1818 ju—

333 1851 500 1908 stum,
531 1857 697 1912 quare
736 1857 896 1911 grave
933 1855 1095 1910 super
1132 1841 1381 1912 parvulos
1413 1841 1596 1912 jugum
1626 1841 1743 1897 sine
1771 1843 1928 1898 ullius

335 1932 540 2003 peccati
594 1932 800 1987 meritis
840 1931 1100 1987 creditis?
1142 1931 1197 1987 Si
1245 1948 1453 1997 verum,
1484 1948 1648 2003 quare
1691 1932 1923 2001 dicenti,

333 2023 570 2078 Reddam
598 2023 649 2077 in
676 2024 811 2092 ﬁlios
841 2031 1044 2093 patrum
1073 2033 1298 2093 peccata,
1325 2039 1429 2078 non
1459 2022 1714 2078 creditis?

405 2115 694 2171 LXXXIV.
723 2115 842 2170 Jun.
870 2114 1104 2185 Tempus
1129 2124 1212 2170 est
1241 2125 1299 2170 ut
1323 2114 1389 2170 ad
1419 2114 1521 2169 alia
1553 2125 1922 2171 transeamus:

332 2209 430 2265 sed
457 2208 691 2279 reposcit
712 2223 741 2261 a
763 2207 917 2262 nobis
946 2222 1120 2262 causa:
1154 2207 1406 2278 dignitas,
1430 2215 1487 2261 ut
1521 2207 1680 2261 etiam
1715 2221 1777 2261 ea
1807 2221 1926 2276 quae

331 2299 594 2370 superiori
618 2298 752 2353 libro
774 2305 1022 2368 putamus
1043 2297 1426 2368 prmtermissa,
1449 2296 1751 2352 reddamus.
1771 2295 1926 2363 Quod

329 2392 550 2464 quidem
581 2391 817 2463 prudens
855 2391 1023 2445 lector
1051 2405 1504 2461 supervacaneum
1537 2389 1753 2444 forsitan
1780 2388 1925 2458 judi-

329 2484 478 2540 eabit
503 2502 515 2537 :
546 2493 719 2538 tamen
747 2482 998 2554 quoniam
1023 2489 1355 2553 compertum
1383 2489 1486 2547 est,
1514 2496 1692 2535 rerum
1716 2479 1926 2549 pericu-

330 2574 399 2628 lis
425 2573 718 2644 depositam
748 2587 964 2628 causam
998 2572 1159 2626 etiam
1194 2571 1399 2627 levibus
1437 2570 1736 2636 inhmrere;
1762 2585 1924 2640 opera

328 2673 437 2726 est.
468 2665 660 2734 quibus
689 2664 932 2735 przesidia
959 2663 1262 2728 sustuleris,
1285 2660 1496 2717 auferre
1520 2662 1729 2716 solatia.

402 2757 538 2811 Auc.
579 2755 840 2823 Quoniam
884 2754 936 2809 in
961 2755 1080 2820 alia
1122 2753 1348 2808 transire
1391 2751 1623 2820 coepisti,
1647 2752 1755 2822 jam
1782 2751 1926 2821 quod

327 2845 583 2914 superius
606 2845 967 2914 promisimus,
987 2843 1244 2898 debemus
1264 2842 1568 2907 ostendere,
1593 2843 1924 2912 prophetiam

326 2939 540 2995 scilicet
574 2935 891 2997 Ezechielis,
919 2950 1021 3003 qua
1059 2933 1252 2987 dicitur
1289 2941 1498 3002 patrum
1541 2932 1594 2986 in
1635 2933 1771 2988 lilios
1799 2948 1924 3004 pec-

323 3039 451 3084 cata
483 3042 588 3081 non
629 3025 802 3090 reddi,
830 3023 966 3078 sicut
995 3022 1224 3077 ﬁliorum
1263 3037 1368 3076 non
1407 3021 1704 3077 redduntur
1739 3023 1791 3077 in
1836 3038 1933 3100 pa-_

329 3131 470 3184 tres,
493 3117 558 3172 ad
584 3114 1078 3187 prarnuntiationem
1102 3112 1368 3184 pertinere
1390 3111 1724 3168 revelationis
1741 3111 1926 3166 Testa-

326 3210 502 3266 menti
552 3208 694 3262 novi.
728 3206 863 3262 Dicit
903 3206 1044 3261 enim
1097 3205 1200 3259 tale
1240 3205 1435 3276 aliquid
1479 3205 1638 3260 etiam
1668 3203 1926 3275 propheta

323 3299 614 3362 Jercmias,
648 3308 700 3354 et
731 3298 800 3352 ibi
829 3297 970 3353 unde
997 3297 1098 3352 hoc
1126 3297 1330 3352 dicatur
1359 3298 1605 3352 illustrat.
1627 3297 1758 3352 Nam
1787 3299 1926 3354 inter

325 3404 525 3449 cetera
552 3411 565 3446 :
590 3389 921 3454 Convertere,
968 3389 1160 3459 inquit,
1203 3390 1342 3461 virgo
1381 3388 1564 3454 Israel,
1595 3401 1840 3444 revertere
1871 3392 1926 3445 in

233 3495 236 3498 ’
325 3486 556 3540 civitates
597 3492 710 3536 tuas
749 3482 924 3554 lugens
951 3496 969 3534 :
996 3497 1152 3551 usque
1179 3497 1276 3550 quo
1305 3481 1540 3535 averteris
1568 3481 1679 3550 ﬁlia
1706 3481 1924 3536 inhono-

327 3577 489 3630 rata?
517 3574 768 3642 Quoniam
813 3574 997 3627 creavit
1027 3572 1272 3627 Dominus
1315 3573 1529 3626 salutent
1566 3574 1618 3626 in
1653 3574 1928 3644 plantatio-

329 3685 448 3722 nem
475 3683 676 3729 noram,
699 3667 750 3719 in
781 3681 879 3734 qua
904 3665 1067 3720 salute
1091 3665 1372 3719 circuibunt
1399 3667 1646 3721 homines.
1677 3666 1767 3722 Sic
1795 3668 1925 3722 dixit

330 3759 588 3813 Dominus
609 3774 628 3812 :
649 3757 832 3811 Adhuc
861 3757 1026 3811 dicent
1055 3755 1257 3810 verbum
1285 3756 1380 3812 hoc
1424 3757 1476 3811 in
1517 3767 1650 3812 terra
1685 3758 1847 3822 Iuda,
1877 3769 1925 3813 et

329 3851 388 3904 in
418 3851 526 3921 ejus
554 3849 852 3912 civitatibus,
883 3865 995 3902 cum
1027 3848 1267 3902 revocabo
1293 3849 1632 3919 captivitatem
1661 3850 1790 3922 ejus,
1821 3849 1923 3904 Bea-

330 3942 567 4001 nedictus
589 3940 835 3996 Dominus
862 3957 1015 4012 super
1033 3941 1229 4012 justum
1255 3950 1470 3994 montem
1498 3951 1725 3995 sanetum
1755 3958 1922 3996 suum.

332 4032 405 4087 Et
433 4033 519 4102 qui
546 4033 826 4086 inhabitant
852 4032 904 4086 in
925 4030 1112 4086 Judtea
1139 4041 1186 4086 et
1217 4032 1270 4085 in
1308 4032 1445 4086 omni
1482 4033 1680 4088 civitate
1716 4034 1827 4104 ejus
1851 4034 1925 4088 si-

287 4159 289 4161 ι
331 4123 444 4176 mul
472 4139 585 4176 eum
619 4120 866 4193 agricola,
907 4131 952 4176 et
999 4122 1204 4176 tolletur
1244 4121 1297 4175 in
1338 4137 1523 4193 grege;
1555 4123 1791 4192 quoniam
1820 4123 1928 4177 ine-

329 4214 495 4270 briari
538 4229 733 4268 onmem
777 4213 1003 4284 animum.
1047 4212 1322 4279 sitientem,
1367 4221 1412 4266 et
1461 4228 1660 4266 onmem
1703 4213 1927 4267 animum

332 4306 632 4362 esurimtem
669 4304 868 4358 satiavi.
913 4301 1134 4372 Propter
1177 4302 1272 4357 hoc
1319 4302 1600 4369 exsurrexi,
1635 4312 1683 4357 et
1727 4303 1847 4370 vidi,
1881 4315 1928 4358 et

332 4412 542 4452 somnus
570 4411 710 4449 meus
734 4393 898 4449 dulcis
924 4394 1047 4448 mihi
1076 4394 1241 4464 factus
1267 4403 1359 4448 est.
1385 4391 1670 4464 Propterea
1692 4411 1803 4448 ecce
1820 4394 1927 4449 dies

331 4488 562 4552 veniunt,
586 4485 704 4539 dicit
735 4483 1004 4549 Dominus,
1032 4493 1079 4538 et
1107 4484 1362 4538 seminabo
1390 4482 1556 4539 Israel
1581 4493 1630 4538 et
1654 4483 1687 4537 .l
1695 4487 1818 4550 uda,
1844 4501 1928 4539 se-

333 4595 452 4632 men
487 4577 704 4631 hominis
744 4586 792 4631 et
834 4592 1005 4632 semen
1044 4577 1258 4646 pecoris.
1285 4573 1354 4628 Et
1383 4575 1477 4629 erit
1503 4580 1634 4630 sicut
1659 4577 1926 4647 vigilabant

332 4685 490 4740 super
532 4685 614 4722 eos
654 4668 903 4738 deponere
942 4675 990 4721 et
1021 4667 1257 4738 aﬂligere,
1289 4666 1360 4718 ita
1394 4665 1610 4736 vigilabo
1651 4682 1803 4736 super
1845 4683 1929 4722 eos

332 4760 594 4829 cedi/icore
627 4769 673 4814 et
707 4755 1074 4831 complantare,
1099 4757 1219 4810 dicit
1245 4755 1512 4811 Dominus.
1537 4755 1604 4811 In
1628 4757 1800 4813 diebus
1825 4757 1929 4812 illis

334 4869 440 4906 non
469 4851 661 4916 dicent,
693 4849 874 4905 Patres
918 4849 1346 4904 manducaverunt
1388 4865 1538 4902 uvam
1580 4850 1842 4916 acerbam,
1883 4858 1929 4902 ct

335 4944 509 4999 dentes
539 4943 764 5013 ﬁliorum
798 4945 1164 5010 obstupuerunt
1187 4941 1316 4997 :sed
1356 4941 1697 5012 unusquisque
1740 4942 1792 4996 in
1835 4937 1955 4996 suo'

337 5047 544 5107 peccato
576 5036 837 5102 morietur,
859 5044 906 5089 et
926 5037 946 5067 ³
970 5035 1080 5106 ejus
1103 5034 1188 5102 qui
1211 5033 1586 5088 manducauerit
1611 5049 1759 5087 uvam
1785 5049 1928 5087 acer-

341 5128 477 5193 bam,
498 5126 829 5196 obstupebunt
856 5125 1030 5181 dentes
1055 5125 1233 5196 ipsius.
1257 5123 1458 5194 Nempe
1486 5123 1825 5179 manifestum
1847 5132 1932 5180 est

341 5219 449 5274 hoc
490 5219 559 5273 ad
602 5219 718 5274 dies
761 5219 1030 5290 pertinere
1060 5217 1399 5289 plantationis
1428 5233 1600 5284 novm,
1628 5216 1695 5273 de
1721 5233 1843 5288 qua,
1873 5227 1933 5274 ut

339 5309 447 5366 hoc
487 5309 712 5376 diceret,
745 5309 1102 5380 loquebatur:
1130 5306 1219 5363 ubi
1245 5317 1300 5364 et
1327 5308 1454 5364 illud
1483 5323 1665 5364 semen
1701 5309 1932 5364 hominis

336 5411 398 5458 et
440 5417 621 5458 semen
671 5402 880 5474 pecoris
925 5401 1067 5472 quod
1109 5417 1169 5458 se
1203 5402 1343 5458 Deus
1380 5403 1764 5457 seminaturum
1811 5417 1931 5456 esse

339 5497 606 5566 promisit,
633 5495 977 5566 spiritualitcr
1002 5494 1355 5562 intellectum,
1379 5501 1475 5550 eos
1498 5495 1588 5566 qui
1618 5502 1854 5565 praesunt
1877 5503 1932 5550 et

410 5633 426 5662 ⁸
454 5633 742 5695 \‘ignierius:
766 5642 829 5681 Ae
855 5644 942 5694 per
957 5630 1062 5693 hoc,
1086 5634 1158 5682 est
1179 5636 1313 5681 tuum
1335 5629 1540 5695 dogma;
1559 5631 1740 5681 omisso
1754 5627 1929 5689 altero,

335 5692 454 5754 hac,
477 5694 605 5755 quod
631 5702 735 5742 erat
759 5695 806 5742 in
827 5692 937 5743 Mss.

409 5734 608 5803 δἰῗέεἶτῖιξ
633 5734 735 5804 6266
755 5734 813 5820 iii
827 5734 970 5803 ciliis
990 5756 1182 5813 omissa,
1208 5734 1529 5820 unusquisque
1546 5752 1598 5806 in
1630 5765 1716 5803 suo
1737 5757 1933 5816 peccato

337 5823 593 5879 rimetur,
620 5822 680 5880 et,
700 5818 1016 5867 restituuntur
1039 5829 1103 5869 es
1129 5823 1233 5866 Mss.

1677 341 1878 400 LIBER
1915 305 2234 398 TERTIUS.

3477 355 3618 411 1282

2032 469 2128 510 eos
2154 453 2245 525 qui
2273 463 2546 527 reguntur,
2574 457 2699 514 facit
2720 461 2957 530 agnosci.
2981 462 3084 519 Sed
3114 465 3236 536 quia
3266 466 3618 528 inveteratum

2031 554 2148 601 erat
2196 545 2249 601 in
2299 546 2546 604 cordibus
2591 552 2808 622 populi,
2853 553 3112 624 scriptum
3163 572 3283 615 esse
3334 561 3388 616 in
3435 573 3620 620 vetere

2031 638 2376 697 Testamento
2399 683 2415 709 ,
2460 643 2691 698 Reddam
2733 657 2940 716 peccata
2991 660 3194 720 patrum
3243 652 3297 706 in
3347 654 3481 722 ﬁlios
3507 672 3525 709 :
3555 673 3622 711 ne

2030 733 2308 803 quisquam
2332 732 2661 804 Scripturam
2685 738 2776 792 Dei
2804 754 3101 810 repugnare
3126 742 3226 797 sibi
3247 743 3618 814 arbitraretur,

2032 833 2092 879 ut
2131 825 2370 894 apertius
2411 827 2739 894 ostenderet,
2787 830 2916 886 illud
2961 833 3146 898 veteri,
3178 833 3280 890 hoc
3309 851 3447 890 novo
3487 853 3620 893 con-
3682 873 3688 880 -

2029 932 2222 988 gruere
2246 919 2606 984 Testamento,
2629 924 2884 979 continuo
2913 925 3188 995 subjunxit
3211 945 3223 980 :
3251 927 3383 982 Ecce
3407 929 3512 984 dies
3540 947 3622 984 ve-

2031 1009 2207 1075 niunt,
2250 1009 2370 1063 dicit
2403 1010 2672 1078 Dominus,
2703 1023 2747 1067 et
2777 1016 3133 1071 consummabo
3169 1017 3340 1071 domui
3376 1018 3540 1074 Israel
3575 1032 3622 1075 et

2031 1100 2205 1155 domui
2221 1099 2254 1155 J
2262 1103 2365 1156 uda
2389 1102 2762 1158 Testamentum
2792 1122 2996 1175 novum,
3022 1125 3122 1162 non
3143 1110 3420 1164 secundant
3447 1109 3622 1166 Testa-

2031 1203 2248 1248 mentum
2272 1195 2408 1264 quod
2427 1195 2654 1266 disposui
2675 1199 2900 1267 patribus
2929 1215 3120 1264 eorum,
3143 1201 3194 1254 in
3217 1201 3298 1254 die
3315 1218 3415 1273 qua
3437 1219 3620 1272 appre-

2030 1286 2181 1340 hendi
2214 1303 2417 1340 manum
2437 1303 2631 1352 eorum,
2648 1298 2703 1341 ut
2732 1288 2992 1345 educerem
3018 1307 3100 1344 eos
3121 1290 3184 1344 de
3211 1301 3344 1346 terra
3374 1292 3620 1364 ZEgypti.

2030 1386 2137 1433 etc.
2164 1376 2375 1451 (Jerem.
2403 1395 2556 1445 χχχι,
2582 1378 2786 1446 2l-3'2,
2816 1397 2914 1434 sec.
2940 1380 3104 1448 LXX,
3127 1399 3243 1452 cap.
3268 1386 3516 1455 xxxvnt).
3539 1385 3619 1438 Ad

2031 1468 2158 1524 illud
2198 1470 2354 1540 igitur
2379 1470 2778 1526 Testamentum
2819 1475 3093 1543 generatio
3136 1476 3394 1544 pertinet,
3421 1477 3486 1529 ad
3521 1477 3622 1531 hoc

2028 1569 2205 1616 autem
2234 1562 2568 1632 regeneralio
2597 1581 2610 1616 :
2641 1563 2780 1618 unde
2806 1564 2876 1618 ibi
2908 1574 3120 1634 peccata
3149 1576 3355 1635 patrum
3386 1567 3620 1622 reddun-

2032 1659 2118 1706 tur
2146 1651 2197 1705 in
2229 1651 2386 1715 lilios,
2417 1652 2502 1706 hic
2531 1669 2661 1708 vero
2697 1656 3057 1724 generationis
3099 1656 3309 1711 vinculo
3340 1675 3435 1728 per
3463 1674 3615 1728 rege-

2029 1745 2360 1802 nerationetn
2390 1747 2406 1778 ⁸
2434 1747 2632 1815 soluto,
2673 1765 2776 1802 non
2816 1749 3030 1816 dicitur,
3060 1747 3239 1804 Patres
3279 1751 3618 1806 manducaue-

2029 1847 2147 1892 runt
2174 1853 2319 1892 uvam
2347 1837 2608 1906 acerbam,
2649 1850 2696 1894 et
2739 1841 2910 1894 dentes
2956 1842 3182 1910 ﬁliorum
3221 1841 3619 1913 obstupuerunt;

2029 1929 2120 1985 sed
2142 1931 2251 2001 ejus
2287 1931 2373 2001 qui
2412 1931 2786 1986 manducauerit
2817 1950 2965 1986 uvam
2997 1933 3251 2000 acerbam,
3287 1933 3618 2005 obstupebnnt

2031 2022 2390 2092 dentes:quia
2438 2039 2546 2078 non
2591 2024 2644 2078 in
2693 2025 2879 2094 patris,
2910 2025 3005 2079 sed
3055 2025 3106 2079 in
3156 2041 3254 2080 suo
3302 2037 3540 2096 peccato,
3571 2029 3615 2082 si

2029 2113 2377 2180 commiserit,
2423 2115 2648 2185 quisque
2695 2116 2969 2170 morietur.
3002 2115 3080 2170 Tu
3108 2126 3285 2171 autem
3324 2133 3444 2172 cum
3492 2127 3616 2188 pro-

2032 2203 2206 2274 phetia
2238 2205 2327 2259 ubi
2353 2204 2568 2269 dicitur,
2599 2204 2720 2259 Non
2751 2207 2963 2277 accipiet
2998 2207 3139 2275 ﬁlius
3173 2218 3429 2279 peccatum
3457 2211 3618 2280 patris
3705 2253 3717 2266 .

2028 2297 2110 2348 sui
2135 2293 2657 2365 (Ezech.xvrtl,20),
2694 2312 2803 2351 non
2847 2297 3124 2352 ostendisti
3169 2298 3616 2367 quemadmodum

2028 2383 2300 2456 Scriptura
2335 2387 2623 2442 concordet
2660 2387 2746 2442 ubi
2783 2387 2998 2451 dicitur,
3029 2386 3258 2441 Reddam
3289 2399 3494 2454 peccata
3521 2407 3616 2459 pa-

2029 2483 2162 2530 trum
2186 2477 2239 2530 in
2268 2478 2404 2546 ﬁlios
2437 2477 2611 2550 (Deut.
2638 2493 2693 2544 v,
2716 2479 2792 2549 9).
2822 2479 2947 2534 Haec
2972 2479 3168 2549 quippe
3205 2479 3346 2534 inter
3384 2495 3444 2536 se
3481 2495 3618 2536 con-

2032 2569 2191 2624 traria
2233 2572 2606 2636 remanebunt,
2643 2573 2743 2626 nisi
2784 2571 2974 2627 horum
3019 2573 3244 2628 duorum
3293 2575 3520 2645 singula,
3551 2575 3617 2631 ad

2029 2658 2369 2715 Testamenta
2415 2661 2622 2731 singula
2674 2659 2996 2728 referantur,
3040 2662 3182 2733 quod
3223 2664 3619 2722 evidentissima

2028 2750 2290 2806 Jeremias
2319 2752 2572 2822 propheta
2605 2754 2942 2808 monstravit.

2099 2841 2364 2896 LXXXV.
2405 2842 2522 2898 JUL.
2567 2843 2729 2914 Igitur
2755 2861 2876 2900 cum
2903 2846 3232 2902 venissemus
3259 2847 3394 2921 (Lib.
3416 2849 3472 2914 2,
3499 2866 3616 2922 cap.

2029 2931 2100 2987 56
2127 2932 2232 3002 sq.)
2261 2932 2326 2986 ad
2359 2935 2584 3004 apostoli
2619 2935 2762 2990 Pauli
2805 2938 3146 3003 sententiam,
3182 2955 3338 3008 quam
3375 2941 3618 3010 Scriptu-

2028 3039 2210 3078 rarum
2239 3026 2548 3094 expertibus
2571 3025 2942 3082 Traducianus
2970 3030 3244 3083 venditare
3270 3030 3458 3085 solitus
3477 3044 3614 3100 erat,

2031 3114 2082 3169 id
2111 3123 2211 3180 est,
2237 3115 2341 3169 Per
2365 3132 2521 3169 unum
2551 3117 2803 3170 hominem
2831 3128 3092 3187 peccatum
3136 3119 3336 3173 intravit
3376 3123 3429 3174 in
3467 3139 3616 3176 mun-

2029 3207 2150 3260 dum
2177 3207 2352 3280 (Rom.
2373 3222 2428 3274 v,
2453 3207 2568 3277 ιε),
2596 3207 2807 3262 ostendi
2849 3210 3089 3275 primitus
3109 3211 3129 3241 ¹
3149 3210 3315 3280 ipsius
3353 3213 3616 3269 sermonis

2031 3299 2358 3365 testimonio,
2405 3313 2436 3352 a
2490 3298 2588 3352 loci
2641 3299 2780 3354 illius
2830 3299 3004 3370 adytis
3047 3300 3407 3356 Traducianos
3453 3301 3618 3358 fuisse

2028 3390 2325 3454 submotos,
2361 3390 2574 3460 quando
2602 3389 2850 3445 Gentium
2876 3391 3124 3461 Magister
3152 3395 3353 3462 peccati
3381 3395 3614 3464 antiqui-

2031 3489 2196 3535 tatem
2240 3481 2540 3543 revolveus,
2583 3479 2649 3534 ad
2700 3482 3058 3550 generationis
3107 3483 3424 3549 custodiam,
3464 3486 3616 3555 quasi

2019 3571 2374 3626 fortissimum
2405 3571 2712 3640 stipatorem
2740 3571 2944 3625 linitum
2972 3587 3251 3627 numerum
3277 3574 3614 3642 collocasset,

2031 3672 2088 3717 ut
2117 3662 2302 3717 dicens
2341 3676 2435 3732 per
2474 3676 2634 3715 unum
2678 3659 2947 3716 hominem
2977 3674 3252 3731 peccatum
3296 3663 3524 3720 intrasse
3563 3665 3614 3718 in

2029 3754 2307 3820 numdum,
2337 3754 2710 3824 praescriberet
2751 3754 2880 3808 nihil
2919 3768 2976 3808 se
3009 3754 3077 3809 dc
3114 3758 3459 3826 generatione
3493 3772 3600 3813 scu-

2028 3850 2184 3910 sisse.
2209 3860 2329 3916 quae
2359 3845 2458 3900 nisi
2493 3859 2587 3914 per
2625 3844 2760 3899 duos
2797 3859 2905 3900 non
2945 3856 3129 3916 posset
3167 3848 3418 3902 existere.
3444 3849 3619 3918 Atque

2029 3935 2293 4006 assignari
2321 3934 2626 3990 distinctum
2653 3949 2774 3990 esse
2799 3936 2938 3991 inter
2955 3937 3386 3992 commixtiouem
3411 3947 3466 3992 et
3495 3953 3619 4008 pec-

2028 4037 2206 4083 catum
2250 4038 2554 4097 parentum,
2593 4042 2715 4081 cum
2763 4027 3032 4082 diceretur
3071 4027 3300 4083 intrasse
3341 4039 3618 4099 peccatum

2030 4119 2244 4190 quidem
2274 4120 2326 4174 in
2354 4118 2632 4186 mundum,
2658 4118 2752 4174 sed
2779 4133 2875 4190 per
2903 4136 3024 4175 eum
3052 4136 3336 4176 numerum
3371 4122 3460 4193 qui
3501 4121 3620 4177 fcti-

2033 4213 2132 4267 bus
2161 4226 2264 4266 non
2293 4220 2503 4282 poterat
2529 4211 2838 4266 convenire.
2863 4213 3160 4282 Actumque
3187 4220 3269 4267 est
3291 4212 3621 4268 sufﬁcienter

2033 4320 2128 4374 per
2155 4313 2322 4360 totum
2349 4304 2607 4366 libellum,
2645 4303 2848 4374 peccati
2878 4303 2949 4360 ibi
2989 4320 3093 4358 non
3135 4315 3376 4359 naturam
3413 4304 3620 4360 indica-

2033 4406 2139 4452 tam
2170 4411 2312 4464 esse,
2341 4397 2434 4452 sed
2473 4395 2724 4461 fortnam,
2747 4395 2890 4466 quod
2916 4411 2946 4450 a
2978 4397 3472 4467 prmt'aricatoribus
3499 4405 3622 4467 post

2031 4491 2248 4556 secutis,
2285 4488 2580 4544 imitatione
2606 4496 2894 4550 antistaret,
2927 4504 3030 4540 non
3057 4489 3400 4558 generatione
3438 4503 3620 4543 susce-

2033 4591 2202 4653 ptum.
2233 4580 2424 4637 Verum
2455 4580 2580 4650 quia
2623 4579 2879 4648 scriptum
2928 4579 3150 4648 legimus
3193 4580 3244 4632 in
3291 4579 3522 4647 Epistola
3552 4578 3616 4632 ad

2035 4673 2290 4730 Hebrteos
2317 4673 2385 4728 de
2408 4672 2626 4736 Judaris,
2652 4669 2736 4724 Ea:
2761 4687 2861 4724 uno
2883 4671 2977 4724 orti
3005 4679 3144 4735 sunt,
3173 4680 3218 4722 et
3247 4670 3342 4722 hoc
3370 4683 3617 4733 emortuo,

2033 4768 2085 4824 id
2115 4776 2219 4829 est.
2254 4767 2322 4821 de
2349 4764 2655 4829 Abraham;
2683 4762 2928 4832 superius
2956 4775 3166 4830 quoque
3195 4761 3246 4813 in
3275 4759 3460 4814 eadem
3494 4759 3621 4828 Epi-

2031 4863 2167 4918 stola
2197 4861 2388 4931 legitur
2410 4858 2480 4913 de
2507 4857 2744 4919 Christo,
2771 4855 2870 4920 Qui
2895 4854 3196 4921 sanctiﬁcat.
3221 4862 3266 4906 et
3289 4852 3612 4922 sanctiﬁcan-

2034 4964 2136 5019 tur,
2175 4968 2239 5007 ea:
2273 4967 2375 5004 uno
2415 4965 2587 5003 omnes
2615 4947 2801 5021 (Hebr.
2831 4961 2888 5011 ιι,
2921 4946 3006 5016 ll)
3042 4964 3054 4999 :
3085 4959 3150 4998 ne
3182 4944 3370 4997 horum
3396 4945 3617 5015 aliquid,

2032 5047 2118 5102 vel
2136 5044 2414 5110 similium,
2439 5043 2484 5097 si
2512 5041 2734 5096 inveniri
2765 5039 2976 5110 poterit,
2997 5037 3360 5092 Traducianus
3379 5039 3616 5107 arripiat.

2033 5148 2192 5209 atque
2224 5145 2626 5213 argumentatur
2656 5134 2942 5204 quidquam
2970 5131 3039 5186 de
3065 5134 3412 5202 responsione
3441 5145 3618 5187 nostra

2034 5230 2288 5304 ponderis
2314 5229 2475 5284 fuisse
2503 5227 2826 5291 discussum,
2850 5241 2952 5295 qua
2979 5223 3359 5281 al‘lirmavimus
3387 5225 3506 5281 ideo
3535 5226 3619 5280 tli-

2033 5334 2178 5380 ctum
2216 5338 2337 5379 esse
2367 5337 2550 5386 unum,
2588 5333 2688 5390 per
2724 5333 2882 5385 quem
2919 5317 3189 5372 transierit
3231 5325 3525 5388 peccatum,
3557 5333 3624 5372 ne

2034 5415 2309 5487 generatio
2356 5413 2622 5469 sineretur
2670 5409 2932 5480 intelligi;
2967 5425 3087 5464 cum
3133 5410 3402 5464 inventum
3451 5409 3521 5463 sit
3569 5395 3622 5463 in

2034 5510 2136 5565 hac
2157 5506 2393 5579 Epistula
2422 5504 2636 5559 nomine
2666 5501 2825 5556 unius
2852 5502 3250 5573 generationem
3293 5502 3576 5556 indicatam
3603 5536 3620 5554 .

2101 5685 2275 5758 'Editi,
2300 5697 2387 5746 per
2408 5679 2779 5748 generationem.
2816 5681 2987 5729 Verius
3023 5679 3177 5730 codex
3213 5685 3344 5733 Man,
3375 5687 3458 5736 per
3483 5683 3617 5735 rege-

2036 5757 2345 5800 nerntwm-m.
3207 5800 3215 5807 _
3275 5799 3284 5807 .

2101 5815 2121 5844 ²
2157 5817 2220 5860 tta
2243 5809 2397 5860 codex
2425 5812 2549 5856 Fort.
2576 5805 2660 5854 Alii
2687 5813 2793 5855 \zss.
2817 5817 2926 5855 cum
2951 5803 3120 5863 editis,
3137 5813 3298 5864 prmn.
