4172 6510
589 383 610 434 i
622 379 726 433 9.85

587 494 728 558 ideo,
761 464 999 562 iniquam,
1038 485 1091 541 id
1131 481 1526 539 retractandum
1567 465 2058 562 putavi._Ut_lgitur
2103 459 2175 517 sit

587 557 1039 646 ititentus'lector,
1067 575 1367 632 admoneo:
1395 565 1670 639 multiplici
1697 559 1838 621 enim
1869 557 1984 614 lucc
2011 567 2180 646 oppo-

589 641 712 733 sitio
737 685 933 748 genere
959 641 1284 726 destruetur.
1312 663 1388 720 Ibi
1417 663 1596 732 itaque
1622 657 1710 714 ubi
1738 641 2177 748 commemoratio

593 739 822 826 Abrahae
865 767 940 830 Iit,
973 775 1027 819 et
1066 758 1228 816 Sarra
1271 753 1386 828 ejus
1430 767 1566 808 uxor
1607 745 1883 811 inseritur,
1912 739 2056 830 Talis
2095 747 2180 793 est

593 866 790 932 quippe
831 829 965 914 ordo
1001 853 1286 910 verborum
1316 865 1330 902 :
1363 843 1494 900 Fide
1533 841 1616 912 qui
1659 847 1866 893 vocatur
1902 829 2178 932 Abraham,

593 923 807 1007 obedivit
839 947 894 1002 in
930 947 1094 1000 locum
1123 943 1278 1006 exire,
1310 951 1456 1010 quem
1481 937 1776 1004 accepturus
1803 935 1910 982 erat
1934 925 1988 978 in
2016 923 2180 976 hatre-

595 1045 839 1106 ditatem;
866 1049 912 1094 et
941 1037 1079 1102 exiit,
1109 1035 1328 1090 nesciens
1356 1045 1454 1102 quo
1489 1029 1581 1082 iret
1611 1037 1630 1081 :
1657 1021 1760 1095 ﬁde
1792 1019 2082 1075 demoratus
2109 1021 2181 1068 est

597 1151 650 1190 tn
678 1127 1174 1205 terrapromissionis
1199 1137 1438 1198 tanquam
1462 1123 1516 1176 in
1543 1117 1729 1184 aliena,
1755 1116 1808 1170 in
1829 1111 2018 1205 casulis
2038 1105 2182 1205 habi-

599 1230 752 1282 tando
781 1197 895 1280 cum
930 1221 1078 1278 Isaac
1117 1230 1164 1275 et
1199 1197 1360 1273 Iacob
1397 1207 1740 1269 cohwredibus
1776 1197 2181 1277 repromissionis

599 1321 841 1392 ejusdem.
869 1311 1202 1385 Exspectabat
1239 1307 1370 1364 enim
1410 1285 2178 1392 fundamentaAhabentemncioi-

601 1382 773 1475 tatem,
795 1407 942 1480 cujus
964 1382 1150 1477 artifex
1168 1411 1214 1456 et
1237 1395 1463 1454 conditor
1483 1395 1636 1446 Deus.
1663 1385 1792 1443 Fide
1817 1393 1862 1442 et
1887 1385 2002 1480 ipsa
2020 1382 2184 1480 Sarra

599 1474 784 1559 sterilis
819 1474 1142 1554 virtutem'in
1180 1489 1501 1560 conceptione
1542 1481 1748 1538 seminis
1787 1477 1996 1547 accepit,
2033 1474 2185 1528 etiam

601 1603 782 1664 printer
811 1601 1004 1660 tempus
1029 1585 1193 1640 celatis
1211 1601 1230 1649 ;
1250 1581 1486 1655 quoniam
1512 1575 1712 1647 ﬁdelem
1739 1587 1846 1627 esse
1871 1567 2082 1664 credidit
2101 1566 2186 1636 qui

599 1660 915 1754 promiserat.
940 1675 1158 1747 Propter
1184 1671 1318 1744 quod
1342 1672 1403 1725 ab
1429 1685 1528 1723 uno
1555 1665 1652 1721 orti
1676 1673 1813 1730 sunt,
1837 1669 1884 1716 et
1908 1660 2002 1714 hoc
2025 1669 2186 1713 emor-

599 1789 702 1842 luo,
735 1785 972 1843 tanquam
1012 1770 1179 1826 sidera
1215 1767 1324 1821 caeli
1357 1764 1412 1818 in
1437 1759 1780 1820 multitudine,
1811 1763 1858 1811 et
1882 1755 2008 1810 sicut
2032 1765 2186 1843 arena

595 1883 709 1938 qua
735 1875 808 1921 est
834 1841 902 1918 ad
930 1875 1074 1918 oram
1103 1859 1260 1912 muris
1286 1849 1668 1911 innumerabilis
1695 1846 1880 1921 (Hebr.
1907 1859 1981 1910 at,
2005 1841 2182 1938 d-Ii).

595 1935 728 2016 Cum
757 1971 884 2028 ergo
911 1965 1194 2021 utrumque
1216 1947 1713 2004 commemorasset,
1739 1940 1790 1994 id
1816 1945 1918 2003 est,
1943 1943 1996 2028 et
2017 1935 2183 2028 Abra-

599 2047 718 2104 ham
749 2057 800 2102 et
820 2023 1063 2107 'Sarram,
1088 2051 1316 2108 eamque
1343 2035 1566 2090 dixisset
1593 2033 1711 2102 lege
1736 2026 2024 2084 senectutis
2051 2023 2184 2079 eli‘e-

597 2147 722 2202 tam,
742 2135 836 2193 seti
871 2131 973 2190 iide
1003 2133 1250 2186 virtutem
1273 2123 1608 2195 concipiendi
1631 2119 1852 2176 seminis
1877 2115 2182 2186 accepisse;

595 2247 784 2287 secure
811 2221 1046 2282 subdidit
1074 2223 1142 2276 ab
1171 2233 1276 2275 uno
1303 2225 1452 2273 ortos
1477 2223 1556 2270 tot
1581 2210 1808 2283 populos
1827 2250 1842 2274 ,
1879 2208 1972 2278 qui
2007 2203 2187 2260 multi-

597 2321 766 2377 tudini
809 2313 1184 2373 conferrcntur
1226 2317 1514 2366 astrorum.
1546 2303 1616 2361 Ut
1641 2317 1773 2373 ergo
1801 2301 1988 2370 copula
2017 2309 2186 2366 expo-

601 2419 818 2466 ncretnr
857 2413 1166 2477 parentum,
1196 2411 1302 2455 tam
1332 2396 1501 2453 fidelis
1523 2396 1541 2428 ι
1564 2392 1892 2465 praedicatio,
1923 2399 2080 2459 quam
2111 2385 2187 2441 rei

598 2507 763 2573 gestae
807 2499 1004 2553 veritas
1051 2488 1374 2564 imperavit:
1407 2497 1463 2543 ut
1497 2495 1673 2542 autem
1701 2483 1772 2539 de
1813 2479 1942 2552 ipsis
1981 2479 2188 2534 duobus

600 2598 654 2650 in
721 2585 1185 2648 commendatione
1251 2587 1556 2654 prOpagala‘.
1623 2573 2013 2638 multitudinis,
2080 2581 2186 2624 non

601 2695 905 2752 utrumque,
946 2677 1041 2734 sed
1082 2677 1308 2732 alterum
1345 2669 1569 2735 diceret,
1593 2679 1680 2722 ars
1707 2663 1972 2720 laudantis
1999 2659 2188 2715 admo-

603 2776 738 2830 nuit.
761 2771 988 2828 Volcbat
1014 2767 1210 2838 quippe
1235 2760 1538 2823 ostendere,
1559 2765 1701 2813 certa
1733 2754 1869 2810 fides
1892 2763 2049 2822 quam
2077 2761 2189 2804 ma-

599 2879 703 2939 gna
750 2863 1052 2926 meruisset,
1091 2857 1277 2912 dicens
1317 2851 1552 2907 virtute”
1575 2848 1666 2903 Dei
1695 2844 2044 2939 excedentem
2084 2855 2186 2939 nu:

603 2932 777 3014 meros
804 2950 1192 3009 multitudinem
1223 2949 1598 3016 propagatum;
1625 2935 2078 2994 accommodatius
2119 2932 2185 2987 ad

601 3037 808 3110 laudem
837 3043 1016 3116 operis
1054 3041 1172 3110 ejus
1200 3051 1318 3094 esse
1350 3032 1714 3106 perpendens,
1743 3030 1788 3084 si
1827 3041 1895 3085 ex
1929 3039 2036 3082 uno
2067 3037 2184 3091 eos,

600 3155 758 3213 quam
801 3153 869 3194 ex
909 3133 1116 3192 duobus
1156 3129 1360 3187 diceret
1401 3133 1750 3200 procreatos;
1791 3119 2022 3178 maxime
2061 3131 2184 3210 cum

601 3211 654 3286 in
701 3227 870 3284 laudis
913 3231 1199 3297 augmento
1223 3221 1266 3287 ',
1293 3231 1450 3292 quam
1477 3215 1698 3273 ultimus
1736 3225 1915 3270 sermo
1949 3211 2186 3267 cumula-

601 3327 712 3386 bat,
753 3321 956 3377 nullum
996 3321 1140 3373 esset
1175 3311 1412 3368 historiae
1449 3307 1807 3380 dispendium,
1837 3317 1996 3376 quam
2025 3315 2186 3374 supra

603 3403 877 3481 utriusque
905 3421 1149 3481 personae
1177 3401 1688 3462 commemoratione
1717 3397 2076 3469 suppleverat.

669 3505 806 3562 Anc.
828 3502 928 3570 Qui
955 3507 1008 3555 te
1035 3497 1166 3554 nihil
1193 3497 1374 3552 dicere
1399 3505 1505 3547 non
1535 3488 1800 3560 intelligit,
1826 3485 1954 3558 quid
1985 3485 2186 3540 intelli-

598 3605 688 3669 gat
713 3595 914 3652 nescio.
939 3589 1160 3648 Dixeras
1183 3585 1496 3658 Apostolum
1527 3589 1807 3654 propterea
1833 3578 2054 3669 dixisse,
2081 3575 2186 3669 Per

601 3667 758 3741 unum
803 3684 1054 3738 hominem
1098 3688 1356 3752 peccatum
1403 3673 1604 3728 intrauit
1641 3671 1694 3726 in
1734 3668 2015 3733 mundum,
2059 3667 2183 3738 quia

599 3775 900 3846 exemplum
965 3769 1218 3842 peccandi
1271 3767 1440 3834 homo,
1493 3761 1586 3818 ille
1651 3759 1862 3816 caeteris
1913 3757 2182 3829 prtebuit:

605 3887 626 3920 ι
655 3863 788 3924 Nam
813 3865 858 3920 si
883 3860 1305 3934 generationem,
1333 3875 1354 3909 ι
1387 3854 1596 3925 inquis,
1627 3869 1647 3905 ι
1675 3865 1742 3907 eo
1766 3851 1888 3906 loco
1911 3850 2073 3904 vellet
2098 3848 2183 3904 in-

601 3955 788 4027 telligi,
807 3953 908 4010 Per
922 3955 1056 4008 duos
1071 3949 1288 4014 diceret,
1313 3961 1440 4012 non,
1467 3959 1554 4016 per
1569 3957 1728 3998 unum
1755 3957 1774 3994 ι
1800 3937 1934 4014 (Lib.
1951 3941 2006 4005 ἰ,
2031 3955 2184 4012 capp.

605 4045 695 4114 56,
727 4045 830 4101 183
849 4045 888 4116 ).
913 4041 1046 4099 Cum
1077 4038 1253 4111 potius
1277 4081 1291 4107 ,
1331 4038 1377 4092 sl
1413 4035 1717 4106 exemplum
1743 4034 1903 4089 vellet
1928 4033 2183 4104 intelligi,

605 4139 706 4196 l‘er
731 4151 889 4193 unam
913 4133 1128 4198 diceret,
1160 4145 1286 4196 non,
1308 4141 1584 4200 perunum,
1605 4137 1764 4196 quam
1793 4131 2004 4180 constat
2022 4121 2184 4178 etiam

538 4275 546 4283 .
603 4231 702 4304 ipsi
731 4229 846 4285 viro
869 4241 967 4285 suo
983 4223 1288 4295 exemplum
1311 4221 1602 4294 praebuisse
1627 4217 1902 4289 peccandi.
1925 4217 2030 4273 Sed
2057 4217 2180 4288 quia

603 4323 946 4396 generatione
969 4325 1244 4390 peccatum
1271 4313 1486 4370 intravit
1511 4313 1564 4366 in
1592 4309 1866 4374 mundum,
1897 4309 2010 4364 sola
2032 4321 2187 4379 rcge-

605 4413 882 4469 neratione
905 4408 1220 4472 sanandum,
1249 4404 1372 4459 ideo
1397 4403 1554 4466 dixit,
1578 4415 1668 4470 per
1687 4413 1843 4454 unum
1865 4415 1884 4453 :
1905 4398 2029 4469 quia
2050 4399 2187 4453 sicut

605 4501 861 4558 humani‘
890 4498 1191 4568 exemplum
1220 4493 1421 4566 peccati
1447 4493 1610 4562 ctepit
1635 4505 1664 4545 ιι
1691 4490 1907 4555 femina,
1929 4490 2010 4545 sic
2027 4503 2190 4560 gene-

603 4593 741 4651 ratio
779 4591 940 4662 coepit
963 4605 994 4644 a
1023 4588 1168 4654 viro;
1203 4584 1606 4654 conceptionem
1633 4582 1828 4652 quippe
1863 4594 1983 4652 qua:
2009 4581 2078 4635 ad
2105 4581 2184 4636 fe-

602 4687 799 4740 minam
845 4682 1111 4754 pertinet,
1157 4676 1438 4733 seminatio
1465 4687 1586 4742 qua:
1621 4672 1688 4728 ad
1713 4673 1884 4726 virum
1912 4673 2180 4742 pertinet,

599 4775 746 4832 nullo
767 4774 1043 4829 dubitante
1069 4769 1340 4841 praecedit.
1369 4766 1476 4823 Sed
1503 4777 1630 4821 ecce
1655 4765 1930 4820 inventum
1955 4775 2040 4820 est
2065 4765 2184 4820 evi-

599 4866 966 4922 dentissimum
995 4862 1378 4922 testimonium,
1408 4860 1521 4914 sive
1549 4873 1577 4911 a
1607 4867 1658 4912 te
1678 4858 1816 4928 ipso,
1843 4857 1958 4912 sive
1985 4857 2054 4911 ab
2078 4857 2185 4912 alio

598 4958 691 5026 qui
730 4957 830 5010 hoc
859 4955 952 5010 tibi
981 4951 1224 5009 fortassis
1251 4949 1476 5020 obiecit,
1511 4949 1600 5003 ubi
1637 4949 1756 5004 sine
1786 4948 1891 5001 ulla
1926 4947 2184 5018 ambigui-

603 5055 712 5100 tate
739 5045 808 5100 ab
831 5059 938 5100 uno
961 5044 1064 5099 orti
1089 5043 1216 5097 dicti
1245 5049 1372 5096 sunt
1395 5039 1834 5104 innumerabiles,
1863 5053 1986 5093 cum
2012 5038 2181 5092 virum

601 5143 655 5188 et
680 5131 958 5198 feminam,
987 5133 1122 5187 duos
1161 5133 1344 5202 utique
1379 5138 1661 5200 parentes,
1700 5137 1761 5184 ut
1789 5129 2064 5185 orirentur
2089 5128 2184 5186 ha-

605 5221 852 5276 buerint:
881 5221 976 5276 sed
1000 5223 1198 5276 dictum
1219 5229 1302 5276 est
1327 5221 1644 5284 rectissime,
1667 5227 1883 5288 propter
1900 5219 2180 5276 exordium

603 5309 959 5378 generationis
981 5349 998 5374 ,
1039 5312 1180 5380 quod
1221 5327 1250 5365 a
1299 5311 1505 5366 semine
1534 5310 1632 5364 viri
1661 5318 1764 5366 est.
1795 5310 2032 5380 Denique
2058 5325 2181 5366 cum

606 5399 888 5454 laudabilia
915 5399 1034 5452 ﬁdei
1059 5401 1299 5469 exempla
1327 5409 1668 5470 preponeret,
1687 5400 1756 5454 ab
1778 5401 1894 5471 ipso
1911 5400 2042 5456 Abel
2063 5416 2180 5456 cas-

606 5489 700 5560 pit,
732 5499 788 5543 et
807 5499 1220 5542 commemorato
1246 5489 1510 5546 Abraham
1553 5493 1792 5561 pervenit
1833 5492 1900 5548 ad
1939 5491 2178 5548 Sarram.

669 5628 680 5655 '
707 5624 791 5686 sic?
815 5627 921 5686 Mss.
949 5629 1001 5671 At
1023 5623 1181 5684 Vlgn.,
1204 5621 1439 5686 ﬁdelium.

664 5687 684 5714 '
718 5681 1104 5746 Etiitimmntem'.
1128 5681 1423 5746 Cas'tigantur
1441 5695 1503 5732 ex
1529 5691 1634 5738 Mss.

666 5749 686 5777 ⁸
717 5747 788 5794 sic
808 5752 898 5790 διες
941 5745 1052 5809 ΡΑξίιί
1079 5745 1468 5809 θυιθιιιζαιῃιιηι
1485 5754 1562 5795 nlo

665 5815 682 5834 ο
709 5813 786 5853 sis.
816 5813 958 5859 i’ort..
985 5805 1256 5856 humanum.

1261 363 1504 421 OPERIS
1543 353 1950 418 iilPEllFEC'I‘l
1977 341 2252 405 CONTRA
2289 337 2648 412 tectarum,
2691 345 2749 401 s.
2794 343 3158 402 AUGUSTINI

3717 351 3864 408 1235

2284 458 2402 514 Jam
2431 461 2612 531 utique
2639 460 2706 514 ab
2732 457 2824 514 illo
2852 457 3169 526 transierat,
3199 467 3254 513 et
3289 457 3357 516 de
3389 461 3506 532 ejus
3527 463 3760 535 conjuge
3791 465 3872 520 io.

2282 549 2542 621 quebatur
2569 569 2581 604 :
2608 559 2662 606 et
2687 562 2862 606 tamen
2883 563 3003 606 ettm
3031 551 3098 605 ad
3127 553 3526 606 memorandam
3560 557 3872 624 generatio-

2285 653 2408 697 nem
2437 641 2682 697 immensi
2704 643 2881 713 populi
2910 651 3126 698 ventum
3151 651 3324 709 esset,
3350 643 3416 698 ad
3445 641 3589 699 illum
3619 659 3875 702 reversus

2284 741 2400 798 est;
2431 735 2553 804 quia
2585 733 2675 790 ille
2702 733 2914 804 genuit,
2953 729 3096 804 quod
3135 734 3225 788 illa
3266 736 3494 805 peperit.
3524 737 3678 803 Quod
3704 738 3746 791 si
3767 781 3782 804 ,
3819 747 3882 793 nt.

2284 825 2568 892 debueras,
2595 827 2893 896 cogitares,
2927 837 3034 879 non
3075 825 3478 896 blaspltcmnres
3509 827 3718 883 fidelem
3747 830 3874 884 fidei

2287 916 2714 986 prtedicatorcm,
2745 917 2834 988 qui
2861 913 3072 987 scripsit
3097 917 3413 988 Epistolam,
3437 929 3489 974 et
3515 919 3722 975 diceres
3745 935 3877 976 eum

2291 1023 2314 1061 ε
2341 1016 2455 1064 arte
2485 1008 2656 1063 laudis
2681 1005 3034 1062 admonitum.
3066 1023 3086 1059 ι
3113 1005 3251 1077 Quid
3267 1009 3620 1077 admonitum,
3651 1013 3880 1081 qmeso?

2287 1111 2354 1154 an
2385 1109 2441 1154 ut
2469 1099 2814 1166 mentiretur,
2857 1101 2925 1154 ab
2966 1111 3072 1154 uno
3113 1110 3364 1157 asserens
3409 1109 3592 1167 ortos,
3637 1103 3725 1171 qui
3771 1103 3880 1157 orti

2287 1202 2412 1248 sunt
2439 1205 2468 1246 a
2497 1191 2744 1247 duobus?
2773 1210 2794 1245 ι
2826 1192 3282 1248 accommodatius
3313 1207 3334 1244 ι
3363 1193 3644 1259 videlicet,
3673 1203 3730 1248 ut
3757 1194 3880 1249 exi-

2287 1285 2493 1348 stimas,
2527 1301 2546 1336 ι
2575 1284 2626 1339 id
2655 1297 2776 1340 esse
2795 1283 3147 1354 perpendens,
3177 1283 3246 1338 ad
3267 1283 3475 1340 laudem
3497 1287 3676 1355 operis
3703 1287 3816 1341 Dei.
3847 1301 3872 1340 ι

2289 1379 2509 1434 Multum
2535 1389 2684 1433 erras
2707 1395 2722 1432 :
2755 1391 2860 1432 non
2883 1378 3117 1433 delectat
3141 1378 3306 1434 Deum
3329 1377 3462 1433 falsa
3489 1379 3746 1434 laudatio.
3769 1381 3877 1437 So-

2290 1471 2370 1526 les
2399 1483 2516 1526 eam
2540 1479 2596 1524 tu
2616 1469 2828 1540 quidem
2853 1469 3081 1524 libenter
3102 1469 3358 1525 exhibere
3379 1469 3585 1525 libidini
3611 1485 3624 1524 :
3648 1472 3742 1527 sed
3763 1471 3880 1528 ral-

2288 1561 2356 1617 de
2377 1561 2621 1630 diSplicet
2647 1561 2846 1615 falsitas
2869 1559 3100 1616 veritati.
3124 1559 3258 1615 Nam
3281 1569 3336 1616 et
3356 1560 3457 1630 ipsi
3481 1560 3684 1618 libidini
3707 1569 3760 1618 te
3781 1575 3884 1618 cur

2291 1655 2562 1725 praebeas,
2599 1665 2708 1708 non
2746 1652 3072 1708 laudatorem
3093 1691 3109 1718 ,
3145 1652 3240 1708 sed
3284 1653 3644 1721 adulatorem,
3673 1657 3880 1712 nescio.

2289 1743 2554 1818 Numquid
2584 1745 2706 1800 ideo
2731 1753 2784 1800 te
2819 1745 2938 1815 plus
2971 1739 3212 1799 amabit?
3249 1743 3476 1800 Prorsus
3513 1741 3716 1801 falleris
3743 1765 3759 1802 :
3789 1748 3882 1803 illa

2289 1853 2396 1895 non
2425 1847 2568 1894 amat
2593 1838 2883 1902 hominem,
2905 1837 3000 1892 sed
3023 1837 3180 1907 plane
3201 1836 3458 1902 stimulat,
3485 1847 3544 1892 ut
3571 1849 3713 1895 amet
3731 1841 3880 1911 quod

2287 1943 2469 1986 amare
2499 1941 2604 1985 non
2629 1929 2806 1986 debet.
2833 1929 2889 1985 Si
2913 1938 3092 1984 autem
3129 1937 3305 2000 potest
3343 1941 3680 2001 quocumque
3721 1931 3878 1986 locn-

2290 2007 2449 2078 tionis
2490 2019 2651 2078 modo
2690 2033 2796 2076 non
2838 2021 3184 2086 mendaciter,
3225 2021 3320 2076 sed
3349 2023 3610 2079 veraciter
3635 2022 3780 2091 diei,
3813 2039 3882 2080 ex

2289 2127 2397 2170 uno
2437 2129 2557 2171 esse
2583 2125 2766 2182 ortos,
2808 2117 2899 2187 qui
2927 2116 3030 2171 o‘rti
3059 2121 3186 2172 sunt
3221 2129 3288 2172 ex
3317 2116 3562 2173 duobus:
3589 2129 3687 2173 cur
3725 2128 3885 2188 putas

2289 2209 2409 2266 Ideo
2434 2210 2830 2280 generationem
2857 2225 2964 2264 non
2989 2211 3230 2282 potuisse
3257 2207 3544 2276 insinuari,
3567 2211 3656 2266 ubi
3675 2209 3880 2266 dictum

2289 2309 2393 2369 est,
2422 2301 2522 2356 Per
2543 2317 2703 2356 unum
2734 2302 2988 2357 hominem
3013 2309 3275 2374 peccatum
3300 2301 3506 2356 intravit
3525 2301 3578 2356 in
3601 2301 3884 2366 mundum;

2289 2396 2411 2468 quia
2440 2396 2713 2467 generatio
2743 2395 2801 2450 iit
2837 2409 2934 2466 per
2962 2395 3095 2450 duos
3113 2435 3130 2463 ,
3159 2405 3264 2450 non
3303 2405 3399 2466 per
3426 2393 3623 2450 unum?
3649 2393 3784 2451 Cum
3811 2397 3886 2452 sit

2289 2487 2535 2544 omnibus
2565 2498 2748 2544 notum
2773 2531 2788 2556 ,
2826 2495 2919 2543 aut
2945 2501 3070 2544 eum
3097 2487 3302 2559 potius,
3332 2497 3426 2544 aut
3455 2488 3600 2558 prius
3625 2501 3884 2560 generare

2289 2579 2378 2649 qui
2409 2577 2663 2645 seminat;
2687 2579 2936 2635 feminam
2958 2591 3086 2636 vero
3111 2585 3200 2634 aut
3231 2593 3336 2634 non
3361 2591 3636 2650 generare,
3661 2577 3754 2635 sed
3784 2593 3882 2650 pa-

2289 2685 2432 2734 rere,
2455 2677 2546 2724 aut
2569 2665 2614 2725 si
2639 2679 2692 2725 et
2719 2669 2834 2740 ipse
2859 2679 3044 2741 partus
3071 2679 3214 2726 recte
3239 2669 3511 2741 generatio
3530 2669 3634 2726 dici
3665 2679 3878 2742 potest,

2293 2759 2436 2830 prius
2463 2773 2580 2815 eam
2609 2757 2678 2816 de
2705 2759 2819 2816 viro
2847 2770 3138 2832 generante
3161 2759 3476 2831 concipere,
3509 2769 3563 2816 et
3591 2769 3770 2831 postea
3795 2761 3880 2816 fe-

2291 2857 2401 2904 tum
2447 2861 2604 2921 quem
2648 2859 2968 2921 conceperat
3008 2865 3287 2922 generare.
3319 2849 3554 2907 Proinde
3591 2853 3882 2923 Apostolus

2289 2957 2411 2999 cum
2439 2949 2714 3014 peccatum
2741 2941 2794 2999 in
2821 2943 3106 3010 mundum,
3142 2943 3288 3014 quod
3329 2939 3575 2999 Christus
3601 2957 3884 3014 regenera-

2289 3035 2433 3091 tione
2469 3033 2728 3102 dilueret,
2759 3033 3103 3106 generatione
3141 3035 3372 3091 intrasse
3409 3031 3574 3091 vellet
3618 3032 3878 3106 intelligi;

2289 3141 2381 3198 per
2405 3141 2564 3181 unum
2594 3125 2845 3182 hominem
2865 3125 3018 3194 dixit,
3049 3125 3139 3198 qui
3163 3135 3288 3182 tunc
3306 3127 3388 3182 vel
3417 3125 3562 3198 prius
3589 3125 3670 3183 vel
3701 3127 3884 3196 potius

2288 3221 2596 3293 generavit:
2621 3221 2916 3293 praesertim
2943 3219 3088 3293 quia,
3113 3229 3170 3275 ut
3186 3217 3298 3292 jam
3321 3217 3574 3288 diximus,
3598 3227 3652 3276 et
3684 3217 3776 3276 tibi
3801 3221 3884 3275 in-

2287 3313 2606 3371 culcandum
2631 3323 2732 3381 est,
2755 3315 2802 3370 si
2829 3315 2930 3371 hoc
2957 3325 3172 3387 propter
3193 3316 3422 3386 exempli
3449 3315 3653 3371 diceret
3676 3315 3876 3385 princi-

2287 3415 2501 3476 patum,
2549 3419 2646 3477 per
2669 3419 2825 3461 Unam
2852 3403 3088 3472 diceret,
3117 3419 3182 3462 ex
3213 3419 3315 3478 qua
3343 3406 3568 3478 primum
3598 3407 3649 3461 in
3681 3417 3881 3476 genere

2291 3497 2523 3552 humano
2543 3493 2794 3567 peccandi
2817 3497 3076 3568 processit
3099 3497 3438 3566 exemplum;
3463 3503 3516 3551 et
3544 3495 3711 3567 magis
3739 3509 3880 3565 pra:-

2287 3585 2606 3644 termitteret
2622 3588 2814 3655 virum,
2837 3601 2994 3658 quem
3021 3587 3260 3643 mulieris
3279 3586 3604 3657 exemplum,
3633 3593 3691 3642 ut
3716 3587 3876 3643 etiam

2289 3677 2405 3752 ipse
2434 3687 2677 3749 peccaret
2705 3678 2982 3746 imitando,
3010 3688 3232 3734 noverat
3257 3675 3625 3734 subsecutum.

2362 3769 2647 3828 LXXXVI.
2677 3771 2797 3828 Jun.
2825 3771 2904 3830 Ad
2929 3768 3184 3828 Hebraeos
3222 3783 3386 3844 ergo,
3417 3771 3506 3828 ubi
3549 3769 3616 3828 de
3649 3785 3878 3844 genera-

2289 3861 2435 3920 tione
2459 3877 2636 3921 sermo
2662 3871 2765 3932 est,
2796 3879 2859 3920 ea:
2878 3879 2980 3919 uno
3009 3859 3257 3920 dicuntur
3287 3861 3436 3920 multi
3464 3863 3734 3921 exstitisse
3759 3884 3774 3920 :
3805 3863 3875 3920 ad

2288 3951 2561 4012 Romanos
2598 3964 2774 4011 autem
2793 3996 2808 4022 ,
2837 3953 2928 4010 ubi
2956 3951 3025 4011 dc
3053 3963 3276 4026 peccato
3304 3953 3593 4026 Apostolus
3621 3955 3875 4026 loquitur,

2291 4063 2382 4122 per
2415 4063 2573 4105 unum
2611 4045 2862 4104 hominem
2906 4047 2981 4104 ait
3019 4047 3246 4105 intrasse
3293 4059 3602 4120 peccatum;
3645 4063 3751 4120 quo
3779 4065 3877 4103 nu-

2289 4155 2439 4198 mero
2463 4139 2858 4199 absolutissima
2892 4153 2954 4198 se
2997 4137 3130 4197 nihil
3169 4135 3238 4196 de
3274 4141 3616 4212 generatione
3644 4140 3886 4196 sensi-se

2287 4231 2582 4305 perdocuit.

2361 4323 2494 4381 Anc.
2522 4321 2720 4380 Contra
2749 4337 2840 4380 res
2867 4331 3082 4394 apertas
3104 4323 3183 4380 sic
3212 4323 3379 4395 loqui,
3411 4335 3515 4378 non
3548 4331 3629 4378 θςι
3649 4365 3662 4385 ,
3695 4331 3750 4376 ιιι
3777 4337 3878 4392 pu-

2289 4423 2394 4482 tas,
2415 4415 2716 4486 eloquentia
2732 4411 3034 4482 laudabilis,
3057 4415 3152 4470 sed
3179 4413 3505 4470 incredibilis
3527 4411 3874 4483 impudentia.

2361 4503 2666 4564 LXXXVII.
2697 4505 2815 4564 Jun.
2850 4503 2948 4564 Ubi
2977 4515 3156 4564 autem
3194 4507 3262 4562 de
3292 4503 3504 4563 Christo
3534 4506 3745 4570 dicitur,
3779 4503 3879 4571 Qui

2289 4599 2590 4669 sanctiﬁcat,
2611 4609 2657 4655 et
2671 4597 3070 4670 sanctiﬁcanlur,
3089 4611 3154 4654 ea:
3169 4613 3266 4654 uno
3287 4611 3459 4654 omnes
3479 4597 3664 4671 (Hebr.
3683 4611 3742 4662 tl,
3763 4597 3874 4666 ll);

2291 4707 2395 4749 non
2425 4693 2492 4750 de
2516 4693 2703 4759 Adam,
2737 4693 2833 4750 sed
2861 4689 2929 4748 de
2957 4693 3066 4748 Deo
3092 4689 3258 4762 accipi
3284 4699 3479 4762 potest,
3503 4693 3657 4762 cujus
3681 4691 3876 4746 virtute

2289 4783 2532 4841 Christus
2560 4781 2848 4841 secundum
2881 4795 3094 4838 carnem
3126 4783 3293 4839 factus
3324 4791 3425 4850 est,
3450 4789 3505 4838 et
3523 4793 3681 4838 omne
3708 4795 3880 4853 genus

2245 4933 2252 4938 _
2291 4875 2578 4931 humanum
2605 4889 2617 4930 :
2638 4883 2692 4931 et
2713 4887 2806 4947 per
2827 4875 2928 4930 hoc
2949 4871 3012 4930 ad
3033 4871 3453 4930 labefactandam
3475 4871 3876 4944 intelligentiam

2289 4965 2558 5037 Apostoll,
2589 4979 2692 5038 qua
2720 4963 2856 5020 dixit
2881 4977 2975 5035 pcr
3003 4977 3164 5021 unum
3197 4961 3464 5020 hominem
3489 4973 3764 5034 peccatum
3799 4965 3879 5017 in-

2291 5067 2458 5114 trasse
2483 5057 2536 5112 in
2565 5055 2842 5121 mundum,
2863 5057 3088 5112 aliorum
3116 5055 3410 5112 similitudo
3435 5055 3720 5111 verborum
3743 5055 3874 5110 nihil

2288 5149 2456 5221 quivit
2479 5147 2670 5205 alicrre
2695 5150 2967 5205 momenti.
2995 5145 3206 5204 Ibereat
3235 5157 3409 5204 tamen
3439 5149 3490 5204 id
3515 5143 3654 5219 quod
3691 5147 3874 5218 sequi-

2289 5251 2374 5300 tur
2401 5245 2632 5300 maxime
2657 5243 2928 5315 prudentis
2953 5241 3132 5299 animo
3158 5243 3389 5310 lcetoris,
3421 5253 3477 5298 ut
3503 5243 3760 5314 intelligat
3789 5259 3876 5298 me

2289 5335 2543 5393 hactenus
2569 5337 2736 5390 multo
2766 5337 3038 5392 remissius
3067 5349 3225 5407 quam
3265 5349 3352 5392 res
3380 5337 3701 5408 postulabat,
3729 5337 3872 5407 egis-

2287 5441 2365 5484 se.
2391 5428 2659 5482 Patiamur
2687 5427 2903 5498 quippe,
2929 5437 2985 5482 ttt
3005 5423 3250 5498 plurimis
3275 5427 3596 5482 testimoniis
3616 5423 3872 5482 doceatur

2285 5521 2701 5591 generationem.
2729 5533 2848 5591 qum
2877 5519 2977 5574 nisi
3007 5531 3102 5589 per
3125 5519 3258 5574 duos
3289 5519 3400 5573 iicri
3427 5531 3536 5574 non
3557 5525 3753 5588 potest.
3785 5519 3868 5589 agi

2289 5621 2464 5666 tamen
2490 5611 2648 5665 etiam
2668 5625 2762 5680 per
2781 5625 2942 5665 unum
2969 5611 3144 5665 solere
3165 5610 3290 5665 dici.
3313 5609 3506 5665 Verum
3530 5609 3662 5664 nihil
3687 5609 3872 5680 opinio

2291 5699 2522 5756 traducis
2570 5701 2896 5770 promovebit
2929 5691 3105 5756 :cur?
3143 5700 3401 5756 Videlicet
3441 5699 3560 5770 quia
3599 5699 3702 5754 alia
3745 5709 3874 5754 sunt

2293 5807 2410 5863 qtae
2441 5791 2675 5858 abusive,
2699 5789 2796 5846 alia
2823 5803 2942 5862 qure
2977 5791 3189 5863 proprie
3227 5791 3486 5848 dicimus:
3510 5807 3638 5862 ergo
3661 5807 3722 5846 ra
3745 5807 3868 5864 qua:

2860 6501 2871 6506 _
2876 6501 2899 6506 _
2965 6499 3012 6506 ,.—
3075 6495 3132 6504 -
3173 6497 3240 6506 ᾧ
3283 6499 3356 6508 ﬁ
3394 6507 3395 6510 η
