4172 6504
336 348 470 409 1335

336 490 461 537 sunt
489 480 723 553 propria,
755 478 1141 550 appellationes
1181 489 1311 531 suas
1353 472 1468 529 sine
1498 470 1781 543 dispendio
1813 471 1922 525 lar-

334 578 584 649 giuntur;
627 589 691 630 ea
736 587 866 629 vero
907 582 1028 644 quae
1073 586 1169 642 per
1207 567 1609 639 usurpationem
1653 564 1921 630 dicuntur,

337 665 715 739 principalibus
748 665 942 733 rebus,
982 663 1230 720 videlicet
1260 661 1519 734 propriis,
1549 659 1924 715 deﬁnitionum

333 772 552 816 suarum
580 755 1019 830 praeiudicia-non
1044 754 1290 812 sinuntur
1314 750 1602 818 invehere;
1632 750 1797 821 [itque
1820 750 1924 806 hoc

333 858 506 906 totum
546 846 955 920 inculpabiliter,
994 860 1117 903 cum
1159 845 1320 902 rebus
1364 844 1433 901 de
1474 844 1665 915 quibus
1704 856 1809 897 non
1839 849 1966 898 est.

335 940 441 996 ulla
482 940 775 1008 dubitatio,
810 950 906 1012 per
934 939 1246 997 abusionem
1284 936 1541 993 vocabula
1584 932 1922 1005 impertimur

329 1032 519 1088 aliena.
1664 1094 1685 1115 .

396 1124 533 1180 Anc.
554 1122 663 1180 Sed
692 1134 748 1179 ιιι
772 1119 1181 1190 dubitationem,
1208 1121 1405 1193 apertis
1430 1119 1589 1177 etiam
1617 1117 1779 1175 rebus
1797 1130 1918 1188 qua:

322 1224 507 1269 contra
541 1226 593 1272 te
621 1216 835 1282 fuerint,
860 1216 1108 1271 illaturus
1133 1228 1213 1271 es.

391 1306 725 1366 LXXXVIII.
752 1308 870 1364 ιω..
902 1306 1166 1364 Caeterum
1213 1320 1336 1363 cum
1383 1320 1472 1362 res
1513 1302 1686 1375 aliqua
1729 1313 1915 1359 contra

318 1399 626 1470 opinionem
663 1402 904 1456 omnium
947 1413 1014 1457 eo
1055 1414 1306 1456 sermone
1348 1399 1635 1462 inducitur,
1667 1397 1721 1451 iu
1762 1395 1915 1466 cujus

257 1504 263 1511 '
319 1504 456 1545 sono
496 1490 658 1547 habet
697 1505 858 1548 omne
891 1491 1231 1563 praesidium;
1277 1491 1516 1562 graviter
1566 1494 1836 1560 peccatur,
1868 1486 1914 1542 si

315 1583 540 1654 proprio
578 1583 695 1653 ejus
734 1585 953 1641 nomine
990 1583 1057 1640 ad
1085 1597 1300 1638 manum
1332 1583 1538 1653 posito,
1580 1578 1913 1636 emendicata

314 1675 525 1730 abusivi
552 1676 915 1747 appellatione
950 1675 1209 1747 signetur.
1256 1675 1393 1730 Cum
1436 1688 1566 1745 ergo
1603 1673 1673 1729 de
1713 1672 1912 1729 fetibus

316 1778 502 1822 sermo
524 1776 629 1835 est,
659 1766 912 1839 quoniam
944 1768 1123 1823 nullus
1158 1765 1368 1824 dubitat
1404 1765 1533 1838 quin
1566 1774 1720 1820 natus
1757 1763 1909 1835 quis-

313 1870 417 1928 que
446 1859 585 1914 duos
611 1858 803 1915 haheat
831 1867 1102 1931 parentes,
1133 1873 1236 1914 nec
1261 1857 1363 1913 hoc
1384 1856 1797 1926 adstipulatione
1828 1855 1911 1910 ius

312 1949 498 2019 diget;
524 1961 629 2004 non
658 1946 1077 2007 incommodahit
1105 1948 1417 2013 intellectui,
1446 1949 1491 2003 si
1518 1947 1689 2003 dicam
1716 1962 1784 2001 ex
1805 1956 1911 2001 uno

312 2041 466 2097 illum
492 2056 612 2098 esse
637 2050 985 2113 generatum:
1014 2041 1282 2098 neminem
1323 2040 1520 2112 quippe
1548 2052 1728 2095 sermo
1758 2048 1910 2093 meus

308 2133 443 2188 adeo
480 2134 830 2203 permovebit,
860 2144 916 2189 ut
942 2143 1090 2205 putet
1110 2134 1262 2191 illum
1293 2133 1440 2189 nasci
1464 2141 1555 2188 aut
1580 2132 1698 2188 sine
1719 2138 1904 2204 patre,

306 2232 400 2277 aut
427 2224 556 2280 sine
582 2235 752 2281 matre
780 2226 1037 2297 potuisse.

375 2317 522 2372 Ave.
552 2316 719 2372 Natus
745 2316 959 2389 quidem
1003 2317 1139 2372 duos
1181 2324 1436 2388 parentes
1477 2315 1641 2372 habet
1673 2331 1687 2368 :
1717 2314 1813 2371 sed
1851 2320 1911 2370 ut

305 2417 585 2476 nascatur,
610 2425 749 2466 unus
776 2424 898 2466 eum
928 2410 1159 2466 serendo
1184 2409 1374 2481 gignit,
1397 2409 1563 2464 altera
1589 2407 1797 2464 edendo
1819 2421 1911 2478 ps-

305 2500 391 2555 rit.
420 2498 586 2557 Unde
614 2502 742 2557 satis
780 2507 1035 2573 apparet,
1062 2500 1147 2556 cui
1175 2501 1246 2556 sit
1284 2500 1654 2571 potissimum,
1693 2498 1780 2555 vel
1822 2498 1907 2555 cui

305 2592 544 2661 primum
567 2593 839 2663 generatio
867 2592 1179 2657 tribuenda;
1213 2596 1271 2648 ut
1288 2591 1506 2647 desinas
1532 2590 1694 2646 rebus
1712 2589 1765 2646 in
1786 2589 1908 2646 luce

240 2670 245 2677 ’
311 2682 504 2754 positis
533 2685 752 2740 nebulas
777 2684 1111 2755 loquacitatis
1144 2682 1442 2739 otl‘undete.
1469 2682 1600 2752 Quis
1625 2690 1807 2738 autem
1830 2682 1909 2738 sic

315 2774 573 2846 loquitur,
601 2784 660 2829 ιιι
681 2774 825 2830 dicat
849 2787 1171 2845 quemquam
1197 2786 1263 2830 ex
1284 2788 1395 2829 uno
1410 2773 1762 2844 generatum?
1785 2784 1908 2828 cum

314 2868 492 2922 οιιιιιίε
519 2867 610 2938 qui
637 2866 742 2920 hoc
769 2865 956 2932 audit,
987 2879 1093 2920 non
1136 2865 1335 2935 cogitet
1352 2863 1483 2919 ‘nisi
1531 2872 1736 2934 patrem
1758 2902 1775 2930 ,
1807 2876 1910 2920 nec

320 2956 595 3012 hominem
620 2954 935 3011 seminando
950 2963 1172 3025 generet
1196 2955 1214 2986 ⁸
1237 2954 1338 3008 nisi
1359 2969 1495 3008 unus
1520 2962 1688 3024 pater.
1712 2953 1819 3009 Sed
1840 2968 1907 3010 ex

318 3063 427 3104 uno
454 3047 692 3118 generati
712 3044 822 3102 duo
842 3046 927 3102 vel
957 3044 1137 3117 plures
1157 3052 1305 3101 recte
1329 3043 1433 3100 dici
1462 3042 1658 3110 solent,
1681 3044 1772 3116 qui
1799 3054 1908 3099 non

317 3142 515 3198 habere
540 3153 703 3194 unum
742 3147 947 3210 patrem
988 3145 1206 3209 possent
1244 3136 1559 3194 existimari.
1602 3135 1704 3192 IJbl
1729 3143 1907 3191 autem

317 3243 468 3304 pater
487 3242 545 3287 et
568 3240 737 3286 mater
758 3239 883 3287 sunt
921 3228 1226 3301 cogitandi,
1254 3229 1376 3299 quis
1396 3240 1464 3284 ex
1487 3240 1596 3283 uno
1619 3236 1776 3283 natus
1802 3226 1909 3283 nisi

316 3324 650 3381 mendaciter
676 3323 906 3379 dicitur?
932 3319 1201 3393 Numquid
1243 3320 1385 3376 enim
1406 3361 1423 3387 ,
1469 3320 1515 3375 si
1563 3317 1907 3374 manifestum

316 3415 389 3469 sit
414 3414 554 3469 duos
583 3413 738 3468 simul
769 3412 1109 3478 ambulasse,
1137 3417 1227 3466 aut
1266 3408 1466 3480 aliquid
1505 3406 1666 3465 simul
1701 3410 1905 3480 egisse,

316 3508 438 3564 ideo
465 3507 586 3563 sine
612 3505 892 3562 mendacio
915 3504 1051 3560 dicis
1071 3516 1238 3560 unum
1267 3502 1592 3567 ambulasse,
1623 3508 1717 3557 aut
1742 3512 1907 3556 unum

318 3599 423 3656 hoc
455 3598 666 3668 egisse,
694 3594 820 3668 quia
847 3594 1191 3652 manifestum
1216 3605 1300 3650 est
1326 3594 1464 3650 duos
1502 3593 1704 3650 fuisse?
1721 3593 1910 3651 Nonne

316 3690 832 3747 mendacium‘tuutn
872 3695 1022 3745 tanto
1057 3688 1161 3743 erit
1185 3686 1548 3759 impudentius
1571 3728 1586 3752 ,
1614 3696 1816 3759 quanto
1840 3688 1908 3743 il-

318 3783 407 3839 Iud
446 3782 724 3853 apertius?
763 3782 986 3837 Ponitur
1009 3779 1228 3852 quidem
1265 3788 1321 3836 et
1346 3779 1630 3852 singularis
1653 3789 1910 3835 numerus

319 3890 418 3947 pro
447 3876 673 3948 plurali,
710 3874 917 3945 tropica
943 3874 1214 3929 locutione
1232 3915 1248 3940 ,
1280 3873 1419 3928 sicut
1442 3872 1495 3927 in
1525 3872 1694 3944 plagis
1716 3872 1911 3942 quibus

322 3980 574 4039 percussa
603 3977 688 4023 est
721 3966 1023 4039 Egyptus,
1066 3967 1155 4021 ubi
1193 3965 1390 4021 dicitur
1425 3979 1558 4020 rana
1595 3966 1678 4020 vel
1708 3965 1910 4021 locusta

321 4060 589 4113 unmern'
626 4058 812 4128 utique
854 4056 1109 4127 singulari
1152 4057 1171 4123 (
1197 4053 1343 4110 Psal.
1378 4069 1586 4121 Limn,
1616 4057 1719 4122 45,
1742 4054 1833 4121 46,
1864 4064 1911 4109 et

328 4151 471 4205 Psal.
495 4165 602 4216 etv,
633 4151 704 4206 34
724 4152 763 4219 ),
787 4162 909 4204 cum
937 4144 1118 4203 multa:
1144 4146 1378 4204 fuerint:
1411 4146 1455 4202 si
1486 4156 1663 4201 autem
1701 4145 1911 4201 dicere-

327 4252 412 4297 tur
454 4256 582 4295 rana
626 4255 727 4294 una
748 4278 763 4305 ,
791 4239 877 4295 vel
914 4238 1115 4294 locusta
1145 4251 1283 4303 una;
1312 4237 1432 4309 quis
1469 4236 1737 4292 dubitaret
1765 4244 1914 4292 tanto

329 4349 453 4391 esse
482 4335 582 4388 hoc
620 4330 955 4388 mendacium
981 4331 1171 4386 vanius
1192 4366 1208 4397 ,
1255 4338 1457 4401 quanto
1485 4338 1569 4385 est
1598 4326 1689 4383 illa
1713 4324 1914 4383 veritas

324 4424 558 4482 clarior?
584 4423 782 4479 Desine
822 4423 983 4495 igitur
1020 4423 1150 4479 istos
1180 4423 1355 4479 fumos
1382 4422 1688 4478 hominibus
1724 4421 1913 4485 harum

327 4530 511 4573 rerum
533 4512 944 4584 imperitissimis
961 4513 1228 4582 vendere;
1255 4523 1311 4571 et
1335 4528 1430 4585 per
1453 4529 1617 4569 unum
1642 4514 1914 4570 hominem

326 4613 381 4665 in
408 4606 665 4664 mundum
690 4608 920 4661 intrasse
938 4615 1236 4677 peccatum,
1261 4621 1366 4661 non
1394 4607 1534 4661 sicut
1558 4614 1638 4671 tu,
1660 4605 1758 4661 sed
1779 4606 1918 4660 sicut

327 4699 619 4775 Apostolus
637 4698 787 4766 dicit,
811 4697 1066 4769 intellige.
1095 4697 1198 4754 Per
1225 4712 1393 4753 unum
1420 4698 1619 4769 quippe
1646 4698 1915 4754 hominem

330 4808 439 4851 non
476 4791 725 4863 exemplo
755 4789 1147 4861 praecedentem
1173 4789 1195 4860 (
1220 4803 1344 4844 nam
1375 4787 1479 4844 hoc
1512 4787 1581 4843 de
1610 4786 1805 4842 femina
1832 4787 1918 4843 di-

328 4886 603 4960 ceretur),
630 4884 723 4942 sed
753 4883 1016 4957 principio
1040 4891 1384 4954 generantem
1410 4923 1425 4947 ,
1453 4880 1574 4952 quia
1606 4880 1752 4951 prior
1779 4879 1921 4936 sevit

329 4982 473 5054 quod
502 4982 593 5037 illa
616 4980 945 5050 conciperet,
972 4985 1028 5033 et
1051 4976 1166 5048 ipse
1190 4976 1375 5048 genuit
1401 4973 1542 5046 quod
1574 4973 1662 5028 illa
1683 4980 1915 5043 pareret,

332 5085 609 5145 peccatum
649 5072 865 5130 intravit
904 5071 957 5126 in
987 5068 1287 5125 mundum:
1314 5068 1453 5124 sicut
1496 5066 1754 5138 scriptum
1799 5074 1917 5133 est,

336 5169 590 5226 Abraham
616 5167 784 5239 genuit
804 5164 979 5230 Isaac,
1007 5163 1159 5220 Isaac
1184 5161 1356 5235 genuit
1371 5158 1555 5224 Iacob,
1593 5169 1648 5216 et
1687 5173 1783 5228 per
1816 5173 1922 5214 GB-

340 5261 886 5331 terassubsequentes
910 5255 1284 5329 generationes
1313 5253 1411 5309 ista
1438 5250 1638 5309 locutio
1664 5265 1920 5322 perseve-

340 5363 462 5419 rat;
493 5365 591 5407 nec
617 5349 816 5405 dictum
858 5356 975 5414 est,
1018 5345 1288 5402 Abraham
1338 5354 1394 5400 et
1433 5343 1594 5400 Sarra
1622 5349 1924 5414 genuerunt

342 5445 509 5511 tsasc,
531 5454 641 5509 aut,
669 5443 815 5498 Isaac
834 5449 888 5496 et
914 5439 1154 5495 Rebecca
1183 5447 1487 5511 genuerunt
1510 5435 1677 5492 Iacob
1702 5454 1717 5491 :
1749 5442 1806 5491 et
1830 5433 1921 5490 ubi

342 5534 964 5594 matres‘commemorari
991 5532 1348 5587 necessarium
1370 5530 1487 5597 iuit,
1515 5543 1622 5585 non
1641 5528 1715 5582 ait
1739 5526 1920 5582 Evan-

404 5689 423 5720 ⁸
453 5695 528 5739 Sic
547 5695 654 5737 Mss.
674 5691 730 5747 Αι
744 5683 904 5747 vign.,
920 5694 1004 5731 nec
1020 5680 1266 5747 hominem
1295 5679 1571 5747 generando
1592 5679 1808 5731 seminet.

403 5752 424 5782 ⁸
457 5758 617 5813 “gn”
640 5745 712 5798 rei
744 5742 922 5795 locusta
958 5743 1123 5808 utique
1165 5742 1403 5808 singulari
1417 5756 1437 5806 ;
1476 5744 1671 5804 omisso,
1696 5753 1925 5803 numero,

338 5812 468 5872 quod
508 5812 585 5863 est
628 5812 677 5861 iu
721 5816 824 5859 Mss.

1685 336 1884 394 LIBER
1923 335 2236 395 TERTIUS.

3489 355 3510 411 l
3521 354 3623 410 286

2032 470 2238 538 gelistu,
2262 471 2426 545 Judas
2450 485 2504 529 et
2531 477 2761 534 Thamar
2785 492 3087 560 genuerunt
3118 485 3316 544 Phares
3335 493 3391 545 et
3408 489 3616 563 Zaran;

2030 562 2127 616 sed
2154 564 2248 630 ait,
2273 564 2441 620 ludas
2468 570 2637 637 genuit
2671 572 2735 627 de
2768 572 2992 629 Thamar
3016 575 3036 649 (
3060 576 3246 633 Matth.
3275 595 3314 647 t,
3341 581 3397 645 2.
3417 582 3497 655 ὅ)
3524 602 3536 639 :
3566 596 3622 641 et

2031 655 2348 727 ubicumque
2377 659 2617 730 adjunxit
2644 672 2702 718 et
2738 676 2969 735 matres,
3000 673 3408 740 generationem
3440 685 3616 733 tamen

2030 746 2266 814 patrihus
2279 747 2446 817 dedit,
2465 765 2569 807 non
2599 753 2803 823 dicens,
2825 756 2917 813 Ille
2939 768 2993 815 et
3012 758 3100 815 illa
3121 774 3417 833 genuerunt
3443 763 3612 835 illum,

2026 838 2142 904 sed,
2174 839 2265 895 Ille
2288 843 2472 911 genuit
2497 844 2642 899 illum
2667 846 2736 901 de
2762 848 2847 903 illa
2875 865 2888 905 :
2911 850 3053 908 unde
3073 853 3337 927 intelligas
3365 872 3433 914 eo
3452 860 3615 915 modo

2024 929 2244 998 dictum,
2271 947 2339 989 ex
2370 951 2475 991 uno
2495 938 2767 996 Abraham
2788 944 2996 1013 genitos
3022 961 3143 1004 esse
3170 949 3610 1021 innumerabiles,

2024 1024 2147 1093 quia
2179 1025 2291 1096 ipse
2314 1027 2433 1083 illos
2452 1031 2633 1101 genuit
2655 1047 2791 1090 unus
2819 1053 2887 1092 ex
2911 1037 3091 1094 Sarra.
3124 1038 3354 1114 Ideoque
3382 1043 3604 1116 dictum,

2025 1116 2133 1174 Per
2150 1135 2308 1174 unum
2328 1122 2578 1178 hominem
2600 1138 2863 1195 peccatum
2880 1131 3084 1187 intrauit
3103 1133 3157 1188 in
3177 1138 3442 1205 mundum,
3463 1149 3520 1192 ιιι
3542 1138 3614 1194 in-

2016 1210 2351 1281 telligeretur
2375 1214 2444 1269 ibi
2473 1220 2829 1286 generationis
2847 1222 3076 1291 initium,
3102 1226 3242 1295 quod
3266 1242 3331 1282 ex
3353 1228 3467 1283 viro
3493 1240 3609 1293 est;

2022 1314 2129 1356 non
2147 1302 2456 1361 imitationis
2470 1309 2797 1379 exemplum,
2815 1313 2958 1384 quod
2977 1314 3027 1369 in
3049 1333 3245 1386 genere
3266 1319 3500 1377 humano
3520 1340 3614 1394 per

2019 1411 2179 1453 unam
2197 1402 2404 1469 potius,
2432 1418 2591 1475 quam
2624 1418 2720 1475 per
2747 1424 2911 1464 unum
2941 1411 3157 1467 intravit
3184 1414 3236 1468 in
3267 1417 3545 1472 mundum.

2088 1485 2377 1547 LXXXIX.
2408 1493 2527 1550 Jun.
2557 1495 2688 1552 Cum
2718 1513 2848 1554 vero
2885 1500 2953 1556 de
2990 1513 3211 1572 peccato
3237 1507 3435 1576 agitur,
3466 1508 3608 1578 quod

2016 1592 2200 1638 contra
2226 1585 2465 1642 omnium
2493 1587 2798 1660 opinionem
2826 1602 2882 1648 et
2908 1607 3121 1650 omnem
3151 1596 3410 1654 rationem
3438 1600 3611 1656 simu-

2017 1674 2158 1730 latur
2195 1676 2507 1747 ingenitum.

2085 1767 2222 1826 Anc.
2252 1769 2369 1825 Non
2390 1781 2575 1827 contra
2593 1765 2831 1830 omnium
2853 1772 3157 1847 opinionem
3178 1790 3502 1853 omnemque
3523 1795 3607 1838 ra-

2014 1859 2214 1916 tionem
2241 1862 2554 1932 simulatur;
2581 1864 2675 1921 sed
2703 1877 2889 1923 contra
2918 1879 3152 1925 vesnum
3181 1885 3439 1939 errorem,
3471 1880 3608 1931 teste

2014 1948 2287 2021 Scriptura
2305 1993 2321 2019 ,
2350 1961 2404 2008 et
2430 1953 2542 2024 ipsa
2568 1955 2778 2025 generis
2807 1955 3025 2014 humani
3053 1961 3265 2017 miseria
3284 2002 3303 2030 ,
3329 1972 3604 2034 peceatum

2012 2041 2273 2112 originale
2298 2052 2646 2101 monstratur.

2084 2130 2196 2189 XC.
2223 2134 2340 2191 lue.
2374 2134 2442 2191 Et
2467 2136 2569 2193 hoc
2595 2146 2870 2209 peccatum
2899 2139 3154 2199 transisse
3177 2155 3276 2215 per
3293 2158 3459 2201 unum
3482 2156 3606 2216 pro-

2015 2225 2130 2296 prie
2157 2224 2379 2294 dicitur,
2411 2228 2457 2283 si
2493 2228 2798 2302 exemplum
2835 2227 3177 2303 delinquendi
3219 2234 3447 2307 pmhuit
3474 2254 3490 2293 :
3519 2237 3602 2293 in-

2012 2317 2518 2377 convenientissime
2553 2330 2729 2376 autem
2750 2363 2765 2387 ,
2792 2323 2836 2377 si
2865 2333 3144 2394 peccatum
3174 2326 3314 2380 istud
3340 2326 3603 2397 ingenuit,

2012 2408 2155 2479 quod
2180 2408 2247 2464 ad
2273 2420 2517 2482 posteros
2537 2412 2638 2468 nisi
2664 2427 2761 2484 per
2780 2410 2917 2469 duos
2943 2415 3168 2472 transire
3194 2431 3299 2472 non
3321 2420 3492 2488 potuit
3515 2436 3530 2474 :

2083 2501 2220 2557 Anc.
2250 2498 2362 2556 lmo
2390 2516 2487 2572 per
2512 2517 2676 2559 unum
2710 2500 2956 2573 intravit,
2987 2519 3018 2561 a
3043 2520 3150 2577 quo
3175 2509 3493 2564 semiustum
3522 2519 3604 2567 est

2011 2591 2154 2661 quod
2182 2592 2386 2662 peperit
2411 2593 2499 2649 illa
2525 2611 2540 2649 :
2572 2592 2877 2668 exemplum
2902 2607 3083 2654 autem
3109 2599 3163 2655 in
3188 2600 3277 2656 illa
3304 2600 3601 2673 praecessit,

2011 2680 2154 2754 quod
2184 2692 2401 2740 secutus
2428 2694 2510 2742 est
2538 2687 2646 2744 ille.

2084 2773 2219 2829 XCI.
2256 2774 2377 2830 ιω..
2413 2776 2985 2853 Commendaveritque
3019 2784 3307 2854 Apostolus
3348 2785 3605 2845 transisse

2012 2874 2286 2936 peccatum
2306 2908 2322 2933 ,
2350 2867 2445 2924 sed
2470 2883 2576 2925 non
2603 2885 2703 2941 per
2725 2888 2920 2939 unum;
2952 2872 3353 2946 ostenderitque
3382 2879 3484 2933 hoc
3510 2893 3603 2935 ve-

2011 2956 2142 3013 ritas
2169 2956 2236 3013 ad
2262 2960 2564 3029 exemplum
2590 2961 2806 3033 proprie
2830 2965 3094 3035 pertinere
3118 2985 3131 3021 :
3156 2966 3475 3024 intolerabili
3506 2971 3606 3025 im-

2012 3047 2264 3117 pudentia
2292 3048 2660 3110 Traducianus
2698 3052 2857 3123 facit,
2901 3064 2959 3111 ut
3001 3054 3145 3114 dicat
3181 3067 3236 3115 et
3272 3059 3339 3115 ad
3367 3076 3427 3118 se
3454 3062 3602 3117 illum

2011 3150 2291 3197 numerum
2321 3141 2575 3200 innexum
2601 3144 2859 3204 abusione
2887 3152 3210 3221 pertingere.

2081 3235 2220 3293 Anc.
2246 3236 2386 3304 Quid
2415 3246 2498 3294 est
2521 3238 2663 3309 quod
2695 3246 2799 3295 tam
2839 3257 2984 3312 saepe
3024 3259 3161 3297 novo
3202 3241 3417 3317 nomine
3453 3246 3604 3315 quasi

2010 3329 2398 3385 Contumelioso
2427 3343 2586 3401 agere
2614 3338 2666 3386 te
2691 3339 2864 3402 putas,
2898 3343 2958 3389 ut
2985 3333 3214 3406 fugiulur
3242 3334 3438 3390 veritas
3461 3338 3602 3392 anti-

2010 3420 2255 3492 quissimi
2280 3422 2526 3480 catholici
2547 3423 2831 3495 dogmatis,
2855 3426 2982 3482 dum
3008 3428 3216 3482 novitas
3235 3432 3607 3499 expavescitnr

2012 3515 2283 3572 nominis?
2319 3516 2458 3585 Quid
2497 3532 2605 3573 non
2644 3527 2822 3587 potest
2864 3518 2967 3574 isto
3009 3519 3168 3574 modo
3210 3519 3481 3575 derideri?
3509 3520 3605 3575 sed

2014 3610 2281 3677 vanitate,
2324 3625 2431 3665 non
2463 3610 2781 3666 urbanitate.
2811 3611 3101 3683 Apostolus
3128 3615 3271 3669 enim
3306 3610 3469 3678 dicit,
3507 3610 3605 3668 I’er

2013 3721 2170 3759 unum
2198 3704 2452 3759 hominem
2496 3713 2756 3775 peccatum
2793 3705 2996 3760 intravit
3033 3706 3087 3761 in
3124 3712 3400 3774 mundum,
3444 3716 3490 3760 et
3517 3724 3609 3776 per

2016 3805 2275 3866 peccatum
2318 3813 2452 3851 mors
2470 3812 2491 3861 ;
2527 3804 2574 3852 et
2609 3796 2681 3850 ita
2719 3794 2772 3851 in
2809 3814 2984 3852 omnes
3027 3794 3253 3852 homines
3293 3798 3603 3870 pertransiit.

2018 3890 2144 3946 llaec
2180 3890 2345 3946 verba
2375 3888 2584 3959 utrique
2611 3886 2931 3961 suscipimus
2963 3907 2978 3945 :
3013 3890 3060 3948 si
3103 3906 3235 3962 ergo
3274 3906 3372 3947 nos
3400 3889 3606 3947 Tradu-

2016 3980 2153 4038 ciani
2183 3982 2368 4038 sumus
2399 3990 2619 4053 propter
2646 3990 2922 4053 peccatum
2951 3980 3092 4053 quod
3120 3983 3468 4054 generatione
3498 3992 3607 4038 tra-

2016 4073 2232 4129 ductum
2262 4081 2380 4142 est,
2409 4078 2467 4129 ut
2504 4073 2557 4128 in
2597 4088 2788 4130 omnes
2820 4073 3067 4130 homines
3102 4076 3485 4146 pertransiret;
3516 4090 3610 4128 vos

2015 4162 2335 4221 Traduciani
2376 4162 2509 4222 estis
2548 4174 2767 4237 propter
2808 4173 3084 4236 peccatum
3128 4166 3270 4237 quod
3315 4162 3611 4220 imitatione

2019 4254 2318 4311 traductum
2339 4269 2459 4311 esse
2478 4252 2696 4326 ﬁngitis,
2718 4252 2849 4311 utin
2871 4269 3062 4310 omnes
3084 4253 3333 4310 homines
3351 4264 3612 4326 pertrans-

2019 4349 2124 4405 iret
2145 4349 2201 4415 ¹;
2231 4356 2286 4404 et
2314 4347 2461 4420 prior
2486 4348 2775 4419 Apostolus
2806 4344 3175 4403 Traducianus
3210 4346 3487 4417 apparuit,
3519 4347 3612 4417 qni

2018 4439 2134 4496 sive
2154 4438 2258 4496 hoc
2277 4436 2419 4510 quod
2442 4455 2564 4495 eum
2586 4440 2821 4497 sensisse
2839 4439 3044 4496 clarum
3066 4446 3170 4508 est,
3189 4438 3301 4495 sive
3322 4439 3447 4495 illud
3468 4439 3610 4510 quod

2019 4530 2251 4588 errando
2275 4531 2451 4587 dicitis
2478 4533 2738 4599 senserit;
2768 4541 3045 4602 peccatum
3074 4542 3249 4587 tamen
3277 4532 3612 4587 inmundum

2021 4638 2118 4695 per
2158 4638 2322 4678 unum
2360 4621 2629 4678 hominem
2668 4623 2929 4691 intrasse,
2960 4632 3014 4678 et
3050 4623 3105 4676 in
3140 4637 3329 4677 omnes
3368 4621 3616 4676 homines

2022 4714 2375 4783 pertransisse
2400 4711 2645 4779 dicendo,
2677 4711 2835 4782 hujus
2860 4713 3197 4768 occasionem
3224 4708 3453 4767 nominis
3479 4726 3615 4781 prue-

2022 4804 2154 4860 buit.
2186 4802 2242 4860 Si
2270 4812 2448 4858 autem
2481 4802 2713 4858 traducis
2757 4818 2952 4859 nomen
2997 4801 3083 4858 his
3119 4802 3298 4858 verbis
3334 4817 3439 4857 non
3479 4817 3614 4856 con-

2025 4894 2203 4961 venit,
2230 4894 2316 4950 ubi
2347 4893 2541 4949 dicitur
2568 4908 2663 4965 per
2687 4908 2849 4948 unum
2881 4892 3151 4950 hominem
3188 4896 3454 4959 intrasse,
3482 4901 3536 4949 et
3564 4893 3616 4948 in

2023 5004 2212 5044 omnes
2230 4986 2477 5043 homines
2499 4986 2853 5057 pertransisse
2873 4993 3147 5056 peccatum
3168 4999 3185 5050 ;
3212 5000 3312 5040 nec
3337 4983 3490 5039 nobis
3516 4985 3616 5039 hoc

2027 5096 2242 5142 nomen.
2275 5094 2374 5135 nec
2401 5078 2576 5146 vobis,
2607 5094 2707 5134 nec
2732 5078 2988 5149 Apostolo
3012 5077 3266 5132 convenit
3296 5095 3310 5133 :
3341 5076 3434 5133 sed
3459 5077 3616 5148 plane

2028 5173 2130 5230 hoc
2157 5172 2371 5239 dicere,
2404 5171 2504 5227 hoc
2531 5171 2794 5239 olijicere,
2823 5167 2928 5224 hoc
2959 5167 3173 5224 assidue
3210 5165 3500 5239 odioseque
3528 5183 3617 5224 re-

2030 5274 2209 5336 petere
2228 5306 2244 5332 ,
2277 5264 2489 5334 ineptiae
2515 5270 2706 5319 vestrm
2729 5260 2859 5316 satis
2884 5258 3153 5316 convenit.

2099 5356 2257 5414 XCII.
2288 5355 2406 5412 Jun.
2438 5354 2568 5410 Nam
2600 5367 2722 5409 cum
2761 5351 3053 5408 inauditum
3093 5358 3389 5405 monstrum
3438 5349 3542 5414 sit,
3575 5363 3620 5403 sv

2028 5449 2220 5523 dogma
2246 5450 2405 5507 etiam
2433 5446 2733 5513 tolerabile,
2766 5458 2960 5502 novum
2992 5452 3168 5500 tamen
3192 5484 3207 5509 ,
3235 5441 3429 5512 aliquis
3454 5440 3616 5495 relin.

2095 5675 2114 5707 ι
2139 5676 2321 5738 lacuna
2352 5670 2435 5738 hic
2454 5669 2632 5738 eratin
2658 5667 2823 5738 editis,
2847 5677 3030 5738 nempe
3065 5677 3092 5715 a
3115 5657 3620 5738 verbistro‘s:

2032 5717 2437 5847 (nauigio—ad
2461 5717 2684 5792 verbum,
2706 5717 3042 5795 peni-tutatust:
3060 5717 3369 5789 expleturos
3390 5717 3619 5766 librorum

2037 5808 2140 5848 Mss.
2232 5810 2279 5846 e.
3324 5807 3329 5813 -
