4126 6520
565 359 702 416 ιίὶὸῗ

559 485 732 545 quens
767 465 980 541 propria
1003 508 1019 534 ,
1055 464 1290 519 almsivis
1318 461 1494 516 verbis
1522 457 1755 513 comlcre
1785 453 2148 524 ambiguisquc

559 571 781 620 conetur
809 581 823 616 :
857 572 966 616 tum
1001 558 1138 614 istud
1181 556 1385 610 infinite
1423 553 1717 608 deformius
1751 561 1860 608 est,
1893 545 2032 617 quod
2066 559 2153 598 res

560 657 824 712 obscenas
849 663 901 708 et
931 652 1025 706 Dei
1063 648 1321 718 justitiam
1357 645 1703 700 criminantes
1722 683 1738 707 ,
1769 651 1874 694 tam
1904 635 2152 704 ancipiti-

562 748 660 802 bus
689 745 1016 816 Augustinus
1043 742 1229 796 nititur
1255 737 1572 794 confirmare
1613 731 1890 788 sententiis
1909 770 1924 794 ,
1968 737 2024 780 ιιι
2060 733 2153 816 eas

560 847 746 892 contra
781 815 840 890 se
875 832 1092 905 proprie
1111 872 1126 894 ,
1151 845 1250 900 pro
1276 843 1334 883 se
1363 835 1539 880 autem
1571 823 1810 892 precario
1839 833 2033 874 sonare
2067 815 2150 870 fa-

563 937 752 984 teatur.
783 925 1142 994 Quisquamne
1172 920 1498 976 eruditorum
1540 915 1613 969 illi
1653 920 1967 984 argumento
2003 910 2150 976 tidat,

561 1021 702 1090 quod
736 1034 858 1074 cum
891 1019 942 1071 in
965 1016 1053 1086 jus
1081 1015 1319 1075 venerit,
1350 1011 1417 1066 ab
1445 1008 1666 1063 inimico
1704 1005 1825 1074 ejus
1841 1002 2000 1074 quasi
2029 1018 2152 1056 ver-

563 1113 842 1173 naculum.
871 1109 940 1166 ab
977 1110 1072 1164 illo
1107 1120 1234 1162 vero
1272 1103 1421 1176 quasi
1453 1101 1730 1172 fugitivum
1761 1096 2154 1168 plagiatumqtie

562 1202 854 1276 pcnsctur?

635 1297 768 1351 Atto.
799 1295 874 1350 Dc
901 1292 1077 1348 verbis
1107 1289 1340 1346 abusivis
1368 1297 1421 1343 et
1451 1283 1679 1356 propriis
1705 1298 1766 1338 ea
1795 1280 2029 1350 loqueris
2049 1321 2065 1346 ,
2095 1287 2154 1332 ιιι.

563 1388 836 1443 hominum
879 1385 1145 1456 paucitate
1183 1389 1487 1450 contempta
1527 1376 1614 1446 qui
1663 1384 1714 1430 te
1761 1373 2060 1442 intelligunt
2101 1379 2156 1424 et

561 1481 836 1536 inVeniuut
859 1477 1196 1537 delirantem,
1223 1472 1390 1541 eligas
1418 1469 1596 1523 multis
1621 1465 1710 1538 qui
1747 1475 1798 1519 te
1823 1479 1927 1518 non
1955 1461 2154 1516 intelli-

559 1579 722 1642 gunt,
754 1568 916 1624 videri
957 1566 1134 1622 dicere
1161 1562 1396 1632 aliquid,
1425 1576 1544 1616 cum
1580 1558 1729 1613 dicas
1765 1556 1916 1610 nihil.
1965 1554 2153 1609 Melius

559 1679 685 1735 ergo
707 1662 888 1734 paucis
913 1659 1086 1714 doctis
1113 1666 1166 1712 te
1193 1657 1458 1725 relinquo,
1486 1653 1576 1724 qui
1606 1661 1662 1706 et
1688 1666 1774 1706 me
1801 1665 1907 1704 nou
1933 1647 2154 1703 demon-

558 1766 782 1820 slrante,
814 1751 1066 1807 facillime
1101 1748 1403 1818 intelligunt
1431 1755 1482 1800 te
1515 1743 1644 1798 nihil
1676 1741 1886 1806 dicere,
1915 1754 2072 1808 quam
2103 1747 2154 1792 tc

559 1844 884 1909 refellendo,
919 1841 1162 1914 quamvis
1199 1854 1325 1894 vera
1363 1837 1536 1892 dicam
1557 1877 1572 1900 ,
1603 1851 1666 1889 ea
1699 1849 1820 1904 quzn
1860 1831 2012 1886 multi
2044 1845 2149 1884 non

556 1939 856 2008 intelligunt
899 1935 1042 1990 dico.
1091 1932 1468 1987 Verumtamen
1517 1926 1606 1981 ubi
1656 1925 1856 1980 dictum
1899 1932 2016 1986 est,
2051 1919 2154 1976 Per

555 2047 711 2084 unum
741 2027 995 2082 hominem
1025 2032 1286 2096 peccatum
1313 2019 1516 2074 intravit
1546 2018 1598 2072 iu
1627 2017 1902 2076 mundum,
1936 2022 2154 2083 propter

553 2118 912 2192 generationis
941 2123 1248 2180 auctorem,
1283 2111 1403 2167 ideo
1447 2110 1672 2164 formam
1709 2104 1902 2170 futuri,
1932 2112 2153 2174 propter

556 2209 977 2284 regenerationis
995 2216 1306 2272 auctorem;
1335 2217 1441 2258 non
1464 2200 1626 2257 Verba
1649 2197 2032 2262 snntahusiva,
2055 2193 2151 2250 sed

555 2305 793 2378 propria.

627 2392 812 2448 XClll.
841 2391 962 2446 Jun.
989 2389 1142 2457 Quod
1167 2388 1327 2460 igitur
1345 2386 1412 2442 ad
1433 2384 1686 2440 llcbrzros
1709 2381 1936 2452 positum
1963 2387 2064 2442 est,
2092 2395 2155 2433 ex.

557 2499 659 2538 uno
686 2498 877 2544 omnes,
913 2481 1076 2550 exigit
1103 2480 1220 2534 laus
1251 2479 1269 2510 ί
1295 2477 1411 2542 Dei,
1443 2484 1563 2548 post
1590 2473 2150 2529 commemorationem

559 2584 737 2640 tamen
766 2581 1046 2644 parentum
1077 2589 1092 2624 :
1119 2569 1263 2640 quod
1289 2579 1466 2623 autem
1492 2566 1684 2621 dicitur
1709 2563 1776 2618 de
1797 2562 2030 2628 Christo,
2057 2562 2155 2625 Qui

557 2666 876 2735 sanctificat,
905 2677 951 2720 et
981 2662 1396 2733 sanctiﬁcantur,
1423 2675 1486 2714 ea:
1513 2674 1614 2712 uno
1651 2672 1821 2710 omnes
1841 2697 1857 2724 ,
1889 2654 1954 2709 ad
1984 2653 2151 2708 Deum

561 2757 786 2813 relatum
819 2765 922 2812 est.
1201 2767 1204 2770 ‘

633 2849 770 2904 Anc.
788 2847 954 2918 Magis
973 2853 1096 2917 post
1113 2841 1678 2899 commemorationem
1703 2847 1980 2909 parentum
2002 2835 2158 2906 (prae-

561 2938 747 2994 sertim
777 2939 898 3008 quia
923 2937 1034 3008 jam
1077 2934 1358 2990 transierat
1384 2948 1413 2987 a
1446 2941 1624 3004 patre,
1666 2939 1720 2986 et
1755 2930 1824 2985 de
1865 2938 2034 2983 matre
2076 2927 2156 2982 lo-

559 3028 842 3100 quebatur)
865 3070 880 3096 ,
909 3026 1170 3098 prmtcriri
1201 3039 1305 3080 non
1334 3023 1517 3079 debuit
1550 3023 1662 3093 ipsa
1695 3029 1898 3086 mater;
1929 3019 2023 3075 sed
2051 3019 2154 3074 dici

558 3120 762 3186 debuit,
791 3119 872 3174 Ex
900 3118 1111 3174 duobus
1137 3115 1241 3171 orti
1269 3123 1426 3178 sunt;
1457 3114 1547 3184 qui
1577 3126 1684 3166 non
1711 3127 1780 3166 ex
1811 3125 1938 3174 uno,
1969 3108 2062 3164 sed
2089 3125 2154 3163 ex

557 3209 767 3265 duobus
793 3209 896 3264 orti
924 3216 1114 3273 erant;
1145 3215 1204 3261 ut
1232 3206 1344 3260 laus
1369 3205 1464 3260 Dei
1490 3213 1633 3259 esset
1658 3217 1782 3257 vera
1800 3243 1814 3268 ,
1839 3217 1943 3254 non
1983 3199 2110 3254 falsa
2139 3217 2153 3256 :

561 3305 662 3358 nisi
700 3303 823 3374 quia
867 3312 922 3358 et
965 3302 1067 3357 hoc
1105 3315 1290 3356 verum
1321 3307 1436 3366 est,
1466 3295 1606 3368 quod
1638 3312 1702 3352 ex
1730 3311 1836 3349 uno
1859 3293 1964 3348 orti
1996 3302 2153 3359 sunt;

559 3411 660 3452 nec
697 3395 918 3450 abusive
957 3393 1157 3449 dictum
1199 3400 1316 3458 est,
1350 3381 1445 3446 sed
1478 3388 1691 3461 proprie
1721 3397 1938 3459 prepter
1964 3395 2154 3441 aucto-

559 3503 674 3542 rem
714 3485 936 3542 scntinis
963 3497 1168 3555 patrem
1188 3525 1204 3551 ,
1234 3498 1340 3539 non
1371 3491 1589 3553 prapter
1613 3478 1907 3550 augendam
1938 3475 2158 3532 menda-

559 3579 672 3642 cio,
703 3579 842 3634 sicut
879 3585 936 3632 tu
976 3577 1280 3644 existimas,
1313 3575 1409 3630 Dei
1439 3572 1670 3629 laudem.
1711 3572 1898 3626 Dicere
1937 3571 2154 3640 quippe,

560 3669 731 3726 llomo
761 3669 921 3736 fecit,
961 3667 1106 3739 quod
1155 3667 1400 3722 homines
1439 3664 1546 3720 duo
1593 3663 1840 3734 pluresve
1883 3661 2153 3726 fecerunt;

559 3769 737 3832 potest
763 3761 967 3830 tropica
994 3773 1114 3815 esse
1143 3758 1342 3813 locutio
1369 3773 1384 3811 :
1412 3755 1456 3811 si
1482 3755 1602 3827 quis
1628 3762 1804 3808 autem
1833 3753 1962 3808 dicit
1991 3769 2154 3807 unum

563 3851 836 3907 hominem
860 3850 1070 3913 fecisse,
1095 3848 1236 3920 quod
1265 3848 1372 3904 duo
1399 3846 1660 3910 fecerunt,
1685 3845 1788 3900 nisi
1813 3859 1997 3899 eorum
2024 3844 2158 3899 duo-

563 3959 682 3998 rum
711 3951 902 3998 auctor
931 3940 1055 3996 facti
1085 3941 1155 3996 sit
1181 3955 1352 4004 unus;
1381 3947 1473 3992 aut
1497 3937 1772 4001 mentitur,
1801 3945 1888 3990 aut
1923 3935 2153 3990 fallitur:

565 4035 704 4090 sicut
729 4033 797 4088 de
824 4035 1027 4088 locusta
1055 4041 1109 4088 et
1133 4047 1260 4087 rana
1291 4031 1451 4103 paulo
1479 4040 1603 4086 ante
1625 4031 1736 4101 jam
1763 4031 2013 4085 diximus.

637 4123 819 4178 XCIV.
845 4123 963 4179 Jun.
990 4123 1078 4180 Sic
1101 4123 1245 4178 enim
1269 4121 1552 4193 Apostolus
1577 4121 1642 4175 ad
1663 4119 1988 4187 Corinthios,
2019 4119 2158 4174 Nam

564 4219 694 4272 sicut
721 4217 935 4282 mulier,
965 4217 1162 4288 inquit,
1195 4233 1258 4270 ca:
1283 4217 1390 4270 viro
1409 4257 1425 4281 ,
1455 4216 1528 4269 ita
1556 4225 1602 4270 et
1630 4215 1702 4270 vir
1736 4233 1826 4288 per
1859 4215 2157 4281 mulierem;

567 4310 738 4363 omnia
764 4319 930 4363 autem
960 4325 1023 4363 ex
1047 4307 1151 4364 Deo
1180 4307 1222 4378 (1
1246 4307 1365 4364 Cor.
1387 4325 1462 4371 tu.
1488 4307 1600 4379 1‘2).
1621 4307 1802 4363 Tertio
1827 4325 1954 4363 Vero
1979 4319 2159 4363 osten-

567 4402 644 4456 dit
671 4401 825 4465 ratio,
852 4402 1102 4472 quoniam
1123 4402 1223 4456 ctsi
1247 4411 1492 4456 neutrum
1517 4401 1702 4455 horum
1728 4400 1868 4471 quod
1894 4401 2044 4455 nobis
2063 4401 2159 4455 ad-

569 4495 926 4560 minicuiatnr,
959 4494 1176 4558 fuisset;
1206 4502 1380 4549 tamen
1409 4493 1551 4548 illam
1575 4487 1913 4561 St-ntcntiatn,
1937 4510 2037 4564 qua
2065 4511 2159 4564 per

569 4603 732 4642 unum
763 4585 1030 4640 hominem
1064 4585 1290 4640 intrasse
1329 4594 1602 4655 peccatum
1642 4584 1693 4640 in
1735 4584 1876 4638 lumc
1904 4585 2158 4638 mundum

569 4679 758 4736 Paulus
775 4677 1028 4746 disputat,
1049 4677 1250 4731 nullum
1269 4691 1390 4732 cum
1410 4675 1713 4730 Manichmis
1731 4676 1911 4731 iniisse
1933 4675 2154 4731 fatdus’.

632 4773 770 4827 Aec.
802 4769 880 4825 Tu
909 4771 1086 4841 potius
1111 4769 1208 4824 ista
1238 4768 1463 4824 dicendo
1487 4767 1784 4824 Ostenderis
1807 4768 1999 4824 foedus.
2025 4768 2155 4822 Nam

559 4863 700 4934 quod
732 4863 908 4918 fmdns
937 4869 1020 4918 est
1048 4862 1305 4932 Apostolo
1337 4877 1458 4916 cum
1489 4860 1783 4917 Manicha'o
1816 4879 1828 4916 :
1860 4877 1978 4916 cum
2010 4863 2156 4931 Apo-

561 4955 732 5008 stolus
758 4953 932 5020 dicat,
965 4951 1162 5025 Corpus
1193 4953 1397 5024 quidem
1425 4961 1680 5007 mortuum
1709 4964 1780 5008 est
1809 4965 2013 5024 prapter
2042 4971 2158 5024 prc-

561 5057 770 5111 catum;
813 5047 954 5117 quod
1001 5050 1191 5104 evertit
1237 5048 1483 5104 batrcsim
1529 5057 1801 5104 vestram:
1835 5049 2158 5106 Manichacus

565 5146 742 5191 autem
773 5139 946 5204 dicat,
979 5127 1186 5211 Corpus
1215 5140 1616 5196 immutabiliter
1641 5143 1835 5196 malum
1863 5153 1945 5197 est
1965 5143 2004 5209 ³,
2037 5160 2160 5214 pro-

569 5239 686 5298 pter
717 5241 1037 5288 coaztcrnam
1075 5233 1216 5289 bono
1255 5235 1379 5289 mali
1417 5237 1700 5292 naturam?
1741 5237 1975 5306 Itemque
2015 5241 2064 5293 in
2093 5255 2159 5294 eo

569 5324 688 5378 loco
713 5321 800 5376 ubi
826 5321 1026 5378 dictum
1055 5333 1156 5390 est,
1187 5324 1384 5395 Corpus
1409 5335 1659 5381 mortuum
1695 5339 1769 5384 est
1807 5341 2011 5400 propter
2039 5349 2157 5402 prc-

569 5423 774 5481 catum;
800 5417 1090 5487 Apostolus
1108 5418 1270 5482 dicat,
1296 5419 1396 5484 Qui
1415 5421 1672 5475 suscitauit
1693 5422 1949 5478 Christum
1973 5443 2004 5478 (ι
2026 5443 2158 5480 mor-

632 5591 650 5619 ⁸
677 5595 760 5640 Ms.
777 5595 926 5648 Port.,
939 5587 1124 5638 laudes.

633 5649 750 5762 ﬁt:
985 5659 1044 5702 At,
1102 5651 1237 5713 vign.
1255 5685 1272 5712 ,
1326 5650 1514 5703 unum
1551 5667 1665 5706 cum
1705 5660 1969 5712 Nauirluvo
2011 5663 2159 5726 fuisse

570 5715 776 5836 “fige,
801 5773 984 5825 ηωιωη
1003 5779 1092 5834 εει,
1112 5785 1175 5824 οι
1204 5781 1448 5825 Pot-tarum
1469 5777 1632 5832 codice
1654 5783 1936 5848 adjecimus.

1217 346 1464 404 OPERIS
1505 341 1914 401 IMPERFECTI
1949 336 2226 396 CONTIH
2265 335 2628 401 JULIANUM,
2669 335 2728 394 S.
2770 334 3140 394 AUCUSTINI

3698 334 3834 394 “Si!

2261 448 2390 512 tuis,
2425 449 2690 518 riri/irabit
2728 460 2775 504 et
2813 450 3048 504 mortalia
3082 464 3294 520 corpora
3321 457 3484 504 vestra
3523 445 3700 524 (Rom.
3731 467 3842 511 vnt.

2264 542 2349 604 10,
2387 541 2472 613 ll)
2505 560 2518 594 :
2551 543 2874 598 Μειιιίεῒιειιιιε
2896 555 3070 598 autem
3100 543 3260 608 dicat,
3289 545 3464 598 carnis
3491 558 3715 616 corpora
3741 561 3844 602 non

2262 633 2528 703 pertinere
2555 634 2621 686 ad
2653 634 2776 688 boni
2805 634 2897 689 Dci
2924 643 3253 700 creaturam,
3295 633 3390 688 sed
3433 635 3498 690 ad
3537 636 3660 690 mali
3691 647 3844 692 natu-

2261 739 2404 788 ram;
2432 739 2529 778 nec
2548 723 2816 778 Christum
2837 740 2868 779 a
2890 725 3112 780 mortuis
3133 726 3464 792 suscitatam,
3489 726 3581 782 sed
3605 743 3709 782 non
3730 743 3845 783 esse

2261 815 2568 870 mortuum?
2600 816 2702 872 Vos
2729 832 2855 888 ergo
2883 818 2970 887 qui
2999 817 3271 874 Maniclnei
3304 835 3412 874 non
3438 820 3597 884 estis,
3636 821 3730 876 sed
3763 822 3844 876 di-

2261 923 2416 963 versa
2445 919 2592 979 peste
2620 924 2717 964 nec
2743 924 2838 964 vos
2859 910 2973 964 sani
2999 911 3148 976 estis,
3175 910 3334 966 dicite
3353 911 3620 981 quomodo
3641 913 3707 968 sit
3731 927 3846 968 coro

2261 1014 2361 1070 pus
2383 1001 2648 1054 mbrtuum
2675 1011 2893 1070 prepter
2918 1010 3226 1070 peccatum;
3252 1003 3340 1072 qui
3361 1003 3601 1073 corporis
3623 1014 3844 1060 mortent

2261 1107 2366 1144 non
2399 1106 2492 1160 per
2519 1101 2792 1162 peccatum
2824 1092 2963 1147 illius
2989 1092 3243 1162 hominis,
3274 1095 3370 1151 sed
3397 1095 3511 1168 lege
3539 1106 3741 1152 natura:
3771 1097 3846 1153 iu-

2261 1193 2431 1239 trasse
2459 1187 2775 1240 asseveratis
2805 1186 2856 1240 in
2887 1185 3167 1240 mundum.

2331 1274 2490 1330 XCV.
2527 1274 2646 1330 ιω..
2689 1277 2768 1332 Ac
2798 1292 2892 1346 per
2927 1276 3063 1344 hoc,
3103 1278 3416 1334 inconcussa
3453 1289 3632 1336 manet
3667 1290 3844 1338 nostra

2259 1369 2568 1437 responsio,
2610 1385 2728 1440 qum
2769 1371 3002 1427 ostendit
3045 1387 3142 1442 per
3183 1388 3346 1428 unum
3393 1373 3698 1441 hominem,
3743 1392 3844 1432 non

2258 1462 2601 1532 generatione
2645 1462 2877 1518 vitiatam
2922 1472 3080 1534 atque
3123 1474 3464 1535 corruptam,
3507 1467 3604 1522 sed
3648 1468 3844 1539 integra

2261 1563 2605 1623 permanente
2632 1564 2819 1609 natura
2842 1598 2856 1620 ,
2883 1555 3127 1611 vitiosam
3158 1556 3495 1614 solummodo
3531 1557 3744 1629 allegari
3781 1560 3846 1615 ab

2259 1644 2518 1714 Apostolo
2549 1646 2877 1714 peccantium
2909 1646 3256 1702 voluntatem.

2331 1739 2469 1793 Anc.
2505 1737 2768 1807 Numquid
2799 1753 2966 1809 usque
2993 1739 3128 1794 adeo
3153 1740 3280 1796 ca-ci
3307 1739 3466 1807 estis,
3493 1749 3587 1796 aut
3609 1741 3846 1798 homines

2258 1831 2540 1886 exerceatis
2559 1832 2860 1902 caliginosis
2881 1832 3326 1902 disputationibus
3345 1836 3556 1902 vestris,
3579 1845 3636 1890 ut
3657 1852 3848 1906 negare

2258 1923 2498 1988 audeatis
2521 1924 2664 1978 nasci
2693 1939 2918 1994 corpora
2941 1925 3168 1980 vitiosa?
3196 1925 3459 1998 Numquid
3487 1927 3553 1982 ad
3575 1927 3845 1984 hominum

2261 2026 2501 2070 naturam
2535 2030 2637 2070 non
2669 2019 2938 2086 pertinent
2968 2017 3232 2087 corpora?
3261 2029 3372 2081 aut.
3403 2018 3544 2089 quod
3579 2018 3843 2074 Manichaei

2259 2109 2442 2163 dicunt
2487 2109 2742 2180 (quorum
2785 2110 3106 2166 dementiam
3152 2113 3452 2168 nescientes
3480 2113 3726 2184 quidem,
3755 2115 3846 2170 sed

2260 2208 2513 2269 quantum
2543 2199 2806 2268 adiuvetis
2825 2245 2840 2268 ,
2869 2202 3148 2258 advertere
3172 2213 3226 2258 et
3249 2205 3485 2273 cogitare
3509 2220 3612 2259 non
3645 2206 3844 2274 vultis),

2259 2291 2432 2362 gentis
2482 2292 2819 2348 tenebrarum
2866 2295 3182 2366 corporibus
3228 2298 3402 2352 anima
3434 2297 3568 2354 bona
3599 2307 3805 2354 tenetur
3830 2303 3844 2332 ⁸

2259 2381 2536 2436 admixta?
2559 2383 2724 2439 Dicite
2747 2400 2874 2456 ergo
2895 2385 3206 2442 vitiosorum
3229 2403 3510 2458 corporum
3533 2392 3736 2456 merita,
3761 2394 3846 2462 qui

2261 2475 2464 2544 negatis
2492 2476 2744 2546 parvulos
2775 2493 2838 2530 ex
2874 2478 3182 2547 parentibus
3224 2481 3434 2535 trahere
3472 2481 3576 2536 ulla
3615 2495 3844 2553 peccata.

2263 2566 2400 2623 Ecce
2429 2566 2701 2622 Matticltzei
2733 2569 2915 2625 dicunt
2939 2589 2952 2625 :
2977 2569 3158 2641 Usque
3181 2573 3316 2628 adeo
3341 2589 3466 2630 caro
3493 2575 3588 2630 ista
3615 2579 3849 2634 mortalis

2262 2674 2368 2713 non
2397 2657 2464 2712 ad
2494 2658 2762 2728 opificium
2793 2661 2905 2729 Dei,
2934 2661 3030 2718 sed
3056 2663 3120 2718 ad
3149 2665 3322 2734 gentis
3351 2668 3579 2736 pertinet
3607 2669 3848 2724 tenebra-

2259 2768 2378 2806 rum
2399 2793 2416 2819 ,
2452 2761 2510 2808 ut
2536 2754 2696 2809 etiam
2727 2754 3002 2812 hominum
3029 2773 3250 2830 corpora
3272 2801 3287 2826 ,
3316 2775 3451 2830 quos
3477 2762 3542 2815 ad
3572 2763 3846 2833 imaginem

2264 2843 2356 2899 Dei
2387 2842 2558 2900 factos
2585 2860 2706 2902 esse
2733 2847 3048 2917 perhibetis,
3080 2865 3186 2904 non
3216 2851 3388 2906 solum
3417 2855 3772 2924 corruptibilia
3797 2865 3850 2910 et

2261 2936 2549 2990 conditioni
2581 2937 2770 2992 mortis
2798 2938 3024 2995 obnoxia
3045 2982 3060 3006 ,
3088 2956 3272 2996 verum
3303 2943 3461 2998 etiam
3497 2945 3682 3000 vitiosa
3711 2963 3848 3016 smpe

2263 3037 2569 3084 nascantur.
2599 3029 2736 3098 Quid
2768 3032 2846 3087 eis
2879 3033 3224 3102 respondebit
3253 3035 3472 3093 hmresis
3499 3048 3674 3095 vestra
3693 3083 3709 3108 ,
3751 3043 3847 3098 nisi

2262 3117 2570 3188 humanam,
2598 3124 2842 3192 quamvis
2865 3125 2965 3180 sub
2993 3125 3104 3181 Deo
3128 3139 3370 3184 creatore
3395 3139 3449 3186 et
3471 3133 3692 3198 artifice,
3716 3133 3849 3189 hanc

2262 3221 2438 3270 tamen
2465 3229 2585 3272 esse
2609 3227 2872 3281 naturam,
2901 3227 2960 3272 ut
2979 3221 3078 3274 etsi
3109 3237 3267 3277 neruo
3293 3235 3588 3293 peccasset,
3615 3227 3770 3282 etiam
3796 3229 3847 3284 in

2263 3305 2510 3374 paradiso
2549 3309 2674 3362 talia
2715 3310 2987 3365 hominum
3019 3327 3243 3383 corpora
3272 3319 3656 3373 nascerentur?
3682 3318 3727 3374 0
3753 3321 3848 3376 ab-

2261 3397 2604 3454 ominabilem
2645 3409 2700 3454 et
2737 3399 3093 3458 damnabilem
3124 3407 3346 3460 vocem!
3377 3407 3486 3462 Nos
3513 3419 3688 3464 autem
3717 3427 3849 3482 quo-

2263 3489 2404 3543 niam
2451 3488 2727 3544 hominum
2771 3505 2992 3562 corpora
3039 3508 3144 3548 non
3191 3496 3362 3550 solum
3407 3501 3760 3568 corruptibilia
3795 3511 3849 3556 et

2263 3580 2571 3636 necessitati
2599 3583 2788 3636 mortis
2811 3583 3085 3648 obstricta,
3107 3601 3292 3642 verum
3320 3590 3477 3644 etiam
3505 3591 3666 3646 multa
3697 3593 3750 3646 in
3773 3596 3850 3648 eis

2263 3671 2636 3728 innumerabili
2677 3675 2965 3732 vitiositate
2993 3677 3265 3748 languida,
3295 3679 3538 3748 distorta,
3571 3683 3846 3752 deformia,

2263 3765 2410 3821 nullo
2437 3775 2716 3836 parentum
2754 3767 3090 3839 praecedente
3128 3780 3373 3840 peccato,
3407 3774 3458 3828 in
3487 3777 3730 3844 paradiso
3755 3795 3848 3832 ex-

2261 3866 2444 3910 ortura
2473 3855 2638 3912 fuisse
2667 3873 2770 3912 non
2797 3859 3044 3928 dicimus,
3073 3870 3129 3917 et
3155 3877 3250 3917 eos
3273 3865 3363 3932 qui
3395 3864 3578 3921 dicunt
3604 3867 3850 3940 dignissi-

2265 3962 2381 4002 mos
2405 3947 2743 4005 anathemate
2768 3950 3101 4019 judieamns;
3135 3970 3238 4010 non
3268 3955 3336 4011 ab
3367 3957 3518 4014 initio
3545 3959 3622 4016 sic
3647 3963 3667 3992 '
3697 3964 3849 4016 iusti-

2263 4049 2389 4094 tutm
2415 4048 2638 4104 naturae,
2665 4042 2758 4096 sed
2787 4043 3076 4114 iniquitatis
3107 4047 3296 4102 merito
3325 4059 3503 4118 postea
3531 4053 3726 4108 vitiata:
3753 4055 3849 4110 ista

2265 4134 2563 4203 tribuimus,
2593 4145 2650 4189 ut
2673 4143 2727 4190 et
2754 4152 2848 4192 vos
2873 4148 2926 4193 et
2949 4138 3268 4196 Manichacus
3295 4141 3606 4202 inconcussa
3637 4156 3686 4202 et
3716 4149 3852 4204 anlio

2261 4240 2362 4294 qua
2397 4225 2520 4278 tidei
2546 4227 2822 4282 catholicze
2847 4228 3134 4285 stabilitate
3161 4231 3521 4289 destruamus.

2333 4315 2515 4370 XCVI.
2541 4316 2662 4370 JUL.
2691 4317 2798 4373 Sed
2827 4329 3162 4377 revertamur
3185 4323 3249 4377 ad
3281 4323 3470 4380 librum
3499 4327 3666 4394 illum,
3693 4345 3849 4400 quem

2263 4409 2329 4463 ad
2363 4409 2630 4463 Valerium
2670 4410 2985 4479 destinavit,
3029 4414 3080 4468 in
3119 4431 3225 4486 quo
3260 4417 3554 4490 discerptas
3575 4421 3596 4452 ³
3625 4422 3692 4478 de
3719 4423 3852 4479 libro

2265 4514 2386 4554 meo
2413 4515 2520 4554 uno
2557 4499 2812 4556 duntaxat
2847 4506 3140 4561 sententias
3178 4507 3277 4562 sibi
3307 4508 3666 4568 discutiendas
3693 4515 3854 4570 refel-

2264 4591 2553 4660 lendasqnc
2583 4595 2876 4663 pr0posuit.
2907 4595 2972 4650 Et
2999 4597 3210 4666 quidem
3241 4600 3292 4654 in
3321 4602 3490 4671 primo
3519 4606 3694 4674 operis
3721 4624 3852 4677 pra:-

2261 4683 2430 4736 scntis
2458 4683 2632 4738 libello
2653 4700 2818 4755 usque
2843 4685 2908 4740 ad
2935 4702 2996 4741 ea
3019 4689 3294 4760 Augustini
3322 4694 3460 4750 dicta
3486 4711 3852 4765 pervenerant,

2261 4775 2455 4845 quibus
2481 4785 2678 4830 retecta
2709 4777 3056 4846 impudentia,
3088 4797 3188 4851 qua
3221 4783 3488 4852 Opinionis
3517 4787 3656 4842 illius
3685 4789 3853 4858 fngie-

2263 4866 2352 4921 bat
2387 4865 2673 4934 invidiam,
2717 4883 2782 4922 ne
2809 4867 3076 4925 diabolum
3107 4869 3376 4929 videretur
3413 4891 3652 4932 asserere
3679 4877 3854 4933 horni-

2262 4974 2388 5013 num
2428 4957 2794 5025 conditorem,
2839 4963 3201 5030 pronuntiavit
3238 4964 3404 5020 Deum
3438 4982 3556 5024 esse
3581 4979 3854 5024 auctorem

2262 5051 2558 5116 malorum,
2590 5061 2748 5120 atque
2792 5052 2963 5122 ipsum
3009 5054 3130 5110 talis
3170 5057 3342 5112 meriti
3379 5073 3565 5115 creare
3605 5061 3856 5115 substan-

2263 5141 2414 5208 tiam,
2445 5157 2564 5211 qme
2589 5152 2818 5207 reatum,
2845 5153 3128 5214 antequam
3165 5163 3317 5202 nsunt
3345 5151 3584 5216 rationis,
3611 5151 3854 5220 accipiat.

2263 5243 2318 5288 ct
2341 5249 2459 5303 quae
2489 5233 2540 5288 in
2569 5249 2732 5304 regno
2756 5235 2975 5302 diaboli,
3009 5239 3311 5296 Conditoris
3345 5242 3430 5296 sui
3460 5225 3714 5300 manibus.
3741 5245 3856 5298 col-

2265 5328 2488 5384 locetur.

2337 5421 2471 5474 Anc.
2503 5418 2601 5487 Qui
2633 5429 2874 5475 naturam
2901 5421 3158 5480 discernit
3183 5440 3215 5481 a
3243 5427 3396 5495 vitio,
3429 5443 3533 5484 non
3561 5427 3684 5483 dicit
3705 5427 3858 5499 "quod
3951 5409 3962 5418 ’

2265 5511 2397 5567 dicis
2427 5530 2439 5566 :
2471 5511 2562 5583 qui
2593 5512 2948 5584 intelligentcr
2975 5515 3100 5588 legit
3125 5519 3265 5589 quod
3291 5519 3432 5590 dico,
3465 5536 3570 5578 non
3597 5537 3684 5578 me
3711 5529 3859 5594 putat

2333 5669 2346 5700 ι
2373 5669 2444 5718 sic
2465 5675 2570 5716 Mss.
2596 5667 2715 5718 ιθΔίιὶ
2741 5682 2873 5728 vero,
2895 5669 3158 5724 tenebatur.

2331 5731 2350 5760 ²
2374 5731 2621 5788 t‘articula,
2641 5729 2729 5788 sic,
2751 5733 3024 5784 restituitur
3047 5749 3112 5787 ex
3136 5745 3242 5789 Mss.

2335 5791 2354 5823 ³
2383 5793 2536 5842 Codex
2560 5801 2679 5844 νυνι.
2690 5828 2704 5854 ,
2729 5794 2996 5858 decerptus.
