4126 6500
401 378 536 438 1289

393 495 576 550 dicere
601 491 741 563 quod
772 505 876 565 non
902 489 1040 547 dico.

467 603 670 663 XCVII.
699 605 820 661 IUL.
850 605 1092 676 Eumque
1128 616 1250 661 esse
1288 602 1506 676 figulum
1534 602 1624 659 ira:
1648 613 1702 659 et
1729 602 1982 674 perditio-

395 699 481 753 nis
507 712 628 750 vasa
658 696 966 766 fingentem.

466 790 600 845 Aea.
633 787 1036 856 Quantumlibet
1076 802 1181 842 non
1221 786 1517 857 intelligas,
1550 785 1816 856 quomodo
1847 785 1983 842 Deus

377 869 550 936 faciat
576 894 642 934 ex
672 879 858 934 eadem
891 894 1064 934 massa
1096 878 1236 935 aliud
1277 894 1370 933 vas
1413 880 1463 934 in
1505 879 1792 946 honorem,
1836 877 1982 933 aliud

393 971 445 1026 in
469 972 842 1028 contumeliam
871 971 1046 1046 (Rom.
1074 989 1146 1038 ix,
1168 973 1260 1043 21)
1287 991 1300 1029 :
1325 975 1395 1028 ita
1419 973 1545 1028 facit
1573 982 1772 1049 tamen,
1797 981 1980 1028 utnon

389 1061 549 1117 faciat
577 1064 785 1118 tertium
810 1079 978 1134 genus
1007 1080 1276 1129 vasorum,
1300 1079 1399 1120 nec
1424 1065 1478 1119 in
1505 1065 1784 1129 honorem,
1809 1079 1908 1120 nec
1929 1064 1980 1119 in

389 1156 796 1224 contumeliam,
825 1158 1007 1227 quales
1043 1173 1137 1212 vos
1174 1173 1295 1214 esse
1335 1158 1588 1228 parvulos
1626 1157 1818 1224 vultis;
1850 1166 1904 1214 et
1929 1157 1982 1212 in

391 1262 612 1316 regnum
655 1247 747 1302 Dei
788 1263 892 1302 non
933 1249 1128 1305 intrare
1165 1250 1445 1320 imaginem
1475 1249 1604 1317 Dei,
1635 1250 1831 1304 nullam
1862 1264 1983 1306 esse

389 1341 766 1396 contumeliam
795 1340 1080 1412 deputatis.
1111 1343 1286 1413 Ipsum
1315 1343 1456 1399 enim
1487 1358 1706 1411 regnum
1733 1346 1812 1399 sic
1837 1357 1983 1398 ama-

390 1432 493 1497 tis,
524 1441 581 1487 ut
610 1449 714 1487 non
755 1433 825 1487 ibi
863 1448 1013 1500 esse,
1043 1451 1147 1488 non
1179 1435 1364 1490 saltem
1396 1435 1568 1491 levem
1611 1451 1823 1504 ptrnam
1860 1451 1980 1492 cre-

389 1522 529 1578 datis
557 1521 788 1579 hominis
818 1540 959 1590 esse,
998 1525 1088 1580 sed
1119 1526 1337 1580 nullam.

460 1613 689 1669 XCVIII.
725 1615 845 1670 JcL.
886 1615 988 1671 Sed
1031 1632 1148 1687 quae
1193 1618 1244 1672 in
1291 1616 1679 1688 perditionem.
1716 1634 1822 1674 non
1854 1635 1978 1691 pro-

392 1723 543 1762 cessu
576 1709 753 1764 libera:
784 1711 1101 1779 voluntatis,
1148 1726 1332 1767 verum
1378 1711 1739 1770 informatoris
1769 1715 1848 1768 sui
1883 1729 1976 1784 po-

393 1811 580 1856 testate
608 1810 882 1871 cogantur.

461 1895 598 1949 Aoc.
633 1893 788 1948 Potes
813 1895 1006 1961 dicere,
1035 1912 1136 1948 non
1164 1894 1432 1966 quoslibet
1459 1895 1723 1963 homines,
1753 1895 1844 1952 sed
1870 1896 1977 1965 jam

391 1995 729 2053 regeneratus
767 1985 905 2039 lilios
938 2001 1064 2040 suos
1091 1986 1255 2041 Deum
1296 1985 1348 2040 in
1382 1987 1732 2056 perditionem
1763 2003 1975 2058 cogere,

391 2077 632 2130 faciendo
658 2092 749 2131 eos
779 2077 972 2140 vivere,
1001 2093 1134 2147 quos
1163 2094 1193 2132 a
1224 2078 1326 2134 fide
1363 2079 1617 2147 praevidet
1647 2093 1976 2146 recessuros,

389 2181 508 2219 cum
541 2177 717 2235 posset
740 2182 836 2222 cos
863 2169 986 2223 hinc
1013 2184 1229 2238 rapere,
1257 2177 1542 2240 antequam
1577 2169 1773 2224 malitia
1805 2179 1978 2226 muta-

392 2269 594 2312 I'Bttltlt‘.

466 2349 650 2404 XCIX.
687 2350 806 2406 Jue.
854 2350 1190 2424 Tantumque
1239 2352 1342 2409 hoc
1385 2353 1691 2426 prodigialis
1718 2353 1981 2426 dogmatis

389 2445 541 2498 nefas
569 2445 794 2514 apostoli
838 2446 985 2500 Pauli
1023 2449 1239 2504 molitus
1264 2458 1344 2503 est
1387 2449 1643 2504 roborare
1671 2449 1976 2514 sententiis,

391 2550 524 2602 quas
565 2547 818 2592 contextu
867 2539 1029 2595 totius
1076 2540 1320 2596 lectionis
1366 2541 1626 2612 exposui,
1674 2551 1729 2598 et
1769 2541 1980 2598 ostendi

391 2627 709 2699 prophetam
737 2629 950 2698 Isaiam,
979 2629 1049 2688 de
1064 2646 1172 2703 quo
1197 2632 1336 2688 hanc
1359 2633 1814 2704 comparationem
1839 2631 1980 2703 figuli

389 2720 669 2775 constabat
719 2730 1048 2793 assumptam
1073 2763 1090 2792 ,
1151 2721 1372 2794 iustitia:
1424 2723 1619 2780 divina:
1675 2723 1982 2795 plenissime

389 2819 606 2858 causam
631 2805 792 2860 tueri.

465 2897 601 2950 Auc.
629 2894 766 2961 Quid
787 2893 1064 2951 ostendisti
1092 2894 1391 2967 legentibus
1421 2898 1437 2930 ¹
1464 2908 1518 2953 et
1543 2897 1982 2969 intelligentibus,

388 2985 494 3038 nisi
529 2996 580 3038 te
609 2985 767 3039 verba
807 2985 1098 3054 apostolica
1135 2985 1299 3041 nimia
1347 2988 1663 3058 loquacitate
1705 2999 1980 3058 conatum,

393 3091 500 3128 non
525 3084 700 3131 tamen
731 3077 966 3147 potuisse
1009 3080 1354 3150 pervertere?

464 3165 522 3222 C.
552 3167 670 3224 Jun.
704 3168 1006 3226 Secundum
1032 3181 1210 3227 autem
1249 3172 1440 3228 librant
1476 3173 1806 3245 expositione
1839 3176 1982 3248 Apo-

392 3258 515 3314 stoli
562 3261 889 3332 argumentis
927 3263 1207 3334 Augustini
1251 3279 1317 3319 ex
1353 3264 1578 3320 adverso
1615 3267 1838 3338 positis,
1887 3282 1986 3337 pro

391 3367 456 3408 ea
504 3369 662 3422 quam
708 3355 1066 3427 suppeditavit
1108 3358 1338 3426 veritas,
1389 3357 1637 3416 facultate
1676 3361 1981 3432 complevi:

392 3454 550 3515 atque
574 3445 692 3501 ideo
713 3462 856 3502 nunc
882 3447 948 3503 ad
977 3448 1096 3505 libri
1124 3449 1240 3520 ejus
1263 3451 1504 3507 ordinem
1531 3460 1884 3508 reverLamur.

465 3539 600 3594 ABG.
643 3537 944 3594 Secundum
986 3540 1177 3596 librum
1218 3556 1325 3597 non
1364 3543 1696 3613 expositione
1719 3543 1979 3615 Apostoli,

394 3632 488 3686 sed
513 3632 613 3686 sub
641 3633 986 3702 expositionis
1012 3632 1372 3705 professione,
1419 3635 1562 3690 inani
1592 3637 1985 3708 oppugnatione

394 3724 705 3796 complesti,
745 3725 978 3783 vanitate
1019 3726 1148 3794 tibi,
1187 3742 1294 3784 non
1324 3727 1546 3783 veritate
1567 3768 1584 3795 ,
1615 3729 1983 3800 suppeditante

393 3830 510 3883 qua:
529 3813 753 3870 diceres.

464 3905 692 3962 CLJvL.
723 3905 884 3977 Igitur
924 3919 1202 3981 postquam
1241 3909 1341 3968 sibi
1385 3928 1547 3967 unum
1575 3911 1642 3969 de
1670 3913 1982 3986 pra-tation-

395 3997 508 4051 cula
531 3999 727 4070 prioris
749 4000 929 4070 operis
949 4003 1052 4058 mci
1082 4011 1241 4073 caput
1261 4044 1279 4071 ,
1307 4003 1448 4074 quod
1469 4004 1616 4076 quasi
1649 4006 1984 4076 impugnaret

395 4087 592 4157 objccit
615 4131 631 4156 ,
675 4090 912 4163 illudque
949 4093 1017 4149 de
1043 4095 1202 4165 figulo
1227 4105 1567 4166 peccatorum
1597 4097 1707 4154 Deo
1728 4113 1827 4154 suo
1853 4100 1982 4155 sub-

395 4180 566 4250 didit;
613 4197 702 4238 me
743 4183 950 4256 arguit,
991 4201 1150 4256 quam
1195 4202 1327 4244 sane
1370 4197 1680 4246 constanter
1717 4201 1772 4247 et
1819 4208 1978 4263 pure,

393 4273 560 4344 ipsius
581 4275 808 4347 eloquiis
834 4276 1150 4348 publicetur.
1187 4296 1208 4332 ι
1240 4279 1354 4335 Non
1381 4281 1578 4352 itaque,
1611 4301 1631 4335 ι
1659 4283 1798 4338 sicut
1827 4295 1878 4340 te
1900 4293 1984 4340 εις

393 4381 496 4435 que
519 4367 652 4423 alios
681 4367 868 4425 fallens
897 4369 1133 4442 loqueris
1155 4413 1171 4439 ,
1203 4372 1248 4427 si
1277 4373 1398 4446 quis
1429 4381 1525 4431 aut
1549 4373 1773 4432 liberum
1801 4375 1852 4432 in
1880 4376 1980 4433 ho-

393 4456 620 4514 minibus
648 4458 926 4516 arbitrium
944 4501 963 4529 ,
1006 4469 1100 4516 aut
1141 4461 1312 4518 Deum
1335 4477 1456 4520 esse
1480 4465 1814 4522 nascentium
1845 4483 1980 4524 con-

391 4551 617 4607 storem
642 4551 836 4609 dixerit
863 4595 877 4619 .
919 4553 1278 4613 leestianus
1300 4565 1355 4613 et
1383 4556 1696 4629 Pelagianos
1719 4570 1977 4616 vocatur:

392 4641 408 4695 i
443 4651 493 4696 ta
530 4644 726 4715 quippe
761 4654 819 4702 et
857 4645 1118 4702 catholica
1159 4646 1294 4704 fides
1326 4647 1472 4702 dicit.
1519 4648 1626 4706 Sed
1665 4650 1712 4706 si
1745 4650 1866 4722 quis
1910 4650 1978 4706 ad
2020 4692 2030 4706 .

387 4733 674 4792 colendum
703 4746 847 4795 recte
869 4739 1056 4808 Deum,
1083 4739 1200 4796 sine
1228 4740 1393 4811 ipsius
1414 4741 1679 4812 adjutorio
1706 4742 1835 4798 dicit
1859 4758 1980 4800 esse

391 4826 445 4885 in
474 4825 779 4886 hominibus
802 4829 1028 4887 liberum
1057 4831 1367 4898 arbitrium;
1407 4841 1462 4888 et
1482 4833 1723 4904 quisquis
1747 4833 1819 4890 ita
1852 4833 1979 4892 dicit

394 4920 561 4978 Deum
601 4925 935 4981 nascentium
961 4923 1294 4981 conditorem
1314 4967 1331 4994 ,
1375 4933 1433 4980 ut
1456 4927 1795 4996 parvulorum
1824 4938 1980 4999 neget

389 5029 419 5070 a
459 5024 720 5086 potestate
762 5017 959 5074 diaboli
1003 5017 1428 5089 redemptorem,
1472 5019 1585 5089 ipse
1625 5019 1979 5076 Coelestianus

388 5118 442 5161 et
470 5109 781 5181 Pelagianos
807 5120 1043 5168 vocatur.
1067 5111 1316 5170 Liberum
1348 5112 1522 5183 itaque
1549 5110 1826 5168 arbitrium
1858 5128 1978 5170 esse

391 5198 456 5258 in
474 5199 777 5259 hominibus
793 5244 810 5270 ,
850 5213 904 5260 et
930 5204 1096 5261 Deum
1120 5218 1241 5261 esse
1264 5204 1592 5260 nascentium
1621 5205 1972 5267 conditorem,

390 5294 598 5365 utrique
635 5295 896 5362 dicimus;
941 5313 1047 5353 non
1083 5297 1207 5354 hinc
1232 5298 1362 5355 estis
1397 5296 1702 5354 Celestiani
1739 5305 1794 5354 et
1822 5296 1974 5353 Pela-

388 5383 550 5453 giani.
600 5386 853 5443 Liberum
895 5397 1073 5446 autem
1109 5403 1231 5446 esse
1269 5403 1593 5462 quemquam
1617 5388 1684 5444 ad
1712 5388 1976 5461 agendum

391 5476 587 5533 bonum
609 5479 726 5536 sine
748 5480 1016 5551 adjutorio
1047 5479 1160 5548 Dei,
1189 5489 1244 5536 et
1269 5494 1374 5536 non
1402 5481 1514 5535 erui
1542 5481 1792 5550 parvulos
1819 5497 1850 5537 a
1877 5496 1972 5552 po-

390 5577 580 5626 testate
616 5573 952 5629 tenebrarum
979 5617 995 5642 ,
1045 5583 1099 5631 et
1135 5575 1214 5631 sic
1239 5572 1512 5630 transferri
1539 5575 1591 5627 in
1629 5590 1848 5645 regnum
1882 5574 1972 5628 Dei

389 5659 606 5730 (Colon.
641 5680 676 5731 ι,
711 5665 802 5737 15)
831 5683 845 5719 :
878 5664 978 5722 hoc
1001 5680 1098 5723 vos
1123 5665 1298 5721 dicitis
1330 5681 1343 5720 :
1373 5663 1496 5719 hinc
1522 5664 1651 5720 estis
1670 5664 1971 5720 Coelestiani

453 5815 471 5848 ³
506 5816 642 5877 Editi,
662 5814 785 5878 Quid
807 5816 1012 5870 ostendit
1042 5815 1362 5884 diligentibus.
1389 5815 1689 5878 castigantur
1713 5826 1774 5864 ex
1801 5820 1906 5862 uss.

662 5901 934 5962 Pamoe.
971 5904 1161 5964 XLV.

1777 373 1980 429 LIBER
2020 371 2326 431 TERTIUS.

3542 392 3676 445 li'JO

2095 499 2147 544 et
2177 489 2440 562 Pelagiani
2476 513 2493 546 ι
2529 493 2629 564 (De
2657 493 2868 566 Nuptiis
2916 507 2964 554 et
3010 499 3420 570 Conrttpiscrutia
3442 547 3456 570 ,
3505 511 3588 560 lib.
3619 512 3674 570 ιζ.

2093 598 2145 632 n.
2196 582 2275 652 8).
2330 583 2522 639 Nature
2553 594 2605 641 te
2634 586 2846 657 quidem
2872 589 2923 642 in
2954 588 3241 660 impietatis
3264 602 3364 648 tuae
3405 604 3460 650 et
3489 595 3675 652 formi-

2090 673 2230 727 dinis
2261 675 2450 744 palude
2476 677 2780 748 frequenter
2805 681 3047 746 ostendi,
3084 697 3183 756 nec
3212 699 3374 754 super
3399 685 3500 742 hoc
3525 688 3676 745 dubi-

2093 774 2322 820 latorum
2357 767 2666 836 prudentem
2691 779 2901 826 constat
2929 787 3049 828 esse
3080 774 3354 830 lectorem.

2163 860 2297 915 Atta.
2326 859 2436 917 Nec
2459 871 2642 918 natare
2663 870 2714 918 te
2743 879 2920 933 posse,
2949 865 3042 920 sed
3071 868 3260 937 mergi,
3286 868 3372 923 alii
3395 883 3676 936 noverunt,

2089 949 2180 1020 qui
2227 950 2535 1008 hacreticum
2581 962 2631 1010 te
2669 970 2787 1010 esse
2829 967 3197 1028 cognoscunt:
3229 976 3350 1016 nam
3393 969 3450 1016 tu
3489 963 3677 1020 eadem

2091 1044 2461 1125 submersione
2488 1061 2704 1103 sensum
2733 1049 2893 1104 etiam
2923 1051 3220 1120 perdidisti.

2160 1134 2265 1190 CII.
2296 1135 2414 1192 JUL.
2461 1137 2636 1210 Atque
2676 1139 2795 1196 ideo
2821 1139 2873 1195 in
2910 1141 3082 1212 primo
3108 1143 3244 1198 libro
3270 1159 3369 1200 nec
3395 1160 3481 1202 me
3513 1145 3678 1204 fuisse

2089 1229 2368 1283 mentitum
2392 1270 2410 1298 ,
2435 1230 2562 1302 quid
2592 1232 2933 1302 scripseram,
2965 1249 3152 1291 omnes
3179 1236 3268 1306 qui
3298 1235 3554 1308 fugissent
3577 1256 3672 1293 tm-

2087 1330 2210 1374 strae
2239 1322 2508 1377 societatis
2545 1323 2795 1378 invidiam
2816 1365 2832 1393 ,
2875 1325 2926 1380 in
2969 1325 3381 1405 Manichaeorum
3410 1341 3674 1400 prmi-opta

2082 1428 2366 1482 corruere,
2400 1415 2621 1471 liberum
2665 1417 2943 1473 arbitrium
2977 1419 3349 1489 denegantium
3372 1462 3390 1490 ,
3425 1431 3485 1494 et
3510 1424 3674 1479 Deum

2087 1503 2360 1560 hominum
2390 1508 2756 1576 conditorem;
2800 1517 2956 1582 teque
2993 1511 3043 1566 id
3079 1513 3220 1584 quod
3251 1515 3428 1571 fueras
3454 1517 3675 1587 propul-

2087 1612 2206 1652 sare
2227 1608 2479 1667 conatus,
2510 1601 2687 1656 statim
2715 1603 2970 1658 absolutis
3007 1605 3299 1674 arripuisse
3317 1609 3672 1677 sermonibus,

2086 1691 2243 1744 etiam
2276 1690 2483 1745 illorum
2512 1692 2828 1764 scriptorum
2851 1736 2865 1757 ,
2904 1711 3022 1765 qua:
3054 1695 3119 1750 ad
3151 1695 3478 1753 Bonifacium
3511 1700 3671 1756 mise-

2088 1797 2209 1844 ras,
2260 1781 2550 1837 insertionc
2603 1784 2825 1854 patefeci
2879 1784 3116 1856 (Supra,
3161 1786 3248 1841 lib.
3297 1788 3349 1856 I,
3393 1805 3511 1860 cap.
3559 1791 3672 1859 Η).

2095 1871 2469 1926 Verumtamen
2499 1873 2598 1927 hoc
2622 1916 2637 1941 ,
2679 1876 2836 1928 etiam
2870 1875 2984 1930 haec
3009 1891 3169 1946 quam
3199 1893 3338 1932 nunc
3363 1880 3550 1949 posui,
3584 1891 3671 1936 tua

2085 1964 2364 2033 responsio
2402 1964 2706 2020 confitetur.
2750 1966 2938 2020 Dixisti
2966 1968 3106 2022 enim
3130 2010 3143 2034 ,
3176 1969 3331 2025 ﬁdem
3361 1972 3672 2028 catholicam

2084 2070 2203 2110 esse
2224 2099 2238 2120 ,
2268 2072 2387 2125 qua:
2417 2064 2474 2112 et
2499 2057 2726 2113 liberum
2754 2060 2924 2114 credit
2950 2061 3223 2116 arbitrium
3247 2103 3262 2129 ,
3294 2072 3348 2118 et
3379 2063 3543 2118 Deum
3583 2081 3676 2118 ua-

2086 2146 2347 2201 scentium
2391 2149 2744 2205 conditorem.
2794 2151 2944 2218 Quod
2975 2161 3258 2223 utrumque
3294 2155 3528 2210 omnium
3561 2156 3673 2212 lue-

2086 2241 2369 2295 reticorutn
2392 2283 2406 2306 ,
2451 2241 2770 2299 Manichmos
2796 2255 3000 2300 certum
3043 2256 3124 2302 est
3154 2246 3426 2303 vobiscum
3459 2265 3672 2318 negare.

2156 2333 2291 2388 Aoc.
2340 2332 2612 2388 Manichmi
2663 2333 2825 2407 (quod
2869 2335 3053 2392 videre
3099 2352 3202 2392 non
3245 2338 3427 2406 vultis)
3469 2355 3496 2394 a
3527 2344 3676 2396 vobis

2085 2423 2261 2494 potius
2285 2423 2620 2494 adjuvantur,
2651 2427 2740 2497 qui
2772 2435 2849 2481 tot
2876 2435 3091 2482 ettanta
3115 2431 3254 2484 mala
3281 2447 3400 2502 qua:
3427 2434 3530 2503 pati
3557 2448 3676 2504 par-

2087 2517 2240 2574 vulos
2267 2518 2562 2586 cernimus,
2593 2534 2696 2574 non
2729 2519 2933 2576 meritis
2967 2531 3305 2592 peccatorum
3330 2565 3346 2591 ,
3396 2525 3488 2580 sed
3526 2528 3670 2597 genti

2087 2608 2324 2663 tribuunt
2355 2609 2713 2666 tenebrarum.
2757 2609 2873 2666 Non
2903 2611 3045 2667 enim
3077 2612 3283 2670 habetis
3312 2630 3418 2687 quo
3438 2615 3675 2689 fugiatis,

2085 2700 2298 2772 quando
2337 2717 2366 2755 a
2404 2702 2554 2758 vobis
2605 2703 2743 2758 mala
2778 2703 2878 2760 ista
2919 2705 3057 2762 unde
3095 2707 3202 2762 sint
3245 2721 3674 2778 percunctantur.

2085 2793 2189 2850 Sed
2217 2794 2372 2851 nobis
2395 2795 2459 2852 ad
2490 2796 2715 2852 liberum
2737 2797 3014 2856 arbitrium
3054 2799 3284 2856 hominis
3307 2845 3322 2868 ,
3358 2819 3464 2874 quo
3491 2815 3677 2860 natura

2089 2884 2317 2945 humana
2339 2929 2353 2950 ,
2401 2903 2520 2941 cum
2552 2887 2689 2943 bona
2731 2891 2885 2945 fuerit
2927 2891 3200 2958 instituta,
3231 2893 3412 2948 vitiata
3439 2905 3540 2963 est,
3564 2895 3678 2952 haec

2087 2977 2264 3032 omnia
2293 2977 2647 3032 referentibus
2666 3022 2681 3046 ,
2712 2980 2974 3037 αιιιιυιὶςο
3007 2982 3280 3055 vobiscum
3307 2987 3528 3043 veritate
3557 2988 3675 3042 vin-

2082 3079 2296 3124 cuntur.

2158 3157 2288 3216 CIII.
2320 3159 2440 3216 Jun.
2467 3161 2662 3217 Verum
2692 3163 2814 3235 quia
2838 3164 2958 3222 fidei
2987 3165 3264 3224 catholicze
3292 3211 3308 3237 ,
3337 3169 3487 3240 cujus
3507 3172 3678 3228 solido

2088 3250 2318 3308 nudatus
2341 3267 2400 3308 cs
2423 3295 2437 3320 ,
2465 3254 2614 3323 quasi
2645 3257 2928 3313 amiculum
2963 3267 3142 3326 tenue,
3172 3260 3343 3315 solum
3367 3277 3560 3318 nomen
3584 3281 3674 3320 as-

2087 3344 2255 3399 sumis
2277 3384 2293 3410 ,
2327 3345 2407 3400 vis
2435 3361 2532 3400 nos
2570 3347 2820 3415 credere,
2863 3350 3022 3405 etiam
3061 3365 3091 3404 a
3124 3359 3176 3408 te
3203 3352 3303 3408 hoc
3339 3352 3505 3409 teneri
3532 3359 3675 3426 quod

2087 3435 2334 3491 catholici
2374 3431 2830 3506 confitentur,“
2877 3449 2990 3506 est,
3038 3451 3092 3497 et
3136 3443 3359 3500 liberum
3399 3446 3674 3504 arbitrium

2088 3541 2208 3585 esse
2236 3528 2286 3582 in
2308 3527 2612 3585 hominibus
2638 3571 2653 3598 ,
2692 3538 2748 3586 et
2773 3531 2936 3587 Deum
2965 3536 3295 3592 nascentium
3319 3537 3671 3594 conditorem.

2089 3619 2194 3676 Sed
2219 3619 2264 3676 si
2295 3621 2396 3677 hoc
2421 3637 2452 3678 a
2481 3630 2531 3676 te
2560 3622 2874 3694 simpliciter
2902 3623 3232 3696 fideliterque
3275 3628 3535 3698 prolatum
3571 3640 3671 3692 est,

2087 3713 2248 3768 tinem
2283 3714 2561 3770 certamini
2587 3714 2801 3786 impone
2820 3715 3072 3785 silentio;
3101 3717 3236 3774 fama
3268 3719 3334 3774 ad
3370 3736 3467 3776 nos
3491 3723 3674 3777 crimi-

2088 3807 2327 3862 nantium
2357 3817 2631 3875 recurrat,
2659 3809 2751 3880 qui
2790 3809 2840 3864 id
2871 3810 3227 3881 objecerimus
3262 3813 3351 3868 tibi
3371 3857 3386 3881 ,
3417 3815 3559 3886 quod
3585 3833 3675 3872 sc-

2086 3913 2213 3955 cura
2255 3900 2272 3932 ⁸
2311 3901 2594 3971 negatione
2645 3899 2928 3957 deleveris.
2981 3901 3094 3958 Hoc
3137 3903 3311 3959 solum
3365 3905 3488 3962 huic
3536 3908 3676 3963 adde

2086 3991 2363 4047 sententia:
2381 4031 2398 4058 ,
2444 3992 2492 4048 si
2515 4007 2618 4064 qua
2654 3980 3052 4048 inventa'fuerit
3075 4003 3218 4050 secta
3244 4038 3259 4063 ,
3287 3997 3330 4050 si
3357 4012 3457 4068 qua
3487 3996 3672 4070 dispu-

2090 4085 2238 4153 tatio,
2263 4101 2384 4156 qua:
2412 4084 2550 4139 hanc
2577 4083 2843 4156 duplicem
2874 4084 3289 4154 confessionem,
3315 4103 3472 4160 quam
3499 4091 3677 4145 catho-

2087 4179 2242 4234 licam
2271 4193 2393 4244 esse
2433 4176 2708 4250 professus
2736 4192 2795 4234 es
2817 4220 2832 4244 ,
2875 4179 3052 4250 aliqua
3082 4190 3306 4235 conetur
3329 4192 3673 4253 argumenta-

2089 4270 2232 4328 tione
2264 4271 2567 4328 convellere
2586 4314 2602 4338 ,
2645 4282 2737 4326 aut
2767 4283 2910 4326 tuam
2946 4288 3051 4326 non
3079 4286 3197 4328 esse
3220 4313 3235 4338 ,
3271 4280 3365 4328 aut
3397 4288 3426 4326 a
3456 4282 3508 4330 te
3541 4274 3676 4330 ulte—

2087 4364 2198 4419 rius
2225 4379 2334 4420 non
2374 4363 2611 4421 defendi.
2653 4363 2708 4420 Si
2739 4373 2918 4418 autem
2956 4363 3140 4432 juvat,
3171 4379 3234 4420 ea
3275 4379 3396 4437 qua:
3436 4365 3675 4425 dicturus

2085 4469 2145 4511 es
2181 4469 2403 4526 negasse
2425 4496 2441 4520 ,
2481 4454 2730 4526 locupleti
2754 4454 2914 4512 etiam
2951 4454 3310 4526 disputatione
3354 4455 3671 4524 defendere;

2085 4546 2292 4616 explica
2335 4545 2672 4602 definitiones
2717 4545 2868 4602 liberi
2895 4545 3135 4614 arbitrii,
3165 4555 3220 4601 et
3247 4545 3382 4602 fines
3418 4547 3534 4618 ejus
3561 4548 3677 4608 disc

2091 4637 2438 4694 tinctionibus
2488 4637 2748 4693 absolutis
2800 4637 2949 4708 quasi
3005 4635 3323 4710 quibusdam
3376 4637 3530 4711 cinge
3603 4638 3671 4694 li-

2085 4728 2321 4784 mitibus.

2155 4822 2292 4876 Auc.
2347 4819 2552 4875 Inimici
2605 4827 2661 4876 et
2708 4817 3060 4887 defensores,
3114 4817 3338 4872 liberum
3392 4818 3670 4874 arbitrium

2083 4911 2416 4971 defendendo
2460 4912 2732 4984 premitis,
2780 4911 2921 4981 quod
2952 4910 3019 4966 ad
3058 4924 3184 4966 suos
3209 4910 3406 4967 limites
3434 4913 3673 4970 revocari

2083 5005 2464 5078 omnipotentis
2492 5015 2547 5062 et
2586 5004 2701 5061 veri
2729 5003 3028 5060 defensoris
3065 5004 3302 5062 bonitate
3339 5020 3445 5063 non
3485 5007 3664 5066 vultis.

2153 5098 2288 5155 CIV.
2333 5098 2452 5156 Jun.
2501 5098 2667 5154 Deum
2715 5111 2925 5168 quoque
2967 5096 3149 5152 talium
3186 5095 3460 5154 hominum
3491 5115 3673 5156 assere

2084 5193 2451 5260 conditorem,
2497 5193 2679 5263 quales
2728 5191 2973 5246 manibus
3009 5189 3125 5261 ejus
3169 5190 3495 5263 justititeque
3539 5210 3672 5250 cou-

2086 5290 2324 5344 veniunt.

2155 5381 2289 5435 Λυσι
2337 5378 2385 5434 0
2411 5376 2558 5435 stulti
2601 5374 2835 5431 bteretici
2877 5374 3037 5431 novi!
3084 5373 3128 5430 si
3169 5375 3414 5432 manibus
3440 5376 3532 5433 Dei
3564 5392 3669 5432 non
3751 5381 3758 5388 ’

2083 5471 2410 5526 conveniunt
2437 5458 2608 5539 opera
2625 5468 2844 5534 vitiosa,
2877 5467 3133 5538 numquid
3159 5468 3405 5524 manibus
3427 5468 3516 5524 Dei
3539 5469 3666 5522 sub-

2081 5562 2296 5618 trahere
2317 5561 2426 5616 ulla
2451 5559 2728 5621 hominum
2758 5575 2983 5632 corpora
3004 5558 3269 5616 audebitis
3287 5601 3303 5627 ,
3329 5574 3449 5630 qua:
3476 5557 3666 5612 videtis

2081 5671 2222 5727 sa-pe
2250 5655 2396 5712 nasci
2438 5654 2692 5710 nonnulla
2721 5653 2955 5710 vitiosa?
2984 5651 3091 5710 Cur
3117 5667 3223 5708 non
3263 5665 3390 5722 ergo
3422 5657 3684 5706 naturain.

2145 5811 2161 5844 ί
2197 5811 2268 5861 sic
2289 5815 2395 5861 Mss.
2420 5809 2537 5859 editi
2558 5821 2692 5871 vero,
2713 5815 2890 5860 secuta.

2805 5889 3190 5967 {Quarantc-
3200 5881 3373 5954 una;
