4172 6498
511 355 636 412 ι291

503 464 760 541 primario
799 459 1076 536 peccantis
1125 457 1360 514 hominis
1407 454 1630 510 arbitrio
1677 452 1913 541 vitiatam
1964 464 2086 541 cum

502 537 766 614 catholica
807 551 1035 609 veritate
1063 546 1337 610 fatemini,
1379 544 1448 600 de
1489 558 1592 614 qua
1625 541 1764 597 Deus
1797 540 1921 595 facit
1945 537 2086 610 quod

503 664 611 708 non
651 648 826 705 solum
867 640 1058 699 artiﬁci
1099 639 1241 696 bono
1262 679 1278 704 ,
1331 634 1426 694 sed
1465 635 1628 690 etiam
1651 631 1815 704 judici
1844 630 2092 686 convenit

501 742 682 814 justo;
727 755 795 795 ne
828 733 1108 794 Maniehtci
1142 746 1240 787 vos
1263 736 1457 802 cogant
1487 726 1718 782 humana
1742 737 1963 795 corpora
1993 722 2091 778 tri-

509 834 675 888 bucre
701 828 890 886 artiﬁci
920 826 1156 897 maligno
1180 833 1234 879 et
1258 818 1499 893 injuste?

578 922 687 979 CV.
717 920 837 982 ιω..
878 919 1116 987 Quorum
1154 922 1300 970 certe
1332 911 1461 966 nihil
1490 925 1520 964 a
1548 918 1600 965 te
1625 917 1803 964 actum
1837 915 1920 961 est
1949 923 1962 959 :
1993 903 2090 961 scd

508 1024 791 1087 postquam
833 1007 1156 1084 respondisti
1204 1004 1509 1062 Catholicos
1551 1000 1780 1057 liberum
1808 996 2090 1053 arbitrium

508 1104 784 1172 conﬁteri,
815 1102 882 1159 de
905 1114 1130 1174 quorum
1157 1107 1208 1153 te
1241 1109 1464 1152 numero
1497 1107 1616 1149 esse
1638 1089 1936 1160 contingis;
1977 1097 2090 1142 sta-

510 1201 602 1254 tim
650 1197 1015 1254 deﬁnitionem
1063 1189 1384 1254 admovisti,
1430 1201 1549 1258 quae
1597 1184 1650 1240 id
1695 1181 1838 1254 quod
1879 1180 2091 1236 dedisse

511 1291 781 1348 videbaris
809 1291 1058 1359 eriperet.
1086 1285 1179 1340 Ais
1205 1283 1346 1340 enim
1376 1299 1392 1338 :
1429 1299 1449 1334 ι
1476 1279 1582 1336 Sed
1609 1279 1652 1332 si
1680 1279 1800 1348 quis
1817 1275 1884 1333 ad
1909 1275 2094 1331 colen-

508 1384 638 1440 dum
667 1391 812 1439 recte
841 1381 1009 1435 Deum
1033 1419 1048 1445 ,
1093 1378 1208 1432 sine
1235 1376 1400 1446 ipsius
1427 1373 1690 1443 adjutorio
1713 1370 1843 1426 dicit
1878 1384 1999 1426 esse
2037 1368 2090 1423 in

512 1473 814 1531 hominibus
849 1471 1074 1526 liberum
1117 1467 1428 1532 arbitrium,
1469 1464 1556 1518 hic
1593 1463 1909 1532 Pelagianus
1935 1475 2094 1516 voca-

511 1577 617 1621 tur.
653 1585 673 1620 s
725 1565 793 1620 Et
821 1565 948 1621 item
979 1580 991 1616 :
1026 1579 1046 1614 t
1083 1561 1332 1617 Liberum
1369 1558 1646 1618 arbitrium
1675 1572 1794 1620 esse
1832 1556 1884 1610 in
1915 1554 2091 1610 homi-

510 1659 665 1714 nibus
704 1657 951 1712 dicimus.
995 1653 1248 1710 Liberum
1291 1661 1470 1708 autem
1509 1663 1831 1722 quemquam
1865 1661 1984 1703 esse
2023 1645 2090 1701 ad

504 1748 766 1822 agendum
789 1747 1008 1802 bonum.
1047 1763 1066 1797 s

576 1841 710 1896 Anc.
743 1838 817 1895 lbi
843 1837 887 1892 si
916 1835 1273 1910 adjunxisses,
1311 1852 1329 1886 ι
1360 1831 1596 1888 lueretici
1621 1831 1800 1886 dicunt
1826 1845 1842 1896 ;
1869 1849 1887 1883 ι
1914 1843 2092 1900 quam-

505 1933 588 1990 vis
609 1947 709 2003 ego
736 1929 900 1986 verba
926 1930 1026 1985 ista
1057 1944 1161 1983 non
1188 1926 1437 1991 dixerim,
1466 1941 1498 1980 a
1527 1939 1644 1979 mea
1677 1933 1854 2005 tamen
1878 1932 2094 1978 senten-

505 2026 576 2080 tia
618 2039 724 2080 non
767 2021 1102 2080 recessisses.
1151 2018 1352 2078 Verum
1389 2025 1476 2074 est
1511 2018 1653 2074 enim
1694 2017 1973 2072 luereticos
2004 2014 2089 2070 di-

503 2133 664 2182 cere,
694 2115 746 2171 id
778 2123 892 2180 est,
925 2128 1020 2169 vos
1049 2113 1228 2184 ipsos,
1273 2111 1496 2167 liberum
1534 2123 1654 2165 esse
1677 2123 1995 2179 quemquam
2023 2105 2089 2161 ad

505 2207 770 2279 agendum
805 2207 1005 2262 bonum
1034 2204 1151 2260 sine
1179 2201 1446 2272 adjutorio
1472 2201 1587 2256 Dei.
1627 2200 1732 2256 Sed
1761 2215 1857 2254 cur
1885 2199 1954 2254 ibi
1984 2214 2088 2252 non

507 2299 726 2372 legerim
745 2336 762 2363 ,
798 2315 819 2349 t
850 2295 967 2353 sine
996 2293 1262 2365 adjutorio
1289 2292 1380 2348 Dei
1403 2333 1417 2357 ,
1454 2309 1474 2345 ι
1509 2307 1627 2360 qua:
1657 2291 1709 2345 iu
1741 2289 1839 2344 hac
1869 2297 2089 2343 senten-

507 2391 579 2446 tia
605 2389 768 2446 verba
796 2402 915 2444 mea
941 2386 1102 2444 etiam
1131 2385 1246 2455 ipse
1273 2383 1429 2454 paulo
1464 2391 1588 2437 ante
1617 2381 1874 2452 posuisti;
1905 2395 2093 2451 quam-

505 2482 597 2537 diu
618 2495 858 2552 possum,
885 2475 1145 2535 mendoso
1163 2474 1340 2548 potius
1359 2473 1531 2530 codici
1561 2473 1761 2537 tribuo,
1783 2486 1940 2543 quam
1961 2470 2090 2526 tibi:

507 2573 598 2629 die
623 2585 754 2643 ergo
777 2578 991 2626 emtera.

577 2661 707 2718 CVI.
738 2660 860 2717 ιω..
893 2657 1044 2726 Quod
1073 2655 1215 2713 enim
1236 2654 1337 2721 ais,
1367 2653 1433 2710 ad
1453 2651 1732 2710 colendum
1755 2660 1899 2707 recte
1926 2652 2090 2706 Deum

508 2755 626 2811 sine
655 2752 822 2823 ipsius
845 2748 1130 2820 adjutorio,
1154 2746 1258 2802 dici
1278 2761 1306 2800 a
1337 2745 1510 2811 nobis,
1539 2743 1786 2799 sufﬁcere
1813 2743 2093 2814 unicuique

513 2845 812 2901 libertatem
836 2839 1073 2905 arbitrii,
1114 2838 1332 2894 omnino
1356 2835 1615 2891 mentiris.
1644 2833 1776 2890 Cum
1803 2834 1944 2889 enim
1975 2835 2094 2892 cul-

511 2947 595 2992 ttts
623 2934 716 2990 Dei
744 2932 925 2989 multis
949 2929 1271 3001 intelligatur
1297 2925 1470 2982 modis
1491 2966 1508 2992 ,
1529 2926 1654 2981 etin
1678 2923 1915 2980 custodia
1939 2939 2090 2980 man.

509 3026 752 3081 datorum
775 3065 792 3091 ,
837 3031 892 3078 et
920 3021 974 3076 in
999 3019 1370 3076 exsecratione
1393 3016 1641 3072 vitiorum
1667 3056 1683 3080 ,
1728 3025 1782 3070 et
1810 3015 1862 3070 in
1893 3013 2097 3088 simpli-

507 3119 673 3176 citate
720 3113 1142 3173 conversationis
1165 3154 1182 3182 ,
1221 3119 1278 3167 et
1305 3111 1358 3166 in
1385 3110 1573 3167 ordine
1599 3109 1970 3182 mysteriorum
1991 3152 2007 3178 ,
2040 3119 2096 3167 et

509 3209 563 3266 in
604 3207 964 3282 profunditate
1003 3204 1310 3276 dogmatum
1335 3242 1351 3268 ,
1395 3217 1512 3273 qua:
1537 3200 1605 3256 de
1631 3200 1889 3257 Trinitate
1915 3200 1999 3256 vel
2026 3199 2096 3256 de

509 3297 938 3362 resurrectione,
980 3293 1268 3366 multisque
1307 3292 1426 3348 aliis
1471 3291 1734 3347 similibus
1774 3290 1906 3348 ﬁdes
1946 3291 2094 3346 chri-

512 3390 682 3444 stiana
725 3385 1114 3458 consequitur:
1146 3385 1234 3455 qui
1266 3383 1380 3440 ﬁeri
1423 3390 1628 3453 potest,
1675 3389 1734 3436 ut
1759 3395 1856 3436 nos
1883 3381 1933 3436 in
1961 3397 2093 3438 con-

511 3482 628 3535 fnso
651 3479 893 3536 dicamus
918 3521 934 3547 ,
981 3478 1097 3533 sine
1123 3477 1386 3547 adjutorio
1425 3475 1516 3531 Dei
1554 3475 1779 3530 liberum
1817 3475 2094 3530 arbitrium

511 3570 784 3628 sufﬁciens
831 3569 897 3625 ad
945 3569 1059 3641 ejus
1105 3583 1226 3625 esse
1274 3566 1536 3622 culturam
1562 3609 1576 3632 ,
1616 3581 1737 3622 eum
1767 3565 2000 3637 legamus
2039 3566 2094 3622 in

516 3662 804 3733 Evangelii)
829 3661 1093 3716 dicentem
1121 3659 1400 3713 Dominum
1423 3699 1438 3724 ,
1465 3654 1720 3727 Conﬁteor
1747 3657 1836 3711 tibi
1857 3698 1872 3724 ,
1915 3655 2093 3725 Pater,

515 3754 729 3809 Domine
755 3753 866 3809 mli
891 3762 938 3807 et
976 3762 1123 3807 teme
1142 3793 1158 3818 ,
1193 3751 1282 3822 qui
1311 3749 1620 3804 abscondisti
1658 3748 1766 3804 Itan:
1793 3766 1825 3801 a
1850 3749 2095 3820 sapienti-

511 3847 605 3900 bus
633 3855 678 3900 et
706 3843 1030 3914 prudentibus
1049 3885 1062 3907 ,
1094 3852 1140 3897 et
1161 3841 1388 3896 reoelasti
1411 3857 1472 3897 ea
1501 3841 1758 3912 parvulis;
1785 3841 1855 3894 ita
1874 3883 1890 3908 ,
1916 3839 2093 3908 Pater,

511 3937 747 4008 quoniam
786 3937 859 3991 sie
888 3935 985 4004 fuit
1033 3934 1396 4001 beneplacitum
1428 3942 1546 3988 ante
1570 3942 1618 3988 te
1665 3932 1878 4003 (Matth.
1906 3948 1958 3987 xl
1979 3974 1995 3999 ,
2024 3931 2096 3988 25

513 4039 560 4082 ιιι
580 4026 866 4101 26)?Cum
892 4025 1076 4095 utique
1106 4024 1204 4078 ista
1231 4023 1406 4077 omnia
1423 4065 1438 4088 ,
1462 4032 1568 4078 tam
1594 4037 1712 4093 quae
1740 4021 2093 4093 dogmatibus,

515 4133 673 4189 quam
716 4131 836 4188 qua:
882 4113 1154 4189 mysteriis
1195 4113 1576 4178 continentur,
1623 4111 1843 4168 libertas
1892 4112 2096 4168 arbitrii

515 4226 613 4282 per
638 4225 697 4265 se
733 4225 838 4264 non
884 4207 1115 4280 potuerit
1159 4205 1397 4260 invenire
1427 4222 1442 4260 :
1471 4205 1710 4275 quamvis
1749 4213 1929 4260 utnec
1957 4204 2094 4260 idola

513 4301 848 4366 colerentur,
889 4311 990 4354 nec
1017 4297 1160 4352 Deus
1195 4295 1286 4366 qui
1323 4294 1691 4351 innotescebat
1720 4284 1901 4349 mundi
1931 4295 2096 4367 ipsius

469 4391 474 4398 ’
515 4391 758 4447 conditor
794 4396 1135 4460 sperneretur
1159 4429 1174 4454 ,
1223 4386 1474 4456 Magistro
1512 4385 1759 4442 Gentium
1798 4393 1931 4441 teste
1953 4427 1969 4452 ,
2002 4386 2096 4440 do-

515 4500 638 4540 cere
664 4483 895 4554 potuerit
931 4481 1067 4536 ratio
1095 4479 1352 4534 naturalis
1382 4477 1557 4550 (llam.
1589 4493 1627 4543 ι,
1656 4477 1774 4548 2ο).
1827 4477 1942 4532 Non
1970 4492 2098 4548 ergo

518 4575 618 4630 hoc
641 4572 784 4646 quod
815 4571 968 4642 ﬁngis
987 4611 1002 4635 ,
1042 4578 1134 4624 aut
1161 4584 1258 4624 nos
1289 4576 1381 4623 aut
1408 4568 1684 4639 quisquam
1710 4567 1838 4622 dicit
1861 4568 2097 4638 pruden-

516 4670 648 4723 tium
687 4684 702 4720 :
743 4663 838 4720 sed
884 4661 1214 4718 afﬁrmamus
1253 4675 1283 4714 a
1313 4660 1423 4715 Deo
1470 4659 1582 4714 fieri
1624 4658 1893 4714 hominem
1945 4659 2094 4714 liberi

511 4756 752 4820 arbitrii,
787 4767 1018 4824 eumque
1043 4751 1335 4806 innumeris
1361 4749 1556 4804 divinae
1579 4749 1764 4820 gratia:
1815 4749 2096 4822 speciebus

406 4874 409 4875 ν
513 4851 709 4920 juvari,
735 4848 820 4904 cui
851 4845 1105 4916 possibile
1133 4845 1204 4899 sit
1228 4843 1310 4899 vel
1337 4857 1550 4899 servare
1583 4841 1675 4897 Dei
1704 4841 1974 4908 mandata,
2011 4841 2096 4896 vel

515 4941 828 5011 transgredi.
878 4939 944 4994 Et
987 4938 1090 4992 hoc
1136 4945 1219 4990 est
1248 4935 1334 4989 ubi
1383 4935 1607 4989 liberum
1656 4932 1937 4988 arbitrium
1975 4947 2097 4989 esse

513 5031 883 5098 defendimus,
914 5039 970 5082 ut
996 5042 1115 5083 cum
1148 5026 1289 5081 Deus
1315 5033 1421 5079 tam
1444 5025 1625 5079 multis
1653 5023 1825 5078 modis
1852 5024 2096 5095 benigni-

513 5130 676 5174 tatem
717 5134 865 5172 snam
911 5125 1143 5183 asserat,
1194 5115 1245 5171 id
1291 5123 1404 5180 est,
1456 5115 1844 5185 praecipiendo,
1881 5115 2098 5170 benedi-

517 5213 710 5275 cendo,
733 5209 1132 5273 sanctiﬁeando,
1159 5208 1482 5272 coercendo,
1501 5206 1864 5276 provocando,
1897 5206 2096 5261 illumi-

517 5301 693 5356 nando
719 5342 733 5363 ,
781 5301 1140 5370 unusquisque
1185 5314 1368 5354 eorum
1408 5298 1500 5369 qui
1538 5298 1646 5366 jam
1679 5299 1883 5352 ratione
1911 5299 2095 5361 utitur,

515 5393 737 5446 liberum
787 5389 1012 5456 habeat,
1059 5389 1384 5443 voluntatem
1435 5389 1528 5445 Dei
1576 5388 1660 5443 vel
1711 5403 1963 5456 servare,
2015 5389 2096 5442 vel

513 5495 884 5626 spx-ssre'l‘am
915 5566 1078 5620 multa
1104 5566 1237 5621 dicis
1256 5565 1447 5635 quibus
1475 5581 1573 5621 nos
1603 5566 1818 5637 adjuvat
1845 5568 2013 5633 Deus,
2046 5567 2096 5622 id

513 5671 616 5727 est,
650 5679 669 5714 t
699 5656 1075 5732 praecipiendo,
1107 5656 1491 5720 benedicendo,
1523 5657 1924 5725 sanctiﬁcando,
1955 5673 2099 5712 coer-

514 5753 720 5822 tendo,
769 5749 1141 5824 provocando,
1191 5747 1534 5805 illumiuaudo
1565 5768 1579 5806 :
1615 5769 1635 5803 ι
1687 5761 1742 5808 et
1789 5767 1895 5808 non
1935 5751 2088 5818 dicis,

1161 341 1406 402 OPERIS
1442 339 1848 398 IMPERFECTI
1885 336 2154 395 CONTRA
2195 336 2553 400 JULIANUM.
2596 337 2653 396 S.
2697 336 3058 400 AUGUSTINI

3637 340 3778 399 1299

2198 449 2522 506 Cbaritatem
2548 451 2753 517 dando;
2779 467 2900 508 cum
2915 452 3056 509 dicat
3073 451 3306 513 Joannes
3319 453 3613 525 apostolus,
3643 454 3782 512 Claa-

2198 539 2322 593 ritas
2341 555 2404 595 es
2423 539 2531 595 Deo
2551 549 2622 596 est
2653 540 2694 613 (1
2719 539 2877 598 Joan.
2909 557 2981 610 tv,
3011 540 3085 615 7).
3118 541 3270 600 Unde
3297 543 3424 600 item
3451 542 3612 612 dicit,
3645 541 3780 602 Ecce

2197 633 2396 702 qualem
2435 633 2726 688 charitatem
2764 635 2901 690 dedit
2925 635 3066 690 nobis
3087 615 3275 701 Pater,
3303 646 3357 690 ut
3383 636 3479 707 ﬁlii
3511 636 3605 692 Dei
3629 653 3777 694 voce-

2198 740 2329 789 mur,
2361 733 2408 778 et
2434 725 2590 780 simus
2618 723 2729 798 (Id.
2760 741 2837 790 ιιι,
2868 725 2942 799 1).
2973 726 3030 782 In
3053 727 3150 782 hac
3177 727 3453 797 charitate,
3487 745 3605 799 qua:
3630 730 3777 786 cordi

2199 816 2466 883 humano,
2499 818 2686 888 spiritu
2710 859 2727 886 ,
2777 834 2883 875 non
2927 820 3099 877 littera
3133 821 3319 888 datur,
3353 822 3513 879 etiam
3545 833 3779 894 potestas

2197 909 2284 964 illa
2314 909 2655 982 intelligitur,
2701 910 2769 967 de
2793 926 2895 982 qua
2925 912 3064 968 idem
3097 911 3210 983 ipse
3253 913 3304 970 in
3333 913 3622 986 Evangelio
3657 932 3775 982 suo,

2198 998 2350 1054 Dedit
2374 1001 2474 1068 eis,
2513 1001 2715 1072 inquit,
2760 1009 3056 1073 potestatem
3093 1004 3228 1073 ﬁlios
3258 1004 3354 1058 Dei
3384 1005 3496 1074 ﬁeri
3525 1002 3701 1078 (Ioan.
3735 1022 3774 1074 ι,

2198 1090 2311 1159 12).
2356 1091 2502 1147 Hanc
2549 1107 2646 1147 vos
2681 1093 2750 1148 ab
2797 1093 3012 1150 homine
3049 1109 3170 1152 esse
3215 1095 3388 1152 ‘dieitis
3437 1095 3638 1152 homini
3681 1113 3777 1168 per

2197 1180 2421 1237 liberum
2449 1171 2740 1238 arbitrium
2765 1225 2782 1252 ,
2823 1185 3064 1256 spiritum
3096 1185 3350 1242 habentes
3376 1186 3532 1257 hujus
3568 1187 3773 1253 mundi,

2197 1286 2303 1327 non
2326 1288 2445 1328 cum
2485 1275 2574 1344 qui
2621 1291 2686 1330 ex
2718 1275 2826 1331 Deo
2849 1285 2964 1343 est;
3009 1285 3226 1348 propter
3251 1277 3391 1347 quod
3417 1279 3633 1334 nescitis
3656 1294 3776 1349 qua:

2195 1377 2226 1418 a
2259 1365 2368 1420 Deo
2396 1366 2588 1421 donata
2615 1368 2721 1422 sint
2747 1369 2900 1424 nobis
2923 1367 2964 1440 (l
2994 1367 3111 1423 Cor.
3137 1385 3173 1424 ιι
3195 1409 3208 1434 ,
3239 1368 3348 1441 12).
3389 1368 3514 1425 Ideo
3551 1385 3651 1426 nec
3681 1386 3776 1440 pa-

2195 1471 2312 1511 cem
2340 1456 2546 1514 habetis
2571 1473 2692 1514 cum
2721 1459 2958 1515 Ecclesia
2978 1501 2992 1525 ,
3021 1459 3088 1516 de
3124 1477 3228 1532 qua
3267 1462 3480 1528 existis;
3519 1477 3619 1518 nec
3643 1462 3776 1517 cha-

2196 1551 2405 1606 ritatem
2431 1593 2446 1618 ,
2487 1567 2643 1623 quam
2671 1553 2764 1610 Dei
2802 1568 2919 1609 esse
2947 1553 3145 1609 donum
3185 1555 3420 1626 negatis;
3466 1570 3566 1611 nec
3593 1555 3773 1621 ﬁdem,

2194 1643 2314 1714 quia
2340 1643 2573 1700 Inerctici
2594 1645 2723 1702 estis
2754 1662 2768 1700 :
2800 1646 3052 1717 quoniam
3081 1663 3184 1717 pax
3215 1647 3456 1718 fratribus
3481 1656 3526 1702 et
3554 1647 3775 1701 charitas

2193 1749 2310 1787 eum
2333 1734 2454 1803 ﬁde,
2485 1750 2591 1790 non
2612 1736 2680 1792 ab
2702 1735 2936 1792 humano
2968 1739 3140 1795 libero
3157 1740 3174 1772 ί
3205 1738 3424 1794 arbitrio
3444 1780 3459 1805 ,
3487 1739 3582 1794 sed
3608 1756 3639 1793 a
3667 1737 3776 1793 Deo

2196 1823 2353 1879 Patre
2396 1835 2443 1880 et
2481 1824 2701 1882 Domino
2740 1828 2868 1883 Iesu
2911 1827 3112 1884 Christo
3157 1828 3375 1902 (Ephes.
3414 1845 3506 1896 νι,
3546 1829 3662 1902 23).
3717 1829 3775 1886 Si

2193 1917 2438 1986 agnoscis
2464 1917 2519 1987 in
2550 1916 2632 1973 bis
2658 1918 2836 1974 verbis
2862 1919 3052 1989 dogma
3081 1921 3428 1992 apostolicum
3451 1961 3467 1987 ,
3499 1930 3553 1976 et
3578 1921 3629 1975 in
3656 1936 3776 1976 ver-

2195 2005 2276 2061 bis
2307 2008 2408 2062 tuis
2435 2022 2665 2079 agnosce
2691 2019 2744 2065 te
2765 2009 3095 2065 hmreticum.

2263 2096 2420 2153 CVII.
2451 2097 2573 2154 Jun.
2602 2097 2720 2154 Non
2743 2113 2870 2172 ergo
2897 2101 3014 2157 sine
3055 2099 3319 2170 adjutorio
3348 2101 3441 2157 Dei
3467 2100 3534 2155 ad
3575 2101 3773 2156 cultum

2193 2189 2312 2258 ejus
2330 2231 2346 2257 ,
2385 2191 2594 2260 qualem
2621 2192 2874 2248 exhibent
2898 2193 3085 2248 initiati
3115 2193 3410 2264 mysteriis,
3441 2193 3661 2248 liberum
3690 2210 3776 2247 ar-

2194 2279 2408 2336 bitrium
2448 2281 2694 2338 idoneum
2723 2283 3031 2339 credimus:
3063 2284 3156 2340 sed
3187 2283 3379 2339 divina:
3411 2283 3671 2354 tequitatis
3698 2283 3777 2339 Io-

2195 2371 2460 2442 cupletetu
2508 2381 2696 2429 testem
2741 2373 3038 2430 libertatem
3076 2376 3280 2431 arbitrii
3323 2376 3675 2442 conﬁtemur,
3715 2386 3775 2432 ut

2195 2477 2263 2520 eo
2290 2473 2527 2534 tempore
2545 2481 2651 2537 quo
2689 2481 2788 2521 nos
2813 2466 3140 2522 manifestari
3169 2476 3376 2538 oportet
3395 2477 3519 2523 ante
3543 2468 3774 2524 tribunal

2195 2555 2421 2621 Christi,
2453 2568 2509 2613 et
2544 2559 2782 2629 recipere
2811 2575 3241 2632 unumquemque
3276 2562 3488 2632 propria
3514 2564 3772 2632 corporis,

2195 2647 2334 2703 sicut
2373 2649 2573 2719 gessit,
2617 2650 2729 2706 sive
2763 2651 2994 2720 bonum,
3037 2653 3150 2708 sive
3195 2654 3428 2721 malum,
3467 2654 3596 2710 nihil
3638 2654 3776 2711 Deus

2197 2739 2392 2810 injuste
2427 2739 2666 2811 judicare
2688 2741 2975 2811 doceatur,
3006 2745 3096 2815 qui
3145 2744 3272 2799 nulli
3317 2745 3541 2816 imputat
3585 2761 3775 2818 pecca-

2199 2839 2310 2886 tum
2334 2872 2350 2897 ,
2379 2831 2477 2886 nisi
2505 2832 2646 2904 quod
2673 2833 2750 2901 is,
2789 2834 2879 2906 qui
2909 2843 3126 2907 propter
3153 2835 3280 2891 illud
3319 2838 3565 2908 punitur,
3607 2839 3777 2909 potuit

2197 2929 2253 2980 οι
2291 2938 2506 2980 cavere.

2267 3015 2404 3074 Anc.
2443 3016 2590 3073 Bene
2630 3031 2718 3074 me
2758 3033 3066 3076 commones
3104 3019 3228 3091 quid
3266 3029 3450 3078 contra
3489 3029 3540 3077 te
3579 3019 3774 3076 dicam.

2201 3105 2388 3162 Omnes
2428 3124 2520 3162 nos
2561 3117 2738 3176 certe,
2779 3110 2917 3164 sicut
2949 3107 3079 3165 dicit
3113 3111 3420 3181 Apostolus,
3464 3113 3779 3186 manifestari

2198 3207 2393 3271 oportet
2430 3209 2548 3255 ante
2572 3200 2791 3256 tribunal
2818 3200 3037 3268 Christi,
3080 3212 3135 3257 ut
3164 3207 3294 3274 {erat
3331 3203 3668 3276 unusquisque
3694 3221 3778 3260 se-

2198 3291 2416 3346 cundum
2439 3308 2498 3346 ea
2520 3309 2632 3362 qua:
2654 3309 2744 3364 per
2770 3309 2953 3363 corpus
2975 3295 3160 3366 gessit,
3180 3294 3283 3350 sive
3305 3296 3509 3364 bonum,
3538 3296 3640 3350 sive
3663 3311 3777 3350 nta-

2199 3382 2303 3438 lum
2350 3383 2416 3456 (ll
2459 3383 2672 3452 Conv,
2713 3385 2823 3456 10).
2869 3385 3134 3456 Numquid
3179 3387 3247 3442 ab
3288 3385 3388 3441 hac
3434 3387 3778 3442 universitate
3837 3442 3843 3446 .

2197 3474 2446 3546 parvulos
2483 3475 2789 3545 separabis’
2817 3476 2913 3532 Dic
2947 3491 3076 3546 ergo
3113 3476 3239 3547 quid
3287 3476 3411 3532 boui
3456 3492 3550 3547 per
3583 3492 3778 3547 corpus

2198 3566 2460 3637 gesserint
2489 3568 2704 3638 proprio
2731 3567 2896 3624 libero
2919 3568 3160 3636 arbitrio,
3188 3578 3244 3623 ut
3271 3569 3527 3638 recipiant
3555 3586 3775 3641 regnum

2199 3659 2295 3716 Dei
2321 3669 2426 3714 tam
2454 3674 2702 3730 magnum
2726 3659 2920 3715 bonum
2948 3677 2962 3715 :
2992 3671 3084 3714 aut
3112 3659 3237 3731 quid
3268 3661 3390 3715 mali
3415 3661 3620 3731 egerint
3648 3675 3778 3731 pro-

2201 3751 2312 3821 pria
2333 3751 2626 3818 voluntate,
2654 3751 2745 3823 qui
2771 3751 2971 3822 parvuli
2999 3752 3436 3808 abalienabuntur
3456 3753 3525 3808 ab
3550 3753 3646 3808 hac
3672 3753 3778 3806 vita

2201 3842 2312 3899 Dei.
2341 3842 2494 3911 Quod
2517 3842 2582 3908 si,
2615 3851 2674 3897 ut
2701 3857 2920 3898 necesse
2947 3851 3050 3908 est,
3083 3842 3294 3898 fatearis
3318 3843 3433 3898 sine
3460 3844 3578 3898 ullis
3603 3843 3781 3913 aperi-

2201 3933 2300 3990 bus
2324 3935 2504 3990 libera:
2530 3933 2845 3998 voluntatis,
2875 3949 2993 4005 qua:
3019 3934 3156 4005 gerit
3181 3935 3406 4004 quisque.
3432 3949 3528 4004 per
3549 3947 3776 4004 corpus,

2201 4025 2319 4081 illos
2357 4025 2410 4080 in
2449 4023 2662 4080 Christo
2705 4023 2991 4090 viviﬁcnri;
3042 4040 3139 4080 cur
3181 4040 3284 4079 non
3331 4023 3513 4080 fateris
3554 4024 3684 4079 istos
3722 4023 3779 4079 in

2201 4117 2369 4172 Adam
2397 4115 2556 4182 mori,
2583 4131 2704 4171 cum
2733 4116 2871 4171 scias
2895 4115 3062 4170 Adam
3082 4115 3296 4171 Christo
3321 4131 3351 4171 e
3371 4117 3637 4172 contrario
3661 4131 3781 4170 esse

2201 4206 2424 4263 formam
2449 4207 2652 4262 futuri?
2678 4209 2759 4261 An
2785 4205 2979 4262 clausis
3003 4207 3172 4261 oculis
3196 4221 3257 4261 os
3283 4207 3511 4277 aperies,
3533 4215 3587 4261 et
3609 4205 3778 4272 dices,

2200 4299 2306 4355 illis
2327 4299 2379 4354 in
2407 4313 2514 4370 quo
2534 4297 2702 4354 renati
2729 4307 2851 4352 sunt
2870 4339 2886 4362 ,
2912 4297 3153 4367 spiritum
3185 4297 3446 4368 profuisse
3463 4297 3701 4368 justitim,
3726 4307 3783 4351 et

2201 4391 2316 4446 istis
2343 4390 2395 4446 iu
2434 4406 2536 4462 qua
2565 4389 2674 4445 nati
2701 4397 2856 4458 sunt,
2887 4404 3100 4444 carnem
3128 4405 3234 4445 non
3273 4389 3508 4448 obfuisse
3537 4390 3734 4462 peccati
3759 4390 3784 4443 ?

2198 4482 2347 4550 Quis,
2373 4483 2471 4538 nisi
2498 4497 2613 4548 vos,
2641 4482 2744 4538 hoc
2761 4482 2939 4539 dicere
2961 4482 3213 4540 audebit?
3231 4483 3445 4554 Majoris
3465 4501 3591 4541 vero
3611 4485 3784 4541 aetatis

2201 4575 2444 4631 homines
2474 4575 2685 4646 quando
2716 4575 2936 4631 audiunt
2979 4576 3064 4631 vel
3104 4577 3316 4644 legunt,
3353 4592 3783 4650 unumquemque

2201 4676 2535 4739 recepturum
2558 4666 2846 4722 secundum
2873 4683 2933 4723 ea
2962 4683 3082 4738 qua:
3109 4683 3205 4738 per
3228 4684 3424 4738 corpus
3449 4669 3642 4740 gessit,
3673 4685 3780 4722 non

2199 4759 2394 4815 debent
2421 4759 2472 4813 in
2497 4774 2608 4813 sua:
2639 4758 2923 4813 voluntatis
2948 4759 3139 4812 virtute
3164 4758 3471 4825 conﬁdere;
3499 4759 3589 4813 sed
3625 4774 3780 4812 orare

2201 4853 2376 4922 potius
2403 4853 2562 4908 talem
2590 4851 2688 4906 sibi
2719 4866 2750 4906 a
2779 4852 3002 4907 Domino
3030 4853 3316 4923 pra-parari
3349 4854 3686 4916 voluntatem,
3718 4860 3778 4904 ut

2203 4960 2306 5000 non
2333 4946 2528 4999 intrent
2551 4944 2604 4999 in
2633 4944 2996 4999 tentationem.
3028 4941 3361 5010 Prtrparatur
3383 4943 3518 4996 enim
3547 4941 3780 4996 voluntas

2201 5051 2234 5088 a
2264 5033 2478 5088 Domino
2503 5033 2680 5108 (Prov.
2701 5050 2809 5098 vut,
2834 5049 2932 5088 see.
2959 5033 3158 5102 LXX);
3183 5042 3256 5101 et,
3283 5034 3456 5100 Orate,
3488 5033 3656 5103 inquit
3676 5033 3785 5086 Do-

2202 5129 2376 5182 minus
2393 5129 2526 5198 ipse,
2547 5143 2609 5180 ne
2630 5127 2821 5180 intretis
2845 5128 2896 5180 in
2921 5126 3241 5179 tentationem
3263 5127 3474 5199 (.ifattlt.
3501 5143 3642 5189 xxvt,
3670 5127 3726 5180 il
3741 5127 3780 5194 );

2145 5257 2162 5266 -
2201 5230 2288 5286 et,
2322 5221 2538 5275 Oramus
2566 5219 2634 5272 ad
2667 5218 2864 5285 Deum,
2894 5219 2970 5272 ait
2996 5218 3280 5290 Apostolus
3299 5261 3314 5285 ,
3351 5237 3414 5274 ne
3439 5220 3563 5292 quid
3588 5221 3785 5291 faciatis

2201 5311 2326 5365 mali
2354 5309 2420 5378 (ll
2448 5308 2568 5365 Cor.
2605 5324 2732 5376 xm,
2767 5310 2842 5380 7).

2273 5400 2448 5455 CVIII.
2487 5399 2606 5456 Jun.
2639 5399 2791 5454 Prior
2815 5413 2946 5470 ergo
2971 5403 3233 5456 sententia
3263 5411 3352 5457 tua
3383 5403 3515 5459 nihil
3543 5401 3784 5457 obscuri-

2203 5503 2312 5550 tate
2332 5495 2661 5566 promovebit
2685 5514 2698 5550 :
2728 5497 2961 5554 secunda
2984 5513 3128 5564 vero,
3152 5515 3254 5570 qua
3281 5500 3510 5569 repetis,
3537 5498 3785 5570 quoniam

2209 5698 2482 5809 iu'\£gn.,
2501 5710 2593 5750 non
2617 5698 2678 5750 ab
2696 5700 2903 5751 humano
2925 5701 3126 5753 arbitrio
3147 5713 3164 5751 :
3187 5702 3383 5763 omisso,
3408 5699 3580 5764 libero;
3602 5698 3688 5750 sed
3712 5705 3788 5749 est
