4172 6502
421 404 442 450 t
459 395 560 451 ξοδ

389 515 641 582 ,tiberum
679 508 896 582 quidem
936 507 1210 566 conﬁteris
1247 504 1548 572 arbitrium,
1589 519 1694 560 non
1734 516 1912 562 tamen
1951 516 2008 562 ιιι

380 579 643 714 Ξιιιιὶικιιιο
681 579 844 658 Ιιοιιιο
890 600 1026 658 liber
1068 598 1140 656 ad
1176 597 1442 672 agendum
1483 597 1685 656 bonum
1729 596 2006 664 credatur,

385 689 622 762 fviscera
650 702 743 750 tua
771 701 880 750 tota
910 689 1154 748 nudavit.

383 777 398 801 '
487 788 630 848 Aes.
667 784 830 858 Cogis
849 799 940 842 me
955 784 1069 855 iam
1091 781 1188 840 tibi
1209 779 1470 848 tribuere,
1489 779 1636 854 quod
1659 779 1831 838 codici
1855 779 2012 851 paulo

417 887 546 936 ante
596 876 916 936 tribueba.
961 875 1108 934 Ecce
1147 874 1294 934 enim
1337 875 1417 934 sic
1457 873 1656 946 repetis
1692 873 2012 930 sutestiam

419 985 632 1037 meam,
659 977 720 1030 ut
752 983 873 1028 eam
909 982 1018 1024 non
1045 967 1270 1040 impleas
1304 965 1485 1024 verbis
1519 964 1690 1032 meis,
1713 979 1837 1037 qtae
1861 962 2015 1022 valde

419 1071 546 1122 sunt
572 1063 873 1121 necessaria
895 1101 915 1132 ,
942 1060 1202 1133 vobisque
1223 1059 1515 1118 carnalia.
1553 1058 1667 1130 Ego
1691 1057 1840 1115 enim
1856 1055 1972 1113 dixi
1991 1097 2013 1126 ,

426 1173 447 1210 ι
474 1155 595 1213 Non
631 1169 754 1213 esse
795 1153 1022 1212 liberum
1059 1167 1384 1226 quamquam
1411 1151 1481 1208 ad
1509 1149 1774 1224 agenda
1815 1149 2015 1206 bonum

421 1247 540 1304 sine
560 1246 836 1320 adiutorio
864 1245 981 1304 Dei.
1016 1264 1039 1301 ι
1071 1245 1154 1302 Tu
1181 1253 1361 1301 autem
1387 1242 1555 1310 dicis,
1579 1241 1737 1298 fateri
1775 1255 1864 1298 me
1900 1239 2047 1312 qni--

421 1339 552 1398 dem
589 1339 816 1397 liberum
862 1337 1144 1395 arbitrium
1189 1355 1212 1394 ι
1245 1352 1355 1406 non
1407 1345 1586 1394 tamen
1633 1342 1694 1392 ut
1735 1335 2017 1408 quisquam

422 1430 588 1490 homo
611 1431 756 1490 iiber
771 1429 844 1488 ad
863 1431 1128 1503 quidam
1149 1429 1352 1487 bonum
1375 1427 1662 1486 credatur:
1689 1443 1711 1482 ι
1741 1439 1842 1484 nec
1865 1425 2018 1484 addis

421 1522 566 1594 quod
590 1537 690 1596 ego
713 1521 928 1590 addidi,
970 1539 994 1574 ι
1031 1521 1156 1580 uiua
1175 1519 1442 1592 adiutorio
1469 1518 1583 1576 Dei.
1609 1536 1632 1572 ι
1671 1516 1788 1576 Non
1823 1529 2020 1574 accuso

421 1611 618 1680 iurem,
647 1611 824 1669 ablata
850 1611 1082 1669 civiliter
1115 1617 1306 1684 repete
1331 1627 1356 1670 :
1377 1609 1544 1669 redde
1582 1609 1743 1666 verba
1771 1622 1928 1677 mea,
1963 1615 2021 1664 et

425 1704 557 1761 nihil
587 1704 839 1760 valebunt
869 1713 981 1762 tua.

495 1797 630 1855 CIX.
669 1797 790 1855 ιω..
832 1798 970 1854 Ecce
1001 1797 1148 1855 enim
1176 1810 1313 1876 nos,
1349 1795 1488 1853 sicut
1513 1795 1688 1868 primo
1713 1793 1852 1853 libro
1889 1791 2020 1850 feci—

423 1905 545 1948 mus
559 1930 577 1957 ,
603 1888 682 1948 ita
705 1905 850 1947 nunc
872 1903 1060 1962 presse
1093 1889 1334 1962 cogimus
1350 1928 1368 1956 ,
1395 1895 1457 1946 ut
1481 1885 1737 1944 ostendas
1760 1883 2021 1958 quemad-

425 1981 645 2039 modum
689 1982 920 2042 liberum
970 1981 1250 2040 arbitrium
1303 1995 1412 2036 non
1465 1979 1679 2053 negaris
1729 1979 1774 2034 ⁸.
1821 1977 2025 2035 insidat

425 2085 608 2133 autem
639 2077 741 2130 huc
769 2074 957 2132 lectori
981 2085 1187 2142 nostro,
1216 2083 1272 2130 te
1292 2071 1543 2130 videlicet
1567 2070 1874 2130 confessum
1901 2085 2024 2128 esse

427 2164 656 2222 liberum
682 2164 962 2222 arbitrium
977 2205 996 2235 ,
1021 2172 1082 2224 et
1106 2165 1280 2224 Deum
1316 2163 1651 2222 nascentium
1688 2163 2022 2220 conditorem

427 2255 720 2314 Catbolicis
753 2255 1080 2328 prtedieare;
1107 2271 1234 2330 quae
1267 2254 1382 2314 duo
1409 2270 1682 2328 nunquam
1719 2254 1823 2311 nisi
1847 2253 2022 2312 ﬂani-

426 2346 612 2426 ebzeus
635 2347 848 2420 negavit
871 2363 886 2402 :
912 2345 1011 2406 sed
1033 2361 1158 2406 cum
1177 2346 1294 2404 liae
1310 2346 1670 2404 communiter
1681 2344 1846 2402 ambo
1861 2343 2024 2402 dede-

428 2438 618 2507 rimus,
641 2454 742 2498 nec
765 2439 866 2498 tibi
879 2448 1080 2508 autem,
1096 2454 1201 2498 nec
1219 2438 1454 2512 domini
1475 2447 1568 2496 tuo
1585 2438 1806 2496 libertas
1819 2445 2030 2496 constat

429 2531 634 2588 arbitrii
656 2547 674 2600 ;
707 2531 992 2592 conﬂatur
1009 2532 1252 2600 otnnino,
1285 2540 1340 2592 te
1361 2539 1418 2589 et
1439 2530 1636 2603 dogma
1653 2539 1806 2588 tuum
1829 2529 1900 2586 de
1923 2527 2028 2586 tida

429 2625 694 2684 catholica
730 2625 860 2682 nihil
908 2633 1112 2684 tenere.
1151 2624 1428 2697 luteer
1451 2637 1581 2696 ergo
1613 2638 1738 2695 quae
1769 2621 1851 2678 vis
1873 2621 1896 2655 ⁸
1933 2621 2025 2686 sit,

429 2734 619 2791 qumve
641 2719 884 2776 deﬁnitio
905 2719 1061 2778 liberi
1077 2719 1306 2778 arbitrii.
1333 2717 1496 2777 Certe
1523 2717 1578 2774 in
1601 2715 1720 2788 ejus
1741 2722 2026 2789 potestate,

433 2793 752 2867 naturalium
775 2811 924 2868 nulla
945 2811 1231 2868 conversio
1255 2819 1360 2868 est.
1386 2809 1556 2868 Nemo
1579 2810 1722 2867 enim
1744 2809 1798 2866 in
1821 2823 1883 2864 se
1901 2823 2030 2863 seu-

433 2915 591 2960 suum
620 2915 854 2970 unquam
880 2899 1108 2956 mutavit
1127 2899 1306 2956 oi‘ticia
1323 2939 1342 2966 ,
1371 2898 1519 2955 verbi
1547 2898 1720 2970 gratia
1741 2939 1760 2964 ,
1788 2906 1848 2954 ut
1870 2912 2031 2954 voces
2081 2907 2090 2918 '

434 2989 694 3059 naribus,
719 3001 812 3046 aut
833 2989 1055 3048 auribus
1081 2989 1378 3062 susciperet
1409 2987 1604 3044 odores
1632 3005 1649 3045 :
1681 3003 1840 3048 nemo
1871 3003 2032 3046 sexus

435 3082 521 3138 sui
544 3082 809 3138 convertit
833 3081 1210 3154 proprietatem
1237 3097 1252 3138 :
1283 3097 1444 3140 nemo
1472 3081 1526 3138 in
1552 3079 1782 3138 ferulam
1807 3081 2034 3138 transire

437 3173 723 3231 animantis
748 3173 968 3230 alterius
989 3214 1008 3242 ,
1039 3189 1198 3231 nemo
1223 3188 1322 3246 per
1344 3173 1572 3230 liberum
1598 3173 1876 3230 arbitrium
1897 3172 2034 3244 pilos

435 3265 680 3336 corporis
715 3266 802 3323 sui
826 3265 1026 3326 innatis
1063 3265 1236 3338 potuit
1266 3273 1476 3324 mutare
1513 3263 1836 3323 velleribus:
1871 3274 2034 3350 nemo

437 3355 539 3412 sibi
569 3371 666 3426 pro
691 3355 904 3428 ingenio
927 3363 1020 3416 aut
1049 3355 1360 3430 qualitatem
1397 3363 1494 3414 aut
1516 3355 1867 3428 quantitatem
1903 3369 2033 3412 eor-

439 3446 588 3526 poris
607 3445 907 3504 vindicavit.
929 3446 1026 3506 liis
1043 3447 1306 3518 exemplis
1324 3447 1450 3504 licet
1462 3446 1644 3504 omnia
1665 3462 1787 3518 qua:
1801 3445 1874 3503 ad
1895 3445 2036 3503 hanc

439 3537 799 3595 conditionem
828 3537 1124 3611 respiciunt
1143 3537 1446 3612 pervagari.
1481 3535 1842 3596 Transeamus
1866 3537 2036 3611 igitur

440 3640 472 3681 a
501 3627 834 3686 naturalibus
858 3627 928 3684 ad
951 3636 1296 3687 externorum
1320 3627 1731 3688 diseussionem.
1754 3626 1854 3686 Cui
1881 3643 2037 3700 agro-

441 3732 562 3775 rum
603 3718 921 3788 l'ceuuditas,
973 3720 1062 3778 cui
1103 3719 1431 3792 prosperitas
1479 3719 1898 3792 navigationem,
1947 3720 2034 3778 cui

443 3807 690 3866 nobilitas
713 3818 769 3866 et
803 3823 938 3882 opes
957 3849 976 3877 ,
1000 3809 1090 3868 cui
1123 3809 1426 3868 constantia
1462 3809 1631 3882 ipsius
1659 3809 1955 3869 nobilitatis
1983 3812 2036 3868 in

439 3897 562 3970 iure
587 3899 824 3960 constitit
848 3900 1159 3970 voluntatis,
1191 3909 1248 3958 ut
1272 3901 1356 3960 vel
1381 3901 1450 3960 ad
1473 3901 1668 3960 borum
1685 3901 1772 3960 vel
1795 3901 1864 3960 ad
1889 3903 2038 3962 simi-

445 3987 575 4052 lium
620 3991 724 4049 sibi
759 3993 1204 4065 conquisitionem
1239 3993 1512 4054 voluntate
1547 4007 1612 4052 sa
1651 3993 1820 4055 libera
1858 4008 1892 4050 a
1925 3993 2040 4052 Deo

441 4071 692 4141 allectum
739 4099 860 4144 esse
895 4084 1188 4144 latereer
1228 4084 1499 4144 Naturalia
1537 4099 1669 4158 ergo
1707 4084 2039 4142 ineoncussis

445 4175 720 4232 ordinibus
732 4191 750 4243 ε
771 4184 991 4236 externa
1005 4192 1132 4236 vero
1145 4175 1360 4235 casibus
1369 4191 1586 4249 semper
1602 4177 1848 4235 feruntur
1865 4177 2042 4258 incer-

447 4267 537 4325 tis.
554 4267 612 4326 In
625 4268 818 4340 quibus
833 4269 991 4341 igitur
1001 4269 1251 4328 consistit
1259 4269 1490 4329 liberum
1503 4268 1806 4338 arbitrium,
1823 4278 2042 4341 propter

442 4358 590 4432 quod
606 4359 856 4418 homines
873 4359 1058 4418 bestiis
1082 4361 1430 4430 antecellunt,
1451 4370 1672 4434 propter
1685 4360 1832 4434 quod
1851 4361 1922 4418 ad
1943 4361 2040 4419 Dei

444 4449 734 4534 imaginem
754 4451 876 4510 facti
893 4462 1040 4522 sunt,
1054 4461 1110 4510 et
1129 4469 1238 4525 quo
1251 4453 1370 4511 solo
1383 4453 1550 4512 divini
1561 4453 2040 4526 esaminisinstitia

447 4540 790 4598 continetur!
812 4542 868 4600 in
903 4557 1012 4615 quo
1035 4551 1120 4602 est
1143 4545 1278 4612 boc,
1308 4545 1555 4616 inquam,
1585 4543 1864 4602 arbitrium
1901 4544 2040 4602 libo.

451 4647 606 4698 nun;
657 4631 800 4703 quod
841 4641 901 4688 ut
947 4633 1266 4690 Manichzcos
1311 4649 1506 4706 negare
1555 4643 1762 4692 certum
1811 4642 1918 4702 est,
1970 4635 2042 4690 ita

448 4721 755 4780 Catholieos
777 4738 1020 4783 asserere
1044 4723 1204 4780 etiam
1231 4733 1286 4780 tu
1315 4723 1534 4782 fateris!
1555 4725 1684 4782 Sine
1702 4723 1884 4789 dubio,
1907 4725 1960 4779 in
1975 4739 2046 4782 eo

452 4824 512 4870 ιιι
539 4814 792 4886 possibile
815 4815 888 4870 sit
910 4813 1113 4872 homini
1139 4814 1470 4872 voluntatem
1495 4829 1650 4870 suam
1668 4855 1686 4880 ,
1721 4813 1838 4872 sine
1863 4813 2044 4888 aliquo

454 4909 748 4966 inevitabili
768 4907 1087 4968 naturalium
1101 4915 1309 4975 coactu,
1325 4905 1410 4964 vel
1431 4905 1720 4967 immittere
1743 4906 1796 4964 in
1813 4905 2040 4974 crimen,

455 4999 536 5058 vel
561 5015 593 5058 a
616 4999 844 5058 crimine
866 4999 1139 5056 cohibere.

525 5092 662 5150 Anc.
699 5091 963 5149 (inhibere
995 5107 1026 5146 a
1066 5089 1290 5148 crimine
1335 5089 1683 5156 voluntatem,
1727 5088 1828 5146 hoc
1873 5087 2045 5160 ipsum

457 5190 540 5236 est
557 5223 572 5244 ,
605 5198 704 5238 nec
723 5182 863 5240 aliud
887 5181 1174 5254 quidquam
1194 5223 1208 5246 ,
1238 5197 1357 5237 non'
1373 5180 1573 5238 intrare
1600 5181 1654 5238 iu
1677 5179 2044 5238 tentatiouem.

457 5269 564 5326 Sed
584 5272 630 5326 si
659 5271 757 5328 hoc
778 5271 1097 5328 haberemus
1121 5272 1178 5327 in
1198 5277 1460 5342 potestate
1483 5269 1712 5342 propria:
1737 5269 2044 5336 voluntatis,

459 5377 565 5420 non
597 5377 939 5420 monercmur
966 5372 1024 5420 ut
1046 5362 1099 5420 id
1125 5362 1332 5420 orando
1361 5377 1394 5418 a
1434 5363 1659 5420 Domino
1683 5376 2046 5436 posceremus.

457 5451 556 5512 Cui
595 5471 725 5527 ergo
749 5455 945 5513 dicitur
965 5497 979 5521 ,
1007 5453 1221 5511 Declina
1251 5473 1286 5512 ιι
1319 5454 1454 5513 male
1478 5455 1649 5529 (Paul.
1682 5471 1883 5522 xxxvi,
1909 5453 2003 5527 27)
2031 5473 2047 5512 :

459 5542 562 5604 hoc
587 5549 768 5622 utique
792 5547 1019 5614 dicitur,
1035 5553 1097 5606 ut
1119 5561 1151 5602 a
1171 5547 1394 5613 crimine
1411 5561 1562 5606 suam
1587 5547 1834 5606 cohibeat
1857 5547 2049 5604 volun-

523 5708 548 5805 ί
1150 5713 1478 5835 vigit-paulo
1503 5775 1643 5832 post.
1673 5777 1916 5826 emerso.
1939 5779 2028 5831 vro

524 5785 548 5805 ι·
579 5785 718 5829 runt,
739 5785 864 5835 quis,
890 5785 994 5834 pro,
1018 5785 1130 5832 qua:
1150 5785 1238 5820 uss.
1264 5785 1478 5833 upauto
1503 5785 1643 5832 post,
1673 5785 1916 5826 σαιινσηυ.
1939 5785 2046 5831 pro,

452 5831 720 5950 gum-fe.
757 5840 868 5884 time
915 5842 971 5886 et
995 5830 1082 5883 alia
1103 5831 1153 5882 in
1177 5831 1270 5882 isto
1299 5830 1512 5893 capitulo
1547 5838 1709 5882 errata
1749 5835 2049 5893 castram-itur

1807 389 2007 447 manu
2045 392 2367 452 TERTIUS.
2441 366 2458 378 ’

3567 401 3707 458 1⁸2⁸δὸ

2113 513 2299 562 tatem.
2321 503 2391 560 Et
2411 511 2589 561 tamen
2610 505 2896 578 .ipnsznlns
2914 521 3035 563 cum
3059 519 3237 580 posset
3258 511 3418 566 etiam
3443 510 3545 570 lane
3564 522 3713 572 recte

2113 599 2317 666 dicere,
2347 597 2694 670 Przecipimus
2717 599 2888 668 vobis,
2912 615 2981 658 ne
3001 601 3130 674 quid
3152 600 3356 660 iacietis
3377 601 3503 660 mali
3526 621 3542 660 :
3572 605 3712 661 Ors-

2117 709 2262 762 mus,
2301 691 2506 764 inquit,
2553 691 2624 748 ad
2655 689 2822 748 Deum
2839 735 2858 762 ,
2897 709 2962 750 ne
2985 694 3112 767 quid
3151 696 3355 770 ludatis
3393 695 3538 752 mali.
3571 697 3716 756 Ecce

2117 797 2286 854 quare
2307 779 2418 839 disi
2447 781 2468 854 (
2487 797 2594 839 non
2615 782 2753 841 sicut
2781 791 2838 840 tu
2864 782 3066 842 dixisse
3089 801 3177 844 me
3199 785 3334 843 dicis
3356 785 3398 858 ),
3428 786 3710 846 Neminem

2117 875 2346 932 liberum
2379 874 2449 930 ad
2481 875 2746 948 egelidum
2777 875 2977 934 bonum
3009 877 3128 936 sine
3151 877 3416 951 adiutorio
3445 878 3564 937 Del.
3600 879 3716 937 lioc

2115 969 2317 1042 quippe
2339 967 2663 1040 adiutorium
2688 967 2932 1026 ﬁdelibus
2953 967 3144 1027 orabat
3161 970 3486 1042 Apostolus:
3519 987 3624 1028 non
3647 988 3716 1030 ex

2117 1067 2310 1116 natura
2337 1058 2572 1116 hominis
2592 1059 2818 1117 liberum
2847 1059 3127 1119 auferebat
3153 1061 3429 1120 abitrinm.
3459 1062 3719 1121 Homines

2117 1151 2247 1208 elati
2269 1156 2326 1208 et
2350 1149 2552 1218 inlati,
2579 1150 2744 1208 nolite
2767 1151 2820 1208 in
2847 1161 3024 1211 vestra
3050 1155 3244 1210 virtute
3266 1151 3575 1212 conlidere:
3603 1155 3718 1212 Deo

2118 1255 2217 1301 vos
2235 1243 2465 1310 subdite.
2488 1253 2652 1318 atque
2671 1253 2732 1302 ιιι
2753 1245 3083 1304 voluntatem
3102 1246 3399 1306 eohibeatis
3416 1260 3446 1304 a
3468 1248 3717 1316 crimlne,

2117 1343 2177 1392 et
2203 1333 2258 1391 in
2285 1335 2632 1393 tentationem
2658 1349 2770 1392 non
2803 1336 3036 1408 intretis,
3067 1347 3236 1395 orate.
3257 1339 3368 1396 Nec
3399 1340 3722 1398 existimetis

2119 1443 2231 1487 non
2257 1443 2357 1486 vos
2379 1429 2584 1486 intrare
2604 1429 2660 1486 in
2685 1430 3035 1488 tentationem
3050 1473 3066 1498 ,
3096 1431 3312 1504 quando
3333 1431 3403 1490 ab
3427 1447 3593 1504 opere
3615 1433 3717 1490 ali-

2121 1533 2231 1592 quo
2270 1519 2412 1577 male
2451 1521 2938 1592 concupiscentiam
2981 1523 3162 1580 carnis
3202 1521 3328 1580 forti
3377 1525 3397 1560 ⁸
3447 1525 3721 1582 voluntate

2121 1610 2406 1670 cobibetis.
2437 1611 2699 1686 ignoratis
2726 1613 2994 1672 versutias
3015 1615 3335 1672 tentatoris:
3365 1615 3420 1672 in
3458 1617 3720 1689 maiorem

2125 1703 2475 1760 tentationem
2497 1743 2513 1771 ,
2538 1703 2756 1776 quando
2782 1703 2902 1762 haec
2922 1706 3181 1762 voluntati
3208 1715 3401 1766 vestra:
3424 1708 3544 1766 sine
3569 1709 3722 1780 adju-

2123 1794 2266 1850 torio
2292 1792 2390 1851 Dei
2423 1793 2722 1866 deputatis,
2745 1795 2979 1853 intratis.
3029 1795 3234 1855 Vellem
3273 1812 3404 1855 sane
3449 1801 3724 1872 quomodo

2122 1885 2347 1956 dixeris,
2369 1901 2471 1944 nos
2488 1886 2732 1954 duceres,
2752 1887 2896 1962 quod
2914 1905 2976 1946 ea
2998 1906 3116 1962 qua:
3136 1891 3190 1947 in
3211 1890 3366 1949 bonis
3385 1894 3469 1951 vel
3492 1892 3546 1950 in
3567 1894 3725 1952 malis

2129 1977 2406 2035 hominum
2441 1978 2779 2053 appellantur
2819 1999 2841 2035 ι
2874 1989 3132 2050 externa,
3166 2001 3188 2037 ι
3217 1983 3360 2041 sicut
3401 1983 3602 2042 divitia:
3638 1986 3724 2044 vel

2125 2077 2414 2142 paupertas
2453 2080 2510 2127 et
2547 2081 2776 2140 cetera,
2811 2090 2834 2126 ι
2877 2073 3092 2130 casibus
3139 2073 3382 2132 ferantur
3423 2075 3662 2135 incertis.
3697 2095 3718 2130 ι

2128 2162 2300 2220 Etiam
2329 2161 2448 2220 [nec
2467 2162 2614 2222 enim
2638 2163 2900 2222 catholica
2929 2163 3062 2222 ﬁdes
3085 2164 3155 2222 ita
3179 2165 3346 2224 demit
3369 2165 3641 2238 humanm,
3667 2175 3728 2224 ιιι

2127 2254 2322 2312 divine
2343 2257 2543 2314 tribuat
2569 2257 2839 2329 potestati.
2872 2257 2987 2315 iloe
3012 2267 3194 2316 autem
3221 2258 3376 2329 dico,
3404 2260 3528 2334 quia
3561 2262 3726 2318 timeo

2127 2345 2300 2412 vobis,
2330 2361 2400 2404 ne
2423 2345 2564 2404 forte
2583 2347 2637 2404 id
2659 2361 2872 2422 quoque
2899 2359 3078 2406 vestro
3105 2347 3416 2408 addideritls
3443 2353 3638 2422 errori,
3667 2361 3728 2408 ut

2129 2437 2388 2510 quidquid
2417 2437 2664 2496 homines
2693 2438 2969 2514 patiuntur
2995 2441 3080 2500 vel
3106 2441 3499 2514 adipiscuntur,
3530 2443 3645 2500 sive
3670 2443 3725 2500 in

2127 2529 2448 2602 corporibus
2475 2531 2624 2598 suis,
2659 2533 2774 2589 sive
2799 2532 2853 2589 in
2884 2531 3048 2590 rebus
3081 2535 3357 2606 externis,
3384 2535 3454 2591 ad
3491 2535 3727 2592 divinam

2131 2621 2338 2694 negetis
2371 2621 2760 2694 providentiam
2799 2624 3106 2696 pertinere:
3151 2641 3216 2683 ac
3250 2641 3347 2699 per
3392 2628 3494 2684 hoc
3513 2671 3529 2697 ,
3575 2629 3734 2702 quid-

2133 2714 2263 2786 quid
2305 2715 2572 2772 malorum
2613 2717 2987 2789 perpetiuntur
3019 2725 3076 2775 et
3121 2719 3326 2790 parvuli
3343 2761 3362 2788 ,
3401 2719 3476 2777 ita
3511 2721 3732 2779 incertis

2131 2804 2346 2862 casibus
2372 2805 2640 2876 deputetis
2656 2846 2676 2875 ,
2705 2815 2817 2863 uta
2836 2806 3040 2880 iudicio
3061 2807 3201 2878 eius,
3223 2809 3344 2866 sine
3367 2809 3522 2881 citius
3545 2811 3735 2866 volun-

2135 2901 2263 2961 tate,
2291 2903 2350 2950 ut
2370 2893 2488 2966 ipse
2514 2895 2772 2953 Dominus
2795 2895 2948 2964 dicit,
2966 2911 3067 2954 nee
3085 2912 3274 2969 passer
3289 2899 3436 2956 cadit
3457 2900 3511 2958 in
3529 2911 3730 2959 terram

2135 2983 2353 3054 (Matth.
2405 2999 2443 3040 ι
2467 3025 2485 3052 ,
2509 2982 2642 3059 29),
2687 2983 2808 3042 haec
2842 2985 3086 3044 alienare
3137 2988 3428 3045 conemini.
3467 2987 3732 3064 Quoniam

2135 3075 2328 3136 videtis
2363 3075 2614 3134 haeresim
2645 3085 2878 3135 vestram
2915 3077 2972 3134 in
3009 3076 3112 3136 bac
3139 3079 3481 3151 parvulorum
3517 3081 3734 3144 miseria

2136 3165 2472 3240 naufragare,
2503 3181 2626 3240 qua
2661 3167 2765 3224 sub
2789 3165 3062 3239 Deoiuato
3104 3168 3252 3226 nulla
3273 3177 3439 3240 esset,
3463 3169 3574 3230 nisi
3610 3183 3734 3228 eam

2135 3266 2327 3317 statim
2365 3257 2600 3318 humana
2639 3257 2799 3330 primi
2840 3259 3048 3332 peccati
3073 3260 3438 3334 magnitudine
3472 3261 3657 3320 vithta
3679 3270 3736 3320 et

2135 3347 2390 3406 damnata
2411 3348 2719 3408 eruisset.

2203 3438 2322 3500 CX.
2358 3438 2482 3498 ιω..
2524 3440 2592 3496 Et
2638 3447 2700 3496 ut
2743 3453 2834 3498 res
2875 3441 3120 3500 absoluta
3169 3442 3359 3516 paucis
3407 3443 3737 3502 illuminetur

2137 3530 2438 3602 exemplis;
2469 3539 2528 3587 ut
2555 3539 2662 3587 tam
2688 3530 2919 3590 liberum
2947 3532 3021 3592 sit
3043 3533 3248 3590 homini
3271 3533 3610 3607 ηοιιιρκίιιιιι
3653 3535 3738 3592 ia-

2137 3635 2265 3680 cere
2289 3623 2430 3680 velle
2450 3663 2468 3692 ,
2492 3637 2654 3694 quam
2680 3623 2858 3689 nolle;
2885 3631 2993 3680 tam
3021 3621 3250 3680 liberum
3287 3624 3360 3680 sit
3391 3625 3735 3696 parricidium

2139 3714 2278 3772 velle
2303 3723 2646 3786 perpetrare,
2671 3731 2832 3788 quam
2861 3715 3045 3781 nolle;
3073 3723 3184 3772 tam
3224 3716 3450 3777 liberum
3478 3719 3550 3775 sit
3580 3719 3738 3782 adul-

2140 3805 2334 3863 terium
2363 3805 2702 3863 committere
2732 3805 2896 3877 velle,
2924 3822 3085 3878 quam
3116 3807 3299 3876 nolle;
3330 3816 3440 3866 tam
3483 3810 3738 3880 possibile

2141 3897 2213 3954 sit
2251 3913 2436 3954 verum
2464 3895 2828 3954 testimonium
2857 3897 3166 3970 perbibere,
3195 3913 3355 3970 quam
3383 3899 3606 3968 falsum;
3627 3910 3738 3958 tam

2142 3987 2370 4045 litteram
2408 3987 2521 4045 Deo
2559 3987 2782 4046 obedire
2816 3988 3099 4061 imperanti
3117 4028 3138 4058 ,
3163 4005 3325 4062 quam
3366 3989 3584 4051 diabolo
3613 4006 3738 4064 per-

2141 4079 2407 4140 suadenti.

2213 4171 2354 4229 ΔΜ.
2387 4169 2583 4228 Verum
2609 4169 2782 4227 diuis:
2810 4169 2914 4228 line
2936 4179 3023 4228 est
3043 4171 3273 4230 liberum
3295 4172 3601 4243 arbitrium,
3633 4175 3741 4232 tale

2143 4261 2365 4319 ninnino
2399 4263 2612 4334 accepit
2633 4263 2803 4318 Adam
2827 4280 2844 4318 :
2871 4261 2971 4320 sed
2993 4263 3140 4336 quod
3155 4262 3346 4322 datum
3371 4273 3457 4322 est
3478 4280 3512 4322 a
3547 4265 3740 4325 condi-

2147 4364 2263 4412 tore
2279 4395 2298 4420 ,
2323 4363 2380 4412 et
2401 4367 2432 4409 a
2459 4353 2744 4429 decepture
2782 4353 3056 4424 vitiatum;
3081 4355 3266 4429 utique
3290 4369 3329 4412 'a
3359 4356 3628 4416 salvatore
3647 4374 3740 4415 sa-

2145 4447 2382 4506 nandum
2413 4453 2518 4502 est.
2545 4427 2662 4504 line
2683 4459 2783 4503 vos
2815 4461 2922 4504 non
2946 4446 3106 4503 vultis
3132 4427 3255 4504 cum
3293 4447 3534 4504 Ecclesia
3567 4449 3737 4505 conti-

2147 4538 2249 4594 teri
2277 4555 2292 4591 :
2323 4538 2448 4594 hinc
2487 4539 2616 4593 est's
2644 4536 2905 4597 lueretici.
2940 4538 3112 4594 llorno
3148 4539 3241 4609 qui
3267 4554 3374 4595 non
3415 4540 3620 4613 cogitas
3647 4538 3748 4598 ubi

2147 4628 2246 4697 sis,
2273 4637 2332 4686 at
2355 4628 2412 4684 in
2433 4627 2625 4686 diebus
2648 4627 2804 4686 malis
2827 4635 3082 4700 unquam
3109 4628 3166 4684 in
3189 4628 3347 4688 bonis
3369 4643 3546 4686 cacus
3567 4631 3712 4688 estut
3737 4662 3765 4674 -

2147 4721 2320 4780 leris:
2362 4719 2578 4792 quando
2617 4729 2734 4776 erat
2776 4719 2915 4786 tale,
2959 4719 3121 4790 quale
3161 4719 3458 4788 describis,
3511 4720 3748 4782 liberam

2148 4813 2448 4878 arbitrium,
2478 4811 2716 4870 nondum
2741 4811 2904 4868 homo
2926 4811 3147 4868 vanitati
3175 4811 3368 4868 similis
3395 4813 3566 4870 tactus
3592 4823 3740 4882 erat,

2151 4915 2212 4963 ut
2234 4905 2354 4962 dies
2373 4903 2494 4976 eius
2519 4903 2660 4965 sicut
2679 4905 2866 4960 umbra
2890 4904 3226 4976 praeterirent
3249 4901 3423 4978 (Prol.
3453 4919 3637 4972 csun,
3661 4905 3744 4981 4).

2151 4995 2272 5056 Non
2297 4994 2441 5054 enim
2465 4996 2672 5052 vanitas
2700 4995 2861 5064 Deus,
2881 4994 2949 5051 ad
2977 4993 3129 5066 cuius
3146 4994 3551 5056 similitudinem
3575 4997 3748 5056 factus

2151 5097 2292 5154 erat,
2318 5102 2441 5159 qua:
2467 5102 2564 5160 per
2585 5085 2704 5158 eius
2725 5087 2949 5160 gratiam
2979 5095 3268 5144 renovatur
3287 5087 3358 5144 de
3379 5089 3470 5146 die
3496 5091 3548 5146 in
3576 5090 3745 5154 diem.

2151 5179 2400 5238 Nondum
2423 5178 2722 5247 dicebatur,
2753 5177 2866 5250 Ego
2889 5177 2944 5232 in
2967 5177 3315 5251 iniquitatibus
3340 5190 3614 5253 conceptus
3635 5199 3750 5238 sum

2157 5269 2332 5346 (Pent.
2363 5285 2430 5336 ι..
2459 5270 2540 5337 7).
2567 5268 2816 5326 Nondum
2843 5267 3152 5338 dicebatur,
3181 5267 3312 5336 Quis
3332 5271 3470 5327 enim
3495 5282 3570 5328 est
3594 5289 3748 5330 mun-

2156 5362 2256 5420 dus
2287 5379 2326 5417 α
2343 5361 2536 5419 sorde?
2561 5359 2674 5416 Nec
2695 5361 2875 5434 inlinis
2895 5360 3042 5433 cuius
3069 5367 3143 5416 ast
3161 5359 3269 5416 diei
3291 5363 3442 5421 actius
3468 5363 3572 5419 uile
3597 5380 3750 5436 super

2159 5466 2346 5512 terram
2376 5453 2497 5526 (Job
2524 5469 2646 5521 siv,
2673 5455 2742 5522 4,
2770 5468 2875 5510 sec.
2905 5451 3096 5524 LXX).
3127 5451 3410 5510 Postremo
3457 5470 3564 5512 non
3605 5455 3751 5513 dice.

2155 5549 2315 5606 batur
2333 5591 2351 5619 ,
2381 5546 2506 5606 Non
2526 5547 2662 5621 quod
2683 5546 2798 5604 solo
2818 5585 2838 5616 ,
2863 5545 2954 5604 sed
2975 5544 3111 5620 quod
3135 5545 3274 5616 odio,
3299 5545 3436 5605 illud
3455 5547 3633 5622 facio;
3655 5557 3746 5608 et:

2221 5708 2238 5742 ι
2275 5703 2456 5770 Vingo,
2493 5705 2635 5770 forte.
2674 5711 2730 5756 Αι
2761 5716 2936 5757 mes
2971 5710 3104 5770 una,
3138 5699 3270 5768 prii.
3311 5708 3390 5770 B_!__
3421 5707 3530 5770 uss.
3577 5700 3752 5758 iisdem

2157 5737 3254 5838 sua's'é'iii'éétiiérf'ei'iorT'Euthimau'"
3215 5737 3530 5838 ξῗῶιὶδεῖίὲῗ
3547 5737 3750 5834 ρὲίῗοῖιὶῗ

2162 5831 2266 5881 tunc
2281 5831 2430 5895 verba
2464 5831 2764 5895 restituunt,
2807 5831 3040 5895 Ignorans
3069 5831 3302 5881 meum
3346 5831 3603 5886 tertutmis,
3629 5838 3748 5883 βω..

2163 5903 2322 5957 usque
2361 5892 2440 5944 ad.
2487 5888 2692 5945 intratis.
2750 5888 2778 5916 ἀ
