4172 6502
459 399 592 454 I395

459 521 579 573 Srio
607 515 726 587 quia
753 530 853 568 nou
883 510 1076 566 [cubitat
1101 509 1154 563 iu
1177 523 1255 562 me
1274 549 1291 572 ,
1317 507 1412 561 hoc
1439 514 1510 562 est
1539 507 1592 559 in
1615 519 1770 560 carne
1796 501 1924 559 mea.
1957 498 2048 553 bo-

459 627 578 666 uum
603 626 622 664 :
652 605 778 664 velle
805 606 939 662 enim
968 602 1168 676 ndjacet
1197 599 1322 654 mihi
1336 615 1354 664 ;
1383 599 1626 672 perﬁcere
1649 606 1816 652 autent
1847 594 2054 654 bonum.

459 719 558 758 non
587 697 824 763 invenio;
857 705 945 761 et,
987 693 1142 748 Video
1170 691 1327 747 aliam
1365 691 1524 762 legent
1559 690 1614 744 iu
1653 685 1886 742 membris
1931 682 2058 736 meis

458 803 822 867 repugnantem
849 789 949 862 legi
977 787 1156 842 utentis
1183 800 1308 842 mea:
1335 783 1510 855 (Rem.
1543 795 1652 848 vtt,
1681 779 1750 836 i5
1771 819 1788 845 ,
1819 777 1909 846 18,
1939 776 2056 848 23).

462 887 573 943 lloc
601 883 800 941 ntaiuut
831 882 885 938 in
909 883 1102 947 Adam,
1127 877 1343 950 quando
1371 885 1550 932 rectus
1571 880 1784 930 creatus
1813 879 1914 938 est,
1951 884 2056 926 non

458 987 614 1045 erat;
645 977 770 1049 quia
812 983 1002 1032 natura
1038 971 1270 1028 humana
1311 968 1598 1039 depravata
1634 963 1874 1021 nondum
1917 969 2054 1019 erat.

465 1072 746 1126 ttectorem
772 1065 1022 1133 habebat,
1047 1077 1205 1138 quem
1229 1061 1401 1118 libero
1426 1057 1642 1130 reliquit
1663 1054 1922 1113 arbitrio:
1949 1069 2056 1108 non

463 1161 804 1217 liberatorem
830 1155 1137 1228 qutct'ebat,
1169 1167 1264 1224 per
1289 1165 1449 1222 quem
1480 1147 1633 1204 fieret
1656 1145 1796 1202 liber
1831 1159 1863 1200 a
1905 1143 2055 1198 vitio.

465 1255 598 1311 Nam
627 1263 684 1311 et
721 1253 767 1309 si
788 1251 954 1308 verba
983 1249 1070 1304 illa
1093 1287 1112 1314 ,
1146 1245 1268 1302 Non
1291 1242 1426 1316 quod
1451 1241 1597 1308 uolo,
1625 1256 1752 1312 ago,
1779 1247 1838 1295 et
1861 1245 2058 1292 caetera

465 1349 624 1416 talia,
655 1343 887 1403 hominis
922 1350 1079 1409 sunt,
1119 1349 1178 1395 ut
1205 1337 1416 1402 dicitis,
1445 1333 1679 1390 nondum
1710 1330 1812 1388 sub
1861 1328 2059 1387 Citriin

462 1440 634 1512 gratia
660 1434 968 1500 constituti;
997 1448 1125 1504 ergo
1153 1431 1315 1488 etiam
1341 1427 1466 1482 hinc
1487 1420 1889 1490 convincimini,
1916 1417 2059 1491 quod

467 1547 574 1588 tam
599 1530 828 1588 infirmae
855 1525 1146 1584 voluntatis
1184 1522 1252 1578 ad
1277 1519 1543 1593 agendum
1583 1517 1784 1573 bonum
1814 1513 2060 1570 homines

464 1624 712 1680 Christus
750 1617 950 1676 invenit
975 1659 991 1686 ,
1023 1623 1080 1673 et
1107 1613 1250 1686 quod
1277 1609 1484 1668 arbitrii
1510 1607 1666 1665 liberi
1694 1605 2060 1664 infirmitatem

465 1715 534 1772 ad
554 1711 817 1785 agendum
838 1709 1040 1766 bonum
1061 1703 1275 1764 nonnisi
1296 1718 1393 1776 per
1410 1699 1612 1758 Christi
1631 1698 1860 1772 gratiam
1883 1703 2064 1769 potest

466 1809 695 1864 humana
719 1817 972 1876 reparare
997 1808 1206 1856 natura.
1231 1799 1311 1854 Ac
1338 1811 1436 1868 per
1461 1794 1568 1850 hoc
1595 1806 1782 1850 verum
1808 1797 1893 1847 est
1919 1789 2061 1861 quod

464 1898 610 1964 dixi,
639 1893 918 1952 Neminem
948 1905 1069 1948 esse
1091 1889 1319 1946 liberum
1343 1885 1411 1944 ad
1431 1883 1697 1958 agendum
1721 1883 1922 1940 bonum
1942 1881 2062 1938 sine

463 1985 732 2060 ndjutorio
754 1983 866 2041 Dei.
892 1981 960 2039 Et
981 1987 1264 2053 propterea
1285 1985 1342 2033 tu
1365 1973 1694 2040 subtraxisti,
1725 1990 1746 2027 ι
1771 1971 1888 2030 sine
1911 1969 2063 2042 adju-

465 2081 602 2137 torio
626 2078 746 2145 Dei,
773 2095 792 2132 ι
825 2085 881 2132 ιιι
907 2074 1001 2132 tibi
1021 2087 1244 2145 campus
1263 2070 1582 2143 aperiretur,
1607 2067 1696 2124 ubi
1719 2075 1770 2124 te
1789 2065 2062 2138 loquacius

463 2149 622 2242 quam
647 2167 988 2241 eloquentius
1011 2179 1108 2237 per
1135 2163 1300 2219 multa
1325 2161 1580 2234 iactares,
1607 2159 1801 2232 quibus
1829 2170 1935 2214 non
1965 2155 2062 2238 de-

465 2266 690 2330 tectares
718 2258 1008 2330 legentem,
1035 2253 1132 2313 sed
1157 2251 1458 2324 intelligere
1480 2250 1773 2316 volentem,
1802 2256 2062 2321 quantum

461 2329 677 2426 posses,
707 2329 884 2424 potius
909 2346 1218 2420 impedires.
1247 2342 1550 2402 Subdimini
1583 2342 1712 2408 Deo,
1744 2349 1804 2397 ut
1827 2339 2065 2411 corriga-

469 2445 620 2502 ntini.
659 2443 830 2501 Nemo
857 2449 942 2498 est
967 2439 1105 2498 liber
1142 2437 1210 2494 ad
1235 2434 1500 2509 agendum
1530 2434 1730 2491 bonum
1761 2433 1883 2490 sine
1906 2431 2064 2502 adju-

471 2541 610 2599 torio
633 2541 750 2598 Dei.
777 2537 916 2610 Quid
939 2579 956 2608 ,
980 2544 1041 2593 ut
1069 2531 1446 2608 praeeipitetis,
1478 2529 1768 2586 humanam
1808 2526 2068 2584 extollitis

471 2633 836 2693 voluntatem?
861 2631 1023 2688 Orate
1049 2627 1250 2700 potius,
1277 2638 1346 2681 ne
1374 2623 1586 2683 intretis
1609 2623 1662 2678 in
1691 2621 2064 2677 mutationem.

537 2727 679 2787 CXI.
717 2725 838 2784 ιω..
879 2723 1171 2795 Pr0pterea
1195 2729 1374 2776 autem
1401 2716 1470 2791 in.
1483 2713 1848 2788 superioribus
1871 2712 2059 2768 volun-

471 2833 634 2880 tatem
665 2818 956 2893 perfectam
997 2815 1168 2888 magis
1189 2827 1352 2886 quam
1389 2825 1571 2868 rerum
1601 2809 1824 2866 etl'ectus
1854 2807 2025 2865 locavi
2046 2847 2065 2876 ,

470 2915 722 2985 quoniam
763 2919 818 2970 et
853 2907 1220 2984 parricidium,
1269 2913 1326 2964 et
1360 2903 1720 2976 sacrilegium,
1763 2909 1820 2958 ct
1860 2901 2070 2958 adulte-

473 3009 612 3064 rium
634 3048 652 3074 ,
683 3003 770 3061 vel
814 3003 1005 3059 horum
1033 2998 1260 3065 similia,
1291 2995 1502 3053 facilius
1545 3002 1631 3052 est
1670 3008 1864 3051 cavere
1903 3007 2067 3066 quam

475 3103 673 3158 facere.
713 3095 899 3168 Neque
927 3093 1073 3152 enim
1111 3105 1328 3163 semper
1371 3087 1636 3146 voluntati
1677 3087 1833 3144 malai
1877 3100 2072 3158 perpe-

477 3191 650 3249 tuandi
669 3189 814 3262 quod
839 3187 950 3245 vult
969 3185 1124 3244 adest
1147 3184 1372 3242 facultas
1397 3184 1436 3238 ί.
1467 3183 1538 3238 At
1559 3195 1592 3238 e
1611 3181 1852 3252 regione,
1877 3179 2070 3237 horum

471 3281 792 3342 abstinentia
819 3283 873 3338 in
910 3293 1122 3338 summa
1147 3278 1328 3350 quiete
1353 3275 1621 3334 consistit.
1661 3274 1774 3331 Nisi
1793 3273 1940 3330 forte
1968 3272 2074 3329 hoc

475 3381 648 3450 ipsum
671 3391 702 3432 a
721 3375 874 3432 vobis
897 3372 1050 3429 labor
1067 3371 1296 3436 dicatur,
1325 3368 1574 3426 laborare
1594 3367 1760 3424 nolle.
1781 3365 1987 3423 Omitto
2005 3379 2071 3422 ea

474 3485 595 3539 qua:
637 3477 746 3524 tam
786 3465 1079 3537 Scriptura:
1125 3471 1363 3530 sancta,
1407 3473 1542 3532 quas
1579 3457 1900 3530 Prophetas,
1939 3471 2074 3529 quas

477 3559 856 3632 Evangelistte,
887 3570 1022 3628 quas
1044 3553 1286 3626 Apostoli
1315 3545 1675 3624 protulerunt,
1701 3563 1865 3621 quam
1891 3547 2077 3618 dispu-

479 3665 678 3712 tatores
701 3650 962 3710 catholica
981 3647 1214 3705 sanitate
1232 3643 1520 3718 fulgentes,
1542 3643 1798 3708 Ioannes,
1823 3639 2073 3710 Basilius,

476 3747 812 3812 Theodorus,
835 3753 892 3802 et
911 3745 1104 3800 horum
1123 3739 1329 3798 similes
1347 3737 1882 3804 comntendaverunt,
1907 3735 2078 3792 multo

478 3857 602 3898 esse
646 3837 904 3910 majorem
950 3835 1189 3892 laborem
1224 3831 1562 3888 committere
1601 3829 1826 3886 crimina
1847 3870 1864 3897 ,
1913 3842 2076 3901 quam

479 3947 693 3992 ενοι-ο.

542 4029 692 4082 .Auc.
721 4019 935 4078 Utinam
965 4019 1156 4074 horum
1188 4013 1348 4071 iidem
1377 4021 1593 4070 teneres
1619 4029 1634 4068 :
1667 4020 1941 4084 peceatum
1965 4011 2078 4068 crio

485 4113 665 4188 gina‘le
689 4112 743 4169 in
769 4111 1002 4184 parvulis
1025 4123 1133 4166 non
1164 4119 1412 4178 negares.
1764 4171 1770 4176 _

545 4205 718 4264 CXII.
745 4203 869 4261 Jun.
901 4200 1119 4258 Interim
1145 4197 1288 4271 quod
1311 4198 1380 4254 ad
1407 4210 1646 4270 prauus
1667 4195 1940 4268 negotium
1960 4210 2084 4268 spe-

485 4307 628 4364 ctat,
659 4293 1128 4354 ineuleoiiiberum
1153 4289 1436 4349 arbitrium
1479 4301 1583 4345 nec
1617 4287 1690 4344 ob
1723 4287 1869 4344 aliud
1895 4287 2081 4344 datum

490 4409 636 4456 esse,
663 4399 766 4443 nee
789 4383 1013 4454 intelligi
1036 4383 1096 4437 in
1123 4381 1232 4438 alio
1259 4394 1451 4454 posse,
1483 4393 1643 4450 quam
1673 4386 1734 4433 ut
1759 4392 1862 4434 nec
1885 4377 1954 4434 ad
1987 4377 2079 4450 jn-

495 4482 715 4545 etitiam,
743 4491 844 4532 nec
867 4473 938 4532 ad
968 4473 1326 4544 iniquitatem,
1351 4469 1562 4542 captiva
1586 4468 1781 4541 aliqu-is
1805 4469 2080 4526 voluntate

491 4573 750 4644 rapiatur.

563 4665 700 4720 Aac.
739 4659 842 4730 Qui
883 4672 984 4730 per
1003 4655 1176 4729 legem
1195 4695 1212 4723 ,
1241 4668 1402 4726 quam
1433 4651 1578 4710 videt
1605 4653 1658 4709 in
1683 4653 1944 4710 membris
1968 4653 2084 4710 suis

489 4759 876 4826 repugnantem
911 4747 1016 4822 legi
1051 4745 1248 4806 mentis
1276 4760 1389 4806 sua:
1416 4755 1473 4802 et
1507 4745 1869 4816 captivantem
1895 4760 1956 4802 se
1984 4745 2088 4802 sub

493 4847 608 4916 Irgc
633 4843 859 4917 peccati,
886 4841 1104 4906 clamat,
1129 4835 1254 4894 Non
1280 4837 1416 4910 quod
1435 4834 1572 4903 volo,
1593 4836 1730 4910 [acie
1752 4835 1975 4903 bonum;
1995 4837 2087 4894 sed

491 4937 630 5006 quod
653 4937 772 4994 odio
795 4933 1011 4998 malum,
1041 4932 1140 4988 ltoe
1167 4945 1298 5004 ago;
1323 4929 1490 4987 debes
1515 4928 1702 5000 utique
1727 4928 1930 4995 dicere,
1951 4943 2088 5002 quo-

496 5025 658 5081 modo
701 5039 812 5080 non
851 5023 1089 5094 rapiatur
1111 5022 1180 5078 ad
1217 5021 1420 5078 malum
1446 5021 1721 5076 voluntate
1756 5023 1986 5092 captiva.
2016 5021 2090 5078 Ut

496 5115 640 5172 enim
667 5111 960 5168 secundum
988 5127 1084 5168 vos
1119 5113 1333 5168 interim
1367 5111 1574 5181 loquar,
1603 5109 1653 5166 si
1689 5109 1792 5166 sub
1814 5111 1954 5166 mala
1985 5111 2088 5170 iste

497 5203 882 5264 consuetudine
901 5205 1084 5274 gemit,
1105 5203 1368 5270 nondum,
1389 5205 1529 5259 sicut
1545 5203 1748 5270 dicitis,
1769 5205 1871 5260 sub
1887 5203 2090 5261 Christi

496 5298 672 5368 gratia
699 5294 1022 5353 constitutus
1039 5333 1056 5362 ,
1085 5295 1247 5352 habet
1271 5297 1372 5352 iste
1391 5337 1408 5363 ,
1435 5311 1504 5350 an
1528 5310 1634 5350 non
1663 5295 1823 5352 habet
1863 5297 2087 5354 liberum

501 5387 789 5444 voluntatis
807 5384 1122 5443 arbitrium?
1141 5385 1199 5444 Si
1213 5386 1408 5455 habet;
1427 5401 1594 5458 quare
1609 5401 1717 5444 non
1736 5386 1862 5444 facit
1886 5373 2088 5446 bonum

565 5547 582 5580 ι
617 5552 750 5595 Itane
780 5539 1077 5592 sententiam
1093 5575 1107 5598 ,
1133 5548 1292 5604 Neque
1312 5525 1460 5592 enim.
1478 5555 1668 5606 semper
1697 5541 1928 5598 voluntati
1950 5549 2096 5602 male

565 5601 816 5664 mirandi
839 5597 968 5664 quod
985 5597 1084 5649 vult
1114 5603 1251 5664 adest
1289 5603 1493 5664 facultas
1511 5639 1526 5663 ,
1553 5618 1618 5654 ex
1641 5613 1888 5658 Portarmn
1925 5610 2093 5662 codice

499 5610 814 5672 perpeti-anui
839 5610 967 5661 quoa
985 5610 1084 5649 tum
1114 5610 1251 5652 adest
1289 5610 1493 5664 facultas
1511 5639 1526 5663 ,
1553 5618 1618 5654 ex
1641 5613 1888 5658 Portarmn
1925 5610 2093 5662 codice

498 5671 780 5735 atljeciuurs.
925 5668 1165 5735 ριφιςιδθιι
1185 5663 1367 5735 deesse
1399 5665 1608 5735 videtur,
1636 5675 1818 5735 Horum
1845 5684 1963 5735 ergo
1984 5684 2094 5734 per.

503 5719 708 5800 piratis
727 5719 1217 5800 itt'iat‘t‘OfQ
1232 5723 1558 5800 rquidylsirniie
1571 5742 1588 5800 ί
1597 5719 1688 5800 ζωῇ
1713 5742 1777 5780 ex
1809 5719 2036 5800 adverso
2045 5719 2091 5786 id

502 5783 816 5903 immittite-at,
845 5787 899 5836 ,ξι
913 5795 940 5836 e
959 5783 1148 5848 regione
1163 5783 1336 5839 horum
1357 5783 1639 5840 abstinrniia
1660 5789 1709 5840 ia
1731 5805 1916 5844 sinuata
1935 5783 2094 5857 quiete

502 5865 588 5903 con
596 5865 654 5903 ita
715 5883 728 5900 ι

1132 386 1377 456 OPERIS
1415 383 1828 443 IMPERFECTI
1867 377 2138 438 CONTBI
2179 373 2537 442 JULI.\NU.\I,
2581 371 2637 432 S.
2683 371 3058 432 AUGUSTINC

3619 375 3642 430 1
3651 374 3755 432 296

2172 512 2314 586 quod
2343 512 2475 580 vult,
2505 511 2602 570 scd
2629 513 2827 570 malum
2857 511 3000 584 quod
3025 509 3139 567 odit
3166 511 3309 583 agit?
3339 509 3394 568 Si
3423 520 3604 568 autem
3631 527 3761 583 pro—

2165 617 2350 680 pterea
2379 622 2485 663 non
2511 606 2692 673 habet,
2715 607 2837 679 quia
2859 607 2960 663 sub
2976 605 3146 678 gratia
3165 603 3363 662 Christi
3384 605 3622 662 nondum
3641 615 3753 674 est;

2167 713 2297 756 ecce
2324 698 2465 770 quod
2487 698 2598 770 jam
2629 697 2760 764 dixi,
2785 698 2978 754 iterum
3003 697 3147 766 dico,
3174 706 3230 754 et
3255 695 3410 754 vobis
3432 697 3590 754 video
3616 711 3764 769 erepo

2164 788 2451 846 dicendum
2485 806 2501 845 :
2528 788 2698 845 Nemo
2725 787 2831 844 nisi
2859 803 2958 860 per
2984 788 3210 860 gratiam
3237 785 3440 844 Christi
3466 787 3532 843 ad
3559 785 3761 844 bonum

2163 879 2305 952 quod
2330 879 2445 936 vult
2461 879 2750 951 agendum,
2775 889 2830 936 et
2852 878 2920 934 ad
2946 878 3144 934 malum
3169 877 3312 950 quod
3333 880 3448 935 odit
3469 893 3576 935 non
3598 894 3765 950 agen-

2164 971 2323 1039 dum,
2369 979 2546 1044 potest
2592 969 2791 1027 habere
2835 969 3064 1028 liberum
3106 969 3400 1026 voluntatis
3441 970 3760 1027 arbitrium-

2166 1080 2274 1122 non
2302 1073 2362 1121 ut
2387 1065 2633 1122 voluntas
2659 1063 2779 1134 ejus
2815 1063 2884 1120 ad
2913 1063 3113 1120 bonum
3151 1064 3292 1120 sicut
3327 1064 3394 1120 ad
3433 1065 3636 1119 malum
3665 1079 3753 1120 ca-

2165 1159 2310 1230 ptiva
2333 1159 2603 1230 rapiatur;
2627 1159 2722 1214 sed
2746 1167 2860 1215 uta
2881 1159 3190 1230 captivitate
3213 1157 3433 1214 liberata
3463 1161 3508 1226 ί,
3535 1161 3602 1214 ad
3632 1160 3766 1214 Iibe-

2166 1259 2401 1314 ratorem
2442 1264 2599 1306 suum
2641 1250 2848 1306 liberali
2889 1250 3154 1306 suavitate
3178 1251 3414 1318 amoris,
3447 1268 3552 1306 non
3582 1253 3765 1308 servili

2167 1341 2530 1419 antaritudine
2560 1342 2768 1398 timoris
2797 1342 3117 1407 necabatur.

2235 1435 2422 1494 CXIII.
2469 1437 2588 1493 Jun.
2629 1435 2768 1492 Sunt
2811 1436 3029 1508 quidem
3073 1435 3250 1492 dulcia
3289 1435 3640 1494 incitamenta
3678 1438 3766 1493 via-

2165 1530 2364 1585 tiorum
2387 1569 2404 1596 ,
2439 1541 2621 1583 amara
2652 1527 2816 1584 etiam
2843 1525 3148 1600 frequenter
3175 1542 3297 1600 qua:
3333 1542 3365 1583 a
3407 1530 3768 1599 persecutori-

2166 1623 2268 1678 bus
2292 1621 2594 1678 excitantur
2635 1627 2900 1676 tormenta
2941 1633 3224 1690 pinnarum
3248 1636 3264 1676 :
3285 1619 3381 1676 sed
3418 1628 3475 1676 et
3513 1618 3604 1674 illa
3639 1634 3770 1676 cen—

2167 1729 2294 1770 sura
2315 1710 2612 1770 honestatis
2631 1711 2934 1781 everberat,
2963 1719 3019 1768 et
3038 1711 3139 1768 ista
3161 1711 3430 1769 consumit
3455 1711 3767 1784 magnitudo

2167 1805 2460 1878 patientia.

2241 1899 2378 1954 Anc.
2409 1897 2554 1953 Inter
2577 1896 2698 1954 illos
2719 1895 3013 1961 declamas,
3041 1895 3135 1968 qui
3163 1895 3444 1952 conﬁdunt
3476 1895 3530 1952 in
3562 1895 3761 1954 virtute

2165 2003 2263 2044 sua
2291 1987 2465 2058 (i’aal.
2496 2003 2655 2046 sunt
2675 2029 2692 2054 ,
2719 1988 2776 2059 7)
2800 2005 2816 2044 :
2837 1987 3055 2043 attende
3079 1987 3174 2044 tibi
3193 2027 3210 2056 ,
3242 2001 3312 2044 ne
3341 1987 3484 2044 inter
3507 1987 3627 2044 illos
3644 1987 3762 2044 ela-

2167 2095 2304 2144 mes,
2328 2080 2420 2150 qui
2445 2079 2838 2152 torquebantur
2853 2077 2927 2134 de
2941 2077 3191 2150 superbia
3215 2092 3334 2135 sua.

2237 2169 2424 2228 CXIV.
2441 2170 2564 2228 Jun.
2581 2169 2964 2226 Verumtamen
2977 2183 3079 2226 nec
3091 2169 3346 2226 virtutum
3362 2178 3446 2227 est
3462 2183 3765 2227 atrumnosa

2169 2263 2462 2336 possessio,
2481 2278 2604 2336 quae
2619 2271 2772 2320 extra
2791 2277 3018 2335 regnum
3031 2261 3304 2334 quoddam
3323 2263 3479 2320 home
3495 2264 3769 2320 conscien-

2171 2355 2258 2410 tire
2285 2353 2548 2426 promissa
2570 2363 2789 2410 aeternae
2823 2353 3170 2412 beatitudinis
3194 2354 3522 2412 sublimitate
3548 2353 3765 2412 fruitur.

2169 2446 2380 2504 Adsunt
2406 2455 2586 2504 tamen
2614 2445 2882 2518 adjutoria
2905 2446 3094 2519 gratim
3113 2446 3232 2513 Dei,
3258 2461 3380 2520 qua:
3406 2447 3459 2503 in
3485 2457 3638 2520 parte
3657 2449 3768 2504 vir-

2170 2539 2300 2595 tutis
2327 2553 2600 2610 nunquam
2624 2537 2924 2596 destituunt
2951 2539 3323 2597 voluntatem:
3352 2539 3507 2612 cujus
3535 2541 3610 2614 (α)
3638 2540 3764 2598 licet

2171 2633 2469 2689 innumera:
2487 2630 2718 2704 species,
2741 2631 2834 2688 tali
2858 2638 3040 2688 tamen
3057 2645 3276 2704 semper
3293 2631 3662 2690 moderatione
3679 2632 3768 2689 ade

2173 2725 2445 2793 bibuntur,
2471 2734 2530 2781 ut
2557 2739 2831 2798 nunquam
2851 2725 3078 2782 liberum
3097 2723 3379 2781 arbitrium
3400 2724 3520 2782 loco
3545 2725 3763 2796 pellant,

2171 2816 2268 2875 sed
2291 2817 2568 2888 prebeant
2587 2815 2934 2886 adminicula,
2955 2815 3209 2888 quamdiu
3233 2817 3314 2874 eis
3331 2816 3562 2873 voluerit
3581 2815 3764 2882 inniti;

2171 2923 2294 2968 cum
2317 2917 2496 2966 tamen
2521 2922 2629 2966 non
2649 2909 2958 2981 opprimant
2979 2907 3331 2966 reluctantem
3357 2907 3614 2966 anltnum.
3637 2906 3770 2966 Inde

2171 3002 2370 3076 quippe
2392 3010 2497 3069 est,
2517 3001 2665 3074 quod
2685 3012 2744 3058 ut
2761 3001 2854 3058 alii
2880 3001 2948 3058 ad
2973 3001 3202 3059 virtutes
3225 3015 3254 3057 a
3281 3000 3429 3058 vitiis
3449 3001 3766 3070 ascendunt,

2173 3094 2246 3150 ita
2269 3093 2430 3150 etiam
2458 3093 2549 3149 alii
2571 3091 2639 3149 ad
2663 3092 2788 3148 vitia
2813 3106 2846 3146 a
2869 3091 3160 3149 virtutibus
3185 3092 3528 3150 relabuntur.

2245 3185 2386 3244 Aac.
2409 3181 2568 3243 Unde
2595 3184 2716 3242 ﬁeri
2742 3191 2951 3257 potest,
2979 3193 3038 3241 ut
3063 3183 3327 3256 adjutoria
3356 3186 3541 3257 gratae
3565 3185 3664 3244 Dei
3700 3185 3770 3242 ii—

2174 3277 2366 3335 berum
2388 3275 2668 3334 arbitrium
2693 3277 2820 3333 loco
2841 3275 3076 3348 pellant;
3105 3275 3247 3348 quod
3276 3277 3457 3350 potius
3481 3278 3624 3335 vitiis
3647 3277 3772 3349 pui-

2176 3383 2294 3426 sum
2316 3377 2371 3424 et
2397 3367 2652 3440 nequitia:
2680 3367 3019 3440 subiugatum
3041 3411 3057 3436 ,
3089 3377 3148 3424 ut
3177 3369 3230 3424 in
3260 3369 3438 3426 locum
3464 3384 3619 3428 suum
3645 3372 3772 3426 red-

2177 3469 2286 3527 eat,
2305 3459 2569 3516 Iiherant‘l
2594 3457 2702 3516 Sed
2731 3474 2852 3515 cum
2871 3461 3134 3532 queritur
3149 3475 3182 3516 a
3209 3461 3385 3528 vobis,
3407 3476 3530 3532 qua:
3544 3463 3650 3518 sint
3672 3461 3771 3518 ista
3827 3521 3832 3525 ,

2178 3549 2445 3624 adjutoria
2469 3551 2655 3623 gratia:
2677 3551 2790 3617 Dei,
2820 3550 3032 3608 edicitis
3055 3564 3178 3623 qua:
3201 3567 3360 3622 supra
3381 3567 3774 3610 commemora-

2180 3645 2272 3714 sti,
2306 3663 2328 3699 ι
2355 3645 2525 3701 Deum
2548 3644 2806 3716 adjuvare
2831 3644 3211 3716 pracipiendo,
3235 3644 3623 3710 benedicendo,
3645 3659 3774 3702 san-

2180 3735 2504 3802 ctificando,
2543 3734 2846 3793 coercendo
2867 3777 2882 3801 ,
2919 3736 3262 3807 provocando
3281 3777 3298 3804 ,
3328 3736 3716 3793 illuminanda:
3747 3755 3768 3790 a

2181 3844 2303 3902 qua:
2325 3829 2506 3885 omnia
2535 3827 2698 3884 etiam
2729 3841 2828 3901 per
2850 3826 3099 3884 homines
3119 3826 3272 3897 iiunt,
3302 3829 3599 3885 secundum
3626 3829 3774 3886 Scri-

2185 3930 2388 3994 pturas.
2423 3919 2557 3978 Nam
2585 3929 2642 3978 et
2665 3921 2986 3994 praecipiunt
3011 3921 3260 3980 homines
3280 3965 3296 3989 ,
3319 3930 3377 3980 et
3415 3921 3771 3987 benetlicunt,

2183 4023 2241 4072 et
2268 4029 2366 4084 per
2389 4013 2568 4070 divina
2596 4011 2944 4071 Sacramenta
2971 4013 3327 4081 sanetilicant,
3358 4021 3413 4070 et
3435 4014 3778 4087 corripiendo

2183 4116 2472 4174 coercent,
2498 4117 2554 4164 et
2589 4105 2928 4163 exhortando
2951 4115 3244 4178 provocant
3262 4147 3280 4171 ,
3305 4115 3360 4162 et
3378 4105 3624 4162 docendo
3652 4105 3778 4162 iliu-

2187 4199 2430 4254 tninant:
2457 4211 2567 4253 non
2593 4205 2772 4254 tamen
2794 4196 2886 4270 qui
2911 4195 3118 4268 plantat
3135 4203 3220 4254 est
3239 4195 3462 4270 aliquid,
3489 4211 3666 4270 neque
3687 4197 3779 4270 qui

2189 4289 2356 4361 rigat,
2385 4287 2482 4344 sed
2515 4288 2608 4360 qui
2645 4287 3040 4346 incrementum
3065 4287 3160 4344 dat
3188 4287 3331 4346 Deus
3355 4287 3409 4364 (I
3435 4285 3556 4345 Cor.
3585 4305 3672 4355 III,
3698 4286 3752 4362 7)
3770 4331 3787 4357 ,

2189 4379 2302 4438 Hoc
2328 4387 2414 4438 est
2439 4388 2619 4438 autem
2651 4379 3062 4448 incrementum,
3092 4389 3148 4436 ut
3177 4380 3543 4452 unusquisque
3569 4379 3781 4436 obediat

2191 4476 2474 4548 [racemis
2499 4475 2635 4532 Dei:
2661 4475 2807 4548 quod
2851 4489 2959 4532 non
3001 4473 3094 4542 Iit,
3119 4475 3335 4547 quando
3372 4489 3502 4532 vere
3544 4474 3638 4542 Iit,
3679 4471 3785 4530 nisi

2189 4566 2474 4626 charitate.
2503 4565 2658 4626 Unde
2687 4567 2928 4625 Ecclesia
2952 4567 3346 4624 incrementum
3371 4566 3614 4640 corporis
3633 4563 3780 4634 facit,

2191 4658 2246 4715 in
2289 4657 2698 4716 {edifice-tionem
2737 4659 2820 4716 sui
2839 4699 2858 4728 ,
2900 4659 2956 4716 in
3001 4659 3267 4717 charitate
3305 4656 3528 4731 (Ephes.
3557 4672 3636 4723 tv,
3666 4657 3785 4731 Ili).

2191 4751 2353 4808 Istam
2377 4750 2691 4810 charitatem
2713 4767 2822 4808 non
2845 4751 2941 4809 dat
2959 4752 3062 4809 nisi
3089 4753 3231 4810 Deus
3255 4771 3272 4810 :
3294 4751 3531 4810 charitas
3551 4752 3696 4809 enim
3721 4765 3788 4807 ex

2195 4843 2310 4900 Deo
2329 4851 2414 4902 est
2433 4843 2488 4918 (I
2509 4842 2670 4899 locu.
2693 4859 2768 4912 tv,
2793 4843 2876 4918 'l).
2909 4842 3059 4900 lianc
3085 4859 3182 4902 vos
3207 4845 3350 4900 inter
3371 4843 3637 4916 adjutoria
3663 4857 3792 4914 gra-

2196 4935 2282 4990 tia:
2303 4949 2425 5007 quae
2446 4934 2910 5000 commemoratis,
2941 4935 3221 4992 nominare
3250 4949 3355 4991 non
3379 4934 3560 5004 vultis,
3593 4948 3662 4989 ne
3689 4935 3794 4990 hoc

2198 5023 2372 5095 ipsum
2395 5024 2540 5096 quod
2563 5023 2847 5082 obedimus
2872 5026 3004 5094 Deo,
3029 5027 3148 5096 ejus
3176 5039 3298 5083 esse
3321 5027 3507 5096 gratim
3527 5025 3797 5082 conceda-

2197 5116 2286 5172 tis.
2331 5115 2536 5174 Putatis
2561 5118 2758 5190 quippe
2784 5118 2892 5174 isto
2918 5119 3078 5174 modo
3105 5117 3302 5175 auferri
3322 5117 3616 5175 voluntatis
3641 5117 3796 5174 arbi-

2197 5207 2357 5262 trium
2383 5221 2542 5263 :cum
2587 5206 2692 5263 hoc
2727 5207 3010 5278 quisquam
3040 5209 3218 5265 facere
3245 5208 3348 5264 nisi
3378 5209 3653 5265 voluntate
3685 5223 3795 5263 non

2199 5298 2394 5370 possit;
2424 5297 2520 5354 sed
2551 5299 2692 5370 quod
2718 5313 2815 5356 vos
2839 5315 2949 5355 non
2978 5301 3159 5368 vultis,
3195 5299 3530 5373 Prwparatur
3557 5298 3800 5355 voluntas

2197 5404 2231 5442 a
2249 5387 2472 5444 Domino
2493 5387 2909 5461 (Prov.vm,aec.
2929 5389 3124 5459 LXX);
3149 5405 3256 5448 non
3277 5393 3573 5448 forinsecus
3595 5406 3799 5448 sonan-

2200 5479 2342 5535 tibus
2381 5479 2594 5545 verbis,
2643 5481 2737 5536 sed
2786 5481 2928 5537 sicut
2969 5494 3159 5540 orante
3210 5485 3564 5556 exauditaque
3609 5484 3798 5554 regina

2198 5569 2464 5626 com-ertit
2514 5570 2657 5627 Deus
2699 5580 2753 5629 et
2793 5573 3068 5629 transtulit
3099 5572 3520 5646 indignationem
3560 5577 3706 5648 regis
3743 5575 3799 5631 in

2199 5661 2473 5717 lenitatem
2522 5659 2733 5734 (Esther
2753 5679 2840 5732 xv,
2875 5664 2986 5734 ii).
3018 5665 3167 5722 Sicut
3201 5666 3344 5722 enim
3387 5667 3490 5724 hoc
3517 5665 3702 5724 divino
3744 5675 3800 5722 et

2264 5800 2286 5862 ξ
2319 5795 2452 5862 aliti,
2485 5793 2634 5862 libera
2649 5801 2885 5862 ,(tametm
2924 5809 3094 5850 omnes
3124 5807 3253 5862 uss,
3279 5799 3496 5853 liberata.

2271 5855 2344 5915 tu)
2369 5859 2590 5922 δωιεξυέιὶ,
2619 5855 2707 5912 rei,
