4172 6488
408 407 543 464 l'llt'l

397 520 606 568 mtt‘tlllo
634 509 795 567 modo
822 508 930 582 egit
957 509 1008 563 in
1038 505 1270 562 hominis
1297 501 1494 567 corde;
1521 501 1600 557 sic
1633 507 1887 571 operatur
1927 497 1979 552 in

400 607 553 663 nobis
572 613 627 662 et
649 604 791 660 velle
809 612 865 659 et
883 599 1114 672 operari,
1140 613 1237 669 pro
1256 596 1396 652 bona
1421 593 1694 651 voluntate
1719 588 1978 664 (Philipp.

403 717 466 770 ιι,
490 697 602 768 is).

463 791 624 848 CXV.
670 789 790 848 ιω..
829 788 912 844 'l‘n
953 801 1083 859 ergo
1118 781 1390 857 quomodo
1428 781 1656 838 liberum
1697 777 1978 835 arbitrium

399 884 690 949 conﬁteris,
713 882 798 938 cui
822 896 986 936 unum
1017 873 1388 934 tantummodo
1406 872 1543 930 dicis
1561 886 1680 928 esse
1704 868 1981 942 possibile,

397 976 449 1031 id
467 985 572 1041 est,
599 973 774 1030 facere
793 973 992 1028 malum
1013 1011 1030 1037 ,
1057 967 1165 1025 non
1191 976 1371 1024 autem
1397 979 1520 1022 esse
1549 960 1802 1034 poSsibiIe
1820 957 1986 1014 deﬁc-

397 1080 538 1124 ctcre
564 1084 596 1125 a
627 1067 770 1124 malo
789 1077 843 1123 et
869 1066 1046 1122 facere
1067 1065 1271 1121 bonum
1302 1061 1476 1136 (Psal.
1503 1073 1709 1120 χχχιιι,
1735 1055 1846 1128 15).

464 1161 600 1218 Aue.
638 1159 769 1214 Dico
803 1171 926 1213 esse
966 1154 1223 1226 possibile
1250 1151 1512 1208 voluntati
1554 1149 1790 1205 hominis
1819 1147 1986 1202 delle-

395 1262 540 1308 ctere
562 1265 595 1306 a
619 1249 761 1306 malo
785 1257 841 1305 et
869 1249 1044 1303 facere
1073 1247 1270 1302 bonum
1275 1259 1305 1334 Ξ
1332 1243 1428 1299 sed
1455 1243 1505 1297 ei
1529 1239 1795 1297 voluntati
1825 1251 1986 1309 quam

397 1346 538 1402 Deus
578 1343 794 1414 adjuvat
831 1342 1029 1413 gratis,
1075 1331 1384 1410 non.q’.m
1423 1335 1671 1391 Julianus
1706 1333 1854 1388 inﬂat
1894 1331 1984 1385 in-

391 1449 594 1510 gratus.

464 1527 650 1585 CXVI.
671 1525 790 1582 Ιυι..
812 1525 991 1582 Taceo
1012 1524 1227 1581 interim
1246 1535 1355 1594 qua
1374 1520 1524 1576 rabie
1545 1518 1598 1574 in
1621 1525 1786 1574 totam
1811 1516 1986 1587 legem

397 1621 593 1676 fremas
614 1659 629 1684 ,
660 1633 821 1689 quam
846 1615 1023 1674 credis
1046 1630 1110 1672 ea
1139 1615 1434 1685 imperasse
1457 1609 1777 1668 mortalibus
1796 1648 1814 1677 ,
1846 1621 1988 1679 quo-

396 1727 520 1769 rum
538 1709 678 1782 apud
707 1725 807 1766 eos
828 1709 1028 1765 nullam
1055 1709 1358 1765 facultatem
1387 1707 1615 1762 videret.

467 1806 606 1862 Aue.
627 1804 746 1860 Non
767 1814 852 1860 est
875 1818 1059 1858 verum
1081 1803 1222 1874 quod
1246 1801 1401 1857 dicis.
1424 1801 1555 1856 Haec
1575 1801 1800 1870 imperat
1821 1798 1984 1865 Deus,

396 1912 516 1965 quas
556 1895 669 1951 ﬁeri
711 1903 973 1964 possunt:
996 1893 1093 1950 sed
1121 1894 1237 1965 ipse
1263 1892 1413 1948 dedit
1448 1901 1506 1947 ut
1531 1892 1756 1958 faciant,
1787 1893 1870 1947 eis
1895 1891 1987 1962 qui

395 1988 574 2044 facere
593 1995 817 2055 possunt
835 1994 897 2063 et.
913 1984 1149 2052 faciunt;
1171 1993 1227 2040 et
1249 1999 1346 2040 eos
1361 1984 1452 2056 qui
1480 1999 1587 2039 nou
1617 1992 1860 2054 possunt,
1885 1983 1990 2038 im-

395 2077 634 2148 perando
669 2077 926 2134 admonet
962 2093 993 2133 a
1029 2093 1094 2134 se
1132 2092 1362 2148 poscere
1399 2087 1458 2132 ut
1494 2076 1723 2148 possint.
1750 2076 1822 2131 Et
1843 2075 1988 2147 quod

393 2187 504 2228 non
528 2172 706 2227 omnia
732 2171 800 2226 ab
821 2185 1146 2242 unoquoque
1164 2180 1472 2226 sanctorum
1495 2169 1647 2234 ﬁunt,
1666 2169 1816 2224 novit
1843 2168 1986 2225 Deus

394 2261 845 2334 quemadmodum
882 2262 963 2319 eis
996 2261 1065 2316 ad
1093 2261 1449 2317 humilitatem
1475 2261 1767 2327 consulat,
1791 2259 1995 2329 quibus

394 2353 631 2424 quotidie
648 2353 975 2418 dicentibus,
1000 2352 1209 2408 Dimitte
1229 2351 1374 2407 nobis
1393 2351 1562 2407 debita
1584 2361 1759 2406 nostra
1771 2349 1984 2421 (Matth.

395 2460 474 2511 vt,
502 2445 571 2501 12
588 2447 628 2514 ).
657 2445 738 2500 sic
761 2444 1054 2516 opitulatur
1075 2443 1144 2498 ad
1169 2442 1468 2500 habendam
1495 2441 1857 2498 obedientiam
1879 2481 1895 2507 ,
1925 2448 1990 2496 ut

394 2537 464 2592 sit
491 2536 631 2592 unde
649 2537 812 2593 etiam
838 2537 1051 2592 veniam
1076 2536 1350 2608 largiatur.

465 2627 673 2684 CXVII.
705 2627 826 2684 Jun.
850 2627 960 2685 Sed
985 2642 1178 2699 quaero
1194 2643 1315 2683 cum
1340 2625 1534 2698 quibus
1557 2624 1730 2696 poetis
1750 2624 1811 2680 in
1825 2621 1986 2678 talem

396 2720 687 2778 incurreris
721 2721 1148 2792 Hippocrenem,
1172 2729 1230 2774 ut
1253 2719 1615 2775 bimombrem-
1635 2717 1862 2774 bestiam
1888 2714 1986 2770 ﬁu-

395 2825 570 2880 gcres,
593 2825 699 2865 non
724 2809 942 2880 quidem
967 2809 1316 2865 carmiuaudo
1346 2808 1388 2875 ⁸,
1419 2807 1514 2862 sed
1541 2804 1984 2876 blasphemando,

396 2903 551 2973 cujus
572 2917 769 2972 corpus
789 2902 857 2957 de
878 2901 1015 2956 mala
1042 2900 1364 2956 necessitate
1388 2900 1410 2930 ⁸
1437 2898 1720 2966 formares,
1737 2906 1793 2954 et
1816 2897 1992 2954 solans

397 2994 586 3049 faciem
614 2992 832 3048 nomine
855 2991 1120 3047 libertatis
1142 2989 1458 3046 obduceres.

468 3084 608 3140 Aac.
638 3083 822 3154 Pingis
847 3082 941 3137 tibi
967 3081 1084 3152 ipse
1109 3080 1252 3152 quod
1293 3080 1502 3151 placet,
1534 3078 1630 3136 cui
1651 3086 1804 3134 vacat
1841 3076 1986 3132 inani

398 3176 562 3232 corde
590 3176 769 3231 inania
792 3175 1036 3231 volutare
1066 3173 1454 3244 phantasmata.
1490 3170 1600 3228 Cur
1633 3170 1778 3227 enim
1801 3177 1858 3224 tu
1886 3168 1987 3224 ad-

398 3267 651 3323 minicula
675 3268 864 3338 gratim
891 3267 1149 3336 supponis
1169 3265 1327 3322 bona:
1347 3263 1629 3345 voluntati,
1653 3277 1776 3320 cum
1798 3262 1988 3317 volun-

399 3365 485 3412 tas
510 3358 656 3412 mala
687 3357 836 3413 nullo
864 3357 1122 3412 innitatur
1149 3355 1478 3412 adminiculo
1504 3365 1565 3410 ut
1593 3355 1730 3409 mala
1763 3353 1866 3420 sit,
1895 3352 1984 3409 vel

399 3451 536 3504 mala
559 3464 680 3505 esse
709 3449 992 3520 persistat?
1023 3451 1103 3503 An
1138 3447 1227 3504 hic
1263 3448 1398 3503 libra
1424 3457 1546 3514 tua,
1575 3461 1736 3517 quam
1771 3444 1985 3501 conaris

396 3555 463 3595 ex
499 3549 722 3610 utraque
761 3549 915 3610 parte
953 3554 1049 3610 per
1069 3538 1295 3609 aequalia
1324 3545 1595 3593 momenta
1629 3535 1980 3607 suspendere,

399 3642 456 3686 ut
481 3632 726 3688 voluntas
748 3641 1004 3703 quantum
1034 3640 1117 3687 cst
1144 3629 1213 3684 ad
1237 3630 1468 3693 malum,
1498 3637 1702 3684 tantum
1725 3629 1885 3683 etiam
1915 3627 1988 3682 sit

398 3725 462 3778 ad
489 3724 688 3780 bonum
720 3724 906 3790 libera,
936 3723 1208 3794 vergcndo
1232 3723 1253 3755 ⁸
1275 3723 1328 3778 in
1353 3737 1516 3778 unam
1543 3727 1747 3791 partem
1777 3729 1830 3775 te
1848 3717 1987 3773 indi-

397 3823 484 3870 cat
503 3814 858 3872 delirantem?

468 3906 701 3964 CXVIII.
722 3907 844 3963 Jut.
868 3906 956 3964 Sic
976 3906 1118 3963 enim
1143 3916 1196 3963 et
1221 3908 1275 3962 in
1297 3907 1392 3962 illo
1412 3919 1582 3976 opere
1595 3902 1738 3975 quod
1759 3902 1997 3958 Romam.

398 3998 610 4063 misisti,
636 3997 917 4069 disputas:
948 4017 966 4051 ι
997 3997 1258 4054 Voluntas
1282 4013 1402 4069 qua:
1429 3997 1598 4053 libera
1625 3996 1676 4050 in
1703 3993 1858 4049 malis
1878 4001 1983 4061 est,

397 4090 564 4146 libera
590 4091 643 4146 in
667 4091 822 4147 bonis
847 4107 953 4148 non
983 4100 1087 4148 est.
1119 4111 1139 4145 ι

467 4182 604 4240 Auc.
627 4183 734 4238 Cur
758 4199 864 4238 non
889 4183 1042 4240 addis
1067 4183 1211 4255 quod
1252 4183 1320 4239 ibi
1367 4182 1539 4254 legisti
1563 4225 1576 4248 ,
1611 4201 1631 4234 ι
1673 4181 1718 4236 si
1760 4180 1988 4237 liberata-

397 4287 506 4327 non
535 4282 620 4328 est
647 4292 666 4326 ι
696 4273 910 4345 (Contra
930 4273 1073 4330 Duas
1101 4274 1356 4346 Epistolas
1379 4272 1794 4346 Pelagianorum,
1820 4273 1909 4327 lib.
1933 4275 1980 4336 I,

397 4382 450 4418 τι.
480 4365 574 4435 5)?
614 4367 722 4421 Aut
759 4365 887 4436 quid
931 4375 1013 4422 est
1037 4366 1178 4437 quod
1205 4367 1282 4421 ait
1309 4365 1586 4431 Dominus,
1613 4379 1734 4420 cum
1775 4364 1844 4419 de
1875 4361 1985 4418 fru-

395 4455 570 4509 ctibus
602 4455 897 4524 palmitum,
922 4455 1025 4511 hoc
1050 4465 1130 4510 est
1153 4455 1219 4510 de
1241 4455 1397 4510 bonis
1422 4455 1630 4510 actibus
1650 4455 1981 4526 loqueretur,

399 4545 527 4600 Sine
552 4561 630 4598 me
655 4546 784 4599 nihil
814 4547 1017 4615 potestis
1043 4551 1209 4616 facere
1249 4546 1426 4615 (Joan.
1457 4563 1551 4612 xv,
1580 4547 1683 4615 5);
1725 4547 1826 4601 nisi
1859 4548 1986 4616 quia

397 4650 557 4691 nemo
594 4637 661 4691 ad
695 4638 832 4693 bene
868 4637 1164 4708 agendum,
1192 4653 1350 4707 quem
1382 4652 1488 4693 non
1529 4638 1643 4707 ipse
1681 4637 1902 4706 liberat,
1925 4636 1987 4691 li-

396 4729 495 4783 ber
530 4735 611 4784 est
627 4727 655 4782 τ

468 4819 659 4876 CXIX.
690 4819 810 4876 Jun.
837 4819 906 4875 Et
931 4819 1018 4874 hic
1043 4817 1423 4875 Ccelestianum
1453 4817 1608 4883 dicis,
1637 4816 1726 4886 qui
1754 4823 1900 4886 putat
1925 4815 1998 4870 Ii-

398 4912 584 4967 lierum
607 4925 729 4968 esse
755 4926 1079 4982 quemquam
1104 4909 1168 4965 ad
1197 4908 1460 4980 agendum
1497 4908 1725 4972 bonum;
1759 4907 1986 4962 liberum

397 5020 524 5076 ergo
553 5005 722 5072 dicis,
749 5005 896 5076 quod
921 5005 1021 5060 nisi
1053 5005 1249 5059 malum
1293 5002 1468 5058 facere
1508 5017 1615 5056 non
1657 5017 1816 5071 posse
1853 5016 1987 5058 con-

399 5097 593 5153 tendis.
630 5097 835 5162 Inveni,
859 5097 902 5152 si
931 5106 1102 5166 potes,
1131 5097 1354 5150 alteram
1381 5093 1749 5150 deﬁnitionem
1775 5093 1854 5148 rei
1878 5109 1985 5149 non

397 5191 602 5257 liberae,
633 5200 688 5245 ct
715 5189 816 5245 hoc
843 5191 1069 5246 liberum
1093 5190 1379 5245 vindicato.
1413 5188 1468 5244 Si
1495 5189 1633 5244 adeo
1657 5203 1818 5244 sensu
1843 5188 1992 5245 exci-

395 5281 553 5336 dcras
572 5323 589 5349 ,
621 5290 682 5338 ut
721 5282 1090 5340 deﬁnitionem
1128 5283 1281 5340 liberi
1311 5284 1364 5338 in
1393 5298 1493 5338 suo
1518 5297 1744 5353 corpore
1771 5297 1879 5337 non
1905 5283 1988 5337 vi-

400 5371 588 5437 deres;
618 5373 698 5429 vel
726 5373 795 5430 de
821 5374 1092 5429 contrario
1121 5374 1237 5444 ejus
1263 5389 1367 5429 non
1399 5374 1631 5430 debuisti
1658 5373 1984 5444 intelligere,

397 5480 516 5534 qum
555 5476 698 5520 esset
736 5465 998 5520 libertatis
1039 5465 1312 5520 essentia?
1353 5464 1461 5521 Fac
1487 5466 1629 5522 enim
1665 5474 1719 5520 te
1747 5466 1991 5521 similiter

396 5555 669 5626 ambigere
712 5555 988 5626 potuisse,
1026 5553 1154 5626 quid
1182 5564 1327 5612 esset
1353 5556 1497 5626 quod
1534 5557 1680 5612 visus
1717 5557 1990 5613 diceretur.

464 5721 480 5739 ι
521 5705 659 5768 mliti,
687 5704 1007 5768 criminando.
1035 5707 1198 5768 Aptius
1220 5713 1324 5756 Mss.
1343 5742 1359 5764 ,
1384 5707 1714 5757 carminando.

468 5769 488 5799 ³
517 5766 652 5826 miti,
674 5766 1042 5826 necessitudine;
1060 5766 1234 5817 amnes
1256 5774 1382 5826 Mss,
1410 5769 1705 5819 twcessitate.

469 5828 490 5862 ³
521 5829 806 5893 tia-nimius,
836 5828 1070 5898 turgenth
1090 5834 1152 5881 te.
1183 5831 1346 5893 Abest,
1371 5836 1434 5895 te,
1461 5843 1487 5880 a
1505 5837 1612 5882 Mss.

1741 377 1941 432 LIBER
1982 375 2024 432 Τ
2033 376 2296 436 ΕΒἸΊΗΞ.

3548 399 3685 452 i293

2097 497 2396 566 oculorum,
2426 499 2585 572 idque
2615 509 2668 557 tu
2695 501 2950 560 deﬁnires
2976 504 3076 559 hoc
3101 504 3280 572 modo,
3309 507 3468 564 Visus
3496 521 3579 564 est
3600 511 3683 566 vel

2091 589 2316 648 effossos
2359 591 2559 649 habere
2601 595 2785 650 oculos
2805 637 2821 662 ,
2851 596 2934 652 vel
2965 595 3359 667 impedimentis
3387 602 3688 672 quibusque

2092 683 2306 739 videndi
2333 692 2576 755 tempore
2617 685 2746 741 nihil
2792 701 2951 758 posse
2977 689 3325 760 conspicere;
3356 703 3517 762 atque
3547 694 3687 750 hanc

2089 775 2456 833 deﬁnitionem
2481 787 2694 848 putares
2711 779 2848 835 visui
2867 781 3160 838 convenire
3181 797 3195 836 :
3220 780 3390 839 ferres
3412 794 3463 838 te
3483 794 3682 850 autem,

2091 879 2151 924 ut
2177 870 2432 926 contrarii
2459 869 2599 942 ejus,
2630 871 2682 928 id
2707 881 2808 940 est,
2838 873 3114 940 excitatis,
3143 889 3263 944 qua:
3287 875 3573 945 explicatio
3600 891 3686 931 es-

2091 971 2174 1020 set
2197 979 2499 1032 asscreres;
2529 981 2760 1038 cumque
2786 967 2984 1022 nullam
3016 968 3174 1022 aliam
3206 968 3497 1036 invenires,
3520 985 3680 1040 quam
3739 957 3743 961 ’
3793 953 3798 958 ’
3862 953 3866 957 ’

2093 1053 2137 1108 si
2164 1055 2217 1110 in
2239 1070 2306 1111 eo
2325 1057 2561 1123 animali,
2579 1058 2732 1128 cujus
2752 1066 2956 1114 natura:
2975 1059 3192 1117 adesset
3210 1061 3358 1117 visus
3375 1062 3679 1125 oculorum,

2091 1147 2176 1203 vel
2204 1147 2422 1204 eifossio
2447 1149 2726 1217 luminum,
2753 1151 2836 1206 vel
2863 1150 3030 1208 crassi
3055 1151 3293 1209 humoris
3323 1154 3564 1226 nbseptio
3592 1156 3675 1210 vi-

2091 1237 2252 1294 dendi
2277 1239 2516 1310 eriperet
2541 1238 2869 1309 facultatem,
2897 1243 3244 1315 resipisceres
3270 1245 3456 1316 procul
3483 1245 3676 1314 dubio,

2092 1335 2150 1383 et
2188 1327 2398 1385 videres
2435 1330 2598 1386 rebus
2641 1331 2926 1390 contrariis
2967 1332 3334 1392 deﬁnitionem
3371 1351 3532 1392 unam
3571 1353 3679 1394 non

2095 1434 2253 1491 posse
2285 1430 2615 1491 competere.
2665 1422 2860 1494 Sicque
2898 1424 3090 1492 ﬁebat,
3118 1433 3178 1482 ut
3215 1426 3261 1482 si
3299 1428 3514 1484 etccitas
3549 1429 3680 1486 nihil

2057 1507 2065 1515 ’
2093 1515 2196 1570 dici
2235 1517 2376 1573 aliud
2418 1527 2623 1590 poterat
2642 1561 2658 1587 ,
2689 1537 2846 1593 quam
2879 1522 2932 1577 in
2959 1523 3205 1579 animalis
3229 1523 3422 1590 oculo,
3445 1539 3516 1581 eo
3539 1531 3678 1582 tem-

2094 1622 2227 1678 pore
2267 1624 2374 1681 quo
2419 1613 2602 1669 videre
2647 1614 2870 1672 deberet
2893 1657 2908 1683 ,
2948 1616 3175 1687 privatio
3219 1618 3506 1685 cernendi;
3534 1620 3682 1676 visus

2092 1717 2304 1774 quoque
2328 1705 2565 1762 definitio
2595 1723 2690 1778 per
2715 1710 3051 1780 negationem
3083 1711 3317 1776 illorum,
3347 1711 3544 1783 quibus
3571 1729 3677 1768 ca:-

2091 1793 2308 1850 citatem
2349 1812 2708 1869 exposueras,
2754 1800 3096 1870 redderetur;
3146 1811 3204 1858 ut
3245 1803 3500 1861 videlicet
3547 1805 3678 1861 nihil

2091 1897 2236 1944 esset
2275 1889 2421 1946 aliud
2459 1892 2606 1948 visus
2631 1933 2647 1960 ,
2687 1907 2846 1964 quam
2876 1909 2974 1950 nec
3001 1894 3210 1952 eﬁ'ossis
3232 1937 3247 1964 ,
3278 1912 3380 1953 nec
3416 1897 3682 1954 obseratis

2091 1979 2262 2034 oculis
2302 1993 2602 2051 opportuno
2640 1992 2881 2053 tempore
2925 1983 3151 2042 facultas
3197 2001 3432 2059 congrua
3460 1989 3680 2058 conspi-

2090 2069 2267 2124 candi.
2298 2071 2503 2140 Quibus
2547 2081 2604 2128 tu
2641 2074 2907 2143 ostensis,
2951 2074 2998 2131 si
3043 2075 3255 2147 obstipe
3299 2077 3677 2145 reluctarcris,

2091 2161 2226 2216 nihil
2255 2161 2524 2219 obtineres
2552 2163 2698 2219 aliud
2717 2205 2732 2229 ,
2765 2180 2925 2236 quam
2951 2175 3011 2221 ut
3035 2175 3128 2222 aut
3154 2176 3341 2224 contra
3369 2177 3513 2224 tuam
3545 2185 3680 2225 con-

2090 2255 2368 2312 scientiam
2413 2258 2708 2328 pervicacia
2749 2258 2996 2328 pudenda
3037 2260 3134 2316 niti
3175 2268 3228 2317 te
3263 2260 3550 2318 crederent
3583 2277 3681 2317 au-

2089 2345 2333 2413 dientes,
2361 2358 2453 2402 aut
2475 2349 2520 2402 si
2546 2350 2626 2404 eis
2657 2348 2814 2404 ﬁdem
2845 2347 3085 2417 faceres,
3119 2351 3214 2406 tibi
3243 2350 3315 2407 ita
3346 2367 3569 2422 prorsus
3601 2354 3681 2407 vi-

2091 2438 2207 2494 deri
2231 2481 2246 2506 ,
2274 2456 2380 2495 non
2426 2449 2478 2495 te
2521 2440 2696 2497 minus
2739 2440 2968 2498 eﬂ‘ossos
3019 2442 3219 2500 habere
3262 2445 3458 2500 mentis
3497 2446 3683 2500 oculos

2085 2531 2388 2603 judicareut
2408 2574 2424 2602 ,
2450 2549 2610 2605 quam
2639 2535 2786 2591 illum
2821 2536 2968 2608 quia
3000 2544 3053 2593 te
3077 2537 3250 2593 visum
3278 2535 3483 2594 habens
3509 2537 3700 2594 literat-

2091 2623 2360 2681 deﬁnitus.

2162 2717 2298 2774 Asc.
2330 2716 2487 2786 Nolo,
2514 2727 2574 2774 ut
2595 2719 2850 2788 deﬁnias;
2877 2720 2972 2778 sed
3003 2730 3062 2776 ut
3091 2721 3245 2779 ﬁnias
3270 2721 3596 2788 cmeitatem;
3627 2733 3683 2779 et

2091 2807 2275 2863 videas
2299 2818 2448 2864 recte
2476 2808 2579 2866 dici
2609 2825 2638 2864 a
2666 2810 2881 2868 Christo
2901 2827 3006 2867 non
3030 2813 3288 2885 potuisse,
3316 2813 3441 2870 Sine
3459 2831 3538 2869 me
3557 2814 3684 2868 nihil

2090 2902 2299 2970 potestis
2317 2905 2502 2971 [αι-ενδ,
2530 2903 2574 2957 si
2602 2903 2670 2957 ad
2700 2903 2840 2960 bene
2864 2905 3271 2976 agendum‘sine
3293 2908 3464 2977 gratia
3483 2907 3681 2964 Christi

2089 2991 2248 3048 liberi
2272 3007 2392 3048 esse
2415 2995 2732 3063 potuissent.
3398 3071 3400 3074 ι

2185 3081 2350 3138 CXX.
2402 3083 2525 3140 Jun.
2575 3083 2650 3140 Ita
2703 3101 2870 3159 ergo,
2913 3094 2972 3143 ut
3015 3086 3082 3143 ad
3125 3102 3341 3144 causam
3385 3087 3683 3145 referamus

2089 3176 2427 3244 exemplum,
2457 3175 2755 3246 intelligere
2799 3179 3047 3248 potuisti,
3088 3179 3173 3235 vel
3214 3177 3529 3237 definitione
3572 3198 3678 3237 non

2090 3265 2269 3333 liberi,
2302 3268 2427 3337 quid
2455 3267 2680 3323 deberes
2709 3268 2936 3324 liberum
2967 3284 3303 3340 nuncupare.
3329 3269 3463 3326 Nam
3493 3272 3592 3325 etsi
3625 3273 3677 3326 in

2090 3357 2243 3413 liberi
2274 3359 2476 3414 arbitrii
2505 3359 2815 3416 deﬁnitione
2842 3360 3191 3432 intelligentia
3218 3361 3520 3433 caligassct,
3546 3373 3602 3418 ut
3627 3365 3678 3419 id

2088 3447 2193 3505 diei
2221 3450 2449 3505 liberum
2477 3465 2635 3520 posse
2663 3451 3032 3514 arbitrareris,
3067 3451 3211 3524 quod
3239 3453 3380 3509 inter
3407 3453 3514 3508 duo
3541 3469 3642 3507 con
3659 3484 3676 3494 -

2091 3543 2251 3597 traria
2294 3544 2384 3596 uni
2424 3541 2709 3597 doceretur
2749 3542 3066 3599 adhaerere:
3096 3545 3368 3614 respicere
3411 3545 3675 3612 debuisti,

2089 3633 2281 3702 exponi
2324 3633 2478 3688 aliter
2519 3647 2625 3687 non
2667 3647 2826 3703 posse
2863 3634 3164 3703 captivum,
3198 3634 3252 3690 id
3289 3643 3373 3690 est
3399 3651 3503 3690 non
3547 3635 3680 3691 lihe-

2088 3739 2208 3778 rum
2227 3765 2241 3788 ,
2274 3737 2432 3794 quam
2461 3730 2522 3778 ut
2547 3723 2687 3778 inter
2710 3723 2816 3778 duo
2840 3723 3108 3778 contraria
3137 3725 3232 3778 uni
3261 3724 3626 3780 vindicaretur
3658 3727 3672 3757 ‘

2087 3815 2355 3871 addictum
2381 3833 2396 3869 :
2422 3823 2474 3870 et
2500 3815 2620 3870 ideo
2647 3829 2841 3870 nomen
2873 3815 3105 3871 libertati
3125 3816 3148 3848 '
3167 3815 3489 3887 captivitatis
3519 3832 3682 3886 nega-

2091 3896 2235 3962 tione
2274 3905 2611 3962 tribuendum
2632 3948 2646 3968 .
2676 3915 2734 3961 ut
2756 3906 3008 3978 quoniam
3037 3905 3091 3962 id
3119 3907 3261 3978 quod
3299 3907 3525 3964 liberum
3571 3923 3677 3962 non

2089 4008 2238 4063 erat,
2271 3998 2422 4053 alteri
2464 3997 2533 4054 de
2571 3998 2856 4054 contrariis
2884 4008 3171 4070 cogeretur
3193 3999 3501 4064 adhmrcrc;
3547 3999 3679 4055 illud

2090 4090 2380 4147 adversum
2400 4091 2474 4157 ei,
2498 4090 2550 4145 id
2579 4098 2664 4146 est
2690 4089 2938 4157 liberum,
2968 4098 3162 4147 neutro
3189 4093 3457 4148 sineretur
3481 4091 3677 4146 addici.

2160 4185 2292 4239 Anc.
2345 4183 2482 4250 Quid
2522 4190 2706 4253 aperta
2744 4183 2986 4253 implicas
3023 4183 3346 4255 loquacitate
3387 4183 3680 4254 perplexa?

2089 4273 2172 4330 Ad
2219 4273 2418 4328 malum
2458 4273 2595 4329 liber
2617 4281 2736 4342 est,
2764 4273 2855 4345 qui
2898 4274 3174 4330 voluntate
3220 4275 3334 4346 agit
3374 4277 3546 4342 mala,
3588 4284 3682 4330 aut

2090 4381 2254 4438 opere
2276 4408 2290 4432 ,
2319 4375 2410 4422 aut
2435 4381 2685 4422 sermone
2702 4407 2719 4430 ,
2751 4374 2847 4423 aut
2871 4374 3018 4423 certe
3043 4367 3155 4424 sola
3182 4367 3501 4438 cogitatione
3531 4385 3544 4422 :
3576 4367 3680 4421 hoe

2089 4465 2264 4513 autem
2295 4457 2593 4528 grandioris
2622 4458 2796 4514 :ctatis
2833 4459 2953 4530 quis
2993 4457 3269 4514 hominum
3310 4473 3421 4514 non
3465 4459 3684 4529 potest?

2090 4549 2172 4605 Ad
2212 4551 2410 4606 bonum
2452 4560 2630 4607 autem
2677 4550 2812 4606 liber
2839 4560 2922 4606 est
2943 4592 2958 4618 ,
2987 4551 3082 4622 qui
3103 4551 3375 4607 voluntate
3405 4551 3542 4607 bona
3575 4549 3683 4620 agit

2091 4642 2228 4696 bona
2251 4684 2263 4700 .
2296 4641 2455 4697 etiam
2487 4643 2602 4714 ipse
2630 4652 2720 4696 aut
2747 4657 2943 4711 opere,
2981 4651 3073 4698 aut
3098 4657 3380 4708 sermone,
3409 4651 3502 4695 aut
3535 4649 3682 4695 certe

2091 4731 2203 4785 sola
2243 4731 2600 4802 cogitatione:
2633 4732 2728 4786 sed
2756 4731 2860 4787 hoc
2888 4731 3006 4787 sine
3046 4732 3138 4786 Dei
3167 4732 3336 4801 gratia
3359 4730 3556 4786 nullus
3583 4729 3681 4786 lio.

2092 4822 2293 4877 minum
2321 4831 2516 4893 potest.
2568 4823 2718 4890 Quod
2744 4823 2787 4878 si
2814 4823 2950 4878 dicis
2974 4823 3208 4894 aliquem
3237 4837 3397 4894 posse
3415 4863 3432 4890 ,
3460 4833 3676 4878 contra-

2092 4912 2227 4968 dicis
2254 4914 2302 4968 ei
2329 4914 2417 4981 qui
2446 4913 2612 4980 dixit,
2642 4913 2770 4970 Sine
2801 4931 2880 4969 me
2906 4915 3036 4970 nihil
3076 4914 3282 4985 potestis
3311 4916 3514 4986 facere;
3553 4929 3684 4970 con-

2096 5005 2310 5059 tradieis
2356 5005 2516 5060 etiam
2570 5005 2646 5060 illi
2687 5006 2776 5077 qui
2812 5006 2984 5074 dixit,
3013 5004 3137 5060 Non
3165 5006 3284 5076 quia
3311 5005 3482 5060 idonei
3509 5023 3684 5064 sumus

2095 5099 2316 5168 cogitare
2343 5097 2539 5168 aliquid
2565 5099 2710 5168 quasi
2737 5115 2800 5152 ea:
2829 5098 3196 5170 nobismetipsis
3215 5139 3229 5163 ,
3258 5097 3350 5153 sed
3387 5098 3687 5169 suﬁicimtia

2095 5200 2269 5244 nostra
2314 5207 2376 5244 ea:
2412 5189 2523 5244 Deo
2566 5200 2639 5245 est
2679 5189 2901 5257 (Il'Cor.
2928 5188 3114 5264 nt,'5).
3155 5191 3292 5247 Puto
3313 5191 3456 5262 quod
3486 5190 3685 5260 aliquid

2097 5279 2241 5344 boni,
2270 5295 2373 5333 non
2397 5280 2544 5345 mali,
2564 5295 2669 5335 non
2691 5295 2750 5336 se
2771 5281 2906 5335 dixit
2923 5297 2985 5336 ex
3009 5282 3299 5352 semetipso
3318 5283 3551 5354 cogitare
3573 5283 3690 5337 ido-

2096 5389 2292 5440 neum,
2322 5373 2417 5427 sed
2463 5390 2526 5428 ex
2572 5373 2702 5429 Deo.
2751 5375 2828 5429 De
2867 5375 3188 5444 cogitatione
3228 5385 3405 5432 autem
3450 5375 3589 5432 bona
3633 5385 3687 5430 ct

2097 5483 2276 5522 sermo
2305 5467 2478 5522 bonus
2501 5476 2603 5534 est,
2625 5476 2678 5522 et
2701 5482 2836 5538 Opus
2864 5468 3084 5524 bonum.
3109 5469 3185 5525 Ac
3211 5484 3308 5541 per
3334 5467 3458 5538 hoc,
3481 5469 3569 5540 qui
3596 5483 3686 5524 co-

2161 5648 2175 5678 ¹
2203 5646 2342 5703 Fditi,
2365 5643 2642 5708 rideretur;
2676 5647 2872 5708 omisso,
2897 5648 2999 5699 uni.
3039 5654 3146 5700 Mss.
3169 5657 3277 5699 nar.
3325 5655 3377 5696 et
3407 5645 3548 5704 Clar.,
3582 5645 3684 5696 uin-

2096 5707 2524 5777 ᾴὶςατειυνμτᾳηρ
2545 5707 2648 5769 pro,
2676 5707 2757 5759 nni
2790 5707 3051 5762 ditaretur.
3097 5720 3207 5761 nam
3241 5709 3394 5760 codex
3445 5715 3686 5756 πνοι-ωηεν
3733 5767 3736 5770 ξ

2097 5771 2263 5827 habet,
2286 5769 2370 5818 mti
2391 5769 2736 5820 vindicaretur.

2158 5834 2176 5863 ³
2211 5830 2368 5881 Culex
2395 5839 2542 5893 νυνι,
2565 5829 2770 5884 liberati.
