4126 6514
491 418 506 468 l
519 411 626 470 £99

482 533 652 602 gitare
696 524 896 598 aliquid
945 522 1073 580 boui
1118 522 1346 578 idoneus
1390 535 1498 577 non
1539 528 1626 575 est
1659 534 1725 575 ex
1754 524 2067 586 semetipso,

486 623 728 694 profecto
751 635 850 675 nec
870 618 1015 689 loqui
1036 625 1120 672 est
1144 615 1390 681 idoneus,
1415 627 1514 668 nec
1537 626 1696 684 agerc
1719 610 1916 682 aliquid
1945 609 2070 664 boni

483 731 549 770 ex
595 712 884 782 semetipso
908 727 923 765 :
947 707 1042 764 sed
1067 708 1113 763 si
1140 716 1226 763 est
1251 705 1355 761 sub
1383 705 1572 776 gratia,
1601 700 1923 758 sufﬁcientia
1952 699 2073 770 ejus

485 823 548 862 ex
583 806 693 862 Deo
717 813 820 861 est.
849 801 1001 860 Unde
1029 801 1229 856 dictum
1257 805 1374 864 est,
1407 794 1530 851 Non
1557 797 1693 850 enim
1722 810 1808 848 ras
1837 793 1955 848 estis
1981 791 2070 862 qui

485 897 769 967 loquimini,
796 894 884 950 sed
914 893 1141 963 Spiritus
1169 889 1340 944 Patris
1363 887 1514 942 vestri
1537 887 1624 958 qui
1651 885 1876 954 loquitor
1900 885 1955 938 in
1979 899 2072 938 ro-

486 991 561 1044 bis
591 987 808 1056 (Matth.
841 1001 898 1049 x,
919 983 1045 1052 90);
1073 991 1162 1045 et,
1193 981 1444 1052 Quotquot
1475 977 1678 1048 Spiritu
1710 975 1803 1030 Dei
1827 985 2071 1048 aguntur,

489 1081 542 1134 hi
568 1078 663 1148 [itii
693 1087 808 1132 sunt
837 1075 930 1130 Dei
949 1073 1254 1146 (Romani,
1279 1070 1392 1141 14).
1417 1069 1543 1124 Hinc
1561 1082 1663 1139 ego
1684 1069 1895 1123 intuens
1913 1067 1954 1132 ί,
1979 1081 2076 1121 ne-

489 1171 686 1226 minem
711 1183 832 1226 esse
861 1167 1087 1222 liberum
1111 1165 1180 1220 ad
1203 1163 1470 1234 agendum
1496 1161 1696 1217 bonum
1723 1160 1840 1215 sine
1862 1157 2068 1230 adjuto-

491 1263 572 1318 rio
603 1263 729 1329 Dei,
751 1259 882 1316 dixi.
923 1259 1047 1314 Ilaec
1074 1268 1133 1312 tu
1160 1264 1406 1312 metuens
1426 1295 1442 1320 ,
1484 1253 1754 1310 nemiuem
1783 1266 1908 1308 esse
1936 1249 2074 1306 libe-

495 1369 612 1408 rum
643 1352 710 1407 ad
736 1349 1000 1422 agendum
1030 1347 1251 1413 homin,
1278 1361 1364 1401 me
1390 1343 1595 1400 dixisse
1617 1343 1820 1408 dixisti,
1841 1351 1896 1397 ct
1917 1360 1937 1394 ι
1959 1341 2078 1396 sine

487 1444 754 1514 :uljutorio
803 1441 896 1497 Dei
925 1458 946 1495 ι
977 1438 1160 1510 (quod
1185 1435 1408 1508 addidi)
1451 1433 1733 1490 sustulistl.
1776 1431 1929 1488 Unde
1969 1445 2078 1486 non

488 1537 680 1592 dubito
696 1533 837 1606 quod
860 1533 1056 1588 victum
1079 1540 1130 1586 te
1155 1544 1276 1587 esse
1296 1529 1406 1599 jam
1433 1527 1605 1591 scias;
1635 1525 1730 1600 sed
1756 1524 1964 1597 prolixo
1986 1537 2080 1579 va-
2122 1516 2130 1523 ’

489 1627 724 1698 niloqnio
753 1624 805 1682 id
831 1639 963 1696 agas
986 1665 1002 1691 ,
1035 1638 1104 1680 ne
1127 1623 1302 1678 victus
1334 1633 1596 1690 appareas
1613 1660 1630 1685 ,
1657 1617 1753 1689 qui
1777 1617 1858 1673 sic
1882 1615 2078 1673 deﬁnis

487 1717 709 1774 liberam
740 1715 1096 1781 voluntatem,
1124 1720 1184 1768 ut
1203 1710 1305 1766 nisi
1327 1719 1638 1780 utrumque,
1660 1707 1715 1764 id
1740 1716 1842 1775 est,
1868 1717 1924 1764 et
1941 1708 2082 1764 bene

487 1820 541 1865 ct
564 1809 704 1866 man
727 1823 888 1880 agere
914 1807 1117 1878 possit,
1150 1806 1320 1862 libera
1343 1819 1466 1862 esse
1499 1819 1606 1861 non
1651 1803 1842 1875 possit.
1873 1805 1955 1859 Ac
1984 1819 2082 1874 per

487 1903 609 1971 hoc,
639 1917 866 1960 necesse
894 1900 990 1957 tibi
1017 1909 1103 1957 est
1125 1899 1343 1956 auferre
1371 1899 1673 1955 libertatem
1703 1897 1834 1965 Deo,
1859 1897 1947 1967 qui
1968 1905 2084 1952 tan-

487 1992 771 2050 tummodo-
788 1991 987 2049 bonaln
1017 1999 1227 2063 potest,
1255 1990 1454 2048 malam
1481 2004 1611 2046 vero
1636 2006 1743 2046 non
1775 1997 1951 2059 potest
1978 1989 2077 2043 Ita-

486 2087 612 2142 bere
637 2086 990 2146 voluntalem.

555 2175 744 2236 CXXI.
785 2175 909 2236 ius.
949 2174 1105 2244 Quod
1129 2189 1252 2232 eum
1282 2173 1354 2232 ita
1378 2175 1484 2243 sit,
1510 2182 1671 2244 atque
1706 2171 1830 2229 huic
1867 2181 1924 2228 tu
1961 2172 2082 2228 loco

485 2268 788 2326 miserrime
814 2267 1075 2324 obnitaris
1097 2306 1114 2334 ,
1145 2266 1406 2322 incertum
1433 2263 1674 2334 estquid
1707 2264 1876 2334 magis
1917 2263 1988 2320 de
2026 2271 2082 2319 te

485 2360 742 2416 :nstimari
771 2358 1080 2425 conveniat,
1109 2366 1288 2412 utrum
1314 2364 1501 2414 contra
1527 2355 1914 2412 conscientiam
1938 2364 2084 2411 tuam

488 2451 620 2506 falsa
645 2448 941 2516 defendas,
967 2464 1036 2504 an
1061 2448 1202 2519 quod
1231 2447 1422 2505 falsum
1448 2456 1552 2513 est,
1583 2462 1770 2503 verum
1799 2455 1984 2518 putes;
2015 2462 2080 2502 ac

491 2560 586 2612 per
616 2544 718 2599 hoc
745 2543 818 2597 sit
841 2542 1127 2609 incertum,
1155 2549 1332 2596 utrum
1355 2540 1542 2596 oculos
1569 2539 1790 2598 rationis
1815 2539 2084 2607 amiseris,

489 2636 616 2690 dum
641 2643 850 2690 certum
877 2633 947 2688 sit
973 2633 1158 2688 oculos
1181 2639 1233 2687 te
1262 2631 1386 2688 ﬁdei
1413 2631 1728 2702 perdidisse.

562 2726 699 2784 Anc.
727 2723 998 2796 Numquid
1023 2722 1146 2780 ideo
1169 2731 1222 2778 te
1241 2722 1441 2778 victum
1468 2721 1787 2790 consolaris,
1810 2721 1934 2793 quia
1952 2736 2084 2780 con-

493 2816 731 2872 viciaris?

563 2905 777 2964 CXXII.
818 2904 939 2962 ιω..
979 2904 1049 2963 Ut
1071 2913 1248 2962 autem
1274 2920 1394 2976 qua:
1417 2913 1542 2962 sunt
1565 2913 1707 2972 acta,
1734 2905 1970 2962 breviter
1994 2919 2086 2962 re-

496 3012 758 3069 petamus,
792 2997 1070 3053 arbitrium
1100 2997 1345 3062 Iiberum,
1377 2995 1519 3068 quod
1544 2996 1600 3052 in
1629 2997 1756 3052 mali
1782 3004 1968 3069 parte,
2001 2995 2086 3052 vi—

497 3093 691 3148 tiorutn
723 3088 1126 3161 voluptatibus,
1153 3087 1242 3144 vel
1278 3087 1476 3144 diaboli
1521 3087 1991 3158 persuasionibus;
2031 3087 2087 3144 in

498 3182 623 3237 boni
650 3188 830 3236 autem
862 3187 1034 3249 parte.
1065 3179 1323 3233 virtutum
1345 3177 1704 3249 dogmatibus,
1736 3185 1793 3234 et
1822 3178 1984 3232 variis
2007 3176 2090 3234 di-

496 3274 631 3328 vina:
654 3270 842 3341 gratiae
867 3267 1149 3340 speciebus
1166 3268 1410 3339 juvatur;
1437 3284 1544 3323 non
1577 3275 1758 3339 potest
1784 3267 1941 3324 aliter
1958 3283 2090 3324 con-

495 3372 640 3418 stare
657 3403 674 3429 ,
703 3361 807 3417 nisi
835 3369 896 3418 ut
921 3368 978 3418 et
998 3359 1222 3432 justitize
1244 3359 1313 3416 ab
1340 3375 1441 3428 eo,
1468 3366 1525 3416 et
1559 3359 1768 3431 peccati
1791 3360 2089 3431 necessitas

495 3453 789 3510 auferatur.

569 3547 708 3604 Ave.
739 3543 886 3603 Inter
909 3543 1105 3602 divina:
1129 3543 1317 3616 gratia:
1339 3542 1549 3616 species
1572 3542 1620 3600 si
1649 3541 1926 3614 poneretis
1949 3541 2090 3599 dile-

497 3635 759 3705 stionem,
785 3651 946 3706 quam
975 3650 1084 3691 on
1110 3651 1178 3692 ex
1207 3635 1383 3699 nobis,
1406 3632 1502 3689 sed
1529 3648 1596 3689 ex
1624 3632 1735 3688 Deo
1763 3647 1907 3700 esse,
1939 3647 2092 3687 eam-

501 3745 606 3801 que
631 3729 802 3786 Deum
833 3727 962 3784 dare
986 3727 1112 3784 filiis
1131 3727 1246 3782 suis
1261 3725 1600 3797 apertissime
1619 3723 1826 3796 legitis;
1855 3724 1972 3779 sine
1990 3739 2093 3793 qua

503 3835 664 3877 nemo
690 3819 779 3890 pie
807 3819 958 3886 vivit,
988 3827 1045 3874 et
1068 3832 1192 3873 cum
1218 3831 1322 3887 qua
1358 3829 1520 3871 nemo
1543 3814 1648 3870 nisi
1677 3813 1765 3884 pie
1790 3814 1951 3880 vivit;
1979 3814 2098 3869 sine

503 3926 610 3982 qua
638 3908 837 3966 nullius
865 3917 952 3964 est
973 3908 1112 3963 bona
1137 3906 1404 3972 voluntas,
1433 3913 1490 3960 et
1514 3919 1639 3960 cum
1662 3919 1766 3975 qua
1793 3903 1990 3959 nullius
2013 3911 2098 3959 est

508 4002 612 4056 nisi
640 4001 780 4056 bona
811 4000 1088 4066 voluntas;
1116 4013 1244 4055 vere
1283 3998 1511 4054 liberum
1551 3995 1948 4062 defenderetis,
1989 4011 2098 4053 non

513 4092 772 4151 iilﬁaretis
789 4092 1092 4150 arbitrium.
1118 4089 1506 4148 Necessitatem
1530 4105 1692 4161 porro
1718 4089 1764 4146 si
1790 4105 1910 4146 eam
1937 4089 2096 4160 dicis,

511 4202 616 4260 qua
644 4186 872 4259 quisque
899 4184 1100 4242 invitus
1122 4183 1473 4258 opprimitur;
1513 4182 1739 4254 justitize
1787 4183 1932 4238 nulla
1975 4192 2099 4249 est,

511 4279 636 4352 quia
661 4293 818 4335 nemo
842 4285 925 4336 est
943 4276 1123 4350 justus
1157 4276 1394 4332 invitus:
1425 4273 1523 4332 sed
1560 4275 1726 4346 gratia
1768 4274 1864 4331 Dei
1901 4289 1966 4331 ex
1996 4291 2096 4330 no-

512 4368 658 4424 lente
693 4367 962 4424 volentem
989 4366 1134 4423 facit.
1178 4365 1237 4424 Si
1263 4375 1443 4422 autem
1472 4364 1651 4419 nullus
1682 4373 1931 4434 peccaret
1959 4365 2098 4420 invi-

517 4469 622 4526 tus,
655 4475 761 4514 non
790 4466 936 4514 esset
961 4459 1240 4529 scriptum,
1269 4457 1500 4529 εἰρηααί
1535 4467 1740 4528 peccata
1764 4473 1878 4512 mea
1901 4458 1955 4512 in
1981 4474 2101 4512 sac-

514 4553 653 4615 culo.
684 4561 731 4606 et
756 4551 1014 4606 adnotasti
1035 4550 1080 4606 si
1102 4549 1224 4622 quid
1252 4546 1439 4604 inritus
1462 4549 1645 4605 admisi
1670 4547 1790 4619 (Job
1821 4565 1932 4617 xxv,
1958 4549 2072 4620 I7).

585 4640 820 4700 CXXIII.
841 4641 962 4698 Jun.
987 4641 1154 4713 llnjus
1177 4648 1355 4696 autem
1381 4641 1657 4696 veritatem
1685 4639 1947 4696 Catholici
1971 4655 2103 4696 con-

516 4736 774 4792 ﬁtentur:
805 4732 1126 4794 'l‘raduciani
1153 4740 1333 4788 autem
1363 4747 1488 4788 cum
1516 4731 1820 4788 Maniclueis
1843 4731 1954 4786 suis
1984 4746 2099 4786 ma-

511 4830 692 4900 gistris
705 4829 727 4862 ¹
751 4837 967 4900 negant.

586 4922 725 4978 Anc.
751 4919 1006 4977 Convicia
1050 4927 1178 4978 sunt
1219 4919 1352 4987 ista,
1392 4933 1500 4974 non
1541 4915 1741 4988 judicia
1767 4933 1781 4971 :
1807 4915 2000 4971 vellem
2044 4923 2107 4970 ut

513 5011 756 5082 judicare
782 5025 1002 5084 posses;
1027 5009 1314 5068 conviciari
1340 5018 1519 5066 autem
1545 5009 1668 5080 quis
1691 5007 1969 5078 improbus
1995 5021 2106 5062 non

520 5113 694 5174 potest
708 5102 732 5157 τ

588 5192 825 5250 CXXIV.
865 5193 984 5250 ιω..
1025 5193 1133 5251 Nos
1162 5193 1322 5265 igitur
1345 5205 1529 5247 verum
1557 5188 1790 5246 diximus
1809 5228 1826 5255 ,
1855 5187 2108 5258 quoniam

519 5290 610 5358 qui
639 5304 671 5344 a
697 5288 849 5344 vobis
873 5287 1210 5358 decipiuntur
1228 5327 1245 5353 ,
1286 5301 1354 5340 ne
1382 5289 1638 5338 vocentur
1677 5280 1911 5336 hmretici
1932 5323 1948 5347 ,
1975 5281 2109 5338 ﬁunt

526 5382 835 5448 Mauieluti,
862 5392 917 5437 et
939 5382 1068 5436 dum
1095 5381 1282 5434 falsam
1310 5385 1563 5432 verentur
1589 5373 1858 5429 infantiam
1878 5415 1894 5441 ,
1925 5390 2109 5429 verum

526 5477 728 5532 crimen
761 5477 1068 5538 inrui-runt;
1101 5473 1268 5526 instar
1296 5469 1548 5535 ferarum,
1577 5485 1693 5538 qua:
1714 5467 2112 5523 circumdantur

531 5569 726 5639 pinnis,
753 5577 809 5622 ut
837 5573 1096 5636 cogantur
1124 5564 1174 5616 in
1203 5562 1356 5628 retia,
1379 5570 1432 5616 et
1458 5561 1510 5616 in
1533 5575 1715 5616 verum
1735 5560 1952 5614 exitium
1975 5573 2110 5613 vana

592 5708 610 5741 ι
649 5703 923 5768 vignierius
963 5709 1077 5768 meo
1127 5710 1265 5768 ergo
1292 5695 1494 5750 intuens.
1532 5705 1616 5748 Ms.
1654 5702 1816 5768 fern,
1871 5703 1984 5768 meo
2028 5705 2117 5756 ego

527 5759 735 5818 Iuturna".
773 5763 955 5822 Melius,
983 5764 1096 5825 quia
1128 5759 1351 5823 seqtiitur
1390 5774 1420 5811 c
1456 5759 1725 5818 contrario,
1764 5765 1877 5808 Ha‘c
1922 5762 1974 5806 lu
2013 5769 2115 5807 mc-

529 5837 722 5938 mer‘sie
745 5894 850 5936 uss.
872 5885 987 5938 will
1013 5899 1160 5950 vero,
1193 5883 1438 5936 ministris.

1155 400 1402 462 OPERIS
1441 395 1854 458 llll’EllFECTi
1881 391 2153 454 CONTRA
2195 391 2553 463 JULIANUM,
2594 395 2654 452 S.
2695 391 3067 454 AUGUSTI!"

3624 391 3764 456 I300

2184 513 2466 583 formidine
2487 513 2891 571 contrudantur.
2922 514 3090 569 Deum
3115 525 3242 567 vero
3265 515 3600 568 nascentium
3625 525 3777 568 con--

2180 605 2410 662 ditorem
2458 607 2531 661 ita
2572 603 2835 672 dicimus,-
2875 613 2935 660 ut
2960 603 3211 676 quoniam
3237 611 3448 659 eertum
3474 609 3560 660 est
3586 602 3758 660 Deum

2179 696 2594 763 Catholicorum,
2624 697 2714 768 qui
2740 711 2901 752 verus
2925 704 3042 764 est,
3071 695 3202 751 nihil
3232 694 3411 752 facere
3436 709 3594 767 posse
3618 695 3758 767 quod
3802 710 3805 713 ·

2181 789 2382 844 malum
2419 797 2502 844 est
2520 829 2536 856 ,
2563 788 2729 859 ipsius
2753 787 2959 858 opiﬁcis
2985 787 3242 860 dignitate
3260 827 3281 854 ,
3310 787 3554 844 homines
3579 788 3668 858 qui
3694 789 3764 844 ab
3804 785 3810 794 ’

2181 897 2247 936 eo
2267 880 2419 948 ﬁunt,
2443 888 2567 936 ante
2586 880 2878 936 voluntatis
2894 895 3071 948 usum,
3092 880 3163 936 de
3183 880 3430 936 manibus
3451 880 3574 951 ejus
3594 880 3762 952 iniqui

2182 984 2236 1027 et
2262 972 2341 1029 rei
2373 971 2522 1029 nullo
2550 971 2710 1028 modo
2734 972 2882 1028 exire
2907 972 3214 1028 credantur.
3253 972 3497 1042 Quorum
3516 989 3614 1031 vos
3637 989 3761 1030 eum

2181 1063 2407 1118 alterum
2425 1061 2656 1134 negatis,
2681 1069 2968 1134 utrumque
2992 1062 3268 1118 subruitis.
3292 1063 3388 1119 Ais
3404 1063 3620 1136 quippe,
3642 1079 3766 1121 cre-

2181 1154 2311 1210 dere
2339 1163 2392 1210 te
2418 1153 2633 1226 quidem
2659 1154 2993 1210 conditorem
3023 1155 3214 1223 Deum,
3243 1153 3340 1211 sed
3367 1153 3632 1212 malorum
3660 1156 3760 1212 llo-

2183 1246 2385 1301 minum
2410 1263 2426 1301 :
2447 1260 2514 1302 ac
2537 1261 2635 1317 per
2664 1245 2766 1300 hoc
2785 1244 3040 1301 inﬁciaris
3059 1245 3296 1316 dogmati
3325 1255 3436 1313 tuo,
3460 1261 3582 1303 cum
3602 1262 3766 1319 negas

2183 1345 2238 1392 te
2264 1350 2508 1393 asserere
2529 1336 2800 1393 diabolum
2829 1335 3106 1410 I'tinum
3133 1336 3493 1394 conditorem.

2253 1430 2390 1486 Anc.
2432 1427 2700 1499 Quidquid
2748 1428 2803 1484 in
2854 1427 3194 1496 hominibus,
3224 1428 3316 1498 qui
3356 1443 3478 1484 cum
3507 1427 3635 1486 vitio
3665 1443 3768 1486 na-

2184 1531 2435 1589 scuntur,
2460 1521 2526 1576 ad
2560 1522 2726 1578 Deum
2752 1529 3054 1578 creatorem
3072 1561 3088 1587 ,
3119 1520 3387 1592 pertinet,
3415 1520 3614 1578 bonum
3643 1531 3762 1590 est;

2183 1615 2307 1686 quia
2329 1623 2388 1671 et
2409 1612 2551 1687 quod
2571 1612 2774 1685 justum
2797 1625 2883 1671 est
2901 1656 2917 1680 ,
2945 1615 3146 1671 bonum
3173 1621 3257 1670 est
3286 1632 3302 1669 :
3332 1623 3644 1671 naturarum
3667 1630 3768 1673 ao-

2185 1715 2327 1773 tem,
2358 1720 2466 1761 non
2511 1705 2760 1761 vitiorum
2797 1713 2994 1760 auctor
3036 1711 3122 1760 est
3165 1704 3329 1762 Deus.
3372 1703 3456 1761 Ad
3485 1704 3632 1762 illum
3655 1705 3768 1777 jam

2183 1800 2327 1868 veni,
2355 1799 2630 1857 videamus
2653 1800 2778 1871 quid
2819 1798 2946 1857 inde
2968 1799 3212 1856 dicturus
3235 1815 3332 1868 es,
3363 1799 3634 1871 quamde
3659 1815 3766 1858 non

2183 1903 2440 1950 eruantur
2467 1893 2670 1965 parvuli
2693 1893 2763 1950 de
2786 1901 3054 1964 potestate
3076 1891 3445 1960 tenebrarum,
3473 1893 3689 1965 quando
3710 1894 3768 1952 in

2182 1988 2382 2043 Christi
2407 2002 2630 2058 regnum
2660 2001 2755 2058 per
2777 1996 3112 2044 sacramenta
3144 1986 3404 2043 Ecclesiae
3437 1989 3765 2044 transferun-

2186 2088 2292 2134 tur.
2332 2079 2688 2148 Quantislibet
2711 2078 2856 2135 enim
2885 2078 3210 2148 tegminibus
3243 2077 3314 2134 de
3349 2078 3657 2148 multiplicis
3683 2080 3767 2135 Io-

2185 2170 2467 2241 quacitatis
2489 2169 2748 2237 involvas,
2777 2169 2867 2227 ubi
2900 2168 2970 2226 ad
2995 2169 3097 2226 hoc
3123 2170 3364 2236 veneris,
3391 2169 3564 2225 nudus
3593 2169 3766 2227 here-

2189 2264 2323 2319 ticus
2346 2263 2650 2334 apparehis.

2256 2353 2469 2414 CXXV.
2507 2353 2627 2412 ιω..
2659 2355 2794 2411 Nam
2816 2370 2939 2411 cum
2966 2354 3099 2411 tales
3139 2353 3402 2411 adscribis
3445 2356 3596 2425 operi
3638 2355 3768 2422 Dei,

2187 2448 2374 2519 quales
2401 2447 2581 2505 facere
2605 2463 2712 2502 non
2744 2453 2949 2519 potest;
2979 2446 3220 2502 ostendis
3246 2447 3380 2503 nihil
3403 2447 3471 2502 ad
3501 2447 3686 2514 Deum,
3717 2447 3770 2504 id

2187 2541 2329 2612 quod
2353 2540 2422 2596 ah
2445 2556 2511 2596 eo
2537 2541 2752 2596 dixeras
2783 2541 2917 2605 fieri,
2950 2543 3243 2609 pertinere.

2260 2632 2400 2688 Aue.
2444 2630 2700 2686 Homines
2741 2631 2843 2685 nisi
2885 2630 3030 2685 Deus
3072 2629 3250 2684 facere
3292 2643 3398 2684 non
3447 2637 3659 2699 potest:
3685 2629 3772 2686 dic

2191 2722 2367 2794 potius
2393 2722 2661 2794 quomodo
2706 2737 2813 2778 non
2850 2731 3108 2778 eruantur
3148 2721 3353 2791 parvuli
3394 2721 3464 2778 de
3510 2731 3770 2792 potestate

2195 2813 2536 2870 tenebrarum
2553 2853 2571 2881 ,
2598 2811 2811 2884 quando
2835 2827 2932 2884 per
2955 2812 3133 2868 divina
3161 2811 3506 2869 Sacramch
3545 2828 3770 2885 regene-

2190 2915 2394 2964 tantur.

2260 2999 2494 3058 CXXVI.
2534 2998 2653 3056 ιω..
2698 2998 2852 3068 Quod
2897 2998 3022 3054 licet
3062 2998 3116 3053 in
3162 2997 3336 3068 primo
3382 2997 3520 3053 libro
3563 2997 3775 3053 uberius

2191 3100 2368 3149 actum
2397 3093 2502 3160 sit,
2532 3099 2711 3147 tamen
2737 3099 2793 3146 et
2818 3091 2906 3146 hic
2932 3091 3024 3146 vel
3051 3090 3286 3146 breviter
3303 3089 3430 3160 quid
3457 3091 3657 3146 sentias
3681 3105 3775 3146 ex-

2193 3184 2504 3256 primamus.
2529 3181 2712 3239 Times
2729 3183 2883 3254 Operi
2904 3182 3102 3239 diaboli
3121 3183 3356 3254 aliquam
3379 3182 3642 3254 deputare
3653 3184 3778 3239 sub-

2193 3277 2444 3334 stantiam
2467 3293 2482 3329 :
2503 3291 2690 3333 verum
2734 3291 2844 3331 non
2887 3277 3044 3332 times
3087 3276 3224 3344 Deo,
3251 3291 3358 3333 non
3401 3276 3636 3347 aliquod,
3680 3277 3777 3334 sed

2195 3384 2442 3440 magnum
2469 3367 2675 3424 crimen
2707 3366 3024 3439 impingere.
3068 3367 3328 3438 Majorem
3356 3367 3497 3438 apud
3529 3377 3580 3424 te
3619 3368 3780 3424 habet

2195 3461 2550 3518 reverentiam
2566 3468 2753 3515 natura
2769 3461 2947 3517 carnis
2967 3460 3234 3525 humanm,
3254 3475 3414 3531 quam
3427 3459 3633 3532 iustitia
3654 3461 3776 3517 Dei:

2195 3552 2346 3623 quasi
2374 3552 2517 3606 enim
2546 3566 2794 3622 magnum
2820 3551 3038 3622 aliquid,
3067 3551 3139 3607 ita
3164 3552 3517 3608 substantiam
3544 3551 3776 3607 hominis

2197 3642 2410 3698 diabolo
2436 3642 2696 3714 deputare
2733 3641 2969 3698 metuisti
2992 3683 3008 3707 ,
3041 3651 3098 3698 et
3117 3643 3270 3712 quasi
3298 3645 3373 3698 rei
3405 3658 3512 3698 nou
3539 3657 3776 3714 magum,

2199 3732 2253 3790 id
2279 3740 2362 3789 est
2383 3733 2605 3803 justitia:
2627 3741 2684 3788 et
2707 3732 2803 3788 Dei
2830 3732 3125 3799 sanctitati,
3154 3731 3590 3788 informationem
3613 3733 3782 3788 scele-

2200 3825 2274 3882 ris
2296 3825 2546 3897 appulisti
2572 3843 2586 3880 :
2611 3825 2762 3896 quasi
2791 3839 2896 3880 non
2925 3825 3254 3880 tolerabilius
3280 3825 3438 3880 fuerit
3477 3827 3613 3882 inter
3649 3825 3781 3881 duas

2200 3919 2503 3990 opiniones,
2531 3917 2627 3974 sed
2653 3925 2907 3988 utrasque
2933 3916 3128 3984 falsas,
3156 3917 3357 3973 diaboli
3399 3918 3654 3989 operibus
3685 3917 3781 3974 de-

2200 4019 2390 4084 putare
2411 4025 2650 4077 carnem,
2677 4024 2836 4080 quam
2861 4009 2954 4065 Dei
2979 4009 3234 4078 operibus
3256 4009 3603 4078 iniquitatem.

2271 4105 2409 4162 Aue.
2433 4103 2542 4160 Vos
2584 4103 2760 4174 potius
2809 4101 2900 4157 Dei
2939 4101 3202 4172 justitiam
3243 4101 3646 4171 blasphematis,
3683 4101 3784 4156 sub

2202 4189 2356 4259 cujus
2378 4185 2763 4258 omnipotentia
2785 4185 2900 4242 sine
2924 4185 3049 4240 ullis
3069 4185 3223 4240 malis
3253 4186 3458 4241 meritis
3483 4194 3626 4241 tanta
3647 4184 3782 4240 mala

2204 4281 2410 4354 perpeti
2440 4280 2691 4352 parvulos
2716 4279 2912 4335 dicitis.
2963 4278 3069 4335 Sed
3092 4278 3204 4350 jam
3225 4278 3314 4335 die
3338 4278 3782 4350 quemadmodum

2203 4391 2298 4432 eos
2330 4373 2590 4446 separatis
2615 4371 2684 4428 ab
2709 4371 2789 4428 eis
2811 4386 2947 4442 quos
2979 4371 3119 4427 Deus
3146 4371 3215 4427 de
3250 4379 3517 4441 potestate
3544 4370 3683 4426 eruit
3709 4377 3786 4423 te-

2205 4466 2526 4530 nebrarum,
2557 4471 2617 4518 ut
2658 4462 2942 4518 transferat
2987 4462 3038 4516 in
3083 4474 3307 4533 regnum
3349 4460 3472 4517 Filii
3514 4459 3784 4516 cbaritatis

2206 4573 2319 4614 sua:
2344 4555 2563 4626 (Coloss.
2594 4570 2629 4619 t,
2656 4553 2765 4622 I3).

2207 4683 2211 4686 ι
2277 4647 2534 4708 CXXVII.
2585 4647 2706 4703 ιω..
2761 4644 2831 4702 Ut
2874 4645 3017 4700 enim
3069 4645 3156 4700 hic
3195 4645 3246 4699 in
3295 4651 3558 4714 potestate
3595 4641 3786 4697 diaboli

2208 4741 2455 4812 parvulos
2477 4754 2507 4794 a
2535 4739 2647 4794 Deo
2673 4752 2792 4792 reos
2817 4734 3034 4791 formari
3061 4735 3280 4802 dixisti,
3313 4734 3384 4790 ita
3427 4734 3479 4789 in
3521 4731 3787 4788 inferiori-

2208 4835 2309 4890 bus
2337 4831 2454 4889 libri
2477 4831 2551 4887 tui
2575 4829 2816 4900 partibus
2844 4827 3037 4883 tetrius
3060 4827 3257 4897 aliquid
3285 4840 3445 4896 quam
3474 4834 3598 4880 sunt
3629 4823 3792 4879 Mani-

2209 4924 2481 4980 chaeorum
2510 4927 2844 4977 sacramenta
2876 4917 3146 4984 vomuisti,
3177 4916 3365 4974 dicens
3392 4916 3459 4973 de
3486 4917 3615 4982 Deo,
3651 4933 3671 4968 ι
3705 4915 3796 4971 Sic

2209 5024 2357 5074 creat
2384 5015 2576 5081 malos,
2598 5010 2867 5084 quomodo
2895 5010 3065 5081 pascit
3093 5020 3146 5065 ct
3177 5009 3347 5065 nutrit
3371 5007 3560 5064 malos.
3591 5025 3612 5060 ι

2283 5113 2414 5168 Anc.
2444 5109 2579 5165 Cum
2607 5104 2816 5162 veneris
2842 5105 2907 5160 ad
2936 5104 3151 5160 easdem
3189 5112 3368 5174 partes
3403 5103 3526 5157 libri
3555 5099 3690 5166 mei,
3729 5099 3800 5155 ibi

2211 5198 2663 5274 quemadmodum
2686 5197 2887 5252 dictum
2918 5196 3100 5261 fuerit,
3123 5194 3266 5266 quod
3293 5195 3380 5250 hic
3403 5193 3610 5264 objieis,
3634 5205 3803 5261 appa-

2214 5297 2370 5353 rebit.
2402 5294 2553 5350 Nunc
2572 5291 2686 5362 jam
2711 5290 2796 5346 dic
2814 5333 2830 5357 ,
2859 5305 3043 5360 quaeso
3066 5331 3081 5355 ,
3109 5287 3379 5358 quomodo
3414 5302 3535 5343 cum
3574 5299 3805 5354 regene-

2216 5397 2402 5444 rautur
2424 5383 2626 5456 parvuli
2652 5392 2709 5438 et
2729 5381 3124 5437 transferuntur
3144 5380 3211 5434 ad
3239 5394 3460 5450 regnum
3489 5376 3708 5443 Christi,
3740 5374 3806 5427 de

2221 5479 2560 5535 tenebrarum
2589 5483 2851 5544 potestate
2878 5489 2984 5530 non
3011 5482 3290 5527 eruantur.

2291 5589 2570 5648 CXXVIII.
2600 5589 2720 5644 Jun.
2745 5587 2900 5646 Creat
2927 5587 3088 5659 igitur
3115 5585 3315 5641 malum
3343 5584 3502 5639 Deus.

2292 5687 2428 5740 Anc.
2458 5682 2572 5738 Non
2600 5681 2848 5752 intelligis
2871 5676 3321 5750 quemadmodum
3349 5673 3490 5737 dicat
3513 5675 3653 5742 apud
3685 5685 3805 5742 pro-

2226 5775 2460 5846 phetam,
2493 5770 2602 5844 Ego
2630 5789 2742 5827 creo
2770 5771 2906 5826 mala
2926 5767 3080 5841 (Isai.
3107 5784 3230 5835 ην,
3258 5766 3334 5836 7).
3819 5763 3830 5775 “

2301 5865 2538 5923 CXXIX.
2591 5861 2703 5922 Jun.
2757 5865 2820 5920 Et
2863 5862 3156 5936 puniuntur
3200 5862 3546 5927 innocentes,
3597 5865 3810 5930 propter
