4126 6512
385 413 512 467 ιδυι

377 529 519 603 «ιιιυά
547 529 670 586 facit
701 531 858 588 Deus.

446 625 583 681 Aac.
608 622 720 680 Nec
745 625 1056 680 innocentes
1081 623 1305 696 origine,
1337 640 1437 682 nec
1466 634 1682 698 propter
1709 628 1850 700 quod
1877 628 1960 684 fa-

375 716 448 773 cit
476 717 635 772 Deus.

447 808 662 867 CXXX.
702 808 818 866 σιω..
854 811 922 866 Et
951 825 990 890 .a
1029 810 1244 867 diabolo
1285 811 1653 883 possidentur,
1697 815 1818 886 quia
1853 813 1960 871 hoc

376 894 504 958 iacit
529 901 690 958 Deus.

448 994 586 1050 Auc.
613 993 681 1049 Et
700 994 985 1065 Apostolus
1010 995 1225 1052 tradidit
1251 996 1522 1054 hominem
1550 1007 1748 1055 satana:
1771 1000 1814 1072 (I
1835 998 1960 1056 Cor.

374 1101 432 1153 ν,
454 1084 542 1160 5);
570 1087 664 1144 sed
683 1087 912 1159 iustitia,
936 1103 1040 1144 non
1063 1091 1264 1146 malitia
1285 1109 1298 1146 :
1317 1099 1372 1148 et
1397 1092 1535 1148 Deus
1561 1093 1778 1148 tradidit
1799 1109 1963 1163 «pios-

375 1179 499 1235 dam
525 1183 578 1236 in
596 1181 880 1252 reprobum
904 1193 1128 1239 sensum
1144 1185 1320 1259 (Rom.
1344 1202 1383 1256 I,
1408 1186 1537 1260 28);
1565 1196 1726 1259 atque
1755 1189 1959 1246 utinam

375 1285 483 1328 non
506 1272 576 1326 ibi
599 1273 791 1328 essetis
812 1283 868 1330 et
891 1285 1011 1329 vos.

446 1365 682 1422 CXXXI.
698 1366 817 1423 Jun.
835 1367 900 1424 Et
919 1369 1142 1439 imputat
1161 1367 1467 1426 hominibus
1485 1370 1688 1428 crimen
1707 1386 1960 1428 manuum

373 1471 592 1513 suarum
621 1457 781 1514 Dens.

447 1549 584 1605 Anc.
614 1549 730 1604 Non
755 1557 839 1606 est
859 1550 1060 1607 crimen
1083 1567 1335 1608 manuum
1363 1553 1479 1621 Dei,
1509 1553 1652 1626 quod
1683 1553 1753 1610 de
1777 1554 1960 1610 vitiata

374 1638 582 1710 origine
603 1655 699 1696 sua
727 1641 943 1697 trahunt
965 1645 1192 1714 parvuli.

445 1731 706 1790 CXXXII.
743 1734 864 1791 Ιυι..
899 1737 964 1792 Et
985 1737 1123 1808 quod
1148 1739 1410 1809 persuasit
1436 1735 1681 1795 diabolus
1707 1741 1956 1808 tenuiter,

374 1825 602 1881 solerter
622 1834 674 1880 et
693 1838 1098 1897 perseveranter
1118 1829 1285 1901 fingit,
1310 1839 1364 1886 et
1387 1831 1677 1904 protegit‘,
1704 1840 1759 1890 et
1783 1842 1958 1889 custo-

374 1914 473 1983 dit,
493 1925 550 1971 et
567 1915 759 1973 format
786 1919 946 1974 Dens.

445 2009 579 2066 Atta.
611 2008 731 2065 Non
772 2011 914 2082 quod
955 2014 1217 2083 persuasit
1255 2015 1526 2082 diabolus,
1557 2015 1749 2072 fumat
1775 2017 1954 2086 Deus;

373 2099 471 2154 sed
513 2115 578 2155 ex
623 2110 814 2156 natura
853 2117 1014 2174 quam
1059 2094 1267 2161 vitiavit
1300 2107 1740 2176 diabolus,beue
1764 2109 1960 2168 format

372 2190 514 2262 quod
545 2190 740 2248 format
767 2193 926 2250 Deus.

442 2282 726 2341 CXXXIII.
755 2286 877 2344 ius.
910 2288 976 2344 Et
998 2289 1224 2346 fructum
1248 2293 1316 2348 ab
1344 2293 1562 2352 homine
1587 2295 1838 2353 bonitatis
1867 2313 1959 2355 re-

373 2377 566 2445 poscit,
590 2379 675 2432 cui
702 2379 900 2437 malum
928 2380 1166 2452 ingenuit
1193 2383 1351 2441 Deus.

443 2469 580 2525 Aac.
617 2468 735 2526 Nan
775 2473 972 2528 malum
1003 2475 1241 2545 ingenuit
1272 2477 1441 2545 Deus;
1471 2477 1566 2534 sed
1590 2479 1788 2535 malum
1815 2477 1957 2551 quod

371 2561 647 2632 generatio
662 2565 842 2623 vitiata
868 2566 1125 2637 ingenuit,
1146 2571 1553 2641 rcgeneratione
1577 2582 1770 2645 purgat
1791 2573 1954 2630 Deus.

441 2653 727 2712 CXXXIV.
763 2657 883 2714 Jun.
915 2659 980 2714 Et
1015 2669 1200 2731 postea
1236 2670 1344 2719 tota
1384 2664 1498 2734 lege
1522 2666 1801 2735 mentitur,
1831 2666 1956 2738 quia

365 2743 543 2816 justus
570 2747 641 2802 sit
667 2745 922 2805 Dominus
942 2751 985 2804 ³.

444 2838 580 2895 Asc.
609 2840 849 2897 Mentiris
875 2859 889 2896 :
914 2843 1008 2898 sed
1033 2853 1110 2910 tu,
1135 2846 1226 2915 qui
1262 2861 1423 2916 negas
1445 2857 1725 2918 peccatum
1754 2848 1956 2906 habere

368 2929 517 3000 gravi
542 2929 670 3000 jugo
689 2929 911 3001 dignum
930 2932 1068 2988 lilios
1090 2933 1258 2988 Adam
1281 2933 1464 3006 (Eccli.
1493 2953 1583 3006 ιι,
1611 2939 1684 3011 l),
1709 2939 1838 3011 quid
1865 2953 1959 2996 co-

369 3019 516 3073 naris
534 3019 844 3088 ostendere,
867 3022 968 3077 nisi
990 3023 1130 3093 quod
1153 3024 1380 3095 iniustus
1403 3026 1509 3082 sit?

441 3110 702 3167 CXXXV.
724 3111 845 3169 loc.
871 3113 938 3169 Et
959 3116 1048 3186 qui
1076 3125 1153 3172 tut
1175 3118 1399 3173 crimina
1422 3120 1584 3192 capit,
1605 3121 1781 3179 adhuc
1803 3137 1957 3180 voca-

368 3211 458 3258 tor
486 3204 660 3261 Dens?

440 3297 578 3353 Auc.
616 3297 878 3366 Quoniam
903 3301 1047 3357 nulla
1069 3303 1293 3360 crimina
1327 3305 1469 3376 capit
1500 3307 1671 3374 Deus,
1704 3308 1826 3365 ideo
1852 3325 1954 3369 nec

368 3386 472 3443 hoc
491 3388 634 3460 quod
659 3389 712 3446 ei
733 3403 832 3447 vos
853 3393 1143 3465 impingitis
1164 3395 1327 3466 capit,
1351 3405 1409 3452 ut
1429 3397 1546 3453 sine
1569 3397 1727 3454 ullius
1747 3399 1770 3432 ³
1789 3401 1953 3472 origi-

367 3479 507 3534 nalis
531 3481 735 3551 peccati
757 3483 966 3543 merito,
995 3485 1130 3539 mala
1157 3487 1360 3555 parvuli
1384 3496 1462 3544 tot
1483 3496 1539 3544 et
1562 3499 1706 3544 tanta
1729 3489 1846 3561 ipso
1865 3492 1951 3548 vel

367 3569 597 3626 faciente
616 3572 698 3628 vel
722 3573 1064 3644 permittente
1085 3577 1373 3646 patiantur.

434 3661 627 3719 CXXX
639 3663 721 3719 Vl.
744 3664 867 3720 lus.
892 3663 1126 3721 Interibit
1143 3667 1556 3727 Manichmorum
1577 3675 1821 3728 memoria
1833 3688 1949 3728 cum

365 3755 577 3827 strepitu
598 3770 620 3810 :
656 3756 780 3826 quia
828 3756 1080 3814 Dominus
1122 3760 1177 3814 in
1219 3770 1465 3817 aternum
1509 3773 1813 3836 permanet;
1857 3767 1948 3838 qui

365 3846 564 3916 paravit
599 3847 654 3901 in
687 3847 888 3920 judicio
911 3849 1079 3904 sedem
1105 3867 1251 3906 suam
1267 3893 1284 3921 ,
1310 3861 1359 3908 et
1383 3854 1490 3926 ipse
1502 3855 1758 3926 judicabit
1781 3857 1948 3914 orbem

364 3946 610 3992 terrarum
648 3939 701 3994 in
743 3940 976 4012 thuitate
1015 3939 1188 4015 (Psal.
1224 3959 1302 4011 IX,
1334 3945 1478 4017 7-9).
1513 3946 1729 4004 Nullum
1773 3959 1856 4006 est
1891 3950 1946 4007 in

365 4027 478 4083 Deo
496 4029 721 4085 crimen.
752 4030 869 4085 Non
891 4032 1050 4103 igitur
1069 4043 1211 4090 creat
1235 4035 1441 4092 malos:
1466 4038 1716 4108 quoniam
1748 4040 1792 4096 si
1821 4042 1946 4098 mali

363 4128 547 4177 essent
569 4128 780 4189 natura,
805 4123 946 4179 Deus
981 4140 1078 4182 eos
1116 4140 1300 4184 creare
1337 4143 1454 4184 non
1489 4141 1690 4201 posset.
1733 4133 1812 4189 Ac
1850 4149 1946 4205 per

363 4211 485 4278 hoc,
509 4220 566 4268 ut
586 4213 977 4271 Catholicorum
1010 4225 1096 4273 est
1126 4218 1368 4275 conﬁteri
1407 4221 1575 4277 Deum
1609 4223 1943 4282 conditorem

361 4303 622 4362 bonorum
640 4347 658 4374 ,
701 4308 772 4363 ita
812 4308 1223 4368 Manichaeorum
1262 4313 1480 4385 proprie
1517 4315 1684 4372 Deum
1721 4316 1945 4376 credere

362 4397 692 4454 conditorem
718 4400 1002 4458 malorum.

431 4491 567 4550 Anc.
590 4492 647 4549 Si
666 4493 950 4551 adversum
971 4495 1149 4554 divina
1169 4498 1402 4570 eloquia,
1427 4500 1515 4557 ubi
1540 4501 1755 4570 dicitur,
1776 4503 1942 4558 ludi-

361 4581 494 4638 eabit
533 4585 704 4640 orbem
744 4596 992 4645 terrarum
1032 4591 1086 4645 in
1119 4595 1371 4661 equitate,
1406 4607 1512 4648 non
1540 4595 1688 4650 surdi
1715 4597 1939 4666 essetis,

359 4676 663 4748 aequitatem
701 4677 794 4734 Dei
833 4681 992 4735 etiam
1032 4682 1085 4736 in
1124 4682 1295 4752 poenis
1331 4681 1614 4740 infantium
1635 4687 1940 4744 disceretis.

358 4765 554 4824 Natura
576 4768 720 4824 enim
745 4769 872 4826 boni
893 4780 1034 4839 sunt,
1062 4773 1203 4844 quod
1226 4773 1346 4829 illos
1369 4785 1517 4830 creat
1538 4777 1680 4832 Deus
1703 4795 1718 4832 :
1741 4779 1836 4834 sed
1856 4781 1938 4835 vi-

360 4860 435 4915 tio
461 4861 587 4916 mali
613 4869 767 4930 sunt,
797 4872 1018 4935 propter
1036 4865 1178 4936 quod
1208 4865 1329 4923 illos
1359 4878 1513 4923 sanat
1548 4869 1707 4924 Deus.
1747 4871 1804 4926 In
1836 4887 1941 4943 qua

361 4949 618 5006 catholica
637 4954 900 5011 sententia
923 4970 1030 5011 non
1053 4956 1224 5012 solum
1246 4957 1660 5015 Manichaeorum
1682 4965 1940 5020 memoria

360 5042 514 5112 perit,
531 5059 722 5101 verum
738 5045 899 5102 etiam
919 5047 1345 5120 Pelagianorum,
1363 5065 1486 5106 cum
1506 5053 1732 5125 strepitu
1753 5054 1942 5128 loqua-

357 5134 532 5192 citatis
560 5136 794 5194 illorum.

426 5223 734 5284 CXXXVII.
766 5229 886 5287 Jun.
913 5231 1021 5289 Sed
1045 5233 1320 5290 videamus
1339 5245 1393 5291 et
1413 5237 1637 5310 reliqua.

427 5319 563 5376 hoc.
599 5321 735 5378 Ecce
772 5323 839 5378 ad
872 5323 976 5379 alia
1005 5324 1125 5381 libri
1156 5327 1261 5383 mei
1291 5328 1450 5385 verba
1484 5329 1592 5401 jam
1632 5334 1856 5403 transis,
1885 5345 1940 5393 et

357 5410 612 5468 adversus
643 5413 769 5469 illud
799 5415 944 5486 quod
975 5415 1068 5473 tibi
1099 5418 1250 5489 quasi
1273 5418 1622 5478 refellendum
1643 5439 1710 5480 ex
1735 5441 1937 5495 praece-

356 5501 604 5562 dentibus
639 5521 1026 5579 proposueras,
1059 5511 1192 5568 nihil
1224 5513 1378 5570 dicis.
1419 5515 1530 5587 Ego
1562 5519 1703 5575 enim
1751 5528 1808 5576 ut
1843 5535 1939 5576 vos

419 5722 441 5794 ξ
465 5720 636 5794 90¢?!
653 5730 865 5794 Fort-ast
882 5735 1133 5794 ρνρηαθαεο

417 5784 439 5856 ξ
460 5785 534 5856 sic
549 5791 656 5856 uss.
682 5793 736 5856 at
752 5784 896 5856 editi;
916 5784 1102 5856 nititur,
1124 5803 1269 5856 quam
1281 5791 1444 5855 justus
1463 5793 1524 5844 sit
1544 5802 1686 5846 Dcus.

419 5845 444 5877 ι
469 5844 543 5896 sic
560 5852 665 5898 Mss.
689 5855 746 5899 Αι
765 5844 926 5913 vigit,
946 5844 1092 5904 illius.

1757 418 1956 476 LIBER
1995 417 2308 479 TERTIUS.

3487 442 3658 500 1503

2072 539 2387 596 auctoritate
2422 543 2711 613 apostolica
2744 561 2985 619 urgerem
3007 593 3020 616 ,
3063 552 3172 610 dixi
3213 571 3308 615 vos
3341 558 3521 618 dicere
3544 578 3654 618 non

2066 630 2182 685 erui
2225 633 2473 702 parvulos
2510 650 2541 690 a
2583 647 2845 708 potestate
2874 645 3251 718 tenebrarum,
3281 659 3338 707 et
3363 654 3442 710 sic
3469 665 3649 713 trans-

2066 718 2196 775 ferri
2220 719 2273 776 in
2295 738 2518 794 regnum
2558 726 2650 784 Dei
2678 727 2895 802 (Coloss.
2919 749 2955 800 ι,
2984 724 3076 811 13)
3099 755 3112 791 :
3134 747 3320 796 contra
3351 744 3492 815 quod
3521 747 3652 805 nihil

2065 810 2249 905 dicens
2267 855 2284 882 ,
2311 817 2599 888 apparuisti
2627 821 2842 893 quidem
2861 866 2877 892 ,
2905 810 3229 902 sicutsnpra
3260 810 3485 904 prmdixi
3503 879 3522 905 ,
3547 854 3657 896 nu-

2066 904 2168 962 dus
2209 905 2519 978 haereticus;
2560 912 2656 969 sed
2695 914 2748 970 in
2780 925 2836 973 te
2859 912 3209 990 exspoliando
3237 940 3345 982 non
3371 904 3608 988 laboravi
3628 971 3646 999 ,

2067 998 2189 1068 quia
2223 1009 2408 1058 centra
2446 1005 2792 1076 apostolicam
2835 1002 2996 1067 ﬁdem
3042 1016 3428 1088 antiquissima:
3465 998 3654 1079 matris

2067 1089 2355 1162 Ecclesiae,
2374 1095 2520 1152 nullo
2547 1097 2834 1156 verborum
2863 1112 3075 1160 tuorum
3103 1109 3389 1183 vaniloquo
3418 1114 3653 1186 tegmine

2067 1188 2121 1238 te
2147 1197 2310 1240 ausus
2336 1194 2395 1241 es
2423 1190 2656 1258 operire.

2136 1273 2469 1334 CXXXVIII.
2489 1277 2608 1336 Jun.
2629 1283 2766 1340 Audi
2781 1299 2904 1359 ergo
2925 1287 3136 1347 breuiter
3157 1294 3285 1367 quid
3300 1295 3400 1352 ista
3417 1301 3658 1370 quaestio-

2066 1380 2130 1419 ne
2154 1376 2395 1423 versetur.
2423 1369 2672 1429 Catholici
2699 1375 2876 1433 dicunt
2903 1373 3182 1439 humanam
3221 1402 3256 1440 a
3291 1369 3518 1445 creatore
3546 1387 3655 1447 Deo

2067 1456 2196 1548 bona
2243 1461 2503 1518 conditam
2551 1465 2733 1522 bonum
2755 1509 2770 1535 ,
2800 1470 2890 1525 sed
2918 1484 3124 1543 peccato
3148 1477 3376 1534 vitiatam
3393 1522 3410 1548 ,
3458 1483 3656 1540 medico

2067 1545 2266 1606 Christo
2287 1551 2516 1626 indigere
2538 1565 2793 1614 naturam.
2824 1549 3104 1621 Πανιωιωὶ
3125 1567 3330 1636 dicunt,
3373 1545 3654 1629 humanam

2066 1650 2302 1696 naturam
2324 1655 2428 1699 non
2451 1661 2484 1700 a
2513 1646 2622 1703 Deo
2648 1651 2907 1708 conditam
2942 1655 3144 1723 bonam,
3179 1669 3480 1733 pec‘catoque
3500 1666 3656 1721 uitia-

2068 1740 2170 1786 tam
2187 1748 2209 1798 ;
2226 1733 2317 1789 sed
2337 1735 2400 1790 ab
2425 1746 2730 1796 eternarum
2767 1745 3000 1818 principe
3027 1749 3343 1808 tenebrarum
3364 1796 3381 1822 ,
3414 1754 3479 1810 de
3512 1773 3658 1812 coma

2065 2006 2258 2080 lagiani
2280 2009 2474 2080 dicunt,
2503 2025 2739 2071 naturam
2757 2018 3032 2078 humanam
3051 2039 3084 2078 a
3109 2023 3218 2081 Deo
3239 2026 3370 2083 bono
3394 2030 3652 2086 conditam

2066 2099 2283 2168 bonam;
2309 2104 2401 2159 sed
2421 2105 2495 2160 ita
2519 2123 2626 2163 esse
2659 2109 2713 2164 in
2747 2114 3066 2171 nascentibus
3099 2119 3327 2188 paruulis
3351 2137 3530 2176 sanam
3548 2165 3566 2190 ,
3596 2128 3654 2178 nt

2064 2190 2255 2249 Christi
2279 2211 2380 2252 non
2407 2196 2622 2254 habeant
2659 2203 2990 2260 necessariam
3031 2207 3086 2262 in
3119 2209 3214 2264 illa
3248 2220 3401 2266 aetate
3440 2214 3653 2270 medici-

2063 2301 2203 2340 nam.
2233 2286 2464 2360 Agnosco
2488 2291 2644 2363 igitur
2668 2294 2724 2348 in
2756 2302 2842 2350 tuo
2890 2296 3127 2370 dogmate
3173 2316 3358 2358 nomen
3396 2312 3574 2373 tuum,
3604 2313 3654 2360 et

2063 2378 2327 2437 catholicis
2347 2398 2382 2437 a
2404 2385 2584 2454 quibus
2607 2390 2912 2458 confutaris,
2947 2391 3121 2448 desine
3145 2393 3364 2466 objieere
3390 2405 3439 2452 et
3465 2398 3653 2470 dogma

2063 2478 2112 2524 et
2137 2486 2319 2528 nomen
2342 2474 2582 2530 alienum.
2615 2475 2755 2532 Nam
2794 2477 2992 2536 Veritas
3017 2491 3257 2553 utrosque
3278 2487 3560 2560 redarguit,
3604 2499 3654 2544 et

2064 2560 2378 2622 Hanichtcos
2421 2575 2468 2622 et
2511 2584 2619 2624 vos.
2670 2569 2974 2630 Manichan’s
3000 2577 3136 2632 enim
3167 2577 3290 2634 dicit
3318 2595 3340 2636 :
3370 2598 3394 2634 α
3431 2580 3553 2638 Non
3579 2586 3654 2638 te-

2062 2653 2207 2726 gistis
2255 2656 2378 2728 quia
2422 2658 2486 2714 ab
2509 2659 2656 2716 initio
2709 2664 2829 2736 fecit
2878 2665 3132 2724 hominem
3155 2709 3170 2735 ,
3214 2673 3539 2742 masculum,
3602 2681 3652 2729 et

2061 2744 2301 2816 feminam
2328 2749 2447 2822 fecit
2468 2767 2556 2808 eos
2569 2753 2598 2809 2
2629 2753 2850 2826 Propter
2875 2757 2970 2814 hoc
3006 2759 3255 2834 relinquet
3284 2765 3434 2820 homo
3453 2775 3650 2839 patrem

2061 2845 2108 2891 et
2133 2848 2368 2909 matrem,
2380 2849 2426 2896 et
2445 2843 2722 2902 adharebit
2734 2849 2886 2904 uxori
2906 2867 3036 2919 sure;
3044 2863 3096 2909 et
3121 2864 3269 2911 erunt
3295 2856 3398 2913 duo
3420 2859 3474 2914 in
3492 2869 3650 2916 carne

2064 2941 2170 2982 una
2197 2944 2218 2984 :
2244 2929 2414 3002 itaque
2452 2934 2570 3005 jam
2614 2953 2717 2992 non
2752 2949 2871 2996 sunt
2914 2941 3034 3010 duo,
3081 2945 3171 3000 sed
3193 2962 3297 3002 una
3324 2966 3464 3005 caro.
3500 2951 3652 3020 Quod

2060 3035 2181 3092 ergo
2219 3021 2364 3080 Deus
2394 3028 2689 3116 conjunxit,
2743 3031 2894 3088 homo
2940 3051 3042 3090 non
3080 3048 3280 3107 separet
3340 3059 3362 3096 ι
3423 3041 3646 3116 (Matth.

2058 3124 2170 3181 nx,
2200 3111 2348 3187 4-6).
2376 3115 2465 3171 Ita
2491 3120 2676 3192 quippe
2700 3123 2918 3180 ostendit
2941 3133 2992 3180 et
3014 3127 3275 3185 hominum
3311 3111 3648 3205 conditorem,

2057 3210 2108 3257 et
2132 3206 2404 3278 conjagum
2438 3212 2786 3279 copulatorem
2818 3215 3004 3284 Deum,
3032 3219 3276 3278 adversus
3301 3223 3645 3296 Manichacus,

2057 3293 2145 3361 qui
2171 3305 2436 3370 utrumque
2462 3298 2643 3356 horum
2671 3313 2876 3375 negant.
2919 3305 3070 3365 Vobis
3096 3320 3265 3367 autem
3285 3314 3410 3370 dicit
3437 3331 3458 3370 :
3487 3334 3508 3370 ι
3549 3293 3649 3374 Ve;

2057 3387 2134 3480 nit
2164 3387 2308 3458 ﬁlius
2341 3391 2559 3448 hominis
2597 3411 2821 3466 qutrrere
2864 3409 2918 3455 et
2959 3403 3158 3460 sulcare
3197 3408 3334 3476 quod
3366 3411 3583 3480 perierat
3619 3429 3647 3467 ι·

2058 3475 2210 3573 (Luc.
2238 3494 2364 3573 six,
2383 3482 2494 3555 l0).
2542 3484 2649 3540 Sed
2691 3503 2796 3556 vos,
2823 3493 3014 3566 egregii
3037 3475 3320 3567 christiani,
3351 3475 3647 3573 respondete

2056 3566 2256 3625 Christo
2281 3585 2302 3626 .°
2327 3571 2389 3628 Si
2415 3574 2553 3641 quod
2577 3577 2816 3647 perierat,
2869 3599 3096 3653 qutcrere
3140 3596 3190 3642 et
3232 3566 3443 3645 salvam
3476 3594 3645 3665 facere

2054 3659 2260 3728 venisti,
2289 3662 2358 3717 ad
2381 3667 2622 3734 parvulos
2647 3685 2748 3724 non
2773 3672 2954 3728 venisti
2965 3691 2986 3739 ;
3012 3674 3098 3732 isti
3132 3694 3224 3734 nec
3266 3659 3518 3752 perierant
3539 3726 3557 3754 ,
3596 3695 3647 3743 et

2053 3751 2183 3806 salvi
2224 3754 2334 3808 nati
2378 3759 2504 3812 suit
2522 3773 2543 3814 :
2567 3761 2694 3816 vade
2730 3763 2801 3817 ad
2841 3766 3059 3838 majores
3076 3810 3092 3836 ,
3135 3770 3199 3825 de
3244 3751 3402 3829 uerbis
3432 3751 3645 3834 tuis-tibi

2055 3844 2425 3912 prmeribimus
2453 3864 2474 3904 :
2506 3867 2527 3902 ι
2566 3849 2689 3907 Non
2717 3862 2790 3909 est
2814 3871 2941 3928 opus
2963 3860 3103 3917 sanis
3122 3862 3366 3933 medicus,
3395 3868 3488 3923 sed
3507 3871 3642 3926 male

2053 3933 2348 3994 habentibus
2376 3958 2399 3994 ι
2429 3941 2638 4012 (Matth.
2690 3961 2766 4013 ix,
2819 3948 2930 4021 12).
2973 3949 3060 4006 Ita
3102 3953 3163 4023 [it
3189 3964 3244 4010 ut
3275 3955 3592 4017 Manichwus
3618 4005 3634 4029 ,

2051 4027 2138 4097 qui
2162 4028 2355 4084 homini
2379 4034 2706 4091 commixtam
2736 4037 2859 4094 dicit
2885 4056 2994 4097 esse
3019 4055 3255 4100 naturam
3281 4050 3493 4120 malam,
3525 4027 3642 4108 velit

2050 4117 2170 4174 inde
2213 4121 2393 4178 saltem
2428 4125 2616 4182 salvari
2642 4145 2676 4183 a
2701 4129 2902 4187 Christo
2942 4135 3167 4192 animam
3194 4139 3376 4195 bonam
3400 4159 3421 4198 :
3446 4117 3502 4198 tn
3523 4161 3642 4202 vero

2050 4209 2105 4265 in
2129 4214 2376 4284 parvulis,
2403 4232 2520 4272 cum
2546 4220 2676 4275 salvi
2697 4232 2817 4278 sunt
2843 4241 3073 4296 corpore,
3098 4231 3230 4286 nihil
3251 4249 3286 4287 a
3309 4231 3510 4290 Christo
3535 4241 3641 4294 sale

2050 4303 2272 4358 randum
2293 4321 2402 4361 esse
2427 4310 2708 4367 contendis.
2748 4313 2823 4368 Ac
2850 4331 2942 4387 per
2966 4318 3061 4373 hoc
3088 4317 3409 4380 Manichtcus
3433 4327 3640 4398 quidem

2050 4403 2285 4449 naturam
2309 4397 2586 4454 humanam
2628 4402 2986 4462 detestabiliter
3008 4410 3274 4482 vituperat,
3310 4415 3401 4470 sed
3427 4425 3483 4471 tu
3522 4434 3642 4472 cru.

2049 4485 2230 4542 sialiter
2255 4486 2456 4546 laudas.
2506 4491 2818 4566 Quicumque
2842 4495 2976 4554 enim
3003 4501 3091 4556 tibi
3122 4505 3425 4561 crediderint
3450 4506 3638 4564 lauda-

2051 4577 2168 4644 tori,
2199 4578 2418 4649 infantes
2444 4597 2564 4638 suos
2593 4600 2694 4641 non
2729 4587 2956 4654 o/ferent.
2981 4589 3241 4650 Salvatori
3277 4594 3390 4669 (De
3425 4597 3636 4672 Nuptiis

2049 4678 2098 4724 st
2125 4669 2566 4743 Concupiscentia,
2605 4676 2693 4731 lib.
2718 4677 2786 4746 2,
2813 4695 2867 4734 n.
2895 4679 2973 4753 9).
3004 4681 3387 4743 Commendavi
3417 4669 3632 4759 quidem

2049 4762 2212 4819 etiam
2239 4765 2293 4820 in
2321 4767 2494 4836 primo
2521 4782 2684 4840 opere
2701 4810 2717 4838 ,
2743 4771 2878 4828 nihil
2905 4781 2956 4830 te
2986 4777 3155 4847 magis
3177 4793 3358 4850 agere,
3388 4795 3546 4853 quam
3575 4795 3634 4842 ut

2049 4867 2236 4924 parum
2263 4856 2594 4930 intelligaris.

2119 4946 2254 5002 Aoc.
2285 4946 2512 5006 Prorsus
2541 4951 2829 5026 intelligor,
2855 4955 2986 5013 velis
3012 4958 3152 5016 nolis
3184 4978 3198 5016 :
3230 4963 3324 5020 sed
3367 4973 3421 5020 tu
3446 4977 3632 5024 contra

2049 5033 2151 5090 ista
2177 5035 2310 5094 nihil
2338 5039 2596 5108 dicturus,
2624 5045 2708 5101 vis
2734 5063 2840 5103 non
2867 5048 3085 5122 intelligi
3113 5053 3256 5124 quod
3285 5070 3386 5128 ego
3410 5060 3631 5117 verissi-

2047 5141 2193 5219 mum
2220 5137 2377 5200 atque
2407 5131 2770 5192 firmissimum
2799 5139 2909 5194 dixi
2943 5157 2958 5195 :
2983 5141 3216 5215 denique
3244 5161 3332 5203 res
3361 5149 3472 5219 ipsa
3495 5151 3634 5208 indi-

2045 5218 2207 5283 cavit,
2236 5219 2352 5276 lucc
2376 5237 2406 5276 a
2434 5232 2487 5280 te
2513 5240 2620 5281 non
2650 5231 2887 5298 potuisse
2909 5232 3178 5306 redargui.

2117 5311 2405 5370 CXXXIX.
2436 5315 2553 5372 Jun.
2585 5319 2914 5394 Ostendique
2956 5327 3214 5398 majorem
3261 5345 3398 5402 pene
3428 5341 3636 5402 partem

2046 5412 2471 5461 commentorum
2518 5416 2726 5466 tuorum
2756 5453 2772 5478 ,
2825 5416 3114 5486 grandiore
3169 5422 3386 5494 intelligi
3443 5425 3626 5482 labore

2045 5510 2201 5566 quam
2226 5496 2386 5553 vinci.

2115 5589 2249 5644 Anc.
2283 5587 2347 5644 Et
2376 5588 2615 5656 laboras;
2647 5594 2789 5664 quod
2817 5596 2907 5652 tibi
2937 5608 3021 5654 est
3051 5603 3230 5672 pejus,
3269 5614 3323 5660 ct
3375 5605 3627 5661 sinceris.

2044 5675 2158 5732 Non
2204 5686 2381 5734 tamen
2423 5680 2634 5737 laboras
2673 5693 2730 5740 ut
2769 5703 2853 5742 me
2883 5689 3176 5763 intelligas,
3204 5694 3344 5764 quod
3373 5694 3634 5753 facillime

1969 5762 1974 5767 ’
2045 5778 2229 5840 potes;
2255 5769 2349 5826 sed
2376 5770 2588 5828 laboras
2619 5785 2672 5829 ut
2700 5793 2786 5832 me
2815 5778 3050 5846 refellas,
3063 5762 3351 5854 quodnon
3379 5793 3549 5854 potes.

2116 5856 2271 5917 CXL.
2301 5859 2417 5918 Juc.
2452 5861 2558 5918 Sed
2595 5865 2640 5920 si
2677 5865 2728 5922 id
2770 5884 2864 5938 per
2907 5869 3113 5942 singula
3154 5871 3335 5930 facere
3360 5873 3542 5942 velim,
3569 5885 3626 5932 et
