4126 6502
501 397 635 452 Πιθὸ

496 510 682 563 eadem
715 502 1003 577 repetendo
1027 502 1358 574 superﬂuus,
1409 509 1461 556 et
1491 509 1679 556 cuncta
1722 496 2090 570 persequendo

495 604 685 672 longus
711 599 953 654 videbor.
1225 659 1228 662 ,

570 695 706 750 Anc.
739 691 879 747 Ecce
906 687 1175 760 quomodo
1201 687 1337 760 agis,
1370 695 1428 742 ut
1471 685 1625 756 longe
1664 682 1882 740 recedat
1923 681 2093 738 lector

1199 384 1444 446 OPERIS
1485 385 1892 444 IMPERFECTI
1932 385 2204 442 CONTRA
2243 387 2605 456 JUl.l.-\NUM,
2646 391 2701 445 Ξ.
2747 389 3107 448 AUGUSTI“

3643 398 3781 458 13Οᾶ

2194 499 2405 554 conaris
2425 514 2668 557 asserere
2697 519 2709 554 :
2741 501 2809 558 de
2835 503 2944 572 ipsa
2965 517 3094 574 ergo
3115 501 3348 571 libidine,
3375 504 3512 561 sicut
3531 505 3782 580 frequens

2197 599 2315 659 ter,
2378 592 2450 647 ita
2494 592 2658 648 etiam
2722 593 2975 652 inferiore
3013 604 3162 666 parte
3209 595 3329 652 libri
3379 597 3454 654 tui
3501 599 3777 672 loqueris:

2200 681 2474 752 Quocirca,
2504 683 2700 754 inquis,
2728 687 3132 744 commixtionem
3156 704 3352 760 quoque
3375 689 3635 746 honestam
3663 682 3814 756 τοτε-ξ

501 785 569 840 ab
601 785 683 839 Itis
703 798 822 855 qua:
846 781 979 849 dixi,
1003 791 1060 838 et
1093 789 1146 837 te
1181 778 1494 868 rependisse
1522 777 1829 844 arbitretur,
1852 776 1978 831 dum
2005 790 2089 843 ea,
2397 791 2500 830 non
2524 777 2937 847 reprehendimus
2955 788 3162 851 propter
3189 780 3478 863 pudendam
3514 767 3815 868 corporum).

499 894 619 950 quae
646 877 740 933 tibi
767 876 919 948 quasi
956 865 1248 930 refellenda
1278 887 1671 944 proposueras,
1704 868 2052 926 obliviscitur.
2130 875 2138 883 ’

571 969 752 1025 CXLI.
782 969 900 1025 Jun.
925 967 1081 1024 Unde
1104 967 1347 1039 quamvis
1388 965 1565 1022 omnia
1608 980 1726 1036 quae
1769 970 1956 1019 contra
1993 977 2094 1018 nos

499 1063 712 1118 edidisti
753 1063 975 1132 scripta,
1002 1060 1070 1116 ad
1115 1075 1280 1116 unum
1311 1058 1470 1114 linem
1506 1066 1814 1130 properent,
1845 1054 2093 1112 videlicet

503 1165 560 1208 ut
589 1154 849 1210 naturalia
887 1153 1024 1209 mala
1063 1169 1186 1210 esse
1227 1150 1575 1223 persuadeas,
1615 1157 1672 1204 et
1698 1157 1791 1204 aut
1818 1147 2090 1203 diabolum

498 1246 778 1302 hominum
800 1287 817 1314 ,
855 1254 948 1302 aut
982 1246 1149 1303 Deum
1187 1245 1471 1301 criminum
1499 1241 1835 1299 conditorem
1865 1258 1880 1296 :
1913 1248 2091 1296 tamen

501 1345 632 1407 puto
668 1337 868 1409 aliquid
916 1337 1211 1409 procedere
1244 1335 1312 1392 ad
1347 1334 1584 1392 studium
1627 1331 1922 1399 brevitatis,
1953 1331 2000 1387 si
2028 1346 2092 1387 ea

501 1428 838 1499 potissimum
853 1437 1189 1502 argumenta,
1203 1427 1396 1504 quibus
1423 1435 1590 1484 totam
1619 1437 1763 1483 tuam
1783 1425 2090 1498 opinionem

503 1521 643 1578 tueri
674 1530 746 1590 te,
771 1536 894 1578 cum
919 1521 1295 1588 obumbraris,.
1321 1528 1476 1592 putas
1499 1519 1568 1576 de
1592 1519 1822 1576 diversis
1847 1519 1900 1573 in
1927 1533 2093 1573 unum

500 1613 742 1684 partibus
780 1628 1199 1686 eongregavero,
1241 1627 1411 1684 eaque
1452 1611 1604 1684 prius
1637 1611 1854 1666 admota
1876 1609 2093 1680 exposi-

503 1707 646 1764 tiene
688 1706 898 1777 juvero,
945 1715 1006 1761 ut
1040 1705 1168 1777 quid
1211 1699 1791 1780 eoentur'appareat;
1823 1711 1942 1774 post
1965 1717 2094 1758 vero

499 1814 605 1855 non
632 1813 838 1870 sparsa,
867 1799 963 1855 sed
989 1798 1248 1866 collecta;
1282 1813 1390 1854 non
1422 1789 1686 1864 involuta,
1713 1793 1810 1853 sed
1833 1794 2094 1866 explicata

497 1907 780 1962 proruere.

567 1985 704 2041 Aue.
736 1982 963 2049 mirabili
992 1982 1171 2040 studio
1200 1981 1477 2038 brevitatis
1510 1990 1634 2038 octo
1661 1979 1828 2037 libros
1855 1978 2095 2050 unimeo

497 2075 698 2143 reddis,
745 2090 908 2147 quem
953 2089 1054 2131 nec
1100 2084 1242 2132 tanta
1273 2073 1594 2145 multiloquii
1628 2071 1932 2143 prolixitate
1958 2085 2092 2126 eon-

499 2167 671 2224 vellis.
706 2167 992 2232 Dicmunc,
1020 2167 1066 2222 si
1097 2175 1270 2238 potes,
1292 2166 1564 2237 quomodo
1593 2179 1698 2220 non
1723 2163 1902 2220 dicere
1930 2177 2092 2234 coga-

497 2260 628 2313 mini
642 2257 877 2326 Christo,
895 2266 951 2314 et
970 2258 1014 2312 si
1034 2273 1144 2322 non,
1157 2256 1358 2324 verbis,
1373 2264 1524 2313 certe
1541 2256 1671 2329 ipsis
1688 2254 1955 2326 perversis
1970 2268 2096 2310 sen-

501 2351 650 2405 sibus
665 2350 859 2404 vestris
881 2367 894 2403 :
920 2349 981 2404 Si
1002 2349 1142 2420 quod,
1154 2350 1368 2419 perierat
1382 2363 1608 2420 querere
1621 2356 1668 2402 et
1685 2346 1881 2402 salvere
1895 2345 2091 2410 uenisti,

501 2440 570 2494 ad
613 2439 851 2508 paruulos
881 2456 983 2493 non
1008 2440 1202 2504 uenisti.
1228 2437 1327 2493 Isti
1352 2454 1444 2493 nec
1466 2437 1740 2510 perierant,
1771 2444 1819 2491 et
1843 2435 1968 2490 salvi
1989 2436 2098 2490 nati

500 2541 618 2588 sunt
640 2547 660 2586 :
679 2531 804 2586 uade
821 2532 890 2585 ad
911 2531 1158 2602 majores;
1185 2529 1249 2584 de
1273 2529 1432 2584 verbis
1461 2528 1560 2592 tuis
1581 2527 1670 2582 tibi
1689 2525 2058 2598 prescribimus
2075 2541 2096 2580 :

509 2643 527 2674 s
556 2624 679 2679 Non
699 2634 773 2679 est
799 2641 928 2697 apus
948 2624 1086 2677 sanis
1105 2622 1347 2688 medicus,
1368 2623 1460 2700 sed
1479 2622 1611 2676 male
1631 2618 1924 2682 habentibus
1949 2637 1968 2672 ι
1994 2616 2098 2684 (De

508 2716 724 2788 Nuptiis
744 2726 790 2772 et
811 2715 1248 2788 Concupiscentia,
1275 2715 1363 2771 lib.
1384 2715 1438 2780 2,
1459 2731 1512 2769 n.
1531 2713 1610 2786 9).
1635 2713 1717 2770 Ad
1749 2713 1847 2781 ista
1875 2727 2100 2783 respon-

503 2808 574 2864 de
603 2826 616 2863 :
643 2808 769 2879 quid
792 2809 941 2863 vanis
965 2823 1088 2862 vera
1119 2806 1390 2864 involvere
1414 2814 1469 2863 et
1486 2806 1760 2869 occultare
1780 2804 2027 2861 conaris?

577 2899 782 2955 CXLII.
803 2899 927 2955 lca.
950 2898 1006 2953 ln
1036 2898 1375 2955 inferioribus
1397 2897 1576 2969 itaque
1599 2897 1720 2972 libri
1753 2898 1827 2953 tui
1855 2897 2097 2968 partibus

505 3004 785 3066 postquam
806 2992 1010 3058 dixisti,
1034 2991 1125 3048 Sic
1149 3000 1284 3046 creat
1302 2990 1463 3046 ntalos
1481 2989 1639 3056 Deus,
1652 2989 1906 3060 quomodo
1933 2989 2096 3060 pascit

501 3095 549 3138 et
573 3084 730 3138 nutrit
754 3083 952 3148 malos;
979 3082 1135 3139 addis
1158 3100 1174 3138 :
1197 3079 1332 3148 Quia
1363 3081 1500 3153 quod
1528 3081 1599 3136 eis
1623 3079 1843 3135 creando
1872 3079 2046 3146 tribuit
2075 3101 2096 3148 ι

501 3180 570 3232 ad
597 3188 795 3234 natura:
822 3177 1035 3248 pertinet
1061 3176 1364 3242 bonitatem;
1390 3183 1439 3231 et
1462 3173 1600 3246 quod
1636 3173 1710 3228 eis
1751 3171 2007 3245 pascendo
2049 3181 2097 3226 et

502 3268 770 3326 nutriendo
799 3269 887 3322 dat
913 3269 1298 3332 incrementum,
1329 3281 1431 3320 non
1457 3265 1627 3335 utique
1651 3263 1861 3318 malitias
1875 3278 2054 3317 eorum
2076 3303 2094 3330 ,

501 3359 590 3415 sed
633 3359 793 3413 eidem
833 3359 978 3414 bona:
1014 3366 1247 3424 natura,
1285 3372 1440 3428 quam
1473 3354 1658 3411 creauit
1685 3353 1868 3421 bonus,
1911 3352 2100 3413 bonum.

503 3450 674 3505 tribuit
702 3450 1070 3523 adjumentum.
1116 3447 1186 3503 In
1229 3457 1470 3519 quantum
1499 3445 1635 3501 enim
1672 3443 1899 3510 homines
1929 3452 2048 3498 sunt
2078 3483 2094 3509 ,

411 3586 433 3596 _.
505 3545 688 3596 bonum
732 3551 803 3597 est
845 3551 1064 3608 notarat,
1096 3529 1243 3611 cujus
1269 3547 1444 3593 auctor
1470 3546 1542 3594 est
1574 3536 1710 3591 Deus
1733 3551 1752 3590 :
1771 3535 1826 3590 in
1852 3543 2099 3607 quantum

503 3643 673 3704 autem
698 3649 813 3688 cum
836 3643 1038 3703 peccato
1062 3639 1361 3697 nascuntur,
1397 3628 1607 3700 perituri
1627 3627 1673 3682 si
1696 3642 1799 3702 non
1823 3641 2100 3680 renascun-

505 3734 588 3780 tur
614 3727 653 3790 ί,
677 3726 744 3780 ad
769 3741 936 3780 semen
962 3724 1178 3796 pertinet
1218 3721 1547 3776 maledictum
1568 3719 1791 3775 abinitio
1813 3717 1968 3790 (Sap.
1996 3733 2096 3783 χιι,

507 3818 622 3889 II),
653 3818 793 3872 illius
817 3817 1038 3888 antiqua:
1059 3815 1408 3870 inobedientia:
1436 3814 1576 3868 uitio.
1608 3811 1719 3880 Quo
1741 3813 1762 3846 ³
1784 3821 1951 3866 tamen
1976 3811 2099 3880 bene

506 3913 665 3964 utitur
694 3915 858 3981 factor
881 3909 1033 3963 etiam
1058 3922 1294 3962 uasorum
1314 3906 1428 3973 irae,
1457 3915 1513 3960 ut
1537 3914 1686 3960 notas
1715 3903 1872 3978 faciat
1897 3901 2098 3956 divitias

507 4003 686 4074 gloria:
707 4017 814 4056 sua:
841 4002 892 4054 in
918 4000 1051 4054 uasis
1088 3998 1484 4064 misericordiae;
1527 4006 1583 4051 ut
1619 4013 1721 4051 non
1765 3995 1956 4051 meritis
1989 3994 2099 4050 suis

510 4095 718 4160 tribuat,
747 4094 792 4148 si
815 4094 884 4148 ad
905 4091 1132 4147 eamdem
1167 4107 1386 4147 massam
1409 4091 1619 4161 quisque
1647 4091 1901 4161 pertinens
1931 4089 2102 4161 gratia

511 4190 762 4251 liberetur,
786 4187 877 4242 sed
894 4188 981 4258 qui
1006 4186 1277 4258 gloriatur,
1301 4186 1354 4241 in
1379 4184 1600 4241 Domino
1617 4185 1860 4255 glorietur
1883 4183 1946 4256 (Il
1975 4183 2094 4239 Cor.

511 4281 704 4353 x,.I7).
732 4282 808 4336 Ab
832 4283 928 4336 hac
967 4280 1071 4351 ﬁde
1102 4281 1196 4336 iste
1230 4279 1512 4346 discedens,
1554 4296 1654 4336 non
1693 4280 1796 4335 vult
1840 4289 2098 4335 nascentes

509 4393 614 4432 esse
638 4376 729 4429 sub
756 4376 977 4439 diabolo,
1009 4390 1072 4430 tte
1101 4374 1297 4444 paruuli
1336 4382 1596 4444 portentur
1631 4372 1698 4426 ad
1734 4371 2012 4439 Christum,
2042 4380 2100 4426 ut

510 4476 754 4521 erurmtar
783 4484 813 4520 a
842 4475 1089 4538 potestate
1111 4465 1447 4530 tenebrarum,
1474 4473 1520 4519 et
1543 4469 1914 4537 transferantur
1936 4465 1990 4518 in
2018 4481 2097 4519 re.

508 4578 663 4631 gnum
699 4561 862 4629 ipsius
901 4558 1117 4630 (Coloss.
1149 4574 1207 4626 ι,
1242 4555 1350 4630 IS).
1381 4556 1448 4611 Et
1477 4558 1550 4612 sic
1580 4555 1860 4612 Ecclesium
1895 4566 2100 4612 accusat

507 4665 612 4710 toto
635 4654 752 4709 orbe
779 4651 1022 4721 diﬁ'usam
1039 4695 1055 4719 ,
1085 4654 1136 4706 iu
1162 4669 1262 4724 qua
1287 4652 1465 4722 ubique
1487 4667 1658 4707 omnes
1689 4651 1981 4721 baptizandi
2013 4651 2094 4704 in-

508 4747 695 4815 fantuli
731 4762 832 4800 non
876 4743 938 4800 ob
982 4743 1127 4800 aliud
1149 4745 1496 4816 exsuﬂlantur,
1526 4741 1626 4798 nisi
1654 4751 1706 4796 ut
1733 4742 1798 4794 ab
1825 4742 1896 4796 eis
1920 4741 2098 4796 mundi

509 4841 740 4911 princeps
771 4839 995 4892 mittatur
1021 4839 1160 4908 foras
1194 4837 1294 4907 (De
1322 4836 1532 4906 Nuptiis
1563 4847 1609 4892 et
1639 4835 2056 4904 Concupisccntia
2077 4875 2094 4900 ,

509 4935 594 4994 lib.
625 4933 679 4997 2,
725 4949 814 4986 un.
868 4932 958 4995 52,
1006 4931 1116 5001 55).
1173 4931 1300 4987 Item
1349 4931 1601 4986 deorsum
1641 4929 1709 4985 de
1757 4929 1978 4985 libidine
2017 4929 2096 4982 lo-

508 5037 697 5093 quens,
716 5024 832 5080 sine
851 5039 953 5092 qua
981 5025 1262 5096 conjugum
1286 5038 1390 5078 non
1418 5033 1590 5092 potest
1614 5036 1734 5078 esse
1759 5020 2096 5087 commixtio,

399 5115 422 5132 ‘
507 5133 665 5187 quam
695 5131 794 5172 nos
820 5117 1132 5182 naturalem,
1157 5126 1213 5173 et
1236 5116 1303 5172 ad
1335 5117 1429 5172 Dei
1457 5131 1678 5188 operam
1706 5115 2060 5184 pertinentem
2079 5154 2096 5179 ,

510 5226 614 5281 non
655 5219 711 5263 ut
753 5223 998 5280 magnum
1036 5209 1249 5281 aliquod
1290 5209 1509 5275 bonum,
1537 5206 1635 5263 sed
1659 5215 1716 5260 ut
1735 5220 1954 5260 sensum
1980 5219 2102 5258 cor-

509 5317 721 5370 porum,
763 5315 881 5370 qua:
922 5310 1046 5357 sunt
1072 5316 1102 5356 a
1131 5303 1242 5357 Deo
1271 5299 1429 5366 facta,
1455 5296 1815 5362 defendimus,
1846 5311 2005 5365 quam
2045 5304 2098 5350 tu

513 5398 730 5451 inditam
761 5397 1051 5454 visceribus
1080 5395 1329 5454 humanis
1357 5411 1388 5450 a
1421 5395 1655 5459 diabolo,
1689 5394 1742 5448 in
1783 5392 1904 5461 ejus
1942 5407 2099 5447 vere-

511 5491 696 5544 rundia
724 5489 745 5521 ³
769 5489 958 5560 dogma
989 5498 1136 5545 tuum
1177 5489 1448 5545 collocatis
1471 5527 1486 5552 ,
1530 5494 1638 5539 tam
1677 5484 1859 5538 multis
1887 5484 2100 5553 scriptis

574 5610 588 5642 ¹
625 5605 791 5668 Morel,
833 5605 1268 5662 Element.Critic.,
1303 5615 1414 5663 pag.
1445 5599 1555 5658 50$,
1602 5599 1670 5669 sic
1695 5603 1830 5669 [uitat
1876 5609 1988 5669 esse
2028 5595 2100 5648 le-

510 5672 724 5781 pergam
747 5666 959 5781 (ligno
996 5670 1029 5720 2
1063 5669 1131 5719 de
1151 5671 1292 5726 Nupt.
1341 5671 1394 5712 et
1422 5666 1834 5721 Concupiscunttu.
1903 5666 1956 5706 at.

575 5741 591 5763 ι
667 5749 697 5756 ..

575 5795 594 5824 ³
955 5787 1095 5856 (itque
1118 5785 1170 5838 in
1202 5784 1308 5847 ejus
1331 5778 1635 5837 verecundia.
1681 5780 1840 5842 .\bCSl,
1884 5787 2042 5844 atque,
2073 5795 2096 5830 a

685 5866 710 5880 ’⁸

2199 866 2474 923 libidinem.
2507 868 2614 925 Illa
2642 872 2774 926 enim
2805 883 2970 943 posset
2995 890 3100 930 esse
3136 875 3278 930 nulla
3322 878 3633 950 praecedente
3672 866 3813 957 per-ﬁ

2198 961 2473 1030 petratione
2500 971 2708 1033 peccati,
2741 963 2806 1018 de
2828 981 2930 1038 qua
2956 982 3059 1021 non
3111 968 3452 1024 erubescerent
3483 973 3742 1045 corp'ugati
3762 988 3782 1028 :
3800 959 3814 984 '

2197 1049 2306 1104 htcc
2337 1060 2503 1108 autem
2534 1063 2710 1109 exorta
2734 1064 2808 1110 est
2835 1065 2949 1127 post
2973 1067 3234 1129 peccatum
3253 1100 3269 1126 ,
3295 1075 3446 1130 quam
3484 1063 3644 1117 coacti
3669 1073 3785 1118 sunt

2197 1141 2364 1197 velare
2401 1147 2603 1218 confusi
2632 1145 2783 1219 (Gen.
2809 1163 2891 1216 Ill,
2919 1149 2996 1221 7).
3028 1148 3180 1207 Unde
3209 1152 3451 1207 remansit
3492 1141 3782 1225 posteriori-

2195 1233 2289 1290 bus
2319 1239 2632 1309 conjuge-tis,
2676 1243 2900 1312 quamvis
2942 1243 3038 1299 hoc
3079 1245 3218 1300 malo
3245 1245 3369 1301 bene
3391 1255 3438 1301 et
3465 1247 3602 1302 licite
3627 1258 3782 1304 uten-

2198 1324 2330 1382 tibus
2345 1369 2359 1392 ,
2389 1329 2444 1384 in
2468 1331 2717 1402 ejusmodi
2749 1349 2902 1405 opere
2934 1334 3216 1392 humanum
3241 1337 3401 1394 uitare
3421 1349 3739 1410 conspectum
3760 1382 3779 1409 ,

2197 1427 2348 1484 atque
2388 1420 2460 1475 ita
2496 1423 2725 1492 conﬁteri
2759 1424 2895 1496 quod
2934 1426 3229 1499 pudendum
3269 1437 3363 1495 est,
3393 1446 3511 1484 cum
3537 1431 3785 1487 neminem

2197 1509 2375 1566 debeat
2399 1512 2608 1582 pudere,
2633 1516 2769 1585 quod
2795 1517 2980 1573 bonum
3007 1528 3101 1574 est.
3147 1517 3370 1576 Proinde
3392 1521 3631 1592 pudenda
3667 1522 3782 1577 libi-

2199 1602 2336 1669 dine,
2359 1607 2444 1674 qui
2464 1606 2600 1662 licite
2623 1610 2906 1664 concumbit
2925 1651 2940 1675 ,
2968 1611 3103 1666 malo
3127 1611 3250 1667 bene
3281 1612 3440 1666 utitur
3464 1627 3486 1668 .°
3503 1614 3589 1684 qui
3612 1623 3784 1669 autem

2197 1694 2394 1764 illicite,
2415 1697 2551 1752 malo
2578 1699 2712 1756 male
2732 1701 2888 1756 utitur
2907 1699 3011 1774 (De
3038 1700 3250 1774 Nuptiis
3274 1713 3322 1758 et
3341 1701 3782 1776 Concupisccntia,

2197 1785 2288 1842 lib.
2315 1787 2377 1857 2,
2394 1805 2448 1844 n.
2472 1789 2584 1863 se).

2270 1878 2405 1936 Anc.
2434 1879 2610 1949 Quare
2635 1889 2718 1938 est
2743 1883 3040 1955 interrupta
3070 1887 3353 1953 sententia,
3383 1895 3440 1945 et
3463 1887 3784 1959 quibusdam

2199 1971 2609 2042 praetermissis,
2655 1981 2904 2046 tanquam
2954 1977 3058 2034 hoc
3101 1987 3437 2049 sequeretur,
3476 1980 3785 2052 adjunctum

2198 2071 2302 2133 est,
2327 2061 2554 2122 Proinde
2581 2066 2820 2138 pudenda
2851 2069 3079 2139 libidine,
3111 2079 3246 2140 ete.,
3274 2075 3633 2144 praetermissa
3662 2083 3787 2129 sunt

2197 2165 2377 2221 autem
2414 2158 2578 2214 verba
2622 2174 2739 2215 mea
2760 2202 2776 2228 ,
2825 2161 2927 2217 ubi
2958 2162 3158 2219 dictum
3201 2174 3304 2232 est,
3348 2165 3440 2221 Sic
3465 2165 3786 2220 insinuantur

2199 2247 2306 2302 lucc
2331 2247 2461 2316 duo,
2478 2257 2526 2303 et
2551 2249 2739 2319 bonum
2777 2251 3055 2308 laudandae
3093 2254 3489 2326 conjunctionis,
3521 2256 3658 2311 unde
3691 2257 3786 2326 filii

2199 2349 2525 2408 generantur,
2566 2350 2614 2396 et
2642 2342 2833 2397 malum
2861 2343 3113 2414 pudendm
3139 2345 3398 2414 libidinis,
3426 2347 3562 2402 unde
3588 2348 3672 2413 qui
3695 2363 3784 2418 9c-

2200 2439 2460 2498 nerantur,
2482 2434 2814 2505 regenerandi
2831 2445 2948 2490 sunt
2965 2451 3028 2490 ne
3046 2436 3349 2492 damnentur
3367 2435 3421 2510 (1
3425 2438 3594 2509 bid)?
3613 2437 3788 2506 Quare

2202 2521 2302 2578 ista
2326 2523 2489 2578 verba
2526 2539 2644 2579 mea
2681 2526 2749 2580 de
2787 2525 2965 2596 media
3002 2528 3267 2584 sententia
3315 2543 3435 2586 mea
3476 2529 3783 2596 subtrahis,

2201 2614 2385 2686 eisque
2412 2616 2702 2672 subtractis
2722 2618 2825 2673 alia
2851 2634 2990 2688 mea,
3018 2620 3168 2698 quasi
3198 2622 3312 2691 ipsa
3351 2631 3669 2694 sequantur,
3693 2621 3784 2677 ad-

2196 2704 2410 2776 jungis‘?
2455 2707 2593 2776 Quid
2639 2718 2721 2765 est
2759 2711 2900 2781 quod
2943 2711 3110 2769 facis?
3137 2727 3236 2768 cur
3263 2713 3366 2770 hoc
3396 2713 3562 2770 facis?
3592 2715 3786 2771 Parum

2201 2799 2450 2871 estquod
2476 2815 2559 2868 ea,
2590 2817 2711 2873 quae
2736 2803 2828 2859 tibi
2857 2819 2923 2860 ex
2950 2804 3141 2860 eodem
3169 2806 3305 2862 libro
3343 2821 3471 2864 meo
3491 2821 3558 2863 ex
3599 2807 3786 2863 ordine

2203 2907 2559 2963 proposueras
2589 2895 2900 2961 refellenda,
2931 2896 3176 2964 dimittis,
3207 2906 3265 2954 et
3290 2899 3346 2954 in
3367 2898 3472 2954 alia
3498 2900 3695 2970 pergis,
3729 2909 3786 2954 ut

2201 2983 2334 3038 ordo
2361 2984 2636 3053 turbetur,
2679 2995 2731 3043 et
2777 2987 2920 3058 quod
2960 3002 2993 3044 a
3039 2997 3092 3046 te
3127 2990 3457 3060 propositum
3494 2990 3694 3056 fuerat,
3720 2990 3787 3046 de

2202 3073 2419 3133 lectoris
2456 3079 2715 3135 memoria
2741 3078 3008 3136 dilabatur
3037 3098 3050 3134 :
3080 3081 3299 3153 insuper
3325 3091 3381 3139 et
3402 3097 3473 3144 ea
3494 3097 3616 3154 quae
3648 3099 3785 3154 pra:-

2203 3176 2286 3223 ter
2307 3167 2573 3236 ordinem,
2605 3178 2663 3225 ut
2686 3169 2778 3226 tibi
2809 3169 3014 3226 libitum
3041 3183 3124 3229 est
3148 3215 3163 3239 ,
3194 3174 3524 3245 interponis,
3544 3189 3652 3234 non
3679 3185 3786 3231 tota

2202 3267 2257 3316 et
2281 3262 2483 3333 integra
2514 3261 2743 3320 fideliter
2771 3264 2924 3334 ponis
2943 3305 2961 3332 ,
3001 3263 3097 3322 sed
3135 3265 3373 3322 concidis
3403 3267 3492 3322 ubi
3519 3268 3627 3332 vis,
3647 3267 3789 3324 tollis

2201 3353 2343 3422 quod
2372 3353 2472 3421 vis,
2490 3354 2673 3425 jungis
2696 3355 2968 3425 quomodo
2991 3355 3072 3412 vis
3097 3375 3112 3411 ε
3140 3357 3234 3412 sed
3265 3357 3348 3413 fac
3373 3357 3638 3430 quidquid
3673 3359 3788 3424 vis;

2201 3446 2475 3502 convictus
2505 3456 2559 3502 et
2586 3449 2756 3504 victus
2784 3448 3088 3519 apparebis,
3119 3459 3177 3506 ut
3201 3467 3312 3507 non
3335 3452 3436 3506 vis.
3797 3437 3799 3439 1

2273 3538 2497 3593 CXLIII.
2551 3539 2668 3594 ,ιι-ι..
2717 3540 2935 3596 Rectius
2972 3541 3118 3597 enim
3170 3543 3366 3615 accipit
3419 3558 3612 3599 nomen
3662 3545 3792 3600 mali

2203 3645 2360 3702 quam
2387 3631 2512 3688 boni
2543 3631 2682 3686 unde
2707 3632 3027 3688 erubescunt
3074 3634 3197 3689 mali
3223 3645 3279 3690 et
3309 3636 3465 3700 boni;
3495 3635 3786 3707 meliusque

2202 3724 2471 3780 credimus
2492 3727 2530 3778 Λ
2541 3724 2766 3795 postulo,
2782 3726 2872 3795 qui
2891 3726 3040 3793 dicit,
3068 3726 3201 3793 Quia
3229 3745 3328 3782 non
3354 3728 3544 3787 habitat
3563 3730 3615 3784 in
3638 3747 3785 3784 carus

2203 3833 2313 3870 mea
2350 3815 2536 3870 bonum
2571 3815 2749 3888 (Rom.
2782 3833 2873 3884 vn,
2905 3817 3017 3889 I8),
3059 3834 3218 3890 quam
3245 3819 3389 3887 huic,
3417 3821 3516 3891 qui,
3536 3820 3637 3876 hoc
3661 3820 3787 3877 dicit

2203 3907 2422 3964 bonum.

2273 4001 2408 4056 Asc.
2438 4000 2552 4056 Non
2579 4010 2694 4056 erat
2719 4017 2992 4072 maguum,
3019 4013 3074 4060 et
3103 4005 3260 4060 istam
3285 4005 3355 4061 de
3384 4005 3520 4062 libro
3541 4021 3659 4062 meo
3683 4005 3784 4060 im-

2205 4094 2352 4164 plere
2373 4097 2712 4152 sententiam.
2743 4099 2855 4168 Ego
2881 4099 3023 4154 enim
3051 4098 3158 4156 dixi
3185 4118 3197 4153 :
3227 4101 3391 4168 Quam
3421 4102 3560 4168 huic,
3585 4103 3668 4172 qui
3693 4103 3788 4156 hoc

2203 4186 2331 4240 dixit
2356 4187 2563 4254 bonum,
2596 4188 2732 4243 unde
2759 4190 2802 4242 si
2829 4191 3176 4262 confunditur,
3204 4195 3472 4262 confitetur
3498 4195 3684 4248 naulum
3705 4209 3723 4258 ,'
3744 4196 3786 4247 si

2203 4286 2370 4331 autem
2395 4295 2496 4332 non
2519 4279 2886 4358 confunditur,
2906 4281 3048 4336 addit
3074 4283 3406 4353 impudentiae
3432 4286 3576 4356 pejus
3599 4285 3786 4339 malum

2208 4371 2308 4444 (De
2334 4369 2546 4440 Nuptiis
2567 4381 2614 4428 et
2638 4370 3074 4444 Concupiscentia,
3101 4377 3188 4430 lib.
3204 4377 3256 4444 ‘2,
3277 4395 3330 4431 n.
3349 4377 3463 4448 56).
3480 4378 3583 4433 Sed
3609 4379 3788 4433 nescio

2205 4479 2301 4520 cur
2326 4463 2441 4518 haec
2466 4479 2573 4519 non
2604 4465 2870 4536 posueris,
2899 4480 3020 4520 cum
3063 4467 3309 4523 similiter
3347 4469 3426 4525 eis
3467 4483 3656 4539 posses
3681 4485 3784 4523 non

2204 4554 2531 4626 respondere
2555 4556 2597 4624 ⁸,
2618 4556 2757 4613 sicut
2781 4557 2922 4626 aliis,
2948 4574 3067 4629 qua:
3092 4567 3344 4630 tanquam
3375 4559 3659 4617 refellenda
3689 4575 3787 4632 po-

2202 4649 2376 4716 suisti,
2411 4663 2510 4704 nec
2534 4649 2794 4721 attingere
2818 4651 3050 4706 voluisti.

2273 4740 2501 4798 CXLIV.
2546 4741 2666 4798 ιυι.
2712 4743 2780 4797 Ει
2819 4753 2943 4815 post
2985 4744 3254 4801 modicum
3305 4746 3504 4802 addis:
3539 4727 3788 4814 Quoniam

2203 4843 2391 4889 natura
2427 4835 2653 4903 humana
2688 4852 2803 4905 qua:
2843 4837 3066 4891 nascitur
3096 4838 3170 4891 uel
3200 4838 3262 4892 de
3289 4839 3526 4910 conjugio
3545 4882 3560 4907 ,
3610 4841 3686 4894 vel
3726 4840 3788 4893 de

2202 4927 2451 4983 adulterio
2471 4969 2485 4994 ,
2524 4926 2621 4982 Dei
2644 4945 2772 4999 apus
2800 4938 2892 4984 est.
2929 4927 3057 4996 Qua:
3083 4929 3128 4984 si
3153 4929 3346 4984 malum
3371 4939 3517 4998 esset,
3542 4948 3641 4986 non
3663 4939 3788 4986 esset

2203 5020 2520 5090 generando;
2560 5019 2607 5073 si
2634 5019 2823 5073 malum
2872 5036 2975 5074 non
3019 5019 3240 5088 haberet,
3289 5037 3391 5076 non
3428 5037 3560 5077 esset
3583 5038 3786 5093 regene-

2204 5111 2367 5166 randa
2389 5126 2409 5166 :
2427 5118 2576 5180 atque
2599 5119 2654 5164 ut
2678 5111 2747 5164 ad
2768 5127 2924 5166 unum
2947 5111 3149 5166 verbum
3176 5123 3444 5184 utrumque
3465 5114 3786 5179 concludam,

2204 5211 2387 5259 natura
2427 5203 2651 5257 humana
2691 5205 2736 5258 si
2771 5204 2964 5258 malum
2988 5215 3135 5268 esset,
3162 5207 3409 5261 solvenda
3437 5223 3537 5261 non
3563 5216 3725 5271 esset;
3747 5207 3790 5260 si

2205 5297 2251 5352 ei
2278 5296 2402 5351 mali
2429 5294 2569 5351 nihiL
2587 5295 2796 5363 inesset,
2826 5297 3073 5352 salvanda
3098 5315 3200 5352 non
3230 5309 3376 5354 esset.
3411 5298 3514 5364 Qui
3535 5316 3654 5369 ergo
3671 5299 3790 5354 dicit

2206 5405 2316 5443 eam
2340 5389 2524 5442 bonum
2551 5405 2653 5443 non
2681 5405 2806 5456 esse,
2835 5389 3020 5445 bonum
3059 5400 3207 5462 negat
3233 5393 3450 5447 condita:
3474 5403 3745 5448 creatorem
3771 5409 3792 5446 :

2205 5480 2290 5549 qui
2320 5496 2433 5533 vero
2471 5489 2620 5552 negat
2661 5481 2709 5534 ei
2754 5482 2944 5536 malum
2984 5485 3167 5548 inesse,
3205 5485 3578 5540 misericordem
3611 5486 3792 5540 uitiatae

2206 5574 2391 5628 invidet
2419 5574 2737 5628 salvatorem.
2774 5575 3095 5646 Quapropter
3131 5577 3182 5631 in
3218 5577 3502 5632 hominibus
3541 5578 3792 5631 nascenti-

2210 5668 2317 5728 bus,
2348 5683 2436 5720 nec
2462 5665 2751 5721 excusanda
2766 5677 2878 5721 sunt
2899 5667 3150 5722 adulteria
3179 5685 3266 5737 per
3285 5669 3488 5734 bonum,
3519 5672 3654 5741 quod
3678 5671 3792 5724 inde

2275 5844 2287 5874 ί
2315 5844 2384 5892 sic
2407 5849 2509 5893 Mss.
2547 5851 2592 5893 tt
2617 5845 2775 5903 \‘ign.
2796 5840 2863 5894 cis
2898 5856 2988 5893 uoti
3010 5853 3170 5908 posses
3196 5856 3273 5894 res
3306 5843 3499 5896 cudere.
