2063 3279
193 204 261 233 1305

190 268 207 287 a
220 260 349 288 conditore
371 260 435 289 bona
458 264 570 288 creatum
590 264 637 294 eu,
652 267 696 287 nec
707 258 851 286 accusanda
861 259 981 294 conjugia

192 314 235 342 per
248 305 354 340 naulum,
368 306 436 342 quod
448 306 483 333 ibi
499 314 516 333 α
529 305 690 333 ntisericorde
701 306 826 333 salvatore
837 309 875 333 est
886 313 983 332 sanun-

191 351 251 378 dum
275 351 326 386 (De
350 351 455 388 Nuptiis
473 355 497 379 et
517 350 742 387 Concupiscentia,
763 350 808 378 lib.
828 351 863 384 2,
881 358 908 378 η.
924 350 981 386 56).

189 396 252 424 llmc
278 401 331 424 tam
355 397 437 425 multa
461 405 522 433 qua:
542 397 577 425 de
600 397 653 424 tuis
674 397 778 432 scriptis
799 396 893 431 posui,
916 404 984 431 quo-

187 442 260 470 niam
274 443 282 458 ¹
306 443 435 479 grandem
459 444 485 471 in
509 443 551 471 his
573 450 720 471 arumnam
734 443 902 478 cogitationis
923 450 984 478 per-

188 488 302 521 tuleras,
318 493 348 516 ut
360 493 438 517 acute
451 489 551 524 aliquid
563 489 652 517 dicere
666 489 810 522 videreris,
823 493 850 517 et
864 496 896 516 ex
909 495 983 516 more

186 537 295 567 nostro,
316 541 370 570 quo
393 540 499 563 versute
520 534 587 562 nihil
607 535 731 571 agimus,
754 538 782 562 et
804 542 840 562 ex
862 534 983 562 veritatis

187 580 351 614 securitate,
377 581 503 616 quoniam
529 585 580 609 tuis
606 581 775 609 sermonibus
799 581 843 608 vix
871 580 982 616 intelligi

186 630 305 660 queunt,
331 631 423 654 nostra
448 631 554 662 oportet
586 627 744 663 repetitione
774 627 909 662 distingui.
934 626 981 653 Di-

186 670 247 700 xisti
266 679 347 707 ergo,
370 672 531 702 Manichmos
551 674 639 702 carnis
661 674 813 709 vituperare
836 678 958 701 naturam
971 693 980 707 ,

184 720 264 752 atque
278 724 401 746 asserere
415 717 550 747 hominem
564 719 660 746 factum
672 726 706 746 ex
719 719 908 747 commixtione
916 718 982 746 dua-

184 769 245 789 rum
260 766 427 797 naturarum,
442 764 521 792 unius
533 764 620 794 bonas.
634 764 744 792 alterius
756 764 834 792 malze
850 773 856 791 :
871 771 920 792 nos
931 772 980 792 au-

185 811 249 840 tem,
264 815 330 842 quos
344 807 485 837 haereticos
499 816 589 842 vocas,
603 809 693 838 dicere
707 817 723 837 a
737 810 808 838 bono
818 810 873 837 Deo
885 809 980 837 condi-

184 856 237 880 tam
248 853 391 889 humanam
406 858 527 883 naturam
537 855 689 883 testimonio
696 855 814 883 auctoris
820 855 861 883 sui
871 855 978 888 bonam,

184 898 211 926 in
232 898 377 928 infantibus
388 900 425 927 ita
437 908 497 929 esse
509 908 619 935 sanam,
638 905 667 928 ut
684 900 784 928 Christi
799 908 851 928 non
865 900 981 928 habeant

184 944 362 972 necessariam
376 945 535 973 medicinam
547 954 554 972 :
567 949 593 974 te
605 949 696 973 autem
709 946 800 974 dicere
811 946 908 973 bonam
921 946 980 981 qui-

183 989 244 1016 dem
260 997 275 1016 a
289 990 344 1017 Deo
357 991 427 1018 bono
441 991 575 1019 conditam
585 991 728 1027 aliquando
736 991 800 1020 Adae
811 991 893 1019 fuisse
903 996 980 1019 natu-

183 1042 258 1068 ram;
272 1035 320 1063 sed
333 1040 421 1063 tamen
433 1041 542 1071 peccato
555 1044 616 1065 esse
629 1037 759 1071 vitiatam,
772 1041 800 1065 et
810 1036 870 1064 ideo
879 1036 979 1064 Christi

183 1080 302 1116 indigere
317 1082 445 1109 medicina
461 1082 567 1118 (Μήτι).
580 1082 608 1111 In
615 1083 701 1117 primo
710 1082 818 1118 quidem
830 1082 898 1110 libro
910 1089 978 1117 pra:-

183 1127 267 1154 scntis
278 1127 378 1162 operis,
394 1136 474 1163 quam
484 1128 557 1156 nullo
567 1128 679 1157 distaret
690 1128 757 1157 ﬁdes
769 1134 857 1156 vestra
868 1136 884 1156 a
893 1128 978 1156 Mani-

182 1172 318 1201 chzeorum
331 1173 501 1209 profanitate,
515 1175 613 1210 quippe
625 1183 659 1203 ex
671 1183 722 1211 qua
737 1183 796 1203 eam
814 1179 903 1202 natam
917 1182 978 1203 esse

182 1218 352 1247 manifestum
366 1224 418 1253 est,
430 1220 529 1255 junctis
541 1221 681 1249 amborum
693 1221 863 1257 opinionibus
875 1221 977 1249 indica-

181 1263 206 1290 vi
225 1271 232 1289 :
252 1264 296 1291 ubi
310 1265 433 1299 apparuit
445 1265 586 1293 Joviuiano
600 1270 626 1295 te
637 1274 687 1302 per
700 1267 823 1295 timorem
835 1266 954 1302 copulari
967 1275 975 1298 ;

180 1308 326 1337 Manichteo
339 1315 428 1340 autem
439 1311 548 1339 omnino
558 1319 607 1347 per
616 1319 748 1340 amorem.
757 1312 813 1340 Hoc
822 1320 885 1347 ergo
897 1312 976 1340 etiam

180 1354 206 1381 in
223 1355 349 1389 prmsenti
369 1354 446 1384 nobis
459 1364 558 1392 genere
575 1357 761 1386 disserendum
775 1362 817 1386 est
828 1367 834 1385 :
846 1357 893 1385 sed
904 1357 977 1392 prius

182 1406 284 1435 nostra,
299 1407 361 1437 post
374 1407 463 1430 vestra
476 1403 621 1439 distinguo.
633 1404 733 1433 Verum
745 1412 810 1440 ergo
818 1405 919 1437 dixisti,
927 1412 976 1433 nos

181 1446 271 1475 dicere
292 1455 307 1475 a
328 1448 398 1475 bono
413 1448 468 1476 Deo
480 1453 601 1477 naturam
616 1449 759 1478 humanam
773 1450 871 1478 bonam
883 1450 976 1478 condi-

181 1497 234 1520 tam
252 1502 259 1519 :
275 1492 323 1520 sed
345 1492 398 1521 huc
410 1500 492 1528 usque
505 1498 626 1522 nostrum
637 1499 679 1522 est
693 1504 701 1522 :
717 1503 798 1523 unam
819 1496 891 1523 enim
912 1503 975 1530 par-

179 1542 246 1570 tem,
261 1545 313 1573 qua
327 1539 467 1573 suppletur
481 1544 572 1568 nostra
588 1541 730 1572 sententia,
746 1545 792 1568 aut
806 1549 859 1569 non
874 1541 973 1573 vidisti,

179 1586 226 1609 aut
238 1583 427 1618 suppressisti;
448 1584 528 1612 aliam
548 1590 637 1613 autem
651 1586 685 1614 de
698 1591 753 1620 tuo,
765 1594 825 1614 cum
846 1594 898 1614 non
916 1588 926 1603 ³
940 1588 976 1614 sit

180 1632 282 1661 nostra,
299 1628 411 1663 posuisti
426 1638 433 1656 :
450 1637 499 1657 nos
515 1635 604 1658 autem
623 1639 676 1658 non
695 1632 782 1659 solum
801 1632 914 1659 dicimus
928 1640 975 1659 na-

178 1678 264 1701 turam
282 1674 399 1702 hominis
410 1675 508 1703 bonam
521 1683 536 1703 a
550 1676 605 1704 Deo
615 1684 675 1705 esse
687 1677 822 1704 conditam
837 1679 862 1705 in
875 1677 972 1709 Adam;

179 1719 226 1747 sed
242 1719 267 1747 in
281 1720 406 1748 omnibus
421 1721 538 1756 parvulis
550 1722 647 1750 bonam
662 1722 696 1750 ab
709 1730 742 1750 eo
756 1723 810 1750 Deo
824 1723 913 1754 condi,
929 1723 973 1758 qui

178 1765 256 1800 primi
272 1766 343 1793 illius
358 1771 451 1795 auctor
468 1767 531 1801 fuit;
547 1772 656 1803 propter
668 1769 738 1804 quod
758 1769 831 1796 illum
854 1770 972 1796 omnium

178 1811 315 1839 hominum
328 1813 474 1841 asserimus
486 1814 662 1842 conditorem.

212 1857 280 1885 Auc.
300 1857 369 1890 Quid
391 1858 463 1886 enim
481 1858 552 1886 aliud
574 1863 601 1887 et
615 1867 664 1887 nos
682 1860 795 1889 dicimus
815 1860 848 1888 de
861 1861 973 1889 Dornino

178 1902 233 1930 Deo
252 1903 369 1930 omnium
391 1904 528 1931 hominum
548 1905 685 1933 conditore
698 1906 709 1932 ?
722 1906 774 1934 Sed
787 1927 795 1940 ,
811 1906 882 1941 quod
905 1907 975 1934 absit

177 1956 192 1975 a
203 1948 297 1983 nobis,
311 1949 471 1978 salvatorem
490 1950 574 1978 Deum
588 1951 704 1986 parvulis
723 1953 906 1980 necessarium
925 1960 974 1980 vos

178 1994 280 2029 negatis
292 2015 300 2027 ,
314 1995 353 2022 sic
366 2002 460 2022 eorum
477 2000 599 2023 naturam
619 1997 715 2025 bonam
730 2005 790 2026 esse
809 1998 954 2026 asserenda
964 2019 972 2031 ,

178 2045 207 2067 ut
218 2040 242 2067 ei
261 2040 322 2068 mali
337 2040 401 2068 nihil
416 2041 503 2069 inesse
519 2041 628 2076 dicatis,
651 2048 758 2077 propter
773 2043 843 2078 quod
859 2043 974 2078 indigeat

177 2085 281 2113 medico
295 2085 410 2114 Christo.
426 2087 467 2114 Ad
485 2087 535 2115 hoc
558 2088 691 2123 responde
707 2096 715 2121 ;
733 2088 804 2123 quod
822 2089 867 2116 tibi
883 2089 974 2116 redar—

177 2132 310 2168 guendum
322 2140 510 2168 proposueras,
521 2134 607 2168 primo
616 2134 746 2170 redarguc
757 2142 821 2162 :cur
829 2135 974 2163 cxsulllen-

178 2182 221 2204 tur
241 2178 391 2212 baptizandi
415 2179 515 2213 parvuli
537 2179 671 2211 ostende;
694 2184 740 2206 aut
758 2180 889 2207 universa:
905 2181 973 2207 anti-

178 2224 312 2259 quissima:
338 2225 465 2252 Ecclesia:
487 2224 586 2253 bellum
609 2226 806 2261 apertissimum
829 2226 948 2254 indicens
964 2249 971 2260 ,

179 2270 312 2298 cxsufﬁari
332 2278 380 2298 eos
400 2279 452 2298 non
478 2271 577 2299 debere
591 2272 723 2300 contende
745 2281 753 2299 :
777 2273 828 2301 hoc
846 2281 914 2309 age,
931 2274 973 2301 hic

179 2317 273 2344 insiste
282 2338 289 2351 ,
303 2317 364 2345 huic
372 2317 541 2345 ﬁrmamento
555 2338 563 2351 ,
578 2319 599 2345 si
613 2324 704 2353 potes,
719 2319 818 2354 aliquid
831 2320 901 2347 unde
914 2328 973 2347 con-

178 2364 310 2398 cutiatur,
334 2365 461 2400 impinge.
477 2364 545 2398 Quid
558 2364 626 2399 fugis
644 2365 694 2392 sub
710 2365 793 2400 pelles
806 2366 973 2400 loquacitatis

180 2416 230 2438 tum
242 2412 254 2439 ἲ
268 2411 336 2445 Quid
352 2412 437 2439 fumos
452 2411 612 2440 vanissimos
626 2411 735 2446 subjieis
745 2432 752 2445 ,
775 2412 869 2446 quibus
885 2412 895 2427 '
915 2411 973 2439 haec

179 2458 283 2486 obtecta
302 2463 329 2486 ct
347 2459 459 2486 obscura
482 2459 518 2486 ita
531 2458 614 2486 lector
626 2458 816 2492 obliviscatur,
841 2462 870 2485 ut
885 2463 911 2486 te
930 2466 972 2486 re-

180 2504 313 2541 spondere,
325 2505 389 2532 nihil
402 2505 533 2533 valentem
547 2505 637 2533 dicere
652 2504 750 2540 aliquid
764 2504 907 2532 arbitretur
920 2505 932 2532 ?

214 2551 315 2579 CXLV.
335 2551 395 2579 .lun.
410 2551 483 2579 Ilanc
497 2559 560 2587 ergo
579 2556 680 2587 partem
701 2551 839 2579 sententia:
852 2558 903 2578 non
919 2558 971 2578 so-

180 2596 234 2624 lum
244 2605 260 2625 a
272 2601 364 2625 nostra
375 2597 530 2625 deﬁnitione
542 2597 675 2625 removisti
692 2605 698 2629 ;
715 2596 761 2624 sed
773 2604 820 2631 pro
832 2596 881 2624 hac
891 2596 970 2624 etiam

180 2642 290 2671 intulisti
306 2647 378 2671 tuam
393 2651 400 2670 :
420 2651 479 2678 quae
494 2643 578 2679 prima
594 2642 682 2671 fronle
695 2642 793 2677 aliquid
808 2642 918 2671 haberet
932 2644 973 2670 in-

180 2689 256 2716 vidiae
266 2711 273 2722 ,
289 2689 336 2717 sed
355 2694 442 2717 tamen
462 2689 580 2716 discussa
594 2693 758 2716 vanescerel.
773 2689 886 2716 Posuisti
900 2690 970 2716 enim

180 2742 228 2762 nos
241 2735 330 2763 dicere
341 2755 350 2768 ,
371 2735 467 2766 bonam
489 2743 505 2762 ιι
518 2734 574 2762 Deo
587 2735 658 2762 bono
676 2734 810 2762 conditam
826 2738 945 2761 naturam
958 2755 965 2766 ,

180 2781 226 2808 sed
242 2781 275 2808 ita
290 2788 349 2810 esse
362 2788 454 2808 sanam
464 2801 471 2812 ,
486 2785 516 2808 ut
530 2780 707 2809 necessariam
723 2787 775 2807 non
787 2779 883 2807 trahent
895 2779 971 2807 Citri-

213 2849 219 2863 ¹
233 2848 271 2872 sic
281 2851 333 2871 Mss.
353 2850 375 2870 ιιι
387 2848 464 2878 \ign.,
474 2853 554 2878 quam.
643 2866 653 2872 .

212 2880 221 2894 ι
238 2878 352 2903 Particulo
365 2884 457 2907 negans
468 2878 505 2902 hic
515 2878 608 2902 additur
621 2883 651 2901 ex
665 2880 705 2900 Ms.
718 2880 778 2900 Puri.

213 2910 222 2925 ³
239 2908 323 2965 ιιιυῇ
319 2908 379 2939 Quid
390 2909 466 2939 [tonas
477 2907 611 2936 t‘tllll55iINOs
621 2907 728 2939 subjiris,
742 2907 841 2939 quibus,
864 2907 970 2932 restitui-

213 2947 220 2965 ι
233 2945 264 2964 (ιι
325 2957 330 2963 .

180 2944 220 2966 lul‘
233 2945 264 2964 (ιι
277 2944 330 2965 uss.

875 202 977 230 LIBER
996 201 1153 229 TERTIUS.

1762 206 1832 235 ιιτυδ

1039 257 1073 285 sti
1087 257 1255 286 medicinam.
1278 258 1384 287 Intuere
1401 266 1466 295 ergo
1480 264 1577 295 quanta
1591 261 1700 296 penuria
1711 263 1832 292 veritatis

1037 303 1143 331 labores
1154 324 1162 337 ,
1178 304 1222 340 qui
1235 309 1263 332 et
1280 304 1306 331 in
1320 304 1384 340 ipsis
1397 305 1486 333 verbis
1500 314 1560 341 quae
1571 307 1696 335 dicuntur
1709 310 1830 344 ain-tecm,

1036 349 1134 377 furtum
1152 354 1204 378 tam
1220 351 1387 386 perspicuum
1397 352 1486 380 facere
1495 360 1548 380 non
1563 353 1673 381 vereris.
1688 353 1754 382 Nam
1769 362 1830 383 cum

1036 402 1115 430 supra
1132 396 1317 431 proposuisses
1326 417 1334 430 ,
1347 397 1448 425 Bonam
1461 402 1583 426 naturam
1595 418 1603 431 ,
1616 398 1757 427 subdidisti
1768 420 1776 433 ,
1791 399 1831 428 Ita

1036 448 1096 468 esse
1107 448 1209 469 sanam.
1221 441 1352 477 Numquid
1362 443 1481 471 ἀντίθετον
1494 443 1557 471 boni
1571 451 1664 471 sanum
1677 448 1718 471 est
1727 444 1740 471 ?
1751 443 1831 473 Certe

1035 493 1095 514 cum
1110 486 1224 515 dicimus
1239 487 1337 515 bonum
1347 509 1355 521 ,
1373 488 1440 516 nihil
1460 493 1552 516 contra
1568 488 1620 517 hoc
1633 489 1740 525 proprie
1751 490 1829 525 poni-

1035 538 1096 559 mus
1110 532 1160 559 nisi
1178 533 1277 560 malum
1290 541 1297 560 :
1313 533 1336 560 si
1347 538 1434 561 autem
1448 541 1528 561 causa
1543 535 1628 569 poscit
1641 539 1669 562 ut
1683 542 1776 563 sanum
1789 535 1830 563 di-

1035 584 1143 612 camus,
1158 585 1194 606 ex
1206 578 1321 606 adverso
1333 578 1419 607 debile
1431 579 1471 607 vel
1487 587 1587 615 aegrum
1606 581 1726 608 locamus
1741 589 1749 614 ;
1765 581 1829 609 utsi

1034 630 1128 651 sanum
1143 628 1184 651 est
1195 645 1203 658 ,
1216 631 1269 652 non
1289 625 1380 660 utique
1394 625 1482 653 debile
1497 626 1541 658 ;si
1554 625 1651 660 debile,
1668 634 1762 654 sanum
1775 634 1829 655 non

1034 675 1096 696 esse
1108 668 1212 697 dicatur
1225 678 1233 696 :
1251 677 1312 697 cum
1326 675 1415 698 autem
1432 670 1546 700 dicimus
1556 693 1564 705 ,
1581 671 1683 699 Bonum
1697 677 1739 700 est
1754 672 1805 700 hoc
1819 681 1827 706 ;

1033 722 1048 742 a
1062 716 1196 743 contrario
1211 716 1269 752 eius
1281 737 1289 749 ,
1303 724 1357 744 non
1371 717 1429 744 sani
1444 725 1557 751 nomen,
1575 717 1622 746 sed
1637 718 1700 746 mali
1713 718 1829 746 vocabu-

1034 761 1089 789 lum
1104 762 1234 790 sistimus.
1251 763 1309 791 Tibi
1328 771 1393 799 crgo
1407 764 1547 792 dicendum
1567 764 1634 798 fuit,
1650 764 1711 800 quia
1730 764 1826 793 delini-

1033 815 1123 835 rcmns
1143 815 1190 836 nos
1210 808 1306 836 bonam
1324 816 1339 836 a
1356 809 1411 837 Deo
1429 810 1563 838 conditam
1587 815 1708 837 naturam
1730 809 1827 838 homi-

1033 860 1096 880 num
1106 873 1113 885 ,
1126 853 1172 880 sed
1186 853 1221 880 ita
1234 861 1293 881 esse
1306 854 1333 882 in
1347 855 1465 890 parvulis
1476 855 1572 883 bonam
1585 876 1593 889 ,
1610 859 1640 883 ut
1651 856 1826 884 institutionis

1033 905 1088 925 sine
1105 898 1206 928 nullum
1225 904 1357 935 quaereret
1372 901 1572 929 emendatorem
1587 910 1595 929 :
1608 906 1654 929 aut
1673 902 1695 929 si
1716 909 1746 930 ea
1766 909 1827 937 qua

1032 943 1102 971 bona
1122 949 1217 976 erant,
1235 945 1324 973 alieno
1338 946 1482 979 vocabulo,
1499 946 1525 974 id
1539 950 1600 979 est,
1615 947 1737 975 sanitatis
1755 947 1825 974 indi-

1031 996 1093 1016 eare
1111 989 1230 1018 malebas
1245 998 1253 1023 ;
1269 991 1427 1019 consouauti
1449 996 1533 1019 totum
1553 992 1704 1020 elocutione
1721 992 1826 1027 signas-

1030 1042 1085 1063 ses.
1108 1034 1183 1063 Nunc
1203 1040 1292 1064 autem
1307 1037 1383 1072 quasi
1403 1037 1542 1065 murenula
1557 1038 1627 1065 inter
1639 1037 1824 1065 definitionum

1030 1087 1094 1108 saxa
1107 1081 1264 1116 prolaberis.
1275 1081 1341 1110 Cum
1354 1083 1425 1110 enim
1440 1087 1466 1112 te
1482 1083 1580 1111 veritas
1592 1083 1781 1118 compulisset,
1795 1087 1825 1111 ut

1031 1134 1080 1154 nos
1092 1127 1259 1155 conﬁtereris
1279 1128 1376 1156 bonam
1399 1128 1537 1157 hominum
1555 1129 1646 1157 dicere
1666 1133 1786 1157 naturam
1807 1136 1823 1157 a

1031 1173 1087 1201 Deo
1103 1173 1173 1201 bono
1190 1174 1324 1202 conditam
1339 1195 1347 1207 ,
1363 1179 1442 1210 atque
1464 1175 1491 1202 in
1506 1182 1538 1203 ea
1551 1180 1627 1209 parte
1641 1175 1779 1205 sententia:
1795 1178 1825 1202 ut

1029 1219 1140 1247 multam
1162 1220 1310 1253 rationem,
1330 1220 1366 1247 ita
1385 1220 1512 1248 invidiam
1533 1221 1632 1248 nullam
1647 1221 1774 1253 videres;
1791 1220 1823 1247 ad

1029 1264 1081 1292 alia
1093 1265 1221 1293 continuo
1233 1265 1315 1293 verba
1327 1266 1462 1301 migrasti,
1477 1266 1621 1300 subjiciens
1631 1286 1639 1299 ,
1654 1265 1701 1293 sed
1720 1266 1755 1293 ita
1775 1273 1824 1293 nos

1028 1317 1088 1337 eam
1104 1317 1196 1338 sanam
1216 1310 1359 1339 defendere
1373 1331 1381 1344 ,
1397 1315 1427 1338 ut
1440 1310 1598 1338 medicinam
1611 1309 1710 1338 Christi
1728 1311 1753 1338 ei
1773 1318 1823 1338 ne-

1028 1355 1173 1383 cessariam
1186 1363 1240 1383 non
1254 1363 1314 1383 esse
1330 1355 1481 1383 credamus.
1496 1355 1572 1389 Quod
1587 1356 1610 1383 si
1631 1360 1715 1383 totum
1735 1360 1763 1383 tu
1776 1363 1824 1391 per

1029 1400 1187 1435 imperitiam
1201 1401 1327 1434 incurris,
1341 1401 1517 1430 bardissimus
1528 1402 1536 1418 '
1548 1410 1556 1434 ;
1569 1401 1610 1430 sin
1623 1405 1713 1430 autem
1725 1402 1751 1430 id
1763 1406 1824 1430 astu

1028 1444 1108 1478 facis,
1124 1446 1283 1475 vaferrimus
1297 1447 1435 1476 inveniris.

1063 1493 1132 1520 Anc.
1151 1493 1264 1527 Quando
1278 1493 1328 1521 ista
1342 1494 1463 1529 diceres,
1484 1495 1536 1522 nisi
1551 1502 1602 1522 non
1618 1494 1740 1523 habendo
1752 1495 1822 1531 quod

1027 1537 1154 1565 dicercs‘l
1169 1537 1227 1565 Non
1241 1539 1312 1566 enim
1327 1538 1468 1567 debuimus
1478 1560 1485 1573 ,
1500 1544 1530 1567 ιιι
1546 1544 1622 1575 putas
1633 1561 1641 1574 ,
1662 1540 1698 1567 ita
1711 1547 1821 1572 sanam,

1026 1590 1104 1618 quam
1114 1582 1229 1611 diximus
1241 1583 1337 1611 bonam
1347 1605 1355 1618 ,
1370 1592 1404 1612 ne
1419 1585 1469 1612 sibi
1484 1592 1537 1612 non
1551 1592 1612 1612 vera
1626 1589 1823 1621 opponerentur

1026 1628 1154 1656 antitheta
1171 1629 1261 1664 :quod
1273 1629 1404 1664 imperitia
1418 1634 1516 1665 quanta
1535 1630 1625 1664 dicas,
1639 1631 1662 1658 si
1682 1631 1824 1658 ostendere

1025 1673 1124 1705 velim,
1136 1674 1216 1701 rebus
1230 1682 1282 1702 non
1293 1676 1451 1703 necessariis
1462 1696 1470 1708 ,
1490 1676 1527 1703 tui
1541 1676 1636 1704 similis
1649 1676 1821 1703 immorabor.

1026 1718 1064 1746 De
1078 1719 1166 1747 medio
1187 1720 1251 1748 tolle
1268 1720 1401 1755 superﬂua
1414 1741 1421 1754 ,
1441 1725 1469 1748 et
1488 1721 1613 1754 omnino,
1635 1721 1738 1749 etiamsi
1760 1729 1821 1748 vera

1026 1769 1126 1799 essent,
1142 1764 1187 1792 tibi
1202 1765 1312 1794 minime
1329 1765 1467 1800 profutura
1480 1774 1488 1799 ;
1505 1770 1533 1794 et
1547 1766 1600 1799 dic,
1614 1766 1637 1793 si
1658 1771 1741 1801 potes,
1756 1774 1823 1801 quo-

1026 1809 1107 1837 modo
1121 1809 1253 1838 medicum
1268 1810 1402 1838 Christum
1424 1811 1543 1846 parvulis
1556 1819 1608 1838 non
1622 1812 1724 1846 negetis
1739 1820 1746 1838 :
1759 1819 1821 1839 cum

1025 1856 1098 1883 enim
1110 1857 1224 1891 cteperis
1235 1856 1324 1885 dicere
1336 1878 1343 1891 ,
1358 1857 1393 1884 ibi
1409 1858 1547 1892 apparebit
1560 1865 1642 1892 quare
1656 1858 1704 1884 ista
1720 1865 1786 1884 vana
1797 1859 1818 1890 ’,

1025 1906 1053 1929 et
1065 1901 1098 1928 ad
1118 1909 1174 1929 rem
1189 1910 1249 1937 qua:
1262 1903 1349 1938 agitur
1358 1924 1366 1937 ,
1378 1910 1431 1930 non
1449 1903 1608 1938 pertinentia
1618 1922 1626 1934 ,
1640 1906 1727 1930 tamen
1738 1902 1821 1930 inter-

1027 1948 1148 1983 ponenda
1163 1949 1308 1983 putaveris.

1061 1992 1174 2021 CXLVI.
1194 1994 1252 2022 Jun.
1268 1995 1338 2023 Ecce
1350 1995 1421 2022 enim
1434 1995 1550 2023 breviter
1563 1994 1713 2029 respondeo
1728 2003 1734 2021 :
1750 1994 1820 2022 adeo

1027 2048 1075 2068 nos
1087 2040 1183 2068 Christi
1199 2041 1357 2068 medicinam
1372 2042 1487 2076 parvulis
1497 2062 1504 2074 ,
1522 2048 1589 2076 quos
1602 2041 1759 2068 innocentes
1772 2048 1821 2067 no-

1027 2086 1128 2119 vimus,
1153 2094 1206 2113 non
1228 2094 1340 2122 negare,
1366 2091 1394 2114 ut
1405 2087 1465 2113 illos
1485 2087 1653 2122 potissimum
1673 2086 1821 2120 copiosia-re

1027 2139 1058 2159 ea
1078 2131 1197 2167 indigere
1210 2131 1352 2159 fateamur.
1371 2131 1521 2158 Nascuntur
1537 2132 1607 2158 enim
1623 2131 1708 2165 exigui
1726 2151 1733 2163 ,
1747 2130 1822 2158 debi-

1028 2178 1065 2205 les
1081 2186 1088 2210 ;
1110 2178 1153 2213 qui
1169 2185 1220 2205 non
1241 2178 1326 2205 solum
1346 2177 1380 2204 ali
1403 2177 1511 2212 proprio
1530 2176 1620 2204 labare
1634 2176 1819 2210 nonpossint,

1027 2230 1118 2250 verum
1144 2230 1193 2250 nec
1217 2223 1359 2257 implorare
1377 2225 1475 2257 queant
1497 2229 1575 2257 opem
1596 2227 1756 2256 parentum;
1776 2221 1820 2255 qui

1028 2273 1080 2295 tam
1106 2268 1194 2296 multis
1215 2268 1321 2295 casibus
1342 2267 1448 2295 obnoxii
1473 2272 1553 2300 sunt,
1574 2272 1602 2294 ut
1623 2267 1663 2294 eis
1681 2268 1760 2294 etiam
1782 2267 1822 2294 lac

1026 2313 1133 2341 densius
1146 2334 1153 2346 ,
1169 2317 1196 2340 ct
1216 2313 1368 2340 laetantium
1388 2312 1545 2346 plerumque
1558 2320 1666 2339 somnus
1680 2312 1760 2339 exitio
1775 2312 1819 2338 sit.

1061 2359 1128 2386 Anc.
1161 2358 1231 2385 Ecce
1244 2364 1327 2393 quare
1340 2357 1476 2384 memoriae
1492 2357 1597 2384 lectoris
1607 2377 1613 2388 ,
1628 2356 1821 2390 interponendo

1026 2410 1070 2430 res
1093 2402 1260 2438 superﬂuas,
1285 2402 1433 2436 obstrepas.
1458 2401 1589 2428 Medicum
1610 2401 1743 2428 Christum
1768 2409 1820 2428 non

1026 2449 1129 2483 negatis
1143 2447 1260 2483 parvulis
1274 2447 1452 2475 necessarium
1471 2451 1580 2482 propter
1594 2447 1661 2474 mala
1683 2447 1802 2481 corporis
1812 2467 1820 2481 ,

1025 2495 1100 2529 cujus
1116 2494 1297 2521 imbecillitate
1312 2492 1437 2524 vitiantur
1455 2492 1561 2520 invalidi
1576 2492 1587 2508 ⁸
1597 2513 1605 2526 ,
1617 2492 1657 2520 vel
1672 2497 1820 2525 necantur;

1025 2544 1052 2568 et
1072 2540 1175 2576 negatis
1193 2540 1232 2567 eis
1247 2538 1425 2566 necessarium
1442 2538 1571 2565 medicum
1587 2538 1721 2566 Christum
1736 2559 1744 2572 ,
1760 2546 1823 2574 pro-

1026 2592 1084 2622 pter
1106 2586 1175 2621 quod
1190 2586 1239 2613 sub
1259 2585 1355 2613 diaboli
1370 2589 1502 2620 potestate
1519 2589 1599 2618 sunt,
1618 2585 1688 2613 unde
1708 2590 1737 2613 ιιι
1755 2586 1821 2614 Iibe-

1025 2637 1118 2661 rentnr
1138 2632 1287 2668 baptizandi
1302 2631 1479 2659 exsufflautur
1494 2640 1501 2659 :
1522 2635 1551 2659 ul.
1562 2632 1615 2660 hoc
1628 2631 1674 2659 tibi
1688 2631 1821 2667 objectum

1025 2689 1079 2709 non
1092 2681 1243 2716 intelligat-is
1253 2681 1287 2708 ob
1294 2680 1365 2708 aliud
1376 2681 1545 2715 proposuisse
1554 2682 1627 2717 quasi
1638 2682 1821 2714 refellendum,

1025 2727 1075 2755 nisi
1086 2735 1120 2754 nc
1132 2727 1183 2754 hoc
1197 2727 1315 2754 timuisse
1325 2726 1560 2761 deprehendereris
1572 2737 1580 2755 :
1596 2728 1656 2756 ideo
1667 2733 1755 2756 autem
1769 2735 1821 2756 nou

1026 2778 1144 2801 tentasse
1162 2773 1302 2807 refellere,
1326 2773 1451 2808 quoniam
1473 2773 1507 2802 de
1529 2774 1700 2806 ﬁrmissimo,
1716 2779 1742 2800 ct
1762 2778 1820 2800 Isn-

1026 2827 1105 2854 quam
1116 2818 1285 2846 adamantina
1300 2818 1472 2846 luridamentn
1482 2839 1490 2854 ,
1505 2820 1531 2847 in
1546 2825 1573 2847 te
1587 2820 1674 2854 potius
1688 2819 1821 2853 perimetr-

1058 2876 1065 2891 ι
1079 2875 1147 2904 Editi,
1159 2873 1351 2900 burbarissirmis.
1361 2879 1389 2899 Al
1398 2879 1461 2906 ωδε..
1472 2875 1637 2903 tardissimus.

1058 2908 1066 2921 '
1079 2907 1115 2930 sic
1127 2909 1178 2929 Mss.
1193 2908 1216 2929 In
1228 2907 1307 2936 \‘igu.,
1319 2906 1387 2931 bella.

1059 2937 1068 2952 ³
1080 2940 1119 2963 ,εκ
1128 2940 1180 2962 Mss.
1194 2940 1217 2961 tn
1231 2937 1309 2967 \'i::I.,
1323 2936 1407 2962 validi.
