4172 6548
457 424 595 482 17-07

451 541 580 594 dum
611 546 699 593 tua
721 535 895 607 jacuia
918 531 1190 589 resilirent:
1219 548 1234 587 :
1258 536 1313 585 et
1334 528 1454 585 ideo
1477 527 1545 583 de
1571 526 1842 581 antithetis
1865 523 2048 592 tlispu-

453 631 710 684 tationem
745 623 1128 696 interposuisse
1154 622 1477 694 superfluam
1498 660 1515 683 ,
1549 627 1608 674 ut
1637 615 1765 673 illud
1798 615 2050 669 invictum

455 722 625 777 lector
651 719 850 775 oblitus
874 759 888 782 ,
921 717 1123 772 sineret
1151 721 1203 770 te
1231 715 1284 768 in
1312 713 1418 776 eis,
1447 722 1797 782 qua-cumque
1825 707 2053 761 inferres

456 814 764 880 vanissima,
793 811 1077 882 respirare,
1111 816 1360 878 tanquam
1386 803 1797 875 respondentem
1829 797 2050 870 aliquid,

455 913 513 960 et
541 904 807 960 dicentem
837 901 991 958 nihil.
1023 901 1113 957 Sic
1139 900 1333 971 quippe
1362 895 1780 954 imbecillitatem
1812 892 2051 962 corporis

459 995 747 1059 infantilis,
793 994 973 1049 multis
1011 992 1293 1058 obnoxiam
1330 989 1546 1044 casibus
1592 985 1855 1048 intulisti,
1901 982 2052 1053 quasi

457 1089 542 1143 vel
591 1087 645 1142 in
687 1089 798 1157 ipsa
828 1087 1226 1148 cruciarentur,
1257 1083 1340 1138 vel
1382 1081 1434 1136 in
1479 1080 1596 1150 ejus
1639 1086 1785 1132 tanta
1825 1075 2052 1131 infirmis

460 1184 568 1232 tate
595 1185 966 1248 premerentur
989 1217 1003 1242 ,
1038 1175 1123 1231 vel
1151 1175 1230 1230 eis
1257 1172 1502 1228 accidere
1531 1172 1584 1226 in
1611 1171 1699 1225 illa
1729 1173 1891 1224 tetate
1927 1165 2052 1222 mall

459 1268 661 1337 aliquid
694 1276 871 1338 posset
899 1308 914 1334 ,
942 1265 988 1322 si
1022 1276 1210 1322 natura
1236 1265 1469 1319 humana
1502 1263 1640 1317 sicut
1661 1261 1900 1317 instituta
1935 1258 2055 1314 fue-

461 1366 545 1410 rat
568 1399 582 1421 ,
614 1367 967 1428 permaneret.
1006 1356 1113 1413 Cur
1144 1355 1390 1412 exsumet
1417 1353 1763 1424 baptizandus
1805 1348 2055 1422 parvulos

464 1448 702 1504 Ecclesia
730 1447 924 1504 Citristi
944 1490 959 1514 ,
990 1447 1212 1504 ostende
1233 1490 1250 1516 ,
1292 1447 1341 1503 si
1385 1454 1538 1517 potes
1569 1461 1584 1511 ;
1620 1452 1712 1499 aut
1752 1456 1845 1499 eos
1874 1442 2057 1497 exsufd

464 1539 671 1594 ﬂendos
697 1551 806 1598 non
833 1555 954 1596 esse
981 1539 1246 1596 contende
1265 1580 1281 1606 ,
1313 1538 1359 1594 si
1386 1546 1537 1610 potes
1565 1554 1580 1603 ;
1605 1544 1699 1591 aut
1720 1535 2054 1599 obmutesce,

463 1633 508 1688 si
552 1645 656 1687 non
687 1641 840 1704 potes
869 1650 883 1686 :
921 1633 1034 1687 imo
1057 1632 1368 1687 obmutesce
1394 1671 1411 1697 ,
1445 1629 1568 1702 quia
1614 1644 1719 1684 non
1748 1635 1922 1700 potes.

536 1723 784 1780 CXLVII.
824 1723 944 1778 Jun.
975 1722 1082 1777 Pro
1109 1723 1416 1777 conditione
1441 1720 1682 1776 mortalis
1705 1718 1944 1789 corporis
1971 1716 2055 1770 ina

465 1823 685 1869 currunt
704 1823 759 1869 et
783 1813 1155 1884 mgritudinum
1182 1827 1470 1874 aerumnas,
1498 1819 1552 1868 et
1577 1811 1819 1867 dolorum
1851 1821 2056 1879 pinnas,

464 1912 518 1958 et
544 1903 776 1973 pericula
803 1904 1132 1958 morborum.
1174 1902 1290 1958 Non
1329 1903 1503 1958 solum
1542 1916 1672 1972 ergo
1701 1899 1934 1971 parvulis
1963 1914 2062 1953 ne-

465 1995 753 2048 cessariam
795 1993 1022 2061 Christi,
1054 2010 1083 2048 a
1113 2009 1221 2065 quo
1264 2002 1318 2050 et
1357 1994 1479 2049 facti
1525 2001 1693 2060 sunt,
1743 1991 2062 2048 medicinam

465 2083 697 2140 fatemur
722 2100 738 2150 ;
768 2084 863 2140 sed
892 2085 1052 2140 etiam
1081 2085 1321 2140 omnium
1352 2084 1654 2140 mortalium
1693 2091 1916 2139 naturae.

539 2175 673 2230 Atto.
714 2171 858 2244 Ergo
889 2184 946 2230 et
981 2175 1036 2229 in
1081 2174 1328 2244 paradiso
1369 2175 1548 2228 omnia
1578 2173 1681 2228 ista
1709 2173 1845 2228 mala
1888 2172 2064 2228 futura

467 2263 631 2319 fuisse
647 2266 900 2332 creditis,
923 2267 968 2320 si
995 2281 1153 2322 nemo
1183 2276 1496 2337 peccasset;
1528 2275 1580 2322 et
1607 2277 1808 2322 mortes
1835 2267 1940 2322 illic
1967 2265 2066 2321 ho~

467 2355 670 2409 minam
695 2397 711 2420 ,
744 2367 993 2427 tanquam
1037 2369 1320 2428 pecorum,
1349 2360 1627 2430 cogitatis,
1664 2362 1785 2431 quia
1817 2359 2066 2416 omnibus

469 2443 540 2499 ibi
566 2460 906 2502 communem
929 2448 1308 2503 mortalitatem
1327 2463 1614 2519 corporum
1635 2450 1870 2506 creditis.
1893 2449 1942 2504 Ο
1967 2449 2068 2504 mi-

468 2535 576 2590 seri
610 2537 625 2590 ι
658 2538 702 2592 si
736 2538 1120 2594 beatitudinem
1148 2539 1250 2595 loci
1281 2541 1424 2595 illius
1451 2541 1746 2597 christiano
1766 2542 2067 2614 cogitantis

470 2625 666 2681 aﬂ‘ectu
697 2643 716 2693 ;
759 2641 863 2684 nec
903 2629 1100 2685 bestias
1129 2630 1202 2686 ibi
1226 2632 1515 2687 tnorituras
1546 2631 1710 2688 fuisse
1737 2633 2026 2690 crederetis
2049 2675 2065 2701 ,

471 2718 611 2773 sicut
648 2734 748 2774 nee
785 2720 1108 2788 smvituras;
1157 2722 1252 2778 sed
1285 2723 1589 2780 hominibus
1637 2725 1863 2780 mirabili
1913 2741 2065 2780 man-

471 2810 1026 2889 suetudinelsubditas
1044 2857 1060 2882 ,
1086 2830 1188 2871 nec
1215 2825 1422 2886 pastum
1448 2815 1518 2872 de
1554 2817 1773 2875 alternis
1807 2821 2069 2877 mortibus

471 2903 790 2970 quatsituras
811 2944 828 2970 ,
864 2904 959 2959 sed
987 2907 1294 2961 communia
1311 2949 1326 2973 ,
1351 2906 1488 2962 sicut
1514 2909 1768 2978 scriptum
1791 2918 1902 2976 est,
1943 2925 2068 2967 cum

473 2991 778 3047 hominibus
802 2994 1054 3050 alimenta
1078 3005 1386 3068 sumpturas
1415 3000 1434 3032 ί
1461 2997 1613 3071 (Gen.
1637 3016 1676 3067 t,
1697 3000 1794 3068 29,
1822 3000 1936 3074 50).
1962 3003 2070 3058 Aut

472 3081 519 3135 si
548 3096 644 3137 eas
669 3082 857 3138 ultima
885 3097 1101 3141 senecta
1131 3086 1483 3158 dissolveret,
1530 3097 1589 3145 ut
1626 3091 1738 3146 sola
1779 3092 1849 3147 ibi
1882 3101 2067 3148 natura

473 3170 704 3228 humana
726 3174 887 3229 vitam
936 3175 1232 3246 possideret
1275 3189 1577 3250 aeternam;
1619 3196 1716 3237 cur
1740 3197 1846 3237 non
1875 3183 2068 3239 creda-

473 3277 595 3320 mus
623 3264 764 3334 quod
789 3265 1126 3322 auferrentur
1149 3268 1217 3324 de
1245 3271 1491 3340 paradiso
1512 3273 1804 3340 moriturae,
1835 3273 1920 3328 vel
1948 3272 2074 3330 inde

471 3368 635 3409 sensu
679 3355 1008 3412 imminentis
1048 3359 1237 3414 mortis
1275 3361 1517 3429 exirent,
1545 3377 1613 3416 ne
1651 3377 1796 3417 mors
1820 3363 2070 3434 cuiquam

472 3446 671 3500 viventi
713 3447 765 3503 in
796 3449 916 3504 Ioco
940 3451 1063 3506 vita:
1105 3451 1247 3508 illius
1289 3455 1579 3510 eveniret?
1606 3454 1734 3510 Nam
1773 3471 1947 3527 neque
1971 3457 2070 3528 ipsi

473 3553 564 3607 qut
587 3551 934 3607 peccaverant
959 3541 1233 3606 homines,
1267 3547 1402 3600 mori
1432 3547 1728 3616 potuissent
1755 3588 1771 3614 ,
1798 3547 1842 3602 si
1874 3563 1978 3602 non
2004 3549 2073 3604 de

477 3629 802 3690 habitatione
841 3643 1004 3689 tanta:
1033 3635 1296 3693 felicitatis
1318 3679 1335 3705 ,
1384 3641 1578 3696 merito
1603 3635 1895 3712 inijuitatis
1932 3643 2074 3698 exis-

477 3731 618 3776 sent.

489 3839 491 3841 -
548 3811 820 3870 CXLVIII.
850 3817 971 3874 Jun.
995 3818 1158 3891 Cujus
1184 3821 1518 3878 infirmitates
1539 3831 1593 3877 ut
1621 3824 1670 3877 in
1697 3825 1946 3894 pnescnti
1966 3827 2074 3882 vita

478 3902 692 3960 diverso
719 3909 1073 3964 remediorum
1101 3928 1297 3981 genere
1323 3914 1645 3978 mitescunt;
1676 3915 1744 3969 ita
1771 3916 1932 3972 etiam
1957 3917 2074 3985 ple-

481 4010 586 4062 ne,
637 3997 691 4050 in
731 3997 994 4066 justorum
1051 4011 1227 4057 tanton
1269 4004 1618 4074 corporibus,
1667 4007 2075 4065 resurrectionis

481 4085 885 4142 evacuabuntur
911 4089 1164 4146 adventa.
1217 4081 1221 4084 Α

555 4179 689 4236 Anc.
722 4179 778 4234 In
808 4182 890 4236 his
909 4182 1080 4250 justis
1106 4194 1160 4240 et
1189 4187 1433 4256 parvulos
1458 4187 1642 4259 ponis,
1671 4189 1762 4260 qui
1788 4189 1923 4246 nihil
1954 4205 2078 4262 ege-

484 4277 612 4326 runt
635 4273 846 4342 propria
877 4275 1149 4333 voluntate
1178 4279 1290 4335 sive
1318 4280 1444 4336 boni
1483 4284 1596 4338 sive
1618 4283 1740 4337 mali
1774 4301 1788 4338 :
1821 4299 1890 4339 an
1921 4299 2077 4356 sepa-

487 4378 576 4418 ras
612 4379 708 4419 eos
743 4379 774 4420 a
808 4365 967 4436 justis
988 4409 1005 4436 ,
1037 4384 1170 4438 quos
1200 4379 1377 4426 tamen
1407 4387 1436 4425 a
1476 4374 1654 4428 carnis
1687 4374 2080 4433 resurrectione

486 4453 626 4510 felici
655 4470 758 4510 non
783 4459 1048 4526 separas?
1077 4459 1252 4526 Quare
1289 4477 1416 4532 ergo
1439 4463 1704 4532 justornm
1731 4481 1956 4536 corpora
1981 4482 2078 4522 ex-

485 4547 675 4617 cepisti
699 4589 714 4612 ,
757 4549 809 4602 in
841 4549 1034 4619 quibus
1063 4550 1178 4606 haec
1205 4553 1342 4606 mala
1369 4555 1780 4612 resurrectionis
1817 4572 2082 4613 evacuan-

488 4648 577 4694 tur
626 4639 907 4695 adventu?
954 4640 1011 4696 Si
1065 4651 1240 4698 autem
1302 4646 1504 4715 parvuli
1551 4656 1769 4718 prapter
1816 4647 2077 4718 justitiam

487 4733 705 4788 secundi
737 4733 988 4802 hominis,
1011 4735 1102 4806 qui
1127 4738 1545 4807 regenerationis
1573 4749 1652 4794 est
1682 4749 1889 4807 auctor,
1913 4741 2082 4813 depu-

486 4833 668 4881 tantur
685 4827 816 4896 justi
841 4842 856 4892 ;
885 4841 982 4882 cur
1010 4842 1117 4882 non
1154 4836 1370 4899 propter
1396 4839 1669 4898 peccatum
1710 4831 1868 4902 primi
1905 4831 2080 4889 homi-

489 4919 571 4973 nis
593 4961 606 4982 ,
636 4919 726 4988 qui
751 4919 1112 4991 generationis
1140 4929 1223 4977 est
1248 4931 1479 4992 auctor,
1506 4923 1835 4994 deputantur
1856 4925 2084 4996 injusti?

558 5008 790 5064 CXLIX.
830 5009 949 5066 Jun.
985 5011 1122 5067 Ecce
1141 5026 1268 5082 ergo
1290 5012 1342 5066 in
1364 5014 1572 5082 quantis
1601 5013 1849 5070 humana:
1879 5024 2082 5073 natura:

377 5175 398 5188 Δ
490 5101 849 5155 necessariam
881 5101 1079 5158 Christi
1123 5103 1439 5158 medicinam
1477 5103 1724 5159 fatemur.
1767 5107 1988 5162 At’scio
2030 5115 2084 5164 te

492 5189 901 5243 vociferaturum
932 5232 946 5256 ,
973 5193 1166 5246 cavillo
1198 5201 1380 5247 tecum.
1411 5193 1515 5262 agi.
1553 5192 1668 5247 Non
1703 5196 1844 5249 enim
1873 5195 2009 5252 hanc
2031 5206 2084 5253 te

492 5278 810 5334 medicinam
831 5319 846 5342 ,
877 5295 979 5349 qua
1008 5283 1319 5351 corporibus
1347 5283 1661 5339 subvenitur
1684 5327 1699 5351 ,
1732 5286 1824 5341 sed
1867 5287 2084 5344 nomine

492 5370 772 5426 medicina:
801 5370 1128 5440 significasse
1167 5375 1362 5430 Cltristi
1388 5375 1612 5446 gratiam
1639 5418 1653 5442 ,
1684 5391 1842 5448 quam
1873 5392 1902 5432 a
1930 5379 2084 5436 nobis

491 5461 796 5516 artirmahas
823 5462 1026 5532 negari.
1054 5463 1137 5518 Ad
1161 5465 1299 5534 quod
1327 5467 1638 5537 responderi
1664 5476 1837 5538 potest
1865 5468 1956 5523 tibi
1984 5469 2086 5526 hoc

493 5570 613 5610 esse
637 5554 1047 5610 adscribendum
1067 5595 1083 5621 ,
1121 5557 1213 5627 qui
1247 5571 1363 5613 rem
1399 5571 1557 5628 quam
1583 5561 1798 5617 volebas
1827 5561 2082 5632 intelligi,

494 5651 726 5721 propriis
764 5649 1000 5706 noluisse
1047 5651 1257 5720 signare
1303 5652 1627 5709 nominibus.
1671 5654 1780 5711 Sed
1828 5654 1950 5726 quia
1997 5654 2084 5711 vel

559 5766 574 5798 '
611 5766 860 5828 Sententia
880 5765 928 5814 in
951 5763 1094 5828 editis
1110 5763 1324 5814 mutilata
1346 5764 1536 5828 esthoc
1557 5765 1712 5818 altero
1735 5769 1974 5828 membro,
1997 5769 2084 5819 sed

494 5825 781 5887 emutatio,
801 5825 924 5876 sicut
938 5825 1168 5888 scriptum
1184 5833 1272 5886 est,
1289 5838 1405 5876 cum
1428 5825 1693 5883 Itomitu'btts
1710 5829 1936 5882 alimenta
1957 5825 2086 5882 sum-

497 5895 680 5941 t'ttu'as.
707 5889 1076 5952 Redintegratur
1096 5889 1275 5942 auxilio
1300 5897 1410 5940 Mss.
1963 5917 1971 5923 .

1021 372 1028 378 .
1133 413 1381 473 OPERIS
1419 411 1824 472 IMPERFECTI
1856 411 2132 471 CONTIU
2171 403 2538 476 JULIANUM,
2578 405 2640 465 S.
2678 404 3046 464 AUGUSTIXI

3603 411 3740 468 ms

2163 519 2314 576 tarde
2339 519 2663 576 intellectum
2683 529 2787 589 est,
2810 529 2967 592 quam
2988 520 3197 577 diceres
3222 521 3560 592 medicinam,
3589 530 3749 596 quam

2159 613 2384 671 confuse
2420 630 2521 670 nos
2553 629 2748 688 negare
2777 600 3030 671 mentitus
3057 629 3178 672 eras
3206 629 3222 682 ;
3253 617 3670 689 respondeamus
3698 629 3755 678 et

2160 705 2227 762 ad
2255 705 2360 762 hoc
2383 707 2526 778 quod
2565 706 2802 765 secundo
2828 708 3083 776 intulisti,
3120 709 3258 765 sicut
3293 715 3348 767 et
3375 712 3551 784 primo
3589 729 3754 784 opere

2161 799 2438 869 protestati
2469 813 2695 856 sumus:
2726 815 2826 856 nos
2853 801 3078 872 gratiam
3099 801 3330 868 Christi,
3363 803 3414 860 id
3441 814 3545 874 est,
3573 805 3756 878 Bapti-

2161 898 2277 944 sma
2301 929 2318 957 ,
2345 903 2412 944 ex
2436 903 2545 961 quo
2571 890 2732 946 ritum
2761 891 2878 962 ejus
2901 892 3147 948 Christus
3177 894 3441 961 instituit,
3472 896 3542 953 ita
3568 913 3756 954 neces-

2162 977 2358 1035 sariam
2396 982 2645 1038 omnibns
2682 983 2736 1038 in
2764 993 3050 1040 cummune
3092 985 3338 1042 statibus
3374 988 3652 1058 conﬁteri,
3699 1000 3757 1047 ut

2161 1071 2482 1143 quicumque
2513 1087 2631 1128 eam
2658 1074 2842 1131 utilem
2868 1075 3029 1131 etiam
3058 1076 3294 1148 parvulis
3321 1081 3511 1151 negat,
3553 1089 3757 1138 aeterno

2163 1161 2416 1219 feriamus
2436 1164 2796 1222 anathemate.

2233 1256 2369 1313 Aac.
2416 1256 2494 1312 De
2527 1257 2790 1314 medicina
2840 1258 3081 1329 agimus,
3118 1267 3227 1331 quo
3263 1261 3479 1319 nomine
3513 1257 3758 1322 Christus

2163 1347 2385 1417 gratiam
2419 1359 2574 1405 suam
2599 1350 3006 1416 vocari'voluit,
3038 1351 3128 1409 ubi
3153 1351 3230 1408 ait
3257 1351 3329 1410 de
3356 1367 3416 1410 se
3445 1354 3593 1426 ipso,
3635 1353 3761 1412 Non

2163 1449 2237 1496 est
2273 1455 2405 1513 opus
2436 1442 2578 1498 sanis
2602 1443 2829 1498 medicus
2854 1484 2870 1509 ,
2910 1442 3000 1499 sed
3031 1444 3168 1500 male
3207 1443 3500 1502 habentibus
3523 1447 3542 1519 (
3568 1447 3756 1505 Matth.

2164 1545 2220 1586 tx
2240 1573 2254 1596 ,
2283 1530 2410 1605 l2).
2441 1531 2550 1588 Vos
2582 1540 2762 1588 autem
2797 1534 3022 1605 gratiam
3061 1534 3258 1591 Christi
3288 1549 3396 1592 non
3423 1547 3642 1609 propter
3667 1554 3760 1595 sa-

2166 1622 2372 1678 nandos
2397 1625 2647 1696 parvulos
2665 1666 2680 1691 ,
2717 1625 2813 1682 sed
2840 1634 3060 1697 propter
3081 1627 3416 1698 adoptandos
3452 1629 3505 1685 in
3535 1645 3765 1703 regnum

2167 1713 2263 1768 Dei
2306 1714 2677 1771 tantummodo
2722 1716 2802 1771 eis
2830 1715 3018 1774 dicitis
3062 1718 3438 1776 necessariam.
3477 1717 3594 1778 Noli
3632 1734 3762 1794 ergo

2167 1809 2221 1860 te
2244 1804 2655 1875 respondentem
2685 1805 2861 1864 facere
2878 1839 2902 1877 ,ς
2922 1807 3020 1865 ubi
3044 1808 3197 1867 vides
3219 1816 3276 1867 te
3297 1811 3625 1884 respondere
3652 1827 3765 1871 non

2239 1987 2345 2044 CL.
2371 1987 2492 2044 Jun.
2521 1989 2675 2058 Quod
2703 1999 2825 2046 cum
2855 1988 3031 2047 lucida
3051 1989 3383 2062 professione
3407 1991 3759 2065 inculcamus,

2167 2075 2442 2134 convictus
2479 2092 2542 2135 es
2581 2088 2640 2134 tu
2681 2077 2909 2150 publicai
2942 2079 3208 2150 falsitatis,
3235 2081 3323 2154 qui
3351 2083 3540 2141 scribis
3565 2085 3700 2143 adeo
3726 2099 3758 2143 a

2169 2167 2324 2224 nobis
2348 2168 2543 2226 boum
2569 2169 2783 2227 defendi
2810 2171 3085 2227 hominum
3111 2179 3353 2229 naturam
3371 2215 3389 2241 ,
3419 2181 3478 2231 ut
3517 2190 3662 2234 sana
3701 2177 3756 2234 in

2169 2259 2458 2316 infantibus
2479 2261 2499 2294 ⁸
2527 2271 2786 2333 negemus
2810 2261 3010 2318 Christi
3035 2266 3393 2321 necessariam
3416 2266 3763 2324 medicinam.

2241 2351 2378 2407 Ana.
2425 2349 2624 2407 Verum
2668 2351 2776 2408 dixi
2811 2371 2826 2408 :
2861 2353 3180 2411 medicinam
3220 2356 3425 2428 quippe
3455 2356 3760 2417 christiana:

2169 2440 2376 2512 gratim,
2399 2456 2519 2513 quae
2547 2457 2654 2499 non
2669 2442 2942 2501 confertur
2961 2445 3062 2502 nisi
3087 2444 3423 2515 Christianis,
3450 2463 3559 2505 non
3577 2460 3767 2507 autem

2171 2535 2420 2591 omnibus
2458 2535 2762 2593 hominibus
2797 2539 2959 2594 etiam
3001 2538 3322 2607 infidelibus,
3349 2549 3404 2597 et
3432 2546 3648 2613 insuper
3670 2555 3764 2600 ca-

2172 2625 2316 2682 tellis
2361 2635 2524 2698 atque
2569 2628 2853 2699 porcellis,
2899 2630 3168 2699 pisciculis
3207 2639 3368 2704 atque
3414 2634 3716 2691 vermiculis
3736 2677 3759 2706 ,

2172 2716 2427 2788 omnique
2476 2719 2660 2788 generi
2702 2719 3170 2792 qualiumcumque
3222 2721 3569 2778 animantium
3589 2765 3604 2790 ,
3643 2726 3767 2783 sine

2172 2806 2335 2892 dubio
2361 2810 2596 2881 parvulis
2619 2810 2897 2883 denegatis
2912 2851 2929 2879 ,
2957 2827 3094 2884 quos
3119 2813 3302 2885 utique
3323 2813 3442 2872 sine
3467 2813 3576 2872 ullo
3594 2816 3762 2888 origi-

2173 2898 2258 2956 nis
2289 2909 2440 2957 reatu
2459 2942 2474 2969 ,
2515 2903 2606 2974 qui
2636 2903 3042 2975 regeneratione
3071 2914 3310 2974 sanatur,
3334 2915 3618 2978 generatos
3641 2923 3762 2966 esse

2173 2991 2516 3049 contenditis.
2561 2993 2712 3050 Unde
2740 3003 2794 3050 tu
2818 2994 2979 3051 modo
3000 3007 3224 3067 magnas
3245 3008 3435 3067 passus
3466 2997 3764 3069 angustias,

2173 3085 2450 3143 detraxisti
2492 3088 2773 3144 medicinae
2813 3101 3032 3157 nomen,
3066 3096 3123 3145 et
3161 3089 3486 3161 supposuisti
3526 3091 3712 3162 gratiae
3743 3105 3768 3148 τ

2175 3169 2297 3240 quia
2344 3171 2570 3244 gratiam
2627 3181 2847 3244 propter
2896 3173 3238 3245 adoptionem
3295 3175 3526 3244 parvulis
3570 3190 3762 3234 neces-

2174 3264 2369 3318 sariam
2411 3263 2592 3320 dicere
2622 3264 2880 3336 potestis;
2915 3264 3234 3320 medicinam
3271 3276 3396 3322 vero
3432 3266 3544 3335 eis,
3569 3267 3764 3339 quibus

2176 3365 2430 3410 alternam
2450 3354 2694 3422 salutem,
2715 3355 2926 3412 etiamsi
2944 3355 3219 3412 christiani
3239 3372 3348 3413 non
3368 3358 3517 3428 ﬁant,
3540 3361 3770 3431 promitd

2178 3457 2290 3504 tere
2316 3447 2544 3516 audetis,
2571 3463 2670 3518 per
2691 3448 3036 3506 Sacramenta
3063 3448 3264 3505 Christi
3289 3451 3648 3507 necessariam
3677 3451 3773 3508 di--

2177 3553 2302 3595 cere
2337 3555 2444 3595 non
2493 3541 2735 3611 potestis.
2777 3540 3048 3598 Christum
3098 3541 3295 3613 quippe
3333 3542 3440 3598 illis
3477 3557 3584 3600 non
3611 3543 3773 3602 vultis

2177 3644 2298 3686 esse
2332 3629 2515 3686 Iesum
2549 3648 2562 3685 :
2589 3631 2732 3702 quod
2756 3631 2879 3688 ideo
2908 3639 3147 3701 vocatur,
3175 3641 3312 3690 teste
3334 3634 3530 3707 angelo
3545 3637 3590 3705 ³,
3634 3643 3774 3694 teste

2179 3721 2505 3793 Evangelia,
2533 3724 2659 3794 quia
2697 3724 2902 3780 salvum
2940 3724 3067 3780 facit
3106 3725 3360 3796 populum
3403 3742 3582 3797 suum,
3608 3743 3714 3784 non
3737 3743 3772 3784 a

2179 3813 2382 3870 morbis
2425 3822 2586 3886 atque
2625 3817 2937 3873 vulneribus
2979 3819 3176 3884 carnis,
3208 3833 3239 3874 a
3277 3819 3470 3891 quibus
3505 3821 3774 3893 quoslibet

2181 3905 2426 3962 homines
2450 3916 2508 3963 ct
2527 3908 2782 3979 quislibet
2803 3911 3036 3966 volatilia
3063 3919 3224 3983 atque
3251 3913 3458 3984 reptilia
3482 3923 3653 3984 sanat,
3674 3915 3774 3972 sed

2179 4013 2210 4054 a
2235 4001 2468 4070 peccatis
2491 4016 2677 4058 eorum
2708 4001 2920 4073 (Matth.
2952 4019 2988 4069 t,
3009 4003 3127 4076 2|).

2252 4089 2380 4146 CLI.
2409 4090 2529 4147 Jun.
2559 4093 2691 4161 Quae
2717 4101 2894 4150 tamen
2914 4095 3102 4164 gratia,
3129 4095 3381 4165 quoniam
3405 4097 3566 4152 etiam
3593 4096 3768 4153 medi-

2181 4180 2300 4236 cina
2325 4181 2538 4248 dicitur,
2567 4183 2715 4237 salva
2753 4183 2869 4254 lege
2905 4184 3125 4255 iustitiae
3165 4184 3293 4242 facit
3321 4187 3462 4242 alios
3499 4203 3567 4243 ex
3618 4188 3776 4244 malis

2183 4270 2384 4338 bonos;
2415 4272 2666 4342 parvulos
2695 4281 2874 4329 autem
2911 4289 3048 4345 quos
3081 4284 3228 4332 creat
3267 4277 3546 4334 condendo
3581 4278 3776 4346 bonos,-

2184 4362 2360 4418 reddit
2383 4363 2686 4419 innovando
2713 4363 3123 4436 adoptandoque
3143 4366 3414 4423 meliores.

2259 4457 2394 4511 Aac.
2434 4454 2576 4526 Ergo
2603 4455 2745 4526 quod
2771 4457 2847 4511 ait
2875 4457 2990 4526 ipse
3020 4456 3193 4525 Jesus,
3230 4457 3353 4513 Non
3381 4468 3454 4514 est
3481 4475 3610 4531 opus
3637 4460 3780 4517 sanis

2185 4546 2432 4615 medicus,
2448 4546 2537 4601 sed
2565 4547 2941 4618 egrotantibus,
2962 4557 3218 4620 quantum
3245 4550 3434 4606 attinet
3458 4551 3525 4606 ad
3555 4551 3776 4608 medici-

2187 4654 2332 4706 nam,
2361 4655 2480 4710 quae
2529 4640 2660 4696 solis
2699 4640 3020 4697 Christianis
3065 4643 3333 4714 praebetur
3374 4661 3406 4700 a
3459 4645 3690 4712 Cltristo,
3722 4647 3776 4702 in

2188 4734 2422 4802 parvulis
2449 4733 2638 4789 falsum
2667 4742 2770 4802 est,
2797 4748 2933 4806 quos
2956 4743 3012 4792 et
3038 4747 3201 4792 sanos
3223 4749 3363 4803 esse,
3396 4744 3450 4794 et
3474 4738 3576 4806 eis,
3604 4748 3663 4794 ut
3685 4739 3783 4794 dc-

2187 4825 2366 4881 vitetis
2403 4823 2679 4893 invidiam,
2725 4825 3045 4882 medicinam
3085 4827 3429 4883 ehristianam
3468 4829 3646 4886 dicitis
3683 4847 3781 4888 ne-

2187 4917 2497 4973 cessariam.
2545 4916 2826 4986 Quomodo
2863 4929 3042 4974 autem
3091 4921 3310 4976 innovat
3345 4919 3608 4986 Christus,
3644 4935 3783 4993 quos

2188 5023 2374 5076 novos,
2402 5026 2434 5066 a
2475 5011 2751 5068 nativitate
2791 5011 3194 5069 recentissimos
3212 5011 3256 5081 ³,
3297 5013 3519 5083 invenit,
3559 5015 3606 5070 si
3649 5015 3781 5070 nihil

2189 5105 2407 5160 trahunt
2442 5104 2512 5160 de
2545 5111 2811 5161 vetustate
2854 5105 3092 5176 peccati?
3122 5105 3204 5161 An
3241 5105 3482 5162 dicturus
3519 5121 3582 5162 es
3618 5107 3781 5163 etiam

2189 5213 2293 5253 non
2323 5206 2476 5253 vetus
2512 5197 2711 5267 aliquid
2752 5197 3014 5264 innovari,
3045 5213 3168 5254 cum
3205 5198 3352 5270 legas
3393 5200 3466 5256 ad
3501 5200 3781 5268 Hebraeos,

2193 5290 2412 5358 Quando
2451 5289 2544 5342 hoc
2588 5288 2711 5341 dicit
2754 5303 2959 5356 nouunt,
2991 5299 3129 5345 uetus
3165 5293 3282 5363 fecit
3319 5293 3537 5362 primum
3572 5293 3592 5364 (
3621 5291 3780 5350 Hebr.

2189 5397 2303 5447 vin,
2338 5381 2455 5453 i3)?
2485 5381 2580 5435 Dic
2607 5394 2735 5449 ergo
2761 5379 2904 5435 unde
2928 5381 3034 5435 sint
3057 5390 3268 5438 veteres
3297 5383 3456 5438 modo
3485 5385 3614 5451 nati,
3646 5395 3785 5454 quos

2191 5475 2323 5532 dicis
2347 5487 2506 5530 sanos
2533 5487 2564 5527 a
2587 5481 2849 5529 vetustate
2876 5473 3100 5544 peccati.
3151 5475 3217 5531 Et
3245 5485 3419 5532 tamen
3445 5477 3512 5533 ad
3539 5477 3786 5548 indigna-

2193 5567 2392 5624 tionem
2425 5579 2676 5622 veroru-m
2716 5564 3140 5642 Christianorum
3167 5568 3478 5638 cavendam,
3507 5583 3537 5625 a
3562 5568 3782 5626 Christo

2257 5767 2274 5800 ⁸
2307 5766 2380 5816 sic
2395 5773 2501 5815 Mss.
2526 5771 2581 5816 At
2603 5765 2760 5828 \‘ign.,
2785 5769 2838 5816 ut
2857 5778 2971 5817 sane
2991 5761 3267 5828 infantibus.

2255 5831 2276 5861 ν
2308 5801 3162 5890 ἶῖίέῖὶῗῖῖᾥόδὶέιῖςῖᾏῖὶιὲἶῖᾶἱὲἕὶἔίὁῖ

2258 5891 2278 5924 ³
2313 5881 2469 5954 \‘ign.,
2513 5881 2968 5954 recentissimosqué.
3007 5881 3178 5950 Abest,
3222 5899 3330 5952 que,
3375 5899 3400 5938 θ
3425 5894 3533 5941 Mss.
