4172 6514
363 393 503 452 1509

356 523 452 566 eos
471 505 695 563 simulas
719 504 980 560 innovari.
1012 502 1292 558 Postremo
1314 499 1457 556 aliud
1478 508 1561 556 est
1585 499 1784 564 sanari,
1803 497 1950 553 aliud

354 600 601 658 innovari
627 617 641 655 :
671 608 888 670 propter
906 595 1174 653 sanandos
1197 595 1424 658 curatio,
1452 601 1669 663 propter
1689 592 1953 646 innovan-

356 693 457 746 dos
487 689 800 745 instauratio
826 688 1128 744 necessaria
1152 695 1256 742 est.
1300 682 1638 740 Manifestum
1661 691 1744 737 est
1768 681 1945 752 igitur,

358 781 608 837 hairesim
635 788 866 836 vestram
889 778 1127 850 parvulis
1144 789 1368 849 prorsus
1386 775 1732 830 christianam
1755 788 1954 844 negare

356 873 698 930 medicinam.

427 965 580 1022 CLII.
611 965 732 1022 Jun.
775 966 913 1022 Ecce
941 978 1072 1035 ergo
1095 963 1310 1036 planum
1337 969 1440 1028 est,
1473 975 1573 1016 nos
1603 957 1804 1016 Christi
1828 972 1954 1030 gra-

357 1057 488 1112 tiam
515 1055 697 1112 utilem
721 1055 954 1126 parvulis
979 1035 1310 1132 nonnegare
1338 1069 1352 1106 :
1385 1051 1514 1122 quid
1543 1051 1702 1121 igitur
1728 1035 1954 1104 contro-

358 1147 550 1202 versia:
569 1146 847 1209 remansit,
876 1153 1094 1215 propter
1117 1143 1257 1214 quod
1291 1156 1388 1197 nos
1413 1139 1782 1197 'l‘radueiauus
1809 1152 1954 1193 erro-

358 1238 438 1294 ris
465 1237 756 1303 insimulat,
783 1235 1032 1292 videlicet
1050 1235 1174 1304 quia
1205 1249 1311 1288 non
1349 1232 1638 1287 annuimus
1665 1229 1796 1284 Adae
1827 1229 1953 1298 qui-

285 1389 287 1392 .
361 1330 483 1388 dell
518 1330 737 1395 bonam,
781 1329 876 1385 sed
920 1329 1158 1384 omnium
1201 1327 1475 1382 hominum
1515 1323 1710 1379 mulam
1757 1321 1952 1378 factam

359 1436 482 1478 asc
509 1419 790 1477 neutram?
817 1417 930 1475 lloc
953 1434 1084 1475 sane
1107 1433 1212 1473 non
1241 1418 1418 1472 solum
1446 1430 1546 1471 nos
1571 1431 1678 1471 non
1695 1428 1947 1481 annuere,

360 1527 549 1572 verum
586 1514 748 1571 etiam
775 1523 832 1569 et
855 1514 1084 1568 summis
1104 1510 1308 1567 viribus
1336 1511 1648 1580 impugnare
1676 1507 1950 1578 proﬁteor.

360 1606 606 1663 Remotis
658 1605 819 1677 igitr
865 1604 973 1660 illis
1019 1603 1394 1673 tigmentoruta
1448 1609 1663 1656 tuorum
1715 1595 1955 1654 distortis

360 1698 638 1769 pueriliter
674 1695 910 1763 retibus,
941 1705 1000 1751 et
1023 1694 1328 1765 vulgaribus
1361 1692 1583 1756 maniis,
1627 1689 1822 1761 quibus
1858 1703 1956 1745 su-

360 1788 616 1844 surrabas
653 1802 752 1843 nos
801 1785 1000 1843 Christi
1041 1786 1272 1856 gratiam
1303 1799 1503 1854 negare
1527 1781 1828 1846 cunabulis,
1859 1795 1956 1835 su-

363 1894 460 1950 per
481 1879 585 1934 hoc
602 1877 1011 1949 congredimur
1028 1917 1044 1942 ,
1083 1877 1132 1930 iu
1155 1891 1262 1946 quo
1281 1883 1366 1930 est
1389 1887 1602 1928 summa
1622 1871 1956 1950 certaminis.

363 1948 447 2026 lio
474 1970 633 2041 igitur
655 1948 847 2025 ordine
884 1981 1046 2038 quem
1086 1966 1305 2036 promisi
1335 1965 1484 2036 (quia
1508 1963 1620 2034 jam
1648 1948 1828 2017 nostra
1857 1960 1956 2017 dc-

363 2061 556 2133 l‘endi),
580 2060 873 2126 Manicha‘i,
897 2060 982 2114 cui
1003 2068 1055 2114 te
1074 2057 1346 2114 adversari
1367 2055 1678 2120 simulabas,
1701 2063 1757 2110 et
1779 2062 1958 2110 vestra

362 2170 521 2211 sensa
551 2167 857 2226 pensemus.

435 2248 572 2304 Aue.
603 2245 788 2302 Vestra
814 2260 918 2300 non
949 2241 1230 2300 defendisti
1247 2282 1264 2310 ,
1292 2240 1386 2296 sed
1411 2238 1630 2296 delendi
1659 2253 1768 2294 non
1795 2251 1958 2308 posse

365 2338 694 2393 monstrasti.

438 2428 617 2483 CLllI.
644 2428 764 2484 Jut.
793 2427 884 2482 ille
903 2440 1034 2497 ergo
1047 2425 1198 2492 dicit,
1215 2439 1244 2477 a
1268 2424 1504 2495 principe
1525 2422 1888 2486 tenebrarum,
1905 2420 1960 2476 id

365 2529 469 2588 est,
498 2528 716 2576 auctore
739 2520 881 2586 mali,
911 2519 979 2574 de
1007 2519 1230 2572 duarum
1249 2515 1629 2572 commixtione
1651 2525 1959 2570 naturarum

366 2615 522 2670 bona!
547 2625 602 2670 et
631 2614 808 2680 malae,
837 2613 1110 2668 hominem
1133 2619 1374 2667 creatum
1403 2610 1584 2665 fuisse.
1613 2609 1694 2664 'l'u
1721 2608 1848 2679 quid
1874 2607 1960 2662 di-

365 2707 478 2762 cis?
530 2708 574 2761 A
608 2706 718 2762 Deo
740 2705 960 2777 quidem
989 2706 1147 2770 bono,
1183 2703 1280 2759 sed
1306 2717 1494 2758 omnes
1519 2701 1766 2757 homines
1789 2699 1963 2755 malos

365 2800 558 2856 creari.

439 2891 576 2945 Anc.
616 2885 673 2943 ln
699 2887 916 2942 homine
949 2895 1075 2941 nato
1109 2893 1166 2940 et
1200 2892 1388 2940 natura
1408 2892 1514 2950 est;
1544 2897 1702 2953 quam
1733 2897 1841 2938 non
1868 2895 1965 2936 ne-

365 2994 464 3050 gas
504 2979 724 3043 bonum,
749 2976 819 3032 de
859 2989 970 3046 quo
1010 2974 1290 3030 laudamus
1331 2981 1632 3028 creatorem
1673 2973 1874 3038 Deum;
1907 2978 1964 3027 et

367 3068 578 3133 vitium,
609 3066 751 3136 quod
781 3081 889 3121 non
919 3079 1084 3134 negas
1111 3064 1340 3128 malum,
1369 3061 1417 3117 si
1443 3061 1528 3118 vel
1557 3075 1774 3132 pressus
1791 3062 1964 3116 conﬂ-

370 3160 503 3217 teris
535 3158 895 3214 necessarium
936 3155 1171 3228 parvulis
1202 3153 1473 3210 medicum
1501 3152 1798 3217 Christum;
1826 3166 1961 3222 quo-

369 3252 538 3318 niam,
569 3247 692 3305 Non
725 3259 800 3305 est
834 3247 1145 3304 necessarias
1181 3246 1320 3301 sanis
1354 3243 1596 3306 θυραίου,
1623 3241 1872 3297 eumdem
1897 3239 1966 3296 de

367 3360 432 3402 se
457 3347 574 3416 ipso
598 3342 803 3398 dixisse
829 3355 1025 3412 negare
1047 3354 1154 3394 non
1184 3346 1338 3408 potes
1365 3335 1658 3392 Christum.

441 3435 622 3493 CLIV.
651 3434 771 3490 ius.
823 3433 964 3488 Inter
988 3440 1040 3487 te
1065 3438 1121 3487 et
1139 3428 1491 3485 Mauiehteum
1522 3427 1698 3498 itaque
1727 3424 1869 3480 nulla
1899 3423 1967 3480 de

372 3527 628 3600 qualitate
657 3533 881 3590 naturar,
922 3521 1018 3578 sed
1057 3521 1126 3577 de
1163 3519 1281 3577 solo
1315 3525 1402 3574 est
1430 3525 1649 3573 auctore
1679 3515 1964 3571 dissensio.

374 3619 489 3674 lloc
513 3617 657 3674 enim
685 3616 883 3670 malum
923 3621 979 3668 tu
1023 3612 1134 3667 Deo
1169 3617 1407 3680 reputas,
1434 3623 1594 3677 quem
1625 3607 1964 3676 parvulorum

373 3720 673 3766 creaton
707 3705 911 3770 fateris,
935 3702 1078 3774 quod
1113 3701 1440 3758 Manichacus
1463 3697 1686 3769 principi
1715 3697 1967 3752 tenebra-

374 3817 516 3868 rum,
546 3815 704 3872 quem
743 3805 946 3853 natura:
992 3794 1237 3848 humana:
1268 3791 1600 3848 conditorem
1637 3787 1858 3859 putavit.
1884 3787 1967 3843 Ad

376 3889 783 3948 instaurandum
805 3887 966 3959 igitur
992 3884 1190 3951 fmdus,
1214 3899 1320 3938 non
1345 3880 1548 3953 grande
1574 3879 1728 3935 vobis
1751 3893 1967 3936 reman-

375 3983 446 4038 sit
471 3981 828 4039 obstaculum.
863 3978 984 4033 Mox
1021 3987 1198 4031 tamen
1235 3973 1466 4039 docebo,
1504 3970 1644 4041 apud
1684 3980 1970 4040 utrumque

319 4061 340 4076 ’
377 4083 611 4130 vestrum
655 4071 757 4127 etsi
785 4069 1024 4125 veritatis
1046 4066 1268 4137 vestigia
1307 4064 1452 4120 nulla
1477 4063 1783 4129 videantur,
1827 4062 1970 4117 illius

377 4174 558 4221 tamen
584 4164 752 4234 magis
772 4177 932 4233 quam
965 4171 1071 4225 tua,
1101 4159 1316 4214 sibimet
1338 4157 1478 4213 dicta
1508 4156 1815 4212 concinere.
1858 4154 1969 4210 Nos

378 4273 540 4330 porro
559 4257 688 4329 quid
712 4255 974 4312 dicimus?
1000 4254 1129 4310 Sine
1154 4252 1316 4308 dubio
1341 4250 1482 4322 quod
1503 4249 1713 4320 utrique
1733 4257 1971 4304 vestrum

378 4355 656 4420 repugnet,
684 4346 735 4401 id
764 4355 868 4413 est,
896 4359 996 4400 nec
1021 4359 1052 4399 a
1082 4343 1225 4398 bono
1256 4343 1365 4398 Deo
1391 4341 1605 4405 malam,
1637 4354 1738 4395 nec
1765 4354 1793 4392 a
1825 4338 1972 4409 prin-

377 4443 498 4513 cipe
542 4440 882 4497 tenebrarum
921 4438 1078 4492 aliam
1108 4437 1189 4492 vel
1223 4435 1438 4502 factam,
1465 4434 1550 4489 vel
1577 4432 1922 4488 commixtam
1950 4431 1970 4463 ⁸

379 4547 503 4589 esse
551 4539 833 4594 naturam;
889 4527 985 4582 sed
1030 4533 1200 4580 unum
1254 4526 1423 4580 Deum
1474 4534 1746 4579 auctorem
1792 4537 1970 4579 rerum

379 4621 643 4688 annium,
670 4620 862 4673 bonam
884 4617 1157 4671 hominum
1181 4630 1286 4670 non
1312 4615 1486 4669 solum
1507 4614 1698 4669 fecisse
1719 4614 1968 4683 primum,

381 4714 478 4771 sed
506 4712 665 4770 etiam
692 4709 868 4764 facere
894 4709 944 4762 in
973 4721 1292 4776 unoquoque
1316 4713 1569 4760 nascente
1594 4713 1836 4759 naturam
1858 4705 1972 4759 :cui

383 4817 566 4862 tamen
603 4800 863 4858 creatoris
897 4798 980 4854 sui
1018 4795 1445 4867 epitulatiouem,
1487 4802 1545 4848 ut
1581 4794 1763 4848 multis
1800 4793 1975 4848 modis

383 4899 590 4963 utilem,
618 4896 688 4950 ita
715 4894 876 4950 etiam
905 4887 1261 4946 necessariam
1291 4885 1624 4956 proﬁtemur.
1661 4884 1973 4954 Quanquam

383 4993 486 5046 alia
515 4997 600 5046 est
618 4986 981 5044 conditionum
1007 4982 1164 5048 ratio,
1195 4979 1300 5035 alia
1323 4977 1617 5042 donorum;
1641 4990 1740 5031 nec
1759 4974 1846 5030 hic
1863 4990 1978 5030 ma-

382 5086 470 5156 jor
509 5084 710 5154 operis,
753 5094 912 5151 quam
959 5075 1166 5149 opiﬁcis
1201 5071 1485 5130 (estimatio
1511 5070 1754 5126 vertitur.
1803 5067 1978 5124 Ambo

389 5179 548 5250 igitur
593 5187 650 5231 tu
692 5182 748 5230 et
787 5172 1128 5235 Manichacus,
1158 5168 1358 5240 pariter
1385 5165 1584 5220 malum
1615 5162 1855 5218 naturale
1880 5162 1975 5217 ﬁr-

389 5269 568 5334 matis,
598 5267 650 5322 id
679 5274 779 5331 est,
805 5263 964 5319 ambo
993 5271 1237 5318 naturam
1281 5257 1476 5315 malam
1516 5255 1790 5311 hominum
1825 5270 1980 5324 atque

389 5359 566 5415 dicitis
593 5375 609 5413 :
635 5353 728 5411 sed
758 5355 849 5410 ille
883 5353 1109 5417 ﬁdelius,
1143 5359 1200 5406 tu
1228 5348 1632 5404 fraudulentius.
1678 5346 1811 5401 Huic
1833 5345 1977 5402 enim

321 5427 342 5448 κ
392 5453 530 5508 male
551 5491 568 5518 ,
595 5448 736 5520 quod
766 5446 1077 5517 iuspiratum
1112 5458 1143 5497 a
1177 5441 1390 5498 diabolo
1419 5440 1711 5496 visceribus
1735 5436 1982 5493 humanis

394 5542 594 5614 pariter
633 5537 987 5602 arbitramini,
1033 5531 1228 5587 nullius
1262 5543 1438 5586 ortum
1482 5533 1570 5587 ille
1612 5529 1859 5586 subducit
1887 5546 1899 5583 :
1928 5538 1981 5583 tu

394 5643 592 5697 autem,
621 5641 680 5686 ut
706 5629 933 5685 videaris
971 5627 1151 5696 aliquo
1193 5625 1413 5691 distare,
1442 5623 1582 5695 quod
1630 5624 1832 5678 nullum
1878 5631 1980 5689 est,

395 5726 542 5783 solos
568 5724 638 5779 ab
669 5737 736 5778 eo
768 5720 902 5777 duos
940 5717 1186 5773 honiiues
1218 5715 1428 5771 conaris
1453 5715 1717 5780 eximere;
1759 5728 1983 5784 quorum

481 5861 499 5896 ί
515 5861 587 5911 sic
611 5867 715 5911 sm.
740 5868 796 5911 At
819 5856 984 5919 riga”,
999 5849 1321 5917 compositam.

1685 381 1886 438 LIBER
1926 381 2242 438 TERTIUS.

3513 395 3648 452 15⁸0

2056 511 2162 552 non
2191 506 2369 554 tamen
2397 514 2658 570 personas
2685 517 2713 557 a
2745 515 2964 574 peccato
2989 505 3207 576 liberas,
3239 507 3334 564 sed
3369 509 3648 581 (provectu

2055 589 2362 653 eruditioris
2397 592 2633 663 ingenii)
2677 595 2811 652 dicis
2841 597 2893 652 in
2921 598 3027 654 illis
3056 614 3161 655 non
3189 601 3354 657 luisse
3385 603 3647 665 naturale,

2055 682 2198 750 quod
2225 693 2321 752 per
2347 684 2477 739 illos-
2497 697 2672 743 tamen
2697 692 2938 747 naturale
2965 691 3161 748 factum
3187 709 3310 750 esse
3335 696 3648 765 persuades.

2055 772 2154 837 Ita,
2180 789 2252 830 ne
2274 777 2358 832 vel
2395 777 2550 834 isthic
2589 779 2734 836 fraus
2777 783 3035 854 impunita
3079 795 3405 854 remaneret,
3448 787 3646 842 furtum

2055 865 2198 934 quod
2228 868 2485 938 magistro
2527 878 2620 925 tuo
2661 872 2885 939 feceras,
2909 874 3145 931 stultitim
3183 876 3462 947 castigavit
3504 877 3650 947 adje-

2055 957 2182 1012 ctio.
2235 957 2367 1014 Nam
2403 962 2626 1018 credere
2661 967 2921 1031 naturale,
2953 969 3093 1038 quod
3123 967 3336 1023 fatearis
3360 967 3431 1024 de
3461 969 3650 1022 volun-

2057 1057 2165 1106 tate
2185 1061 2510 1122 susceptum,
2540 1069 2646 1110 non
2674 1056 2795 1112 dico
2822 1058 3122 1126 ineruditte,
3151 1059 3244 1114 sed
3267 1060 3429 1114 ebria:
3455 1061 3650 1115 mentis

2057 1139 2331 1196 inventum
2359 1151 2462 1198 est.
2493 1144 2687 1200 Verum
2718 1146 2844 1203 hinc
2879 1149 3031 1214 alias,
3071 1165 3213 1206 nunc
3251 1149 3463 1204 interim
3497 1165 3609 1204 rem
3633 1151 3647 1180 ¹

2047 1246 2381 1301 premamus.
2409 1233 2658 1292 Amrmat
2678 1253 2808 1308 ergo
2837 1239 3162 1295 Manichacus
3184 1241 3384 1295 malum
3413 1254 3534 1295 esse
3559 1256 3654 1294 na-

2059 1325 2248 1391 turale,
2280 1335 2336 1382 tu
2363 1329 2554 1384 annuis
2581 1347 2596 1385 :
2617 1329 2746 1386 dicit
2775 1343 2990 1402 peccata
3011 1333 3177 1398 nasci,
3202 1341 3254 1388 ut
3277 1333 3348 1388 ita
3377 1347 3500 1388 esse
3523 1347 3650 1387 con-

2055 1419 2226 1474 sentis
2258 1437 2272 1473 :
2299 1419 2428 1475 dicit
2465 1421 2658 1477 malam
2695 1431 2939 1479 naturam
2982 1425 3281 1492 hominum,
3313 1425 3415 1480 hoc
3441 1440 3654 1496 quoque

2057 1510 2347 1565 conﬁrmas
2378 1529 2392 1565 :
2422 1511 2551 1568 dicit
2579 1515 2816 1569 omnium
2848 1530 3095 1586 prorsus,
3119 1516 3210 1571 hic
3237 1516 3464 1582 resistis,
3494 1526 3655 1586 atque

2058 1600 2202 1655 illam
2231 1602 2454 1672 primum
2480 1603 2705 1660 duorum
2733 1604 3013 1661 hominum
3039 1605 3287 1677 copulam
3327 1603 3653 1677 sequestrari

2057 1692 2216 1763 petis,
2248 1708 2379 1749 sane
2403 1695 2580 1764 quod'
2613 1711 2712 1752 nec
2739 1697 2884 1767 ipsos
2909 1698 3145 1754 vindices
3165 1713 3195 1752 a
3217 1706 3386 1765 reatu,
3410 1697 3653 1768 quinimo

2058 1782 2294 1840 afﬁrmes
2332 1785 2456 1840 mali
2495 1788 2753 1844 naturalis
2787 1797 3057 1845 auctores.
3089 1789 3146 1844 Id
3172 1789 3217 1844 si
3237 1798 3293 1844 et
3321 1804 3419 1844 nos
3449 1789 3540 1844 tibi
3568 1789 3655 1843 in-

2058 1873 2280 1946 dulgere
2323 1877 2613 1947 possimus,
2641 1887 2817 1934 tamen
2861 1887 2985 1936 tuus
3033 1896 3142 1936 non
3185 1879 3332 1935 dabit
3378 1881 3654 1950 magister,

2059 1966 2186 2035 quin
2216 1967 2356 2022 forte
2372 1969 2535 2022 etiam
2562 1968 2747 2024 ferulis
2773 1970 2827 2024 in
2854 1970 3062 2025 tardum
3092 1969 3481 2025 animadvertat
3505 1969 3656 2040 iuge-

2060 2058 2236 2124 niun.;
2283 2060 2355 2114 ita
2397 2069 2458 2114 ut
2496 2059 2591 2115 tibi
2630 2075 2852 2118 necesse
2887 2062 2959 2117 sit
2997 2069 3090 2116 aut
3117 2061 3420 2116 auctoritati
3448 2062 3659 2130 acquie-

2060 2163 2234 2217 scere,
2255 2158 2349 2204 aut
2374 2149 2588 2207 scholas
2613 2151 2730 2222 ejus
2754 2153 2900 2207 omni
2923 2167 2988 2208 es
3011 2161 3161 2222 parte
3191 2152 3462 2208 deserere.
3491 2151 3658 2207 Gelli.

2060 2240 2135 2310 git
2160 2248 2342 2296 autem
2357 2240 2425 2296 ad
2445 2249 2764 2309 extremum,
2789 2251 2846 2297 et
2871 2243 3021 2309 dicit,
3050 2250 3255 2297 natura:
3277 2243 3433 2297 malae
3452 2242 3654 2298 bonum

2061 2339 2333 2386 auctorem
2360 2345 2482 2386 esse
2512 2347 2619 2386 non
2650 2347 2806 2401 posse
2825 2373 2840 2396 ,
2867 2347 2931 2387 ac
2960 2347 3056 2402 per
3080 2332 3182 2387 hoc
3216 2333 3470 2402 principis
3494 2339 3652 2387 tene-

2062 2422 2298 2488 brarum,
2323 2422 2375 2476 id
2401 2430 2505 2488 est,
2535 2423 2731 2479 diaboli
2753 2438 2886 2494 opus
2905 2438 3026 2480 esse
3051 2424 3344 2492 hominem,
3374 2439 3533 2494 quem
3555 2439 3655 2478 na-

2065 2513 2308 2569 turaliter
2330 2513 2527 2568 malum
2557 2515 2717 2569 ambo
2742 2513 3000 2571 iatemini.

2134 2604 2272 2659 Anc.
2311 2602 2564 2658 Naturam
2591 2603 2877 2658 humanam
2903 2621 2933 2660 a
2965 2606 3078 2661 Deo
3099 2605 3242 2660 bono
3264 2603 3531 2660 conditam
3557 2604 3660 2660 bo-

2066 2707 2212 2758 nam,
2235 2707 2430 2764 magno
2458 2693 2833 2749 inobedientim
2860 2705 3077 2764 peccato
3103 2695 3174 2751 ita
3204 2695 3368 2751 fuisse
3395 2695 3657 2764 vitiatam,

2065 2793 2125 2840 ut
2148 2785 2314 2840 etiam
2350 2784 2636 2853 posteritas
2664 2784 2789 2840 inde
2823 2785 3058 2842 traheret
3085 2787 3273 2841 mortis
3299 2787 3547 2842 meritmn
3573 2795 3661 2842 ab

2065 2882 2171 2937 que
2197 2866 2541 2936 supplicium,
2563 2867 2650 2921 cui
2677 2877 2853 2923 tamen
2879 2869 3178 2938 posteritati
3206 2883 3313 2924 non
3335 2878 3493 2941 negat
3520 2870 3662 2925 Deus

2065 2950 2238 3006 bonus
2264 2949 2534 3019 opiﬁcium
2569 2949 2792 3015 bonum,
2817 2960 2872 3006 et
2894 2960 3082 3007 contra
3110 2966 3210 3007 vos
3235 2959 3295 3008 et
3319 2959 3510 3007 contra
3548 2953 3661 3006 Ma-

2067 3040 2303 3096 nichreos
2323 3039 2588 3096 catholica
2617 3040 2749 3097 ﬁdes
2773 3039 2923 3096 dicit.
2955 3041 3060 3097 Sed
3082 3056 3178 3097 vos
3197 3041 3286 3112 qui
3307 3041 3410 3098 hoc
3431 3043 3659 3112 negatis,

2066 3145 2272 3202 quaeso,
2299 3129 2572 3200 paulisper
2601 3130 2901 3200 paradisum
2927 3131 3158 3202 cogitate
3200 3131 3244 3182 ³.
3288 3131 3540 3186 Placetne
3561 3145 3661 3185 vo-

2067 3223 2150 3280 bis
2168 3262 2186 3288 ,
2215 3231 2272 3278 ut
2299 3237 2561 3293 ponamus
2587 3221 2660 3276 ibi
2682 3232 2860 3278 castos
2884 3232 2945 3278 et
2967 3233 3144 3278 castas
3170 3229 3359 3278 contra
3383 3221 3662 3277 libidinem

2067 3313 2674 3385 dimicantes,-gravidas
2702 3322 3046 3380 uauseuntes,
3074 3313 3428 3379 fastidientes,
3461 3314 3665 3385 pallen-

2071 3414 2183 3471 tes;
2229 3405 2364 3460 alias
2402 3405 2455 3460 in
2493 3405 2681 3460 abortu
2715 3406 2995 3476 puerperia
3036 3405 3315 3460 immatura
3354 3404 3660 3472 fundentes,

2067 3497 2203 3554 alias
2238 3497 2292 3552 in
2327 3506 2485 3567 partu
2520 3477 2798 3568 gementes
2819 3507 2873 3552 et
2901 3498 3194 3563 ululantes;
3230 3507 3490 3568 natosque
3517 3502 3664 3567 ipsos

2030 3602 2034 3606 '
2069 3603 2257 3645 omnes
2281 3587 2494 3653 ﬂentes,
2523 3603 2647 3644 sero
2673 3587 2930 3652 ridentes,
2962 3588 3133 3643 serius
3159 3587 3460 3658 loquentes,
3477 3597 3529 3642 et
3558 3587 3665 3642 hoc

2069 3681 2448 3746 balbutientes,
2485 3681 2538 3736 in
2577 3681 2789 3736 scholas
2830 3690 3011 3750 postea
3045 3679 3190 3746 duci,
3230 3690 3290 3735 ut
3333 3679 3537 3735 litteras
3577 3680 3654 3734 di-

2070 3781 2241 3837 seant,
2269 3771 2370 3826 sub
2396 3771 2544 3836 loris,
2576 3769 2780 3837 ferulis,
2809 3770 3078 3841 virgisque
3103 3770 3408 3840 plorantes,
3440 3784 3539 3839 pro
3565 3784 3664 3823 va-

2071 3864 2349 3920 rietatibus
2377 3864 2712 3934 ingeniorum
2740 3864 3024 3919 distributa
3054 3865 3314 3920 varietate
3341 3878 3616 3934 prunarum
3643 3880 3661 3931 ;

2071 3957 2288 4026 insuper
2313 3956 2732 4013 innumerabiles
2774 3957 3011 4023 morbos,
3043 3965 3097 4011 et
3133 3956 3436 4012 damonum
3483 3959 3664 4012 incur-

2071 4064 2184 4114 sus,
2210 4057 2266 4105 et
2304 4047 2537 4104 ferarum
2561 4065 2792 4114 morsus,
2815 4050 3008 4120 quibus
3035 4049 3250 4119 quidam
3275 4049 3666 4115 cruciarentur,

2072 4139 2289 4210 quidam
2313 4147 2368 4195 et
2393 4140 2834 4205 absumerentur;
2874 4141 2964 4210 qui
2996 4156 3125 4195 vero
3169 4141 3285 4196 sani
3335 4151 3537 4203 essent,
3564 4141 3667 4197 sub

2074 4233 2291 4288 incertis
2309 4247 2497 4296 eorum
2521 4233 2737 4288 casibus
2767 4233 2962 4287 misera
2994 4241 3272 4301 parentum
3304 4233 3668 4298 sollicitudine

2075 4324 2406 4378 nutrirentur
2433 4339 2448 4377 :
2474 4331 2657 4378 essent
2683 4323 2845 4376 etiam
2883 4320 2955 4376 ibi
2987 4321 3170 4392 utique
3197 4321 3452 4378 orbitates
3489 4331 3544 4378 et
3581 4323 3667 4376 lu-

2073 4425 2211 4482 ctus,
2240 4422 2296 4470 ct
2320 4413 2639 4469 amissorum
2667 4412 3104 4469 charissimorum
3125 4412 3390 4468 desideria
3421 4430 3540 4469 eum
3569 4413 3668 4468 do-

2075 4507 2274 4562 loribus
2311 4504 2512 4561 cordis.
2557 4504 2799 4574 Longum
2830 4512 2915 4560 est
2951 4506 3200 4575 persequi
3229 4505 3443 4571 omnia,
3474 4505 3668 4575 quibus

2076 4599 2230 4654 malis
2249 4598 2486 4654 abundat
2508 4597 2624 4652 haec
2653 4597 2758 4651 vita
2783 4615 2799 4652 :
2821 4611 2920 4651 nec
2940 4606 3060 4651 sunt
3088 4606 3264 4652 tamen
3286 4595 3386 4650 ista
3417 4597 3523 4650 ulla
3544 4611 3668 4664 pee-

2076 4700 2212 4744 cata.
2246 4689 2372 4744 llme
2396 4701 2525 4758 ergo
2552 4687 2597 4741 si
2625 4686 2799 4740 futura
2827 4694 2978 4740 erant
3004 4686 3055 4739 in
3086 4685 3354 4755 paradiso,
3385 4685 3530 4739 nullo
3555 4685 3624 4739 ibi
3648 4723 3666 4749 ,

2077 4780 2228 4849 cujus
2258 4779 2450 4833 merito
2477 4777 2790 4842 existerent,
2819 4777 3153 4846 prreeedente
3181 4785 3417 4846 peccato,
3439 4778 3669 4846 qumrite

2079 4873 2179 4928 ista
2199 4871 2408 4941 quibus,
2437 4884 2544 4924 nou
2569 4868 2759 4939 plane"
2780 4868 3047 4933 ﬁdelibus.
3075 4867 3171 4924 sed
3201 4867 3506 4924 irrisoribus
3532 4885 3669 4938 prze-

2078 4964 2288 5021 dicetis.
2318 4960 2516 5018 Certe“
2563 4961 2608 5015 si
2650 4961 2769 5016 talis
2807 4960 3084 5030 paradisus
3131 4960 3458 5031 pingeretur,
3491 4963 3670 5017 nullus

2080 5056 2282 5113 diceret
2305 5068 2424 5110 esse
2448 5052 2774 5124 paradisum,
2810 5067 2907 5107 nec
2937 5053 2982 5107 si
3007 5069 3164 5122 supra
3196 5052 3408 5123 legisset
3442 5053 3543 5109 hoc
3575 5071 3670 5108 uo-
3748 5038 3753 5043 ’

2083 5163 2205 5205 men
2235 5147 2545 5216 inscriptum
2582 5163 2596 5200 :
2629 5161 2728 5201 nec
2769 5147 2971 5200 diceret
3008 5161 3222 5201 errasse
3265 5145 3541 5217 pictorem,
3574 5149 3670 5204 secl

2084 5240 2240 5310 plane
2277 5245 2594 5308 agnosceret
2631 5236 2928 5291 irrisorem.
2953 5236 3332 5292 Verumtamen
3359 5253 3547 5293 eorum
3578 5240 3670 5308 qui

2085 5347 2184 5387 vos
2212 5337 2496 5393 noverunt,
2527 5343 2686 5384 nemo
2725 5328 3006 5382 miraretur
3028 5370 3045 5396 ,
3074 5329 3119 5384 si
3155 5329 3446 5386 adderetur
3473 5346 3668 5387 nomen

2084 5434 2214 5478 vesti
2231 5441 2318 5479 um
2343 5424 2409 5478 ad
2440 5425 2669 5489 titulum,
2701 5432 2756 5478 et
2777 5423 3104 5479 scriberetur
3128 5425 3406 5495 paradisus
3429 5425 3672 5496 Pelagia-

2151 5538 2168 5570 ι
2204 5537 2360 5600 \‘ign.,
2384 5542 2447 5586 le.
2471 5543 2600 5595 uss,
2622 5547 2746 5600 rem.

2152 5601 2170 5630 ι
2205 5597 2359 5657 Forte,
2387 5611 2535 5661 quos;
2556 5597 2654 5658 vel,
2679 5610 2806 5661 cyma.

2151 5661 2173 5723 Ξ
2195 5662 2267 5709 sic
2285 5657 2419 5722 vigu'.
2448 5666 2496 5707 tu
2518 5657 2591 5723 ἢ,
2616 5657 2844 5723 cogitare.
2914 5669 2968 5710 M.

2151 5722 2173 5752 ⁸
2208 5715 2365 5782 tigni,
2391 5715 2694 5784 pt'tecedenté'
2735 5728 2945 5784 peccato,
2992 5721 3212 5784 qmurt'te.
3258 5728 3349 5773 Ista
3387 5731 3477 5768 "0n
3511 5715 3675 5780 FW:

2093 5789 2186 5835 etc.
2208 5796 2222 5841 ;
2247 5782 2442 5840 iuuisse,
2462 5782 2647 5846 quibus.
2669 5782 2934 5844 CaStigatur
2959 5782 3116 5836 albas.

2155 5847 2177 5878 ⁵
2211 5847 2367 5908 \‘igtu,
2393 5858 2518 5896 cccc.
2549 5854 2652 5896 Mss.
2674 5881 2686 5906 ,
2705 5853 2849 5895 certe.
