2086 3254
265 185 329 213 1511

265 249 370 269 norum.
387 241 415 269 Si
427 245 517 268 autem
532 239 595 268 hinc
606 238 764 267 enibescitis
773 236 951 273 (nequeenim
965 241 1058 262 revera

265 287 375 322 pudoris
389 287 471 314 ullum
487 285 633 321 putandum
648 289 689 313 est
702 285 728 312 in
743 283 819 311 vobis
835 281 997 315 remansisse
1009 286 1060 307 ve-

263 333 382 367 stigium,
396 333 420 360 si
434 339 486 359 non
503 332 564 359 hinc
578 328 758 366 erubescitis),
775 334 941 364 perversam,
956 332 1059 361 quanio,

265 378 375 406 tandem
397 382 499 405 mutate
513 377 684 409 sententiam,
710 380 738 403 et
752 375 896 402 humanam
917 372 1020 400 credite
1034 372 1061 400 in

242 451 245 454 _
266 423 315 450 has
325 422 447 450 miserias
457 426 566 457 peccato
576 421 622 449 illo
634 428 730 456 magno
745 422 872 446 mutatam
886 417 968 445 fuisse
982 421 1061 444 natu-

244 460 249 469 ’
266 477 339 502 ram;
354 476 441 504 neque
451 468 506 496 ullo
519 467 600 496 modo
613 467 663 494 ista
676 466 703 494 in
716 465 840 501 paradiso
847 471 907 492 esse
920 463 1059 499 potuisse:

266 519 408 550 propterea
429 515 491 543 inde
510 515 598 543 exisse
619 514 688 546 illos,
704 519 818 548 qttorum
840 511 921 539 etiam
942 517 1061 546 propago

266 561 345 596 digna
359 565 416 589 erat
429 560 491 588 talia
505 560 648 593 sustinere,
661 562 816 586 transeunte
835 558 862 585 in
886 563 982 584 omnes
996 563 1062 583 con-

266 608 371 641 tagione
389 607 489 641 peccati
505 613 565 633 cum
580 605 733 633 conditione
747 603 880 639 supplicii.
897 603 952 630 Iloc
963 602 1061 637 dogma

265 652 426 680 catholicum
438 657 466 680 et
477 652 608 687 justitiam
623 651 670 679 Dei
682 650 883 685 dcfendit,quia
898 656 952 677 non
966 648 1061 676 imme-

265 696 319 724 rito
331 698 411 725 vitam
427 697 579 725 mortalium
593 697 720 724 voluisset
734 703 794 724 esse
807 695 954 731 pcenalcm;
970 698 998 721 et
1011 700 1061 721 vos

265 742 480 779 Ilanichzeosque
498 744 630 771 subvertit
641 753 649 771 :
660 750 707 771 vos
718 742 836 778 quidem,
847 742 908 777 quia
923 741 1000 769 malis
1019 744 1061 767 ta-

269 788 339 816 libus
352 788 506 816 horribilem
519 788 642 824 paradiso
655 788 771 816 tribuitis
788 787 985 819 infelicitatem;
1003 786 1061 814 Ma-

266 833 383 861 niclucos
402 838 502 867 autem,
517 834 579 868 quia
598 833 675 861 malis
694 833 791 861 talibus
809 837 931 860 naturam
952 832 999 860 Dei
1019 832 1061 859 sui

265 879 310 914 (ac
324 887 371 914 per
384 879 434 907 hoc
447 879 510 914 quid
526 879 598 907 aliud
613 887 693 915 quam
714 879 798 907 Deum
812 878 925 914 suum?)
939 882 1063 907 asserunt

265 925 407 953 infelicem.
428 925 543 953 Proinde
555 933 599 953 me
610 933 718 953 movere
730 933 784 953 non
801 924 891 958 debet,
902 924 973 959 quod
996 924 1062 952 mihi

264 971 420 1006 magistrum
437 970 625 1004 Manichzeum,
636 971 680 1006 qui
697 970 789 998 ferulis
809 971 835 998 in
850 978 940 998 meum
955 969 1061 997 tardum

241 1031 244 1034 ~
264 1017 400 1052 ingenium
411 1017 615 1049 animadvertat,
630 1017 743 1052 opponis
758 1026 765 1044 :
781 1016 828 1044 sed
842 1020 868 1044 te
877 1016 991 1044 obsecro
1004 1023 1063 1043 mo-

263 1068 335 1097 veat,
349 1063 418 1099 quod
432 1063 579 1091 secundum
593 1064 696 1091 erroris
704 1063 786 1091 vestri
799 1062 936 1090 infandum
947 1063 1062 1090 horren-

263 1108 381 1144 dumque
391 1113 554 1144 portentum,
566 1108 697 1136 erudieris
707 1108 811 1141 ferulis,
825 1108 929 1136 etiamsi
943 1108 969 1135 in
985 1115 1063 1142 para-

264 1154 315 1181 disi
329 1154 435 1189 populis
449 1154 609 1182 nasccrcris.
625 1154 710 1187 Quam
724 1153 948 1181 deformissimam
967 1153 1062 1181 absur-

264 1198 392 1231 ditatem,
408 1199 431 1226 si
454 1199 592 1226 nobiscum
615 1199 786 1231 horrescitis,
801 1202 830 1226 ut
847 1198 971 1230 debetis;
992 1198 1063 1226 unde

265 1248 317 1276 est,
333 1251 397 1279 rogo
411 1250 468 1277 vos,
481 1245 560 1271 etiam
575 1243 625 1271 ista
640 1251 784 1278 puerorum
797 1244 905 1271 miseria
919 1243 992 1278 (quae
1003 1251 1063 1279 pro-

265 1289 308 1317 cul
321 1288 403 1317 dubio
414 1296 467 1317 non
479 1293 520 1317 est
532 1296 566 1317 ex
579 1293 675 1316 natura
687 1289 759 1322 mali,
772 1296 851 1324 quam
862 1289 998 1323 desipiunt
1008 1288 1063 1316 Ma—

265 1334 387 1370 niclmi),
404 1335 454 1363 nisi
468 1335 530 1371 quia
541 1335 587 1363 illo
601 1340 711 1371 peccato
722 1342 820 1370 magno
834 1339 862 1362 et
873 1334 951 1362 nobis
963 1335 1063 1362 inami-

266 1381 358 1409 mabili
371 1381 411 1409 sic
420 1381 512 1408 vitiata
528 1386 570 1409 est
585 1381 700 1409 humana
714 1385 819 1413 natura,
832 1384 859 1408 et
874 1380 959 1416 pinnis
967 1380 1062 1415 justis-

266 1427 342 1454 simis
360 1427 504 1461 implicata,
520 1430 549 1454 ut
566 1433 601 1454 ex
620 1434 651 1454 ea
671 1434 724 1454 non
747 1426 833 1454 solum
853 1425 1063 1461 corruptibilitas

265 1480 407 1508 corporum
418 1471 622 1500 totterumnosis
633 1472 740 1500 casibus
753 1471 868 1505 subdita,
877 1479 971 1500 verum
981 1471 1062 1499 etiam

266 1518 377 1545 tarditas
396 1518 563 1553 ingeniorum
581 1517 697 1545 obnoxia
711 1516 804 1545 ferulis
814 1517 928 1552 aliisque
940 1516 1062 1545 verberi-

264 1563 315 1590 bus
329 1563 457 1597 oriretur;
478 1568 560 1599 atque
582 1564 615 1591 ita
636 1563 688 1591 hoc
706 1563 851 1599 malignum
869 1563 996 1591 saeculum
1014 1571 1063 1599 per

265 1608 350 1636 malos
373 1608 432 1636 dies
456 1616 541 1644 ttsque
562 1608 596 1636 ad
622 1609 764 1636 terminum
788 1616 865 1636 suum
888 1613 1018 1642 curreret,
1033 1612 1063 1636 ut

264 1653 345 1680 etiam
359 1654 442 1681 sancti
456 1654 490 1681 ab
504 1659 606 1682 aeterno
622 1654 754 1689 supplicio
765 1655 834 1682 eruti
845 1655 853 1671 ¹
877 1662 925 1690 per
941 1655 1060 1682 divinam

265 1699 466 1734 indulgentiam,
480 1699 592 1735 pignore
604 1700 816 1735 incorruptibilis
828 1700 923 1728 salutis
937 1705 1059 1735 accepto,

264 1752 359 1779 punias
378 1749 466 1773 tamen
482 1746 543 1773 vita:
560 1745 639 1781 hujus
653 1746 679 1773 in
693 1746 763 1773 bono
777 1754 826 1773 usu
841 1753 932 1774 earum
947 1746 1061 1774 tolerare

263 1790 438 1825 iuberentur,
462 1798 522 1819 cum
545 1791 672 1819 mercede
695 1791 846 1826 patientiae,
870 1792 959 1826 potius
979 1799 1060 1827 quam

265 1837 316 1864 illis
335 1841 503 1865 mererentur
519 1837 600 1865 etiam
616 1842 678 1873 post
691 1837 877 1865 remissionem
890 1841 1060 1873 peccatorum

263 1891 293 1910 ea
297 1891 356 1911 rere
363 1885 376 1909 ν

298 1930 374 1957 CLV.
388 1930 448 1958 Jun.
463 1931 497 1957 At
508 1934 535 1957 tu
546 1935 638 1958 contra
649 1931 701 1958 ltoe
713 1931 835 1959 ultimum
844 1935 915 1958 totus
928 1931 1059 1966 insnrgis;

264 1979 366 2003 etcum
389 1976 414 2002 in
431 1983 510 2003 unam
532 1984 626 2003 navem
649 1984 710 2004 eum
734 1976 879 2004 Maniclneo
895 1976 1060 2009 ascenderis,

264 2029 380 2056 cumque
411 2022 480 2049 idem
505 2022 615 2058 spiritus
641 2030 748 2050 cursum
776 2027 892 2049 vestrum
919 2022 1058 2055 direxerit,

263 2068 422 2096 transmisso
445 2069 500 2103 jam
529 2068 609 2102 freto,
634 2070 730 2104 putasti
757 2070 802 2097 tibi
826 2074 914 2097 tamen
936 2069 962 2096 in
988 2070 1061 2097 littus

263 2113 335 2147 aliud
350 2114 514 2141 exeundum.
529 2114 625 2142 Verum
640 2115 708 2143 forte
720 2115 818 2143 dilectu
835 2116 956 2142 utilitatis
969 2115 1060 2150 proxi-

263 2168 315 2187 ma:
336 2160 499 2188 tolerabilior
519 2160 565 2188 ﬁat
589 2161 650 2189 licet
670 2162 743 2189 tarda
766 2163 909 2189 cunctatio.
932 2162 958 2188 lu
980 2169 1059 2197 quem

264 2206 344 2240 igitur
369 2211 474 2240 portttm
497 2206 630 2240 navigium
654 2207 764 2242 dirigis?
792 2216 802 2233 t
823 2207 901 2240 Dico,
921 2217 930 2233 ι
960 2207 1058 2241 inquis,

266 2261 277 2277 ι
297 2252 394 2279 bonum
409 2252 516 2287 quidem
535 2252 619 2279 Deum
633 2260 707 2285 esse,
724 2252 849 2280 eumdem
864 2257 952 2280 tamen
966 2252 1059 2279 condi-

264 2303 351 2324 torem
378 2297 519 2324 malorttm.
547 2306 556 2323 ι
584 2296 606 2324 0
636 2297 745 2332 periculi
771 2298 857 2332 fugam
882 2297 907 2324 in
933 2297 1059 2332 scopulos

263 2349 365 2377 aetatu,
381 2348 463 2371 totam
485 2343 622 2371 Manicha-i
638 2344 769 2371 sentinam
790 2352 870 2379 super
889 2352 950 2372 eum
971 2344 1058 2372 effun-

262 2390 327 2418 dere
339 2390 463 2422 voluisse,
479 2397 557 2425 quem
574 2390 655 2417 Deum
671 2390 792 2425 putaris!

298 2436 366 2464 Al'G.
386 2435 518 2470 Numquid
533 2441 559 2462 tu
575 2443 666 2470 negas,
682 2436 762 2462 etiam
779 2436 804 2462 in
817 2436 893 2462 malis
906 2435 1059 2463 hominibus

264 2482 360 2509 bonam
373 2489 433 2510 esse
446 2487 566 2509 naturam
582 2487 609 2509 et
619 2482 700 2508 animi
711 2487 737 2509 ct
748 2481 886 2516 corporis?
901 2482 983 2515 llujus
996 2481 1057 2508 boni

264 2532 304 2555 est
317 2527 438 2555 conditor
457 2528 544 2561 Deus;
565 2528 635 2563 quod
652 2528 814 2555 Mauicha'us
827 2528 926 2555 malum
942 2528 1016 2560 dicit,
1031 2532 1059 2555 et

265 2573 326 2599 huic
339 2573 410 2599 bono
423 2573 494 2608 quod
510 2574 608 2600 malum
623 2574 697 2606 dicit,
717 2573 816 2600 malum
832 2573 950 2608 assignat
964 2578 1058 2600 aucto-

264 2627 332 2646 rem.
353 2619 409 2646 Non
435 2619 506 2646 enim
531 2621 542 2636 ⁸
564 2620 658 2647 saltem
681 2620 777 2647 anith
799 2620 882 2654 parcit
898 2628 905 2646 τ
921 2619 968 2647 sed
989 2620 1058 2646 sicut

264 2672 339 2691 suam
352 2664 494 2699 quamdam
513 2665 579 2692 dicit
595 2672 654 2692 esse
667 2666 783 2692 animam
796 2665 895 2697 carnis,
909 2666 944 2691 ita
960 2666 1056 2692 malam

266 2715 385 2736 naturam
400 2710 454 2737 Deo
470 2710 540 2737 bono
554 2716 714 2738 co:rtcrnam
724 2731 732 2744 ,
747 2716 774 2738 ut
793 2711 861 2738 bona
875 2711 984 2738 omnino
997 2718 1057 2739 esse

266 2765 318 2783 non
334 2757 434 2792 possit;
458 2756 570 2784 alteram
592 2764 656 2784 vero
674 2758 792 2785 animant
812 2758 907 2786 bonam
922 2757 947 2785 in
962 2757 1059 2785 eodem

297 2835 304 2850 ι
323 2836 401 2867 vign.,
414 2834 444 2867 al)
455 2836 545 2859 wterno
556 2833 674 2865 supplicio
685 2840 728 2865 per
737 2834 858 2866 divinam;
869 2836 965 2866 omisso,
979 2835 1058 2867 eruti;

266 2865 327 2896 ψπκι
340 2865 476 2890 r-Z-stituitur
490 2871 520 2896 ex
534 2867 585 2888 Mss.

297 2897 306 2910 ¹
322 2898 357 2920 ιιίε
368 2901 419 2920 Mss.
436 2900 458 2920 At
473 2895 540 2922 editi,
553 2894 649 2920 "cutim.

583 181 706 212 OI‘LRIS
725 177 931 210 ISIPERFECTI
951 175 1087 205 CONTRA
1106 174 1286 210 JULIANUM,
1306 176 1336 205 S.
1355 175 1537 206 AUGUSTINI

1843 179 1911 206 13H

1116 231 1233 264 homine,
1249 241 1300 260 non
1312 241 1327 260 a
1342 234 1396 261 Deo
1412 233 1520 267 factam,
1532 234 1578 261 sed
1592 233 1765 261 substantiam
1773 234 1818 262 Dei
1830 239 1912 270 atque

1115 284 1244 312 naturam,
1260 280 1285 307 in
1299 280 1377 315 hujus
1396 280 1593 308 commixtionis
1610 281 1741 314 miserias,
1765 281 1836 309 nulla
1861 289 1910 309 sua

1115 325 1263 360 iniquitate,
1287 326 1333 353 sed
1349 326 1395 354 Dei
1411 327 1480 354 mala
1498 327 1656 355 necessitate
1674 333 1838 356 contrusam.
1853 329 1910 357 IIuc

1114 377 1202 399 autem
1219 377 1302 399 totum
1316 372 1450 407 opiﬁcium
1464 373 1534 408 quod
1555 378 1596 401 est
1613 373 1703 406 homo,
1725 378 1754 402 et
1770 375 1868 402 malum
1881 380 1911 403 et

1115 419 1176 446 mali
1193 427 1252 447 esse
1276 419 1341 446 dicit
1362 420 1488 447 auctoris.
1510 420 1625 448 Videsne
1641 428 1720 456 quam
1743 421 1846 449 diversa
1865 421 1911 449 ille

1114 465 1209 500 sapiat,
1225 470 1252 493 et
1266 465 1302 493 ob
1316 466 1367 493 hoc
1380 466 1549 494 insanissime
1561 467 1714 502 nefarieque
1727 468 1857 502 desipiat?
1868 467 1909 496 'l'u

1114 515 1203 537 autem
1219 511 1263 545 qui
1286 516 1426 547 propterea
1447 512 1530 539 malos
1554 513 1626 540 nasci
1647 520 1726 547 posse
1746 521 1798 541 non
1819 520 1909 550 putas.

1114 556 1175 590 quia
1191 556 1259 583 Deus
1278 556 1364 584 bonus
1382 564 1429 584 eos
1442 563 1514 585 creat
1529 566 1537 590 ;
1553 549 1695 592 contende,
1710 558 1733 586 si
1749 549 1835 594 potes,
1858 568 1908 588 nec

1114 609 1225 636 corpora
1237 602 1309 629 nasci
1325 610 1402 637 posse
1415 603 1508 630 vitiosa
1519 623 1527 636 ,
1543 605 1603 638 quia
1618 608 1645 631 ct
1658 604 1714 638 ipsa
1725 604 1796 632 Deus
1808 605 1911 640 integer

1113 651 1187 674 creat
1204 656 1210 673 :
1226 647 1356 675 contende
1376 653 1521 683 postremo,
1544 649 1614 676 sicut
1636 650 1731 682 malos,
1751 651 1812 686 quia
1823 651 1911 679 bonus

1114 699 1161 719 eos
1174 697 1264 725 creat;
1285 693 1319 720 ita
1334 701 1383 720 nec
1398 694 1488 721 tardos
1501 695 1617 730 ingenio,
1632 703 1680 723 nec
1691 696 1775 724 fatuos
1786 697 1909 726 homines

1115 739 1198 771 nasci,
1219 739 1279 774 quia
1294 740 1402 774 sapiens
1417 748 1464 768 eos
1476 747 1559 768 creat.
1574 742 1670 769 Annon
1690 747 1731 770 est
1747 744 1846 771 malum
1866 744 1909 772 Sa-

1116 784 1206 817 tuitas,
1221 792 1281 812 cum
1295 786 1431 821 Scriptura
1446 786 1525 820 dicat,
1541 788 1784 823 incomparabiliter
1794 790 1910 824 amplius

1115 830 1214 859 fatuum
1225 831 1368 867 lugendum
1377 840 1436 860 esse
1444 841 1522 868 quam
1532 840 1664 861 mortuum
1671 834 1766 869 (Eccli.
1773 843 1841 868 ult,
1850 836 1910 873 ιον

1115 877 1188 905 Sicut
1200 885 1263 912 ergo
1274 878 1410 906 nobiscum
1420 886 1474 906 non
1483 879 1571 907 dicitis
1583 880 1665 908 Deum
1679 880 1810 909 fatuitatis
1817 886 1910 910 aucto-

1115 932 1171 951 rem
1179 944 1187 956 ,
1201 932 1261 951 cum
1275 928 1362 951 tamen
1373 925 1444 952 nasci
1456 925 1580 953 homines
1593 925 1679 953 fatuos
1690 926 1743 954 Deo
1751 932 1859 955 creante
1870 928 1911 955 Ia-

1116 970 1222 996 teatuiui
1238 979 1244 996 :
1258 970 1296 997 sic
1306 977 1354 997 nos
1365 974 1501 998 auctorem
1510 971 1618 998 malitia:
1628 979 1680 998 non
1690 971 1804 1000 dicimus
1813 972 1908 1006 Deum,

1115 1019 1142 1042 et
1157 1019 1244 1043 utmeu
1256 1015 1392 1049 originalis
1402 1015 1563 1050 obligatione
1577 1017 1677 1050 peccati
1690 1018 1776 1045 malos
1786 1017 1909 1046 homines

1115 1060 1198 1092 nasci,
1216 1068 1268 1087 non
1285 1061 1334 1088 nisi
1350 1066 1458 1088 creante
1474 1062 1541 1096 ipso,
1556 1063 1616 1096 quia
1633 1069 1686 1090 non
1701 1068 1774 1091 creat
1787 1063 1913 1092 homines

1115 1106 1165 1133 nisi
1178 1106 1244 1140 ipse,
1259 1111 1330 1133 recte
1344 1114 1486 1142 possumus
1500 1107 1598 1135 dicere.

1150 1152 1238 1180 CLVI.
1259 1153 1319 1180 Jun.
1335 1154 1465 1180 Alurolute
1477 1154 1555 1189 igitur
1566 1155 1658 1187 claret,
1672 1156 1825 1190 opinionem
1840 1156 1912 1184 illius

1115 1199 1311 1232 consequentiae
1327 1199 1386 1233 plus
1402 1198 1501 1226 habere
1513 1208 1520 1226 τ
1534 1199 1557 1226 si
1571 1200 1670 1227 malum
1684 1200 1784 1236 aliquid
1800 1207 1907 1228 natura-

1116 1243 1176 1271 liter
1187 1244 1357 1277 conderetur,
1365 1245 1531 1273 consimilem
1544 1246 1551 1261 ¹
1566 1246 1607 1272 sui
1622 1246 1750 1273 indicaret
1762 1252 1912 1274 auctorem.

1151 1291 1218 1317 Ave.
1232 1289 1277 1317 Sic
1289 1290 1403 1324 sapiant,
1413 1291 1469 1325 qui,
1481 1291 1532 1317 nisi
1543 1290 1660 1318 haeretici
1672 1291 1826 1326 Pelagiani?
1841 1292 1912 1327 Ergo

1115 1335 1175 1370 quia
1190 1336 1309 1362 mortalis
1323 1336 1413 1368 homo,
1427 1336 1573 1363 secundum
1588 1341 1623 1369 te,
1634 1344 1688 1364 non
1702 1337 1850 1372 pmnaliter,
1862 1338 1911 1365 sed

1115 1381 1272 1408 naturaliter
1286 1381 1419 1414 conditur,
1435 1382 1601 1409 consimilem
1613 1382 1652 1409 sui
1667 1382 1807 1410 mortalem
1818 1388 1911 1410 osten-

1115 1425 1154 1453 dit
1167 1432 1304 1454 auctorem
1321 1436 1327 1453 :
1343 1431 1369 1454 et
1387 1432 1416 1454 ut
1430 1428 1535 1455 fatuitas
1549 1432 1592 1454 tua
1610 1428 1704 1456 saltent
1720 1427 1799 1456 fatuis
1813 1428 1910 1456 eruboo

1115 1478 1187 1504 Sent;
1201 1473 1260 1507 quia
1272 1473 1359 1500 fatuus
1374 1473 1454 1500 homo
1467 1473 1625 1500 naturaliter
1634 1473 1769 1508 conditur,
1782 1474 1912 1502 consimi-

1115 1518 1167 1546 lem
1182 1518 1221 1545 sui
1237 1519 1352 1545 ostendit
1366 1518 1466 1546 fatuum
1481 1524 1629 1546 auctorem.

1151 1562 1250 1590 CLVII.
1275 1563 1335 1590 ιυι..
1357 1563 1510 1590 Prrcscribit
1523 1568 1613 1591 autem
1629 1564 1736 1598 veritas,
1751 1564 1838 1600 primo
1851 1572 1910 1592 ma-

1115 1609 1181 1641 lum,
1199 1608 1223 1635 id
1238 1613 1280 1636 est
1295 1613 1443 1643 peccatum,
1458 1609 1509 1636 dici
1526 1617 1578 1636 non
1592 1617 1671 1644 posse
1686 1610 1756 1645 quod
1772 1610 1808 1637 ita
1823 1615 1864 1638 est
1881 1615 1912 1637 ut

1114 1655 1172 1689 ejus
1188 1659 1280 1681 natura
1293 1655 1466 1688 compulerit;
1482 1659 1672 1690 peccatumque
1685 1655 1750 1683 nihil
1763 1663 1824 1684 esse
1836 1655 1910 1683 aliud

1114 1708 1193 1734 quam
1221 1700 1416 1727 exorbitantem
1435 1708 1450 1727 a
1468 1700 1535 1728 calle
1545 1700 1654 1735 justitiae
1667 1701 1677 1717 ¹
1689 1701 1800 1729 liberam
1816 1701 1910 1729 volun—

1115 1750 1209 1774 tatem.

1150 1792 1216 1820 Anc.
1229 1791 1282 1820 Sed
1296 1792 1347 1820 hoc
1361 1800 1467 1828 quoque
1478 1793 1608 1829 originale
1621 1797 1759 1828 peccatum
1769 1800 1802 1821 ex
1815 1793 1908 1820 volun-

1115 1842 1169 1867 tate
1189 1839 1325 1874 peceantis
1344 1839 1473 1875 originem
1488 1839 1578 1874 ducit;
1592 1844 1672 1875 atque
1689 1840 1727 1867 ita
1747 1839 1848 1867 nullum
1867 1844 1910 1867 est

1114 1884 1164 1912 nisi
1178 1885 1314 1913 voluntate
1326 1890 1477 1921 peccatum.

1149 1930 1262 1958 CLVIII.
1287 1931 1348 1959 Jun.
1377 1932 1479 1966 Quibus
1508 1932 1641 1968 praesidiis
1666 1932 1794 1960 innocens
1818 1940 1910 1960 ret-tun

1113 1977 1232 2004 omnium
1245 1982 1338 2005 natura
1353 1977 1521 2012 defenditur,
1535 1986 1595 2013 qua:
1607 1978 1643 2005 ita
1660 1986 1782 2012 manens,
1799 1982 1826 2005 ut
1840 1985 1907 2005 cou-

1113 2022 1167 2050 dita
1179 2027 1230 2057 est,
1244 2023 1310 2050 nulli
1324 2023 1428 2051 crimini
1440 2023 1568 2058 probatur
1579 2024 1703 2051 obnoxia.

1148 2068 1217 2097 Atio.
1241 2068 1301 2096 Non
1315 2073 1403 2096 autem
1423 2069 1459 2096 ita
1476 2070 1574 2097 mansit
1593 2074 1623 2097 ut
1640 2070 1746 2097 condita
1764 2075 1826 2097 est:
1848 2070 1911 2097 idco

1113 2113 1217 2141 crimini
1234 2115 1363 2149 probatur
1372 2115 1492 2142 obnoxia
1502 2136 1510 2148 ,
1525 2122 1654 2150 suamque
1665 2116 1776 2150 stirpem
1791 2123 1840 2143 suo
1853 2116 1891 2142 cri
1900 2130 1906 2134 -

1113 2160 1177 2187 mini
1191 2164 1315 2196 tanquam
1326 2161 1492 2189 hzcrcditario
1508 2161 1571 2190 fecit
1583 2162 1725 2189 obnoxiam
1735 2170 1807 2197 :qua:
1818 2167 1910 2190 tamen

1112 2207 1192 2234 etiam
1206 2208 1261 2242 ipsa
1278 2207 1303 2234 in
1317 2212 1445 2243 quantum
1459 2215 1475 2235 a
1491 2209 1546 2236 Deo
1557 2209 1689 2240 conditur.
1701 2209 1769 2236 bona
1784 2214 1834 2236 est.

1148 2252 1237 2280 CLIX.
1252 2252 1311 2280 IUL.
1325 2253 1421 2280 Malum
1437 2253 1515 2289 igitur
1528 2254 1648 2282 naturale
1660 2261 1721 2282 esse
1732 2261 1784 2281 non
1800 2258 1906 2289 petest:

1112 2306 1143 2325 ac
1154 2306 1200 2333 per
1216 2299 1266 2327 hoc
1280 2307 1329 2327 nec
1342 2307 1387 2327 rea
1403 2299 1454 2326 ulla
1469 2300 1625 2327 naturaliter
1636 2305 1770 2332 creatura,
1785 2308 1835 2328 nec
1847 2308 1907 2327 nta-

1112 2345 1153 2372 lus
1164 2350 1266 2372 aut-tor.
1279 2346 1375 2373 lllalum
1387 2346 1485 2381 quippe
1496 2354 1548 2373 non
1564 2346 1697 2374 exstantis
1708 2346 1843 2373 invenitur
1858 2354 1908 2373 na-

1114 2396 1179 2418 tura:
1195 2400 1201 2418 :
1219 2391 1265 2419 sed
1287 2391 1356 2419 sicut
1373 2392 1460 2420 omnis
1478 2396 1610 2425 creatura,
1629 2392 1655 2419 in
1671 2397 1800 2427 quantum
1815 2392 1908 2420 condi.

1114 2439 1166 2467 tur,
1184 2434 1253 2463 bona
1266 2438 1323 2468 est;
1345 2435 1381 2462 ita
1400 2440 1427 2462 et
1458 2435 1528 2462 Deus
1543 2439 1697 2462 naturarum
1711 2439 1806 2462 auctor
1824 2435 1908 2462 bona-

1112 2489 1182 2514 rum,
1199 2482 1273 2509 nullo
1287 2481 1376 2517 operis
1396 2481 1435 2508 sui
1456 2481 1568 2508 crimine
1583 2481 1741 2512 maculatus,
1757 2488 1806 2515 per
1818 2480 1908 2507 omnia

1111 2528 1198 2555 bonus
1222 2528 1357 2563 probatur.
1383 2526 1479 2554 'l‘otum
1501 2527 1581 2561 igitur
1603 2527 1731 2562 quidquid
1748 2526 1909 2554 Manichmus

1111 2575 1253 2608 attulerat,
1278 2574 1329 2602 hac
1352 2581 1405 2602 una
1423 2573 1620 2602 Catholieornm
1643 2574 1746 2602 ratione
1767 2573 1778 2589 ³
1797 2574 1908 2601 subver-

1112 2629 1170 2649 sum
1185 2626 1239 2649 est.

1147 2668 1214 2696 Anc.
1236 2667 1292 2694 Hoc
1309 2674 1400 2694 verum
1417 2667 1485 2694 dicis
1499 2676 1506 2693 :
1522 2674 1632 2701 prorsus
1647 2676 1657 2693 ι
1676 2667 1762 2694 omnis
1774 2671 1909 2700 creatura,

1112 2713 1139 2740 in
1152 2717 1278 2748 quantum
1293 2712 1433 2744 conditur,
1449 2713 1517 2740 bona
1534 2718 1575 2740 est
1589 2722 1595 2740 :
1615 2723 1624 2740 ι
1645 2718 1672 2740 ct
1686 2713 1746 2740 idco
1760 2713 1829 2740 sicut
1845 2712 1908 2746 hoc.

1112 2757 1148 2785 ita
1161 2762 1188 2785 et
1201 2757 1272 2792 quod
1285 2758 1404 2792 scqttitur
1414 2758 1518 2793 utrique
1528 2758 1656 2791 dicimus;
1670 2758 1795 2794 quoniam
1811 2766 1820 2783 ι
1837 2757 1908 2784 Deus

1144 2836 1152 2867 ξ
1171 2834 1249 2867 vigit“
1256 2836 1279 2858 et
1286 2832 1448 2867 δίῃιξιειηειιςξ
1459 2834 1619 2867 ,tonsimilcm
1626 2841 1636 2867 ;
1643 2835 1736 2867 absque
1744 2833 1865 2866 particula.
1876 2836 1909 2860 rt.

1144 2866 1153 2899 ξ
1170 2863 1209 2888 sit?
1217 2867 1269 2889 Mss.
1282 2864 1355 2899 Fditiz
1364 2863 1494 2899 ittjttslt'tia'.

1145 2897 1154 2911 ¹
1172 2899 1211 2920 ns.
1226 2899 1297 2926 l‘ort.,
1310 2897 1494 2921 rationm-lianc.
