4172 6508
348 364 501 421 ’1315

351 489 662 537 naturarum
701 483 885 530 auctor
924 473 1184 531 bonarum
1213 471 1358 528 nullo
1387 469 1564 543 operis
1598 470 1681 527 sui
1724 470 1950 526 crimine

351 571 670 634 maculatus,
720 585 815 639 per
857 568 1036 623 omnia
1081 567 1256 623 bonus
1296 565 1567 638 probatur.
1600 583 1620 618 ι
1662 561 1776 621 Hoc
1801 566 1946 621 enim

352 673 520 720 totum
563 662 670 717 illic
695 662 713 694 ¹
743 660 1100 727 connectitur,
1141 658 1286 730 quod
1326 676 1346 712 ι
1383 655 1558 713 omnis
1595 664 1861 723 creatura,
1892 657 1945 711 in

349 763 607 828 quantum
633 753 900 818 conditur,
925 753 1068 808 bona
1091 759 1195 807 est.
1231 770 1252 805 ι
1287 753 1363 806 Ac
1384 764 1479 822 per
1504 750 1606 807 hoc
1627 758 1682 806 et
1707 749 1870 806 homo
1891 750 1944 804 in

347 857 605 920 quantum
636 845 908 912 conditur,
941 845 1112 900 bonus
1131 852 1213 899 est
1251 861 1266 899 ε
1308 843 1364 899 in
1388 853 1644 914 quantum
1672 849 1854 897 autem
1878 841 1948 897 de

351 942 530 998 vitiata
560 941 768 1013 origine
804 947 1114 1011 generatur,
1145 938 1319 994 bonus
1348 952 1455 994 non
1487 947 1601 1004 est;
1633 936 1755 992 ideo
1789 951 1946 1008 rege-

349 1031 616 1088 nerandus
644 1040 748 1088 est.

422 1123 580 1180 CLX.
612 1122 736 1179 ιω..
765 1121 869 1178 Sed
899 1131 1074 1177 tamen
1099 1121 1187 1177 ille
1215 1121 1302 1193 qui
1333 1120 1556 1177 fulmine
1573 1119 1812 1176 veritatis
1839 1127 1944 1174 tam

349 1216 647 1288 perspicua:
687 1215 921 1280 interiit,
960 1230 1027 1270 ex
1067 1223 1218 1285 parte
1245 1214 1421 1285 aliqua
1462 1213 1670 1269 videtur
1708 1213 1935 1282 spirare,

351 1325 470 1366 cum
490 1307 765 1364 confertur
789 1307 903 1362 tibi.
934 1307 1012 1362 Illi
1029 1308 1172 1362 enim
1197 1317 1304 1362 tota
1326 1305 1591 1376 dogmatis
1617 1306 1720 1370 sui,
1753 1305 1941 1360 funda-

351 1409 534 1458 mento
547 1398 665 1470 ejus
687 1397 1056 1454 tantummodo
1072 1406 1313 1461 nutante,
1331 1404 1597 1451 structura
1618 1395 1908 1450 collabitur
1930 1413 1944 1449 :

349 1493 443 1548 tibi
465 1500 648 1546 autem
676 1490 777 1546 tria
798 1489 1042 1544 similiter
1068 1489 1339 1553 vacillant,
1363 1496 1421 1542 ut
1446 1487 1520 1542 illi
1544 1501 1727 1541 unum.
1759 1487 1835 1540 Ac
1855 1501 1950 1556 per

350 1592 472 1652 hoc,
502 1584 624 1640 vide
651 1593 829 1639 utrum
867 1581 1079 1637 aedificii
1112 1582 1186 1636 tui
1230 1581 1520 1652 quidquam
1564 1580 1728 1649 possit
1767 1594 1947 1634 assur-

344 1691 494 1744 gere.
535 1674 721 1732 Manes
757 1676 777 1706 ³
823 1689 954 1745 ergo
995 1681 1185 1743 putans
1219 1686 1342 1728 esse
1368 1671 1609 1727 naturale
1641 1679 1940 1740 peccatum,

348 1765 492 1836 quod
517 1766 620 1822 nisi
645 1765 1004 1821 voluntarium
1030 1779 1151 1819 esse
1179 1778 1287 1819 non
1319 1771 1516 1832 potest,
1551 1762 1604 1817 in
1632 1776 1800 1817 vacuo
1821 1759 1945 1815 fun-

349 1860 600 1916 damenta
628 1859 842 1916 locavit.
873 1857 1100 1928 Reliqua
1135 1870 1266 1912 vero
1289 1855 1441 1926 juxta
1466 1870 1527 1911 se
1553 1861 1949 1924 consequenter

350 1951 632 2022 imposuit,
679 1949 888 2017 dicens,
939 1947 1194 2019 quoniam
1235 1954 1324 2002 est
1364 1944 1607 2001 naturale
1646 1952 1944 2014 peccatum,

350 2042 545 2097 malam
574 2055 695 2098 esse
721 2048 999 2105 naturam;
1034 2037 1191 2094 mala:
1218 2045 1398 2093 autem
1427 2035 1507 2092 rei
1545 2046 1818 2091 auctorem
1846 2034 1946 2091 bo-

347 2149 479 2188 num
508 2147 615 2188 non
642 2147 764 2188 esse
797 2148 810 2187 :
842 2146 906 2187 ac
949 2145 1046 2200 per
1078 2129 1203 2196 hoc,
1242 2143 1404 2185 omne
1447 2127 1738 2182 humanum
1778 2141 1948 2197 genus

351 2224 705 2296 reputandum
732 2223 958 2295 principi
983 2222 1324 2278 tenebrarum
1355 2237 1368 2274 :
1396 2219 1540 2292 quod
1561 2229 1732 2274 totum
1758 2218 1946 2290 utique

348 2326 496 2372 stare
523 2315 804 2386 potuisset,
835 2314 941 2370 nisi
967 2312 1097 2369 illud
1119 2313 1349 2382 primum
1378 2313 1497 2383 ejus
1528 2309 1837 2366 suﬂodisset
1859 2326 1948 2365 ve-

351 2411 505 2473 ritas,
533 2407 584 2462 id
615 2414 722 2473 est,
755 2413 1036 2477 peccatum
1061 2417 1198 2475 opus
1227 2402 1414 2459 libera:
1439 2401 1730 2457 voluntatis
1765 2399 1948 2456 doceri

349 2499 593 2554 naturale
631 2514 739 2553 non
798 2511 956 2568 posse
982 2538 1000 2565 ,
1047 2503 1102 2552 et
1142 2492 1406 2566 quidquid
1446 2492 1638 2550 fuisset
1681 2491 1946 2557 naturale,

349 2603 627 2664 peccatum
655 2608 776 2648 esse
799 2608 906 2649 non
937 2605 1118 2663 posse.

422 2687 558 2742 Anc.
591 2685 848 2741 Similiter
867 2693 1053 2740 contra
1077 2690 1129 2738 te
1150 2688 1328 2753 potest
1348 2679 1684 2736 ratiocinatio
1705 2679 1804 2734 ista
1821 2691 1950 2733 con-

349 2777 459 2834 texi
489 2795 504 2832 :
535 2776 667 2844 Quia
701 2791 808 2831 non
841 2775 911 2829 ita
941 2776 1117 2830 fatuus
1143 2787 1224 2838 es,
1256 2781 1317 2826 ιιι
1341 2772 1552 2842 ingenia
1578 2771 1744 2837 fatua,
1785 2768 1838 2824 id
1866 2777 1951 2824 est

351 2868 527 2924 fatuos
553 2866 823 2930 homines,
855 2865 1001 2920 nasci
1050 2877 1211 2933 neges
1243 2880 1256 2916 :
1289 2876 1418 2932 ergo
1445 2859 1566 2915 audi
1594 2869 1682 2916 tua
1709 2858 1950 2914 fatuitate

349 2966 614 3030 quantum
655 2954 926 3027 adjuveris
955 2953 1284 3008 dementiam
1310 2950 1610 3006 Manicbaei.
1639 2949 1778 3004 Dicit
1803 2949 1948 3004 enim

353 3051 547 3106 doetus
591 3061 624 3104 ι
682 3055 736 3103 te
801 3044 941 3117 ipso,
989 3043 1242 3116 quoniam
1281 3041 1540 3098 naturalis
1590 3049 1676 3097 est
1712 3039 1947 3105 fatuitas,

351 3140 598 3197 eamdem
628 3138 828 3196 fatuam
863 3151 986 3194 esse
1026 3145 1305 3202 naturam;
1348 3133 1619 3206 quomodo
1645 3142 1702 3188 tu
1729 3131 1948 3201 dixisti,

356 3253 376 3285 ι
411 3231 666 3304 quoniam
697 3238 800 3297 est,
829 3227 1074 3285 naturale
1095 3235 1395 3297 peccatum,
1426 3225 1624 3280 malum
1649 3237 1770 3280 esse
1792 3232 1951 3278 natu-

355 3342 472 3381 ram
511 3343 526 3382 :
571 3344 590 3379 ι
637 3323 834 3381 deinde
859 3323 951 3380 ille
994 3320 1174 3388 addit,
1226 3320 1384 3375 fatua:
1427 3326 1603 3374 autem
1655 3314 1732 3372 rei
1763 3325 1948 3371 aucto-

353 3435 467 3476 rem
509 3416 804 3488 sapicutem
849 3429 957 3470 non
995 3427 1154 3478 esse;
1203 3412 1344 3468 sicut
1399 3419 1457 3465 tu
1502 3408 1700 3474 dixisti,
1737 3425 1757 3460 ι
1796 3406 1951 3462 make

353 3520 533 3567 autem
586 3509 665 3565 rei
717 3515 994 3564 auctorem
1050 3505 1248 3561 bonum
1293 3517 1400 3558 non
1455 3515 1619 3557 esse:
1671 3517 1692 3551 ι
1739 3509 1950 3570 postre-

355 3617 444 3659 ruo
496 3602 588 3658 ille
646 3597 950 3664 concludit,
997 3599 1076 3652 Ac
1109 3610 1206 3667 per
1272 3593 1397 3661 hoc,
1464 3590 1730 3647 t'atuorum
1775 3589 1950 3644 homi-

357 3711 482 3753 num
544 3707 722 3765 genus
793 3688 1145 3763 reputandum
1191 3683 1417 3758 principi
1475 3682 1818 3740 tenebrarum
1874 3680 1954 3736 sic

355 3788 498 3842 enim
545 3794 602 3842 et
645 3793 704 3841 tu
746 3781 1076 3847 conclusisti,
1119 3778 1338 3835 dicens:
1367 3795 1387 3830 ι
1419 3776 1496 3831 Ac
1519 3790 1614 3846 per
1637 3775 1761 3841 hoc,
1790 3787 1950 3829 omne

359 3880 646 3933 humanum
667 3888 834 3948 genus
863 3869 1215 3945 reputandnm
1247 3866 1470 3939 principi
1493 3864 1832 3922 tenebrarum
1849 3863 1891 3917 ³.
1926 3880 1949 3918 ι

358 3969 498 4026 Ecce
514 3966 834 4026 Manielmus
844 3979 940 4021 ore
961 3973 1052 4019 tuo
1068 3972 1118 4018 te
1132 3962 1276 4029 vicit,
1293 3969 1384 4016 tuo
1413 3968 1465 4014 te
1482 3955 1949 4030 gladiojugulavit.

357 4059 494 4128 Quid
531 4073 592 4114 es
626 4055 880 4113 acturus?
927 4053 1112 4125 Neque
1149 4052 1291 4108 enim
1336 4059 1387 4106 te
1424 4048 1682 4105 adversus
1705 4061 1830 4104 eum
1853 4060 1952 4117 po-

359 4161 463 4208 test
510 4149 708 4224 aliquid
753 4148 1029 4220 adjuvare,
1075 4160 1140 4201 ac
1181 4159 1288 4200 non
1332 4142 1494 4199 etiam
1544 4139 1662 4212 plus
1706 4153 1954 4211 premere

357 4254 516 4318 atque
533 4242 844 4309 confodere,
867 4239 1011 4313 quod
1033 4238 1298 4310 adjungis,
1334 4243 1390 4294 et
1413 4233 1571 4302 dicis,
1602 4251 1622 4287 ι
1651 4239 1820 4288 totum
1851 4230 1955 4287 hoc

359 4338 542 4407 utique
569 4344 716 4391 stare
754 4333 1015 4404 potuisse,
1052 4329 1157 4386 nisi
1190 4326 1322 4384 illud
1357 4326 1586 4398 primum
1624 4323 1742 4395 ejus
1787 4319 1952 4378 suffo-

357 4428 526 4482 disset
552 4425 769 4489 veritas,
809 4424 863 4479 id
895 4430 999 4490 est,
1031 4430 1304 4492 peccatum
1334 4433 1472 4488 opus
1497 4416 1680 4473 liberm
1707 4413 1953 4470 volunta-

362 4520 432 4574 tis
455 4515 637 4574 doceri
663 4513 906 4570 naturale
931 4527 1038 4568 non
1066 4525 1245 4583 posse,
1277 4517 1334 4566 et
1360 4506 1618 4580 quidquid
1644 4505 1831 4562 fuisset
1855 4516 1953 4560 na-

363 4606 554 4674 turale,
585 4614 861 4678 peccatum
887 4616 1012 4659 esse
1033 4617 1140 4657 non
1168 4615 1346 4672 posse.
1383 4617 1402 4652 ι
1431 4597 1567 4667 Quid
1596 4608 1649 4652 te
1669 4596 1772 4652 hoc
1798 4594 1957 4664 adju-

359 4709 472 4766 vat,
502 4705 558 4754 et
586 4694 856 4769 quomodo
885 4708 990 4750 non
1013 4693 1182 4763 magis
1202 4690 1476 4762 magisque
1504 4686 1762 4744 suffocat'l
1785 4686 1955 4742 Num-

360 4791 488 4866 quid
503 4791 644 4846 enim
667 4796 819 4860 potes
843 4786 1042 4852 dicere,
1072 4783 1363 4839 fatuitatem
1386 4779 1681 4835 naturalem
1711 4792 1832 4833 esse
1849 4791 1956 4833 non

364 4881 557 4954 posse?
582 4888 689 4937 stat
713 4892 842 4950 ergo
867 4875 1123 4931 adversus
1141 4882 1213 4941 te,
1244 4869 1387 4942 quod
1409 4871 1460 4925 in
1485 4867 1646 4924 simili
1674 4867 1957 4922 ratiocina-

367 4963 511 5028 tione
542 4971 774 5044 primum
804 4966 982 5040 posuit
1008 4962 1356 5026 Manichaaus,
1400 4958 1651 5032 quoniam
1687 4965 1770 5014 est
1801 4964 1958 5011 natu-

365 5066 492 5121 ralis
517 5065 731 5120 fatuitas
766 5079 780 5116 :
819 5059 905 5117 cui
941 5058 1089 5114 velut
1118 5054 1468 5111 fundamento
1492 5060 1686 5108 ccetera
1715 5048 1831 5120 ejus
1855 5062 1957 5118 pit--

369 5158 491 5212 testi
529 5163 922 5226 consequenter
949 5159 1179 5207 astructa
1211 5146 1254 5215 ⁵,
1298 5159 1467 5216 usque
1506 5143 1573 5199 ad
1613 5141 1826 5198 culmen
1868 5139 1958 5195 ubi

367 5251 532 5316 dicit,
571 5248 675 5304 tale
713 5245 988 5302 hominum
1021 5257 1190 5315 genus
1218 5237 1571 5311 reputandum
1605 5233 1828 5309 principi
1875 5241 1958 5288 te-

369 5343 677 5398 nebrarum.
723 5337 832 5393 Nos
876 5344 1053 5392 autem
1098 5332 1326 5405 primum
1377 5325 1506 5384 illud
1553 5325 1960 5380 fundamentum

825 5559 881 5602 At
901 5558 1032 5611 Mss,
1077 5556 1276 5611 Manes;
1314 5559 1494 5597 nomen
1532 5543 1778 5608 preprium
1815 5540 1960 5590 Mani-

370 5622 554 5731 d’flfix
579 5688 686 5730 Mss.
712 5675 1030 5736 restituimus.
1072 5672 1143 5722 sic
1159 5669 1284 5722 enim
1305 5674 1351 5721 et
1367 5674 1418 5720 tu
1441 5665 1733 5736 conclusisti,
1757 5661 1960 5736 dicens;

381 5764 403 5793 ι
440 5757 493 5794 4c
516 5755 602 5804 per
624 5741 733 5799 hoc,
754 5751 890 5790 0mm
922 5735 1183 5786 lamnarum
1217 5744 1365 5798 genus
1401 5731 1723 5794 reputamtzmr
1751 5731 1960 5792 principi

381 5826 406 5854 ι
435 5805 755 5857 tenebrarum.
790 5817 844 5867 »_
1041 5865 1048 5867 _
1086 5856 1098 5867 ο

445 5872 465 5900 ⁸
499 5869 570 5918 sic
592 5874 698 5917 Mss.
724 5872 777 5916 Αι
798 5865 956 5924 Viam,
979 5863 1190 5910 astricta.

1753 356 1950 412 LIBER
1993 356 2310 414 TERTllIS.

3515 368 3651 424 15H

2064 477 2182 544 ejus
2208 473 2519 542 evertimus,
2557 475 2647 546 qui
2693 477 2989 532 naturalem
3022 476 3316 536 fatuitatem
3356 481 3479 539 ideo
3520 485 3652 543 dicio

2061 582 2197 634 mus,
2242 568 2367 638 quia
2411 577 2704 624 nascuntur
2744 570 2990 626 homines
3038 568 3166 626 fatui
3213 591 3225 626 :
3272 589 3338 628 ex
3367 574 3652 631 accidente

2057 659 2266 714 scilicet
2292 659 2439 724 vitio,
2461 675 2527 715 ex
2552 675 2659 731 quo
2686 660 2993 731 hujusmodi
3019 663 3170 734 origo
3191 666 3384 720 merito
3411 671 3656 724 trahere-

2060 759 2166 816 tur,
2195 765 2300 805 non
2321 751 2445 822 quia
2473 767 2633 822 prava
2659 761 2742 808 est
2767 753 3012 822 primitus
3043 754 3271 809 humana
3296 755 3534 811 instituta
3562 774 3653 812 na-

2060 850 2194 906 tura,
2248 843 2382 897 sicut
2433 843 2627 913 desipit
2677 843 3018 900 Manichacus.
3066 847 3142 900 Ac
3171 861 3268 917 per
3315 845 3438 914 hoc,
3492 849 3652 902 etiam

2057 931 2200 1003 quod
2220 944 2610 1003 consequenter
2638 933 2898 1005 adjnngit,
2923 936 3166 991 eamdem
3193 936 3388 992 fatuam
3415 953 3533 994 esse
3561 955 3656 994 na-

2059 1031 2269 1089 turam;
2299 1037 2396 1078 nos
2423 1033 2642 1094 propter
2668 1025 2873 1092 vitium,
2897 1041 3020 1080 cum
3049 1043 3154 1097 quo
3181 1037 3339 1082 natus
3365 1038 3448 1084 est
3477 1030 3654 1085 fatuus

2057 1115 2221 1171 homo
2241 1158 2257 1183 ,
2290 1131 2395 1172 nou
2437 1124 2658 1188 propter
2687 1119 2828 1188 quod
2856 1119 2907 1173 in
2937 1120 3027 1175 illo
3057 1128 3139 1174 est
3168 1121 3435 1190 opificium
3467 1123 3651 1180 condi-

2039 1208 2188 1278 toris
2231 1207 2379 1274 boui,
2407 1225 2590 1264 verum
2632 1225 2752 1265 esse
2778 1212 3144 1267 concedimus.
3190 1212 3359 1268 Natus
3396 1225 3478 1268 est
3507 1215 3652 1269 enim

2056 1298 2251 1368 fatuus,
2272 1301 2545 1356 accidente
2567 1302 2733 1368 vitio;
2766 1301 2930 1358 homo
2955 1315 3134 1359 autem
3157 1315 3370 1360 creatus
3394 1315 3496 1370 est,
3526 1320 3656 1376 ope-

2055 1402 2207 1447 rante
2232 1392 2361 1449 Deo.
2390 1393 2592 1449 Deinde
2613 1395 2754 1464 quod
2780 1395 2948 1462 addit,
2975 1398 3132 1451 fatua:
3154 1407 3333 1452 autem
3367 1399 3443 1453 rei
3473 1408 3652 1452 aucto:

2056 1499 2170 1540 rem
2197 1499 2304 1538 non
2333 1499 2452 1540 esse
2481 1487 2778 1556 sapientem
2801 1531 2815 1554 ,
2849 1497 2907 1542 ut
2931 1503 3018 1544 res
3053 1491 3165 1559 ipsa
3195 1489 3357 1546 homo
3385 1491 3650 1560 intelliga-

2057 1583 2170 1642 tur;
2221 1591 2327 1630 non
2366 1591 2484 1632 esse
2514 1592 2846 1648 consequens
2875 1579 3122 1634 dicimus.
3155 1581 3284 1649 Ejus
3326 1581 3521 1651 quippe
3549 1581 3650 1636 ho-

2055 1668 2218 1723 minis
2244 1668 2335 1739 qui
2386 1667 2562 1724 fatuus
2591 1679 2749 1726 natus
2776 1680 2878 1739 est,
2923 1673 3087 1728 Deum
3129 1673 3374 1738 dicimus,
3407 1675 3651 1745 quamvis

2055 1775 2162 1816 non
2188 1761 2430 1817 dicamus
2465 1762 2634 1834 ipsius
2672 1763 2950 1832 fatuitatis,
2991 1775 3288 1822 auctorem.
3334 1767 3464 1834 Qua:
3496 1768 3654 1822 fatui-

2055 1860 2136 1906 tas
2165 1866 2272 1907 non
2297 1862 2382 1908 est
2410 1863 2598 1908 natura
2619 1863 2777 1925 atque
2796 1855 3116 1923 substantia,
3145 1873 3264 1927 qua:
3284 1872 3389 1912 non
3414 1861 3650 1914 nascitur

2053 1944 2154 1998 nisi
2185 1953 2402 2000 creante
2427 1945 2573 2012 Deo;
2614 1947 2710 2002 scd
2749 1947 2988 2017 ejusdem
3015 1957 3219 2004 natura:
3249 1950 3471 2015 vitium,
3504 1951 3646 2021 quod

2053 2035 2245 2092 accidit
2270 2036 2480 2093 sinente
2508 2037 2619 2093 Deo
2648 2055 2661 2092 :
2689 2038 2835 2108 justo
2874 2047 3053 2094 autem
3090 2040 3292 2111 judicio
3319 2042 3484 2097 Deum
3525 2043 3594 2098 ita
3625 2044 3642 2074 ί

2051 2128 2253 2194 sinere,
2283 2144 2388 2184 non
2414 2129 2595 2201 utique
2621 2130 2951 2187 dubitamus.
2983 2133 3058 2188 Ita
3083 2133 3410 2190 destruimus
3439 2145 3494 2190 et
3528 2134 3641 2189 Ma-

2053 2218 2291 2276 nicbzeos
2321 2221 2491 2276 malos
2534 2222 2702 2277 ruina:
2743 2239 2855 2278 sua:
2891 2233 3207 2294 structores,
3247 2235 3302 2282 et
3334 2227 3647 2298 Pelagianos

2055 2311 2468 2368 Manichzcorum
2501 2311 2675 2370 fatuos
2701 2315 2996 2384 adjutores.

2124 2401 2304 2457 CLXI.
2344 2401 2462 2459 Jun.
2503 2403 2698 2460 Primae
2727 2405 2886 2477 igitur
2912 2406 3242 2464 definitionis
3267 2423 3460 2464 eversu
3481 2452 3498 2477 ,
3526 2411 3646 2465 cul-

2054 2494 2198 2550 mina
2229 2496 2348 2566 ejus
2381 2496 2435 2551 in
2465 2498 2638 2553 solum
2663 2513 2866 2554 cuneus
2885 2499 3108 2556 rationis
3135 2500 3344 2556 effudit.
3376 2501 3514 2571 Quid
3544 2503 3645 2574 igi-

2056 2595 2142 2641 tur
2166 2586 2235 2642 dc
2264 2595 2317 2644 te
2341 2603 2547 2659 speras,
2578 2589 2734 2660 cujus
2760 2590 2860 2646 tria
2893 2591 2966 2646 ita
3002 2600 3128 2647 sunt
3157 2593 3209 2648 in
3247 2592 3474 2661 lubrico,
3511 2595 3648 2650 sicut

2054 2677 2195 2734 illius
2219 2679 2418 2734 unum?
2445 2679 2587 2736 Dicis
2611 2683 2754 2737 enim
2781 2682 2976 2752 primo,
3015 2684 3260 2740 naturale
3290 2700 3412 2742 esse
3457 2700 3648 2756 pecca-

2055 2776 2199 2834 tum;
2218 2769 2474 2836 secundo,
2497 2770 2696 2826 bonum
2719 2772 2906 2838 Deum,
2928 2773 3021 2843 qui
3048 2773 3209 2838 mala,
3231 2774 3282 2829 id
3308 2783 3392 2830 est
3406 2785 3642 2846 peccata,

2054 2857 2270 2925 condat,
2292 2859 2561 2928 informet,
2585 2863 2835 2918 extendat
2852 2880 2868 2928 ;
2885 2864 3041 2920 tertio
3061 2880 3210 2932 vero,
3227 2881 3338 2922 rem
3359 2865 3649 2923 voluntatis

2055 2951 2352 3007 immixtum
2371 2967 2492 3008 esse
2506 2954 2821 3010 seminibus.
2839 2955 2966 3011 Haec
2993 2971 3124 3026 ergo
3152 2957 3251 3011 tria
3277 2957 3647 3014 definitionum

2057 3049 2266 3097 tuarum
2287 3044 2460 3113 capita
2479 3043 2688 3116 singula
2707 3045 2850 3117 apud
2868 3056 3040 3103 semet
3058 3047 3304 3102 vacillant
3329 3066 3342 3101 :
3370 3049 3644 3115 vacillant,

2055 3131 2260 3204 inquio,
2305 3133 2413 3188 imo
2438 3142 2496 3190 ut
2523 3134 2676 3190 funes
2709 3150 2742 3192 e
2779 3135 2996 3205 sabulo,
3026 3136 3333 3193 dilabuntur
3358 3149 3645 3212 antequam

2055 3232 2266 3279 coeant.
2295 3223 2471 3282 Unum
2495 3241 2642 3298 ergo,
2676 3227 2729 3282 id
2752 3236 2856 3295 est,
2885 3229 3126 3284 naturale
3153 3239 3431 3300 peccatum
3450 3231 3563 3302 jam
3589 3233 3645 3289 in

2053 3315 2368 3385 Mauiclnco,
2399 3335 2464 3375 ex
2492 3319 2698 3376 directo
2721 3321 2938 3393 quidem
2964 3322 3294 3379 destructum
3323 3324 3469 3394 jacet
3497 3345 3511 3381 :
3543 3328 3648 3384 alia

2055 3418 2236 3464 autem
2263 3411 2372 3466 duo
2394 3427 2515 3481 qua:
2539 3413 2810 3482 epinionis
2833 3423 3026 3470 vestra:
3055 3423 3180 3470 sunt
3207 3417 3443 3487 propria,
3479 3417 3646 3475 Mani-

2055 3501 2207 3558 cinno
2233 3503 2457 3560 totidem
2487 3504 2791 3561 intereunte
2813 3546 2830 3573 ,
2859 3506 2954 3561 sed
2975 3495 3232 3562 consueta
3262 3508 3283 3540 ⁸
3313 3507 3646 3564 ceciderunt.

2054 3593 2188 3649 Nam
2228 3596 2274 3649 si
2331 3595 2422 3651 ille
2459 3609 2582 3651 reos
2627 3596 2776 3652 nasci
2831 3596 3110 3664 homines,
3161 3613 3260 3654 nec
3307 3614 3403 3669 per
3451 3599 3646 3654 malam

2006 3716 2012 3723 -
2056 3695 2341 3753 naturam,
2395 3700 2498 3742 nec
2564 3700 2663 3756 per
2726 3686 3026 3757 principem
3084 3689 3425 3745 tenebrarum
3479 3691 3652 3760 potuit

2056 3775 2358 3842 vindicare;
2409 3783 2612 3848 quanto
2654 3777 2827 3847 magis
2862 3791 2958 3833 vos
2996 3778 3165 3844 stulti,
3209 3778 3300 3850 qui
3350 3779 3418 3838 ad
3466 3789 3650 3836 osten-

2055 3868 2230 3924 denda
2284 3868 2618 3924 nascentium
2679 3867 2904 3923 crimina
2952 3868 3207 3939 junxistis
3249 3870 3650 3928 accusationem

2057 3960 2187 4016 Dei?
2216 3961 2295 4016 Ac
2325 3975 2421 4032 per
2447 3959 2550 4017 hoc
2569 4001 2587 4026 ,
2624 3961 2763 4016 sicut
2800 3976 2908 4016 non
2956 3969 3131 4032 potest
3155 3974 3346 4018 natura
3374 3977 3495 4018 esse
3521 3979 3648 4034 pec-

2056 4063 2272 4120 eatum,
2319 4067 2426 4126 quo
2467 4052 2690 4110 fulmine
2722 4052 2998 4109 Hanichmi
3039 4051 3231 4124 dogma
3278 4053 3524 4123 dissiliit;
3579 4055 3651 4110 ita

2057 4148 2306 4213 recurrit,
2349 4155 2410 4204 ut
2449 4147 2592 4218 quod
2637 4155 2913 4219 peccatum
2952 4155 3060 4215 est,
3102 4147 3345 4204 naturale
3377 4163 3497 4204 esse
3543 4163 3653 4203 non

2059 4245 2244 4312 possit.
2292 4239 2400 4297 Res
2446 4241 2591 4297 enim
2635 4239 2924 4296 voluntatis
2973 4254 3082 4295 non
3129 4242 3320 4296 transit
3368 4241 3420 4296 in
3462 4241 3653 4296 condi-

2059 4336 2257 4390 tionem
2281 4333 2595 4391 substantiae
2628 4351 2642 4389 :
2673 4333 2817 4406 quod
2838 4341 2893 4389 tu
2923 4331 3121 4389 factum
3148 4333 3447 4390 arbitraris.
3487 4334 3653 4389 Multo

2059 4438 2238 4481 autem
2260 4425 2430 4498 magis
2458 4433 2705 4493 constat,
2739 4425 2909 4482 Deum
2949 4424 3146 4480 bonum
3179 4424 3351 4480 malos
3381 4439 3651 4497 nunquam

2057 4533 2264 4575 creare.
2297 4519 2558 4590 Apparuit
2580 4520 2780 4590 itaque,
2804 4527 3082 4589 peccatum
3105 4517 3156 4572 in
3187 4525 3465 4585 nascente,
3492 4533 3652 4589 quem

2061 4608 2202 4664 Deus
2225 4615 2394 4674 creat,
2420 4623 2542 4664 esse
2567 4623 2672 4662 non
2697 4622 2877 4678 posse.
3059 4674 3064 4680 l

2129 4698 2267 4753 Anc.
2310 4696 2384 4752 Ita
2421 4706 2631 4752 constat
2667 4697 2834 4752 Deum
2872 4696 3068 4751 bonum
3108 4695 3280 4751 malos
3309 4710 3416 4751 non
3444 4709 3648 4763 creare,

2059 4785 2506 4858 quemadmodum
2550 4795 2761 4841 constat
2797 4787 2963 4841 Deum
2994 4786 3289 4854 sapientem
3331 4783 3510 4841 fatuos
3546 4802 3654 4842 non

2058 4891 2264 4934 creare.
2292 4875 2349 4932 Si
2371 4877 2515 4933 enim
2537 4876 2754 4943 dixeris,
2777 4875 2936 4932 Creat
2957 4875 3169 4946 sapiens
3189 4874 3360 4931 fatuos
3389 4893 3403 4930 :
3428 4891 3654 4947 respon-

2061 4971 2273 5027 debitur
2307 4971 2421 5038 tibi,
2448 4970 2555 5026 Cur
2583 4985 2688 5026 non
2718 4985 2848 5041 ergo
2871 4977 2926 5025 et
2949 4969 3122 5026 bonus
3149 4969 3356 5024 malos?
3386 4967 3535 5026 Unde
3582 4970 3658 5024 fa-

2061 5071 2182 5119 ctus
2219 5063 2451 5118 intentus
2497 5077 2620 5118 cum
2664 5061 2942 5133 qumsicris
2985 5060 3128 5116 unde
3167 5071 3457 5117 nascantur
3505 5061 3654 5128 fatui,

2062 5169 2198 5227 quos
2234 5165 2411 5210 tamen
2439 5152 2684 5209 homines
2728 5154 2866 5210 Deus
2908 5161 3084 5218 creat;
3125 5151 3195 5208 ibi
3238 5151 3378 5208 forte
3418 5154 3656 5210 invenies

2063 5247 2284 5320 originis
2302 5245 2512 5313 vitium,
2538 5245 2627 5316 qui
2649 5244 2806 5300 fateri
2835 5257 2940 5299 non
2961 5243 3043 5298 vis
3073 5243 3330 5314 originale
3356 5256 3655 5314 peccatum.

2063 5341 2146 5395 An
2171 5355 2301 5396 vero
2321 5345 2534 5409 paratus
2549 5351 2610 5392 es
2627 5336 2826 5400 dicere,
2845 5335 2993 5390 nullo
3006 5335 3163 5390 ullius
3181 5335 3518 5405 przccedente
3538 5351 3650 5406 pee-

2065 5444 2206 5501 cato,
2234 5435 2394 5487 etiam
2422 5430 2594 5485 fatuos
2621 5430 2764 5484 nasci
2805 5429 2856 5483 in
2885 5429 2970 5482 illa
2995 5429 3224 5499 paradisi
3267 5427 3522 5486 felicitate
3562 5445 3660 5500 po-

2065 5528 2250 5591 tuisse,
2279 5524 2368 5596 qui
2394 5523 2615 5590 erudiri,
2648 5537 2754 5578 non
2785 5521 2906 5578 dico
2933 5521 3135 5587 ferulis,
3168 5520 3263 5578 sed
3305 5536 3406 5577 nec
3431 5519 3660 5576 fustibus

2067 5621 2320 5694 possent?
2344 5617 2500 5688 Quod
2527 5617 2572 5676 si
2601 5633 2707 5674 non
2728 5617 2880 5687 dicis,
2907 5634 2974 5675 ne
2989 5632 3202 5676 onmem
3227 5614 3521 5671 fatuitatem
3547 5612 3659 5668 haec

2129 5780 2145 5805 '
2186 5785 2263 5827 Ms.
2283 5780 2427 5829 Port..
2454 5771 2563 5824 ista.

2132 5845 2153 5878 ³
2185 5848 2344 5895 l-‘ot'tc,
2364 5851 2441 5885 ιρι(
2467 5841 2678 5885 consula.
