4172 6510
549 394 688 452 1315

549 502 892 565 transcendat
937 499 1237 557 absurditas
1269 516 1284 553 :
1313 497 1402 554 dic
1444 512 1550 569 quo
1598 495 1788 551 merito
1828 494 2000 562 imago
2052 490 2146 546 Dei

548 615 670 653 cum
695 606 839 651 tanta
864 594 1061 650 mentis
1105 589 1442 646 deformitate
1481 597 1752 654 nascatur,
1791 593 1847 639 ut
1881 583 2030 638 nullo
2055 596 2145 637 ro-

551 691 683 745 bore
709 686 902 751 aetatis,
944 683 1084 739 nulla
1116 681 1417 753 prolixitatc
1457 677 1730 748 temporis,
1776 675 1922 730 nullo
1963 673 2148 729 labore

551 779 872 847 studiorum,
897 777 1040 832 nulla
1068 775 1325 831 industria
1365 773 1757 844 magistrorum,
1788 768 1946 824 nullis
1971 765 2148 838 pinnis

551 871 837 926 verberum
859 867 1047 940 possit,
1070 882 1177 923 non
1203 866 1326 921 dico
1345 863 1410 919 ad
1441 862 1777 934 sapientiam,
1804 858 1897 914 sed
1918 858 1986 914 ad
2007 871 2145 929 qua-

554 963 890 1032 lemcumque
915 959 1211 1016 doctrinam
1242 957 1426 1012 utilem
1456 953 1768 1024 pervenire;
1803 951 1893 1022 qui
1934 965 2039 1006 uon
2067 950 2149 1005 vis

552 1052 774 1108 credere
793 1051 958 1107 Deum
974 1050 1173 1121 justum
1203 1047 1322 1103 ideo
1347 1046 1414 1101 de
1435 1044 1702 1116 paradiso,
1725 1042 1828 1098 hoc
1851 1049 1952 1105 est,
1976 1040 2149 1098 felici-

557 1145 678 1200 tatis
718 1145 861 1209 loco,
903 1143 1138 1198 vitiatam
1166 1150 1326 1211 atque
1353 1138 1655 1193 damnatam
1686 1144 1930 1190 naturam
1958 1131 2150 1187 huma.

556 1251 679 1290 nam
708 1235 993 1300 dimisisse,
1025 1247 1094 1288 ne
1131 1247 1275 1287 mors
1309 1229 1418 1286 illic
1444 1229 1547 1283 ulla
1577 1226 1933 1298 contingeret,
1961 1223 2016 1280 id
2043 1231 2148 1292 est,

556 1340 658 1381 nec
683 1323 993 1395 temporalis
1017 1321 1278 1392 corporis,
1301 1335 1400 1376 nec
1429 1319 1588 1374 totius
1609 1316 1839 1372 hominis
1867 1314 2150 1386 sempiter-

556 1435 646 1484 na,
679 1433 780 1474 nec
808 1418 907 1473 ista
935 1425 1014 1472 tot
1039 1430 1104 1471 ac
1132 1425 1276 1470 tanta
1301 1427 1421 1486 qua:
1460 1411 1512 1466 in
1552 1424 1747 1482 genere
1771 1407 2007 1463 humano
2034 1422 2153 1464 cer-

557 1511 733 1566 nimus
769 1509 1101 1581 ingeniorum
1141 1515 1195 1561 et
1222 1519 1508 1576 corporum
1545 1502 1704 1566 mala,
1732 1516 1853 1572 qua:
1880 1499 1948 1555 dc
1971 1499 2152 1555 radice

556 1603 842 1674 depravata
870 1609 1030 1670 atque
1059 1597 1240 1668 punita
1269 1605 1324 1652 et
1360 1610 1535 1652 massa
1567 1592 1775 1665 perdita
1806 1591 1954 1647 nasci
1991 1606 2152 1662 opor-

561 1695 720 1759 tebat,
751 1693 804 1748 in
829 1691 1048 1762 regione
1078 1689 1221 1744 illius
1262 1686 1604 1743 beatitudinis
1647 1692 2027 1750 nascerentur;
2058 1683 2150 1739 sed

556 1784 731 1855 potius
751 1784 802 1837 in
829 1783 910 1837 his
936 1781 1092 1837 terris
1119 1779 1351 1836 miseria:
1373 1778 1699 1842 mortalium,
1725 1791 1843 1848 qua:
1859 1775 2153 1847 justissime

556 1877 753 1932 inﬂicta
795 1883 896 1941 est,
937 1873 1225 1945 deputatis,
1266 1881 1418 1928 reatu
1446 1877 1807 1941 persequente
1847 1875 2150 1934 nascentes,

555 1982 728 2038 neque
769 1981 798 2019 a
845 1964 1247 2020 renascentibus
1291 1962 1474 2018 labore
1519 1960 1808 2017 recedente
1848 1972 2154 2015 mmmnoso

556 2075 723 2132 usque
749 2058 816 2114 ad
845 2057 1085 2129 corporis
1114 2064 1362 2111 mortem.

624 2150 829 2208 CLXII.
871 2149 992 2207 ιω..
1035 2149 1142 2204 Res
1181 2149 1327 2203 clara
1353 2155 1456 2216 est,
1478 2155 1534 2203 et
1563 2146 1616 2201 in
1655 2145 1829 2217 primo
1854 2159 2017 2216 opere
2040 2143 2152 2215 jam

553 2245 884 2300 sufﬁcienter
925 2242 1164 2313 impleta.
1202 2238 1404 2296 Verum
1448 2238 1698 2310 quoniam
1731 2247 1785 2292 tu
1815 2237 1950 2293 adeo
1979 2237 2152 2307 pelia:

555 2351 678 2392 esse
704 2335 939 2401 voluisti,
966 2343 1024 2389 ut
1051 2333 1281 2403 aliquam
1325 2331 1467 2386 inter
1508 2339 1559 2385 te
1585 2338 1639 2386 et
1664 2329 2014 2385 Manichaeum
2041 2329 2154 2385 dis-

557 2430 866 2485 tinctionem
919 2425 1097 2482 facere
1124 2425 1370 2480 uitereris
1407 2441 1422 2476 :
1461 2424 1582 2479 ideo
1610 2437 1831 2479 necesse
1861 2421 1990 2478 mihi
2013 2437 2156 2478 nunc

556 2529 641 2574 est
660 2532 846 2588 urgere
869 2532 1108 2583 causam,
1132 2524 1193 2571 ut
1217 2529 1324 2571 non
1351 2514 1524 2570 solum
1551 2513 1836 2585 praeteritis
1855 2513 2012 2569 dictis
2026 2513 2153 2579 tuis,

558 2611 655 2667 sed
677 2610 860 2678 etiam,
887 2609 930 2664 si
957 2623 1062 2680 qua
1091 2607 1345 2679 deinceps
1388 2605 1590 2662 inferre
1620 2607 1928 2673 tentaveris,
1956 2606 2157 2662 clareat

557 2703 853 2758 nbviatum.
881 2700 1119 2756 Dicimus
1147 2699 1348 2770 itaque,
1381 2705 1488 2753 tam
1525 2697 1725 2753 bonum
1754 2711 1873 2753 esse
1901 2711 2036 2767 opus
2059 2696 2155 2754 Dei

559 2795 611 2849 in
634 2802 911 2861 nascente,
927 2800 987 2848 ut
1009 2807 1074 2848 ea
1101 2806 1222 2862 qua:
1249 2789 1561 2846 substantia:
1583 2788 1699 2860 ejus
1726 2795 1850 2844 sunt
1873 2789 2152 2856 naturalia,

558 2900 694 2954 opus
739 2882 1082 2940 emendatore
1113 2897 1218 2936 non
1250 2880 1500 2938 habeant.
1531 2879 1797 2948 Quoniam
1835 2879 2156 2952 quicumque

559 2976 846 3040 censuerit,
877 2975 928 3030 id
957 2973 1100 3046 quod
1123 2990 1154 3029 a
1182 2974 1292 3028 Deo
1316 2971 1512 3028 factum
1539 2971 1843 3040 conﬁtetur,
1866 2971 2020 3027 aliter
2034 2971 2155 3028 ﬁeri

559 3068 844 3124 debuisse:
879 3066 1026 3121 illum
1067 3066 1184 3121 sine
1225 3064 1389 3120 dubio
1418 3063 1780 3136 reprehendit,
1827 3080 1986 3135 quem
2030 3080 2154 3120 cor-

559 3159 794 3232 rigenda:
823 3160 876 3214 in
904 3158 1129 3215 alteram
1157 3155 1384 3212 formam
1430 3165 1690 3212 creatura:
1717 3155 2005 3212 conﬁtetur
2026 3156 2158 3211 arti-

559 3253 714 3308 ﬁcem
745 3252 784 3306 ί.

628 3349 764 3402 Auc.
794 3343 955 3410 Tace,
984 3343 1210 3399 obsecro
1245 3359 1261 3399 :
1303 3342 1429 3414 quid
1473 3342 1707 3413 I0quaris
1745 3340 1978 3413 ignoras.
2011 3340 2156 3396 Nun-

557 3439 686 3492 nulli
715 3436 911 3492 clausis
938 3435 1122 3490 oribus
1159 3434 1268 3489 nati
1314 3441 1456 3500 sunt,
1486 3443 1542 3489 et
1568 3434 1647 3489 eis
1689 3449 1721 3489 a
1771 3433 1991 3489 medicis
2033 3441 2158 3488 sunt

556 3541 762 3599 aperta.
790 3527 922 3583 Erat
946 3528 1086 3598 apud
1114 3541 1212 3582 nos
1241 3527 1455 3599 Acutius
1483 3525 1722 3597 quidam,
1761 3524 1986 3582 honesto
2014 3527 2154 3597 apud

555 3636 685 3675 suos
712 3629 863 3676 ortus
890 3619 1010 3675 loco
1034 3638 1048 3674 :
1078 3619 1277 3675 clausis
1294 3618 1462 3674 oculis
1485 3626 1666 3672 natum
1696 3632 1756 3673 se
1780 3633 1900 3674 esse
1919 3617 2151 3682 dicebat;

556 3712 652 3769 sed
679 3713 801 3784 quia
832 3714 978 3767 intus
1005 3711 1121 3767 Sani
1151 3709 1421 3781 palpebris
1447 3708 1844 3765 cohaerentibus
1871 3725 1976 3765 non
2007 3719 2157 3781 pate-

557 3806 706 3874 bant,
738 3804 1006 3861 medicum
1040 3819 1137 3860 eos
1160 3801 1307 3858 ferro
1334 3802 1544 3873 aperire
1571 3801 1823 3869 voluisse,
1851 3818 2028 3874 neque
2052 3802 2156 3859 hoc

557 3897 868 3968 permisisse
904 3895 1206 3965 religiosam
1245 3905 1470 3949 matrem
1499 3908 1674 3959 suam,
1706 3892 1800 3948 sed
1833 3892 1885 3948 id
1911 3892 2156 3951 effecisse

559 3987 809 4057 imposito
827 3987 849 4018 ⁸
875 4001 940 4040 ex
970 3984 1302 4039 Eucharistia
1332 3983 1730 4054 cataplasmate,
1750 3999 1870 4040 cum
1891 3983 2001 4055 jam
2024 4001 2156 4056 puer

557 4079 791 4149 quinque
820 4075 932 4132 fere
953 4082 1046 4130 aut
1065 4075 1294 4146 amplius
1318 4083 1463 4130 esset
1483 4089 1770 4143 annorum,
1798 4075 1942 4132 unde
1964 4075 2067 4132 hoc
2095 4093 2156 4134 se

557 4170 691 4225 satis
729 4167 1038 4225 meminisse
1079 4167 1350 4222 narrabat.
1381 4164 1584 4222 Omitto
1613 4165 1760 4222 illum
1787 4168 2151 4239 evangelicum

557 4276 758 4318 cazcum
785 4269 987 4325 natum,
1009 4259 1094 4315 cui
1117 4259 1336 4324 lumina,
1358 4273 1478 4330 qua:
1497 4266 1716 4330 propter
1729 4258 2152 4317 commendanda

558 4351 823 4407 mirabilia
853 4365 949 4406 sua
977 4351 1155 4406 minus
1176 4348 1394 4417 fecerat,
1428 4349 1542 4420 ipse
1567 4349 1773 4404 Artifex
1803 4349 2051 4406 reddidit.
2077 4351 2151 4408 lbi

557 4444 702 4501 enim
723 4457 820 4498 cur
838 4456 1012 4498 camus
1036 4450 1194 4497 natus
1211 4439 1392 4506 fuerit,
1416 4455 1575 4496 causa
1597 4455 1703 4496 non
1730 4441 1887 4496 tacita
1905 4450 1987 4497 est
2005 4458 2020 4507 ;
2045 4456 2151 4499 non

557 4537 761 4593 scilicet
787 4544 1008 4607 propter
1033 4542 1310 4606 peccatum
1335 4549 1511 4598 suum,
1534 4535 1619 4590 vel
1647 4544 1948 4605 parentum,
1977 4537 2072 4592 sed
2096 4547 2154 4594 ut

557 4629 1028 4686 tnanil‘estarentur
1053 4643 1214 4698 opera
1247 4627 1340 4683 Dei
1374 4628 1425 4682 in
1449 4627 1560 4682 illo.
1580 4627 1960 4684 Verumtamen
1986 4630 2152 4686 inter-

554 4736 682 4792 roga
711 4718 969 4784 medicos,
1001 4726 1055 4773 et
1083 4718 1262 4773 dicant
1299 4716 1395 4772 tibi
1425 4733 1584 4788 quam
1633 4719 1834 4785 multis,
1886 4719 1973 4775 ubi
2018 4735 2148 4791 pos-

554 4819 699 4877 sunt,
735 4810 1082 4883 opitulentur,
1131 4823 1198 4865 ne
1225 4808 1350 4864 vitia
1387 4809 1700 4878 corporibus
1731 4811 1908 4865 innata
1931 4826 2150 4883 perma-

555 4911 736 4968 neant,
763 4901 847 4957 vel
874 4901 1034 4957 etiam
1065 4906 1220 4955 natos
1237 4908 1451 4956 necent.
1473 4898 1605 4955 Nam
1633 4900 1870 4970 quidam,
1901 4901 2040 4957 sicut
2061 4901 2149 4957 alii

554 4994 758 5058 oribus,
787 4993 859 5047 ita
879 4993 1075 5048 clausis
1098 4991 1440 5048 inferioribus
1461 4992 1723 5049 meatibus
1742 4992 2007 5061 oriuntur,
2028 5009 2150 5064 qua:

556 5085 736 5155 utique
755 5083 881 5138 vitia
907 5083 951 5138 si
979 5092 1248 5150 maneant,
1277 5097 1384 5138 non
1405 5097 1498 5137 eos
1526 5082 1710 5137 sinunt
1733 5083 1937 5138 vivere.
1966 5083 2151 5156 Neque

556 5177 698 5232 enim
725 5192 846 5230 cum
887 5176 969 5231 his
998 5175 1300 5231 medicinali
1344 5173 1530 5246 peritia
1574 5173 1889 5231 subvenitur
1915 5174 2150 5232 homini-

558 5268 675 5334 bus,
710 5267 801 5323 Dei
827 5283 990 5338 opera
1016 5267 1227 5338 culpata
1255 5265 1627 5323 emendantur.
1656 5266 1787 5336 Quis
1813 5269 1955 5324 enim
1986 5285 2150 5328 verax

557 5362 651 5416 Dei
694 5361 870 5417 cultor
909 5360 1136 5430 ignorat,
1169 5359 1310 5429 quod
1338 5361 1470 5416 tales
1505 5360 1584 5416 sic
1612 5359 1760 5418 nasci
1788 5363 2067 5433 oportebat
2095 5373 2154 5420 ut

557 5451 665 5506 nati
693 5449 856 5506 sunt?
875 5448 978 5506 Sed
1002 5448 1162 5504 etiam
1189 5448 1294 5504 hoc
1319 5451 1549 5519 pertinet
1568 5452 1634 5507 ad
1657 5468 1924 5509 :erumnas
1939 5456 2151 5526 generis

558 5540 799 5606 humani,
828 5539 883 5594 in
913 5539 1107 5610 quibus
1150 5551 1379 5609 aguntur
1405 5541 1455 5595 hi
1484 5542 1506 5574 ³
1530 5542 1648 5599 dies
1672 5546 1815 5607 mali,
1837 5546 1984 5615 justo
2006 5547 2152 5619 judi-

619 5639 636 5667 ⁸
665 5635 748 5703 sic
768 5702 773 5703 γ
793 5637 931 5680 Fort;
961 5627 1048 5703 alii
1092 5644 1211 5682 vero
1247 5640 1352 5682 mss.
1389 5645 1498 5682 cum
1535 5637 1696 5698 editis,
1720 5635 1846 5700 loco,
1881 5638 2152 5703 artificem;

559 5694 802 5752 ferebant,
825 5699 1088 5755 acceptum.

622 5759 640 5822 ξ
676 5753 965 5822 adiecimus,
989 5753 1223 5822 imposita.
1251 5767 1315 5804 ex
1343 5761 1564 5809 veterum
1587 5763 1804 5813 codicum
1821 5765 1933 5815 tidc.

619 5818 637 5848 ³
673 5813 833 5878 vigit”
857 5813 951 5864 hic.
978 5813 1105 5876 Mss,
1139 5815 1208 5866 hi.

1124 386 1139 401 '
1213 383 1460 442 OI’ERIS
1497 379 1907 439 IMPERFECTI
1948 375 2219 435 CONTRA
2260 375 2621 446 JULIANUM,
2661 375 2720 434 S.
2763 375 3129 436 AUGUSTINI

3708 383 3846 439 me

2251 490 2338 546 cio
2385 491 2498 558 Dei,
2549 491 2838 558 laboribus,
2883 491 3177 560 doloribus,
3239 493 3540 565 timoribus,
3599 499 3846 568 periculis

2251 582 2390 653 pleni
2422 599 2438 636 :
2468 595 2587 654 qua:
2611 584 2790 640 omnia
2821 585 2956 641 mala
2986 584 3126 641 absit
3154 592 3211 641 ut
3233 595 3418 643 essent
3457 585 3515 644 iu
3557 587 3647 643 illa
3675 589 3847 647 felici-

2249 681 2358 729 tate
2385 675 2652 745 paradisi;
2699 690 2763 731 ac
2810 690 2905 747 per
2942 675 3048 733 hoc
3080 692 3187 732 non
3223 677 3616 748 pullulaverunt
3647 681 3749 737 nisi
3778 681 3849 740 de

2248 764 2431 822 radice
2459 766 2684 837 peccati.
2723 765 2899 836 Quid?
2934 766 3048 839 ipsa
3079 768 3311 840 ingenia,
3342 770 3387 826 si
3429 770 3763 828 dimittantur
3787 783 3848 830 ut

2252 867 2376 914 nata
2400 869 2543 927 sunt,
2569 874 2670 916 nec
2695 858 2955 917 doctrinis
2979 861 3270 918 solertibus
3304 864 3618 922 excolantur
3662 866 3846 924 Iabere

2252 967 2445 1024 magno
2481 952 2786 1007 docentium
2830 961 2991 1024 atque
3026 953 3368 1022 discentium,
3409 971 3587 1013 nonne
3623 971 3845 1029 apparet

2252 1045 2429 1117 qualia
2461 1043 2846 1101 remanebunt?
2873 1045 2982 1102 Sed
3006 1061 3103 1103 vos
3126 1047 3431 1103 hominibus
3459 1059 3512 1104 et
3538 1064 3763 1123 corpore
3787 1060 3846 1107 et

2253 1137 2434 1191 animo
2451 1135 2642 1192 vitioso
2668 1135 2808 1191 uatis
2823 1145 3062 1192 vestrum
3081 1137 3302 1207 implete
3329 1138 3657 1208 paradisum,
3683 1149 3741 1195 ut
3766 1142 3850 1196 in-

2254 1225 2476 1282 feliciter
2499 1227 2668 1281 oculis
2691 1227 2908 1295 clausis,
2931 1235 2985 1283 et
3005 1226 3343 1299 impudenter
3370 1243 3464 1285 ore
3489 1239 3677 1302 aperto
3689 1248 3849 1304 nege-

2255 1315 2321 1372 tis
2341 1316 2598 1388 originale
2620 1326 2918 1388 peccatum.

2325 1408 2550 1465 CLXIII.
2576 1409 2696 1465 ιω..
2716 1409 3095 1468 Probabilitate
3119 1411 3299 1484 itaque
3322 1421 3376 1468 ct
3392 1429 3452 1470 ea
3480 1415 3848 1475 mediocritate

2253 1500 2468 1556 laudum
2508 1517 2629 1573 qua:
2663 1503 2866 1559 naturis
2904 1503 3147 1569 debetur,
3188 1505 3349 1559 etiam
3405 1506 3458 1560 in
3507 1511 3850 1566 nascentibus

2249 1595 2555 1666 quibusque
2581 1606 2810 1662 servata,
2842 1606 3125 1667 augmenta
3149 1597 3526 1654 beneﬁciorum
3547 1600 3848 1660 divinorum

2255 1688 2405 1744 utilia
2431 1687 2550 1744 esse
2576 1697 2632 1744 et
2658 1689 2959 1745 necessaria
2989 1690 3236 1746 omnibus
3270 1690 3323 1746 in
3358 1705 3644 1748 commune
3672 1694 3847 1750 :etati-

2254 1779 2355 1835 bus
2379 1778 2641 1834 dicimus:
2672 1779 2747 1834 ita
2778 1787 2954 1835 tamen
2986 1788 3045 1835 ut
3070 1795 3172 1836 nec
3197 1783 3386 1847 virtus,
3421 1796 3519 1837 nec
3547 1793 3848 1853 peccatum,

2255 1871 2374 1928 sine
2401 1870 2616 1942 propria
2645 1871 2894 1941 cuiquam
2922 1871 3198 1928 voluntate
3225 1871 3510 1927 tribuatur.

2328 1962 2461 2019 Anc.
2488 1960 2607 2018 Non
2636 1961 2886 2018 tribuitur
2907 1962 3155 2032 cuiquam
3177 1961 3347 2017 virtus
3371 1963 3488 2019 sine
3511 1963 3722 2034 propria
3751 1981 3851 2019 vo-

2257 2054 2458 2110 luntate
2486 2071 2502 2110 :
2532 2054 2626 2110 sed
2666 2061 2997 2125 prazparatur
3041 2053 3287 2109 voluntas
3325 2068 3358 2108 a
3399 2054 3626 2110 Domino
3663 2055 3850 2127 (Prov.

2258 2165 2369 2213 vm,
2397 2164 2496 2204 sec.
2527 2147 2717 2220 LXX),
2744 2148 2884 2203 sicut
2908 2146 3050 2219 regis
3077 2146 3241 2215 illius,
3270 2156 3489 2219 propter
3508 2148 3650 2219 quod
3677 2152 3854 2206 oravit

2259 2240 2452 2296 Esther
2471 2238 2683 2311 (Esther
2705 2238 2824 2310 xv).

2327 2331 2554 2390 CLXIV.
2604 2331 2726 2388 ιυι.
2769 2330 3024 2400 Quamvis
3069 2331 3123 2387 in
3165 2330 3269 2387 hoc
3306 2347 3519 2404 quoque
3568 2332 3850 2389 clementia

2261 2425 2351 2482 Dei
2378 2425 2594 2480 uberior
2618 2422 2966 2494 approbetur,
2991 2422 3243 2494 quoniam
3272 2423 3567 2479 sanctiﬁcat
3605 2425 3854 2494 parvulos

2259 2518 2560 2574 nescientes
2589 2535 2604 2572 :
2637 2516 2703 2572 ad
2731 2515 2944 2573 laudem
2970 2516 3168 2588 quippe
3186 2516 3571 2572 misericordia:
3589 2519 3806 2588 respicit
3835 2535 3850 2572 :

2257 2626 2379 2667 cum
2400 2626 2494 2667 eos
2514 2609 2814 2666 nescientes
2837 2609 2997 2682 culpa
3021 2623 3129 2666 non
3149 2609 3422 2681 inquinet;
3450 2609 3519 2666 ad
3538 2610 3683 2682 leges
3707 2611 3854 2667 enim

2260 2703 2312 2758 id
2343 2701 2578 2774 pertinet
2607 2699 2893 2773 mquitatis.

2329 2797 2465 2853 Asc.
2504 2795 2562 2852 Si
2589 2810 2685 2852 eos
2711 2794 2855 2852 nulla
2900 2793 3056 2866 culpa
3105 2793 3367 2868 inquinat,
3396 2808 3493 2851 cur
3530 2809 3636 2850 non
3667 2809 3857 2854 omnes

2258 2887 2698 2947 sanctiﬁcantur?
2725 2897 2780 2946 et
2813 2903 2913 2946 cur
2939 2901 3129 2945 omnes
3168 2887 3260 2960 qui
3304 2887 3723 2956 sanctiﬁ'cantur,
3754 2903 3856 2945 ex-

2258 2981 2578 3038 sumantur?

2327 3073 2537 3132 CLXV.
2578 3073 2698 3130 Jun.
2739 3072 2847 3131 Sed
2875 3071 2944 3129 de
2969 3071 3075 3130 illis
3117 3086 3216 3143 ego
3242 3070 3524 3127 virtutibus
3551 3069 3692 3138 dico,
3721 3086 3856 3143 quas

2259 3184 2357 3225 usu
2383 3169 2494 3240 jam
2525 3167 2778 3239 perfecta:
2805 3166 3028 3222 rationis
3057 3165 3075 3197 ¹
3098 3164 3482 3235 adipiscimur:
3509 3178 3573 3220 ac
3613 3150 3707 3236 per
3727 3165 3851 3232 hoc,

2258 3265 2379 3334 quia
2410 3260 2463 3316 id
2509 3260 2671 3317 etiam
2715 3257 2826 3325 hic,
2865 3258 3004 3314 sicut
3053 3256 3379 3328 frequenter,
3411 3257 3668 3312 inculcari
3699 3259 3855 3314 nobis

2258 3354 2358 3411 fuit
2381 3367 2624 3420 necesse,
2653 3351 2720 3407 ad
2747 3367 2809 3407 ea
2843 3367 2962 3422 quze
2991 3349 3269 3422 inferimus
3308 3358 3365 3405 ut
3396 3351 3464 3405 sit
3499 3347 3732 3406 attentus
3773 3352 3854 3408 leo

2218 3479 2224 3488 η
2258 3456 2397 3513 ctor,
2424 3445 2711 3500 admoneo.
2740 3441 2953 3498 Videbit
2981 3442 3123 3498 enim
3171 3440 3242 3497 ita
3289 3441 3342 3496 in
3384 3442 3531 3497 nullo
3561 3442 3857 3500 'I‘raducia-

2260 3554 2356 3594 uos
2381 3536 2595 3594 diﬁ‘erre
2627 3551 2658 3591 a
2693 3533 3017 3599 Manichzeis,
3047 3541 3105 3588 ut
3139 3547 3243 3588 non
3273 3533 3374 3588 alia
3412 3534 3565 3591 nobis
3599 3535 3857 3606 objicient

2258 3638 2692 3703 argumentorum
2717 3629 2854 3693 vice,
2878 3642 3036 3699 quam
3062 3641 3183 3698 qua:
3208 3628 3260 3682 in
3282 3641 3467 3684 eorum
3491 3627 3641 3684 libris
3668 3639 3856 3686 tenen-

2260 3737 2364 3783 tur.
2397 3726 2520 3783 Feci
2547 3725 2600 3782 id
2625 3725 2842 3799 quidem
2887 3725 3048 3781 etiam
3089 3725 3145 3781 in
3187 3723 3345 3796 primi
3370 3725 3549 3796 operis
3574 3725 3678 3780 mei
3715 3723 3854 3780 libro

2258 3829 2472 3891 quarto.

2331 3911 2467 3967 Anc.
2497 3908 2567 3965 Et
2592 3907 2846 3980 respondi
2875 3907 2968 3964 tibi
2997 3906 3135 3964 libro
3163 3920 3286 3964 meo
3323 3915 3502 3963 sexto.

2329 3999 2557 4059 CLXVI.
2580 3999 2700 4057 Jun.
2732 3998 2838 4057 Sed
2859 3999 2979 4071 quia
3003 4008 3122 4071 post
3142 3998 3429 4055 editionem
3449 3999 3680 4065 illorum,
3698 4004 3852 4053 oratu

2259 4107 2370 4165 tuo,
2411 4093 2719 4152 beatissime
2760 4101 2909 4165 pater
2939 4091 3121 4158 Flore,
3156 4090 3296 4162 apud
3332 4089 3851 4162 Constantinopolim

2257 4188 2531 4246 Manichmi
2556 4186 2778 4259 epistola
2809 4187 3022 4242 inventa
3059 4194 3163 4252 est,
3203 4192 3362 4255 atque
3402 4183 3467 4238 ad
3515 4183 3610 4239 has
3646 4184 3851 4239 directa

2255 4289 2466 4356 partes;
2493 4295 2656 4352 opera
2682 4287 2765 4335 est
2791 4278 2968 4348 aliqua
3009 4276 3126 4348 ejus
3166 4276 3424 4344 inserere,
3460 4285 3517 4331 ut
3558 4275 3852 4348 intelligant

2257 4389 2467 4441 onmes,
2515 4371 2658 4430 unde
2710 4373 2824 4428 haec
2866 4386 2964 4445 pro
3009 4369 3229 4427 traduce
3265 4377 3575 4443 argumenta
3622 4370 3852 4428 descen-

2256 4465 2404 4522 dant.

2327 4561 2463 4617 Anc.
2510 4555 2791 4627 Quomodo
2840 4554 3155 4627 cujusquam
3207 4562 3358 4610 oratu
3404 4553 3675 4612 inventam
3719 4553 3851 4610 dicis

2256 4650 2534 4723 epistolam
2563 4658 2724 4720 atque
2761 4646 3038 4713 directam,
3089 4647 3135 4702 si
3189 4646 3331 4702 Deus
3370 4662 3476 4702 non
3513 4654 3769 4718 operatur
3796 4646 3848 4702 in

2255 4742 2504 4799 cordibus
2533 4740 2809 4797 hominum
2845 4739 3187 4797 voluntates?
3230 4738 3424 4811 Utique
3463 4739 3625 4796 homo
3650 4741 3740 4812 qui
3769 4739 3853 4794 iu-

2256 4835 2422 4902 venit,
2465 4834 2746 4906 epistolam
2790 4834 3060 4890 voluntate
3102 4834 3368 4905 quaesivit,
3411 4841 3503 4890 aut
3536 4835 3850 4891 voluntate'

2254 4927 2451 4998 aliquid
2484 4925 2756 4996 qumrebat
2801 4939 2866 4980 eo
2911 4923 3054 4990 loco,
3095 4923 3184 4979 ubi
3214 4939 3331 4979 eam
3363 4924 3536 4995 potuit
3566 4925 3847 4993 invenire;

2255 5026 2348 5074 aut
2371 5032 2492 5073 cum
2513 5015 2580 5072 de
2601 5015 2760 5072 rebus
2788 5015 2981 5070 talibus
3006 5015 3276 5071 voluntate
3301 5014 3548 5072 homines
3575 5015 3851 5088 loqueren-

2255 5117 2363 5176 tur,
2394 5108 2665 5163 voluntate
2684 5105 2824 5177 apud
2849 5122 3005 5177 quem
3029 5104 3219 5172 fuerat,
3245 5105 3497 5161 indicavit
3521 5121 3637 5162 eam
3661 5121 3722 5163 sc
3751 5106 3848 5162 ha-

2255 5201 2404 5268 bere,
2434 5215 2594 5272 quam
2625 5205 2809 5270 posset
2825 5197 3107 5253 ostendere
3127 5207 3180 5252 et
3204 5197 3405 5254 volenti
3434 5198 3665 5264 tradere,
3690 5213 3848 5268 quam

2254 5293 2438 5348 volens
2458 5290 2524 5347 ad
2548 5291 2643 5346 has
2673 5297 2852 5361 partes
2877 5298 2932 5344 et
2960 5288 3046 5344 ille
3074 5288 3347 5359 dirigeret,
3387 5298 3442 5345 et
3480 5289 3566 5344 vel
3595 5303 3851 5360 quocum-

2255 5399 2360 5454 que
2381 5382 2488 5438 alio
2507 5381 2669 5438 modo
2692 5394 2909 5451 prorsus
2931 5379 3202 5434 voluntate
3223 5379 3454 5434 hominis
3470 5380 3552 5434 vel
3575 5380 3850 5435 hominum

2257 5475 2454 5531 factum
2475 5482 2578 5541 est,
2611 5483 2667 5527 ut
2696 5473 2783 5528 illa
2811 5471 3141 5528 inveniretur
3168 5479 3224 5528 et
3241 5471 3564 5543 dirigeretur
3583 5471 3806 5543 epistola
3831 5486 3848 5536 ;

2255 5575 2307 5621 ct
2337 5575 2513 5621 tamen
2552 5575 2738 5621 orante
2771 5564 2986 5619 homine
3023 5561 3157 5619 dicis
3200 5562 3303 5619 hoc
3333 5564 3549 5619 factum.
3588 5563 3696 5619 Cur
3721 5577 3852 5634 ergo

2320 5704 2334 5736 ί
2370 5701 2528 5752 Codex
2552 5707 2687 5760 Itan,
2710 5698 2976 5750 voluntatis.

2319 5770 2340 5796 ι
2375 5757 2940 5827 ι·ἱευίει·ἱιις,’ρρίδιοιαηι
2964 5759 3225 5827 uoluntarie
3246 5759 3481 5826 φαείνει,
3522 5767 3602 5813 aut
3638 5757 3850 5812 coluntu-

2260 5825 2350 5879 rt'c.
2379 5823 2569 5876 At'stss.
2596 5823 2894 5884 constanter,
2924 5823 3180 5876 voluntate.
