4172 6478
334 351 470 409 1517

331 480 438 522 non
465 461 758 530 confiteris,
799 461 918 518 sine
955 460 1062 516 ulla
1092 458 1390 516 forinsecus
1431 459 1654 510 sonante
1675 450 1917 522 iussione

330 554 501 612 Deum
517 553 729 609 occulto
759 552 1016 610 instinctu
1039 551 1108 606 ad
1127 547 1269 622 quod
1295 545 1521 603 voluerit
1549 541 1921 602 efficacissime

329 641 683 718 implendum,
720 656 1022 714 praeparare
1043 649 1206 712 atque
1247 638 1482 694 excitare
1511 634 1787 692 hominum
1826 645 1926 688 vo-

332 740 591 804 luntates,
620 737 715 809 qui
742 737 964 794 liberum
987 751 1094 807 non
1116 733 1361 792 defendis
1385 727 1805 800 intelligendum,
1827 724 1923 784 sed

331 828 773 902 prmcipitandum
801 828 1014 886 extollis
1039 823 1356 885 arbitr-ium?

329 903 332 906 ’
405 919 658 976 CLXVII.
697 910 820 976 Jual
865 919 934 974 Et
972 917 1215 989 quamvis
1239 915 1349 986 jam
1377 927 1472 985 pro
1494 907 1926 981 concupiscentia

333 1010 419 1066 vel
450 1009 726 1080 voluptate
747 1011 764 1041 ⁸
790 1009 990 1078 carnis,
1018 1023 1136 1079 qum
1164 1006 1324 1062 etiam
1367 1002 1530 1059 libido
1559 1001 1777 1068 dicitur,
1806 1014 1928 1070 quas

334 1101 554 1158 sexibus
580 1102 651 1158 ob
681 1100 981 1157 virilitatem
1005 1097 1396 1171 propagationis
1417 1096 1615 1152 inserta
1633 1101 1736 1159 est,
1759 1091 1930 1162 primo

335 1193 430 1250 illo
459 1193 720 1264 opusculo
749 1201 970 1254 eatenus
994 1190 1397 1262 disputaverim,
1425 1196 1484 1246 ut
1502 1186 1752 1242 docerem
1776 1184 1930 1239 istam

336 1284 470 1342 nihil
495 1283 641 1340 aliud
660 1299 800 1350 esse,
829 1299 989 1354 quam
1012 1298 1172 1340 unam
1200 1281 1269 1338 de
1297 1278 1666 1338 instrumentis
1689 1275 1932 1346 corporis

337 1375 690 1434 rationalibus
734 1382 790 1430 et
831 1373 1230 1430 irrationalibus
1271 1385 1426 1441 mque
1464 1369 1706 1434 inditam,
1745 1366 1812 1420 ad
1842 1365 1932 1420 Dei

339 1483 558 1542 operam
589 1467 965 1540 pertinentem,
991 1467 1083 1538 qui
1107 1481 1324 1521 carnem
1346 1472 1582 1519 nostram
1607 1462 1658 1517 in
1686 1459 1935 1516 sensibus

336 1560 608 1618 atl‘ecisset
639 1579 653 1615 :
693 1569 876 1620 tamen
902 1560 1025 1632 quia
1065 1559 1116 1616 ei
1147 1567 1204 1615 et
1234 1558 1580 1614 vehementer
1607 1552 1936 1626 Augu~tinu8

339 1652 620 1722 incumbit,
642 1667 870 1723 eamque
897 1652 1024 1708 dicit
1051 1650 1269 1720 malam,
1311 1649 1364 1705 id
1388 1657 1491 1716 est,
1520 1654 1790 1719 peccatum
1815 1659 1936 1700 esse

341 1743 608 1810 naturale,
638 1753 801 1815 atque
828 1743 1069 1799 omnium
1096 1749 1439 1813 peccatorum
1466 1749 1764 1812 parentem,
1792 1737 1936 1809 quod

343 1833 550 1905 pudore
595 1834 712 1907 ejus
751 1835 1085 1906 potissimum
1125 1831 1448 1904 persuadere
1471 1838 1715 1897 conatur,
1746 1843 1938 1900 meque

347 1923 556 1992 irridet,
579 1924 675 2000 qui
701 1938 823 1983 eam
850 1925 1164 1981 erubescam
1195 1924 1474 1979 nominare
1501 1921 1746 1978 directim
1780 1938 1794 1974 :

419 2015 559 2078 Aac.
581 2013 698 2088 Ego
719 2015 1208 2086 concupiscentiam
1235 2012 1434 2077 carnis.
1460 2027 1566 2082 qua
1588 2025 1717 2066 caro
1740 2023 1941 2065 concu-

275 2158 281 2164 .
350 2105 510 2175 piscit
535 2103 796 2163 adversus
822 2107 1088 2178 spiritum,
1118 2115 1173 2162 et
1196 2121 1316 2177 quas
1342 2103 1506 2160 libido
1532 2103 1692 2158 etiam
1732 2115 1942 2156 nuncu-

351 2211 528 2270 patur,
547 2199 744 2262 malam
769 2213 890 2256 esse
918 2199 1073 2265 dico;
1119 2214 1263 2256 nunc
1304 2198 1359 2254 in
1401 2197 1502 2272 hac
1542 2211 1705 2252 carne
1729 2195 1946 2251 frenan-

348 2293 497 2359 dam,
534 2301 590 2349 et
628 2293 767 2350 bona
804 2291 1192 2350 consuetudine
1235 2290 1611 2357 minuendam;
1663 2289 1716 2344 in
1746 2296 1944 2343 aeterna

351 2400 481 2440 vero
507 2384 612 2442 vita
637 2386 786 2441 omni
810 2401 878 2441 ex
917 2395 1066 2456 parte
1088 2384 1406 2452 sanandam,
1434 2399 1564 2450 non,
1591 2382 1742 2453 quasi
1766 2380 1946 2436 addita

353 2476 441 2532 vel
469 2476 756 2532 commixta
784 2476 938 2533 nobis
957 2476 1118 2533 fuerit
1136 2476 1312 2548 aliqua
1334 2476 1472 2531 mala
1491 2474 1810 2540 substantia,
1838 2476 1948 2530 sic-

354 2574 413 2621 ut
452 2564 728 2622 Manichaei
764 2566 1066 2638 desipiunt,
1114 2566 1465 2638 separandam
1495 2583 1510 2618 :
1539 2564 1637 2621 sed
1678 2563 1952 2635 quodlibet

353 2656 423 2710 de
453 2656 539 2710 illa
564 2657 784 2722 sentias,
815 2659 973 2714 talem
999 2668 1051 2715 te
1094 2658 1260 2726 illam,
1290 2657 1464 2730 qualis
1503 2671 1646 2713 nunc
1669 2665 1774 2723 est,
1799 2664 1859 2711 ut
1882 2654 1950 2710 ad

356 2746 541 2806 illicita
581 2748 935 2818 perpetranda
971 2749 1131 2804 etiam
1169 2758 1460 2816 castorum,
1502 2747 1617 2804 sive
1639 2746 1953 2817 conjugato-

355 2855 497 2906 rum,
540 2840 654 2898 sive
695 2840 1083 2896 continentium
1125 2839 1290 2896 corda
1327 2840 1596 2906 sollicitet,
1627 2847 1683 2894 et
1727 2837 1832 2893 nisi
1861 2852 1952 2892 ro-

357 2931 596 2987 bustiore
629 2930 901 2990 voluntate
938 2931 987 2987 ei
1031 2932 1328 2997 resistatur,
1371 2940 1596 2997 evertat,
1625 2931 1678 2988 in
1710 2929 1955 3002 paradiso

356 3023 684 3079 constituere
711 3037 871 3094 posse
896 3037 1000 3076 non
1017 3021 1315 3089 crederem,
1337 3020 1440 3078 nisi
1469 3021 1521 3076 in
1549 3021 1664 3076 istis
1680 3021 1784 3076 tuis
1805 3021 1955 3077 libris

360 3129 493 3174 vana
521 3122 574 3168 et
602 3111 786 3169 insana
809 3113 1125 3186 loquacitate
1150 3112 1475 3184 plenissimis
1501 3111 1816 3167 invenirem.

429 3201 709 3259 CLXVIII.
738 3201 858 3259 ιω..
901 3203 1026 3260 Ideo
1068 3210 1123 3259 et
1161 3217 1260 3273 ego
1304 3201 1612 3274 qualitatem
1657 3199 1754 3268 rei,
1797 3216 1955 3271 quam

361 3292 629 3364 prioribus
666 3293 880 3365 scriptis
919 3292 1296 3364 distinguendo
1323 3309 1353 3351 a
1398 3293 1677 3349 Manielnei
1725 3307 1820 3352 ore
1863 3291 1956 3349 de-

362 3385 539 3459 fendi;
578 3402 721 3448 nunc
762 3403 973 3460 quoque
1000 3386 1235 3444 breviter
1269 3387 1671 3444 criutiuatorum
1699 3387 1837 3457 ejus,
1867 3387 1958 3458 qui

365 3487 542 3536 tamen
569 3492 629 3534 se
654 3476 705 3536 ei
732 3477 934 3534 servire
962 3477 1281 3555 profitentur
1301 3479 1517 3548 invitos,
1546 3478 1757 3551 prodito
1787 3478 1958 3540 vindi-

363 3567 518 3622 cabo.
651 3564 663 3575 ’

438 3658 571 3715 Anc.
601 3655 713 3714 Vos
742 3659 964 3728 potestis
986 3666 1342 3732 congruenter
1363 3659 1565 3715 servire
1590 3658 1816 3716 laudata:
1843 3660 1957 3717 libi-

366 3747 476 3802 dini
507 3764 521 3801 :
549 3761 649 3803 nos
673 3756 849 3804 autem
881 3748 935 3804 in
981 3748 1247 3821 adiutorio
1275 3747 1484 3806 Domini
1513 3765 1881 3823 oppugnanius
1905 3759 1964 3808 et

369 3841 629 3896 vincimus
653 3849 979 3902 accusatam.

437 3933 667 3990 CLXIX.
696 3933 817 3992 Jun.
848 3933 1001 4006 Quod
1043 3933 1203 4006 igitur
1239 3933 1388 3990 libris
1428 3935 1552 4002 tuis,
1583 3950 1753 3995 senex
1781 3937 1965 4008 Augu-

369 4025 528 4092 stine,
557 4025 819 4082 retinetur
849 4044 862 4080 :
897 4044 917 4080 t
954 4025 1118 4084 libido
1160 4035 1343 4082 exorta
1389 4036 1472 4084 est
1510 4036 1630 4099 post
1663 4037 1963 4101 peccatum,

370 4135 526 4188 quam
554 4119 722 4174 coacti
747 4126 873 4174 sunt
895 4119 1074 4174 velare
1102 4119 1305 4174 confusi
1335 4136 1354 4171 ι
1391 4117 1497 4192 (De
1521 4117 1736 4192 Nuptiis
1759 4127 1806 4174 et
1835 4118 1968 4174 Con-

371 4209 698 4279 cupiscentia,
727 4209 815 4264 lib.
837 4207 894 4276 2,
919 4226 972 4264 τι.
1002 4197 1117 4279 56).
1646 4281 1648 4284 .

443 4302 578 4356 AUG.
612 4298 765 4368 Quod
812 4297 972 4373 igitur
1005 4299 1155 4356 libris
1184 4299 1308 4366 tuis,
1333 4299 1544 4368 juvenis
1579 4297 1811 4364 Iuliane,
1835 4301 1968 4356 reti-

374 4399 530 4444 netur
562 4408 577 4444 :
614 4398 834 4460 apparet
871 4399 923 4444 te
961 4399 1145 4445 contra
1189 4390 1353 4444 libros
1397 4403 1547 4445 meos
1575 4404 1681 4445 non
1729 4390 1969 4446 invenire

373 4483 500 4552 quid
528 4482 695 4548 dicas,
719 4490 773 4537 et
799 4497 1042 4553 quaerere
1062 4483 1373 4548 calumnias,
1396 4497 1529 4553 quas
1554 4482 1709 4538 nobis
1733 4483 1971 4556 loquaci-

377 4582 461 4629 ter
485 4581 539 4627 et
567 4571 795 4627 inaniter
822 4567 1054 4643 ingeras.

447 4663 653 4722 CLXX.
679 4664 797 4721 Jun.
827 4665 894 4719 Et
922 4665 1046 4719 item
1081 4681 1095 4718 :
1129 4681 1148 4715 ι
1184 4662 1436 4719 Pudenda
1462 4662 1681 4720 libidine
1709 4666 1800 4735 qui
1829 4666 1970 4723 licite

375 4756 702 4822 coneumbit,
731 4755 875 4812 malo
901 4754 1035 4810 bene
1064 4753 1264 4810 utitur:
1291 4753 1382 4824 qui
1403 4762 1580 4810 autem
1605 4753 1807 4818 illicite,
1831 4755 1971 4809 malo

380 4850 519 4907 male
554 4849 740 4905 utitur.
785 4845 1003 4903 Rectius
1042 4846 1184 4902 enim
1211 4846 1403 4916 accipit
1433 4860 1628 4900 nomen
1655 4845 1779 4900 mali
1810 4861 1970 4916 quam

379 4943 526 5010 boni,
549 4941 690 4998 unde
708 4940 1031 4997 erubescunt
1056 4948 1106 4994 et
1129 4938 1255 4994 mali
1276 4945 1329 4994 et
1357 4935 1480 4992 boni
1505 4954 1520 4992 :
1542 4937 1837 5008 meliusque
1857 4953 1974 4994 crc—

381 5035 557 5090 dimus
585 5032 864 5105 Apostolo,
892 5031 981 5103 qui
1032 5029 1180 5097 dicit,
1221 5029 1356 5096 Quia
1395 5046 1495 5084 non
1524 5027 1716 5083 habitat
1743 5029 1798 5083 in
1823 5046 1974 5085 carne

381 5143 492 5180 mea
514 5125 700 5180 bonum
731 5143 752 5178 ι
785 5122 971 5197 (Ιὺὶιι.)
1017 5121 1089 5178 Et
1127 5121 1252 5178 alibi
1283 5139 1297 5176 :
1339 5139 1358 5174 ‹
1391 5119 1508 5176 Non
1549 5128 1631 5176 est
1671 5120 1834 5176 libido
1877 5137 1975 5175 nu-

383 5219 611 5288 ptiarum
642 5216 858 5283 bonum,
893 5214 990 5273 sed
1019 5213 1320 5272 obscenitas
1349 5213 1704 5284 peccantium,
1735 5213 1974 5269 necessi-

384 5317 466 5363 las
481 5307 867 5380 generantium,
889 5307 1224 5362 lasciviarum
1240 5304 1420 5371 ardor,
1438 5304 1739 5376 nuptiarum
1757 5303 1930 5376 pudor
1949 5323 1970 5358 ι

387 5395 406 5464 (
423 5393 506 5448 Id.
541 5393 629 5449 tib.
661 5394 714 5462 Ι,
745 5411 799 5448 n.
827 5391 940 5464 15).
969 5393 1036 5447 Et
1065 5391 1192 5448 illud
1224 5410 1236 5446 :
1275 5411 1295 5444 ‹
1326 5390 1476 5458 Quod
1507 5399 1685 5462 postea
1714 5405 1975 5464 propaga-

387 5487 529 5541 tione
566 5485 842 5547 fecerunt,
882 5482 984 5539 hoc
1013 5491 1094 5538 est
1121 5483 1372 5537 connubii
1408 5481 1603 5536 bonum
1634 5499 1646 5534 :
1680 5481 1819 5553 quod
1847 5497 1977 5538 vero

387 5578 536 5648 prius
581 5576 892 5633 confusione
936 5581 1216 5641 texerunt,
1266 5571 1367 5627 hoc
1407 5582 1488 5627 est
1534 5574 1978 5643 concupiscentiae

387 5671 605 5726 malum.
636 5666 776 5738 quod
805 5668 934 5721 vitat
961 5665 1156 5737 ubique
1185 5674 1551 5736 conspectum,
1583 5671 1638 5720 et
1663 5665 1852 5735 quaerit
1882 5681 1975 5736 pu-

453 5782 470 5814 ⁸
495 5787 578 5832 ω.
601 5786 746 5840 Port.,
771 5777 1022 5830 voluntate.

1683 335 1884 393 LIBER
1923 333 2238 394 TERTIUS.

3479 341 3616 402 1518

2027 447 2203 504 dendo
2222 456 2486 504 secretum
2517 447 2621 522 (De
2644 447 2855 522 Nuptiis
2883 459 2930 505 et
2960 449 3376 524 Concupiscentia
3395 485 3412 520 ι,
3443 454 3530 509 lib.
3565 457 3617 526 I,

2031 555 2084 593 n.
2130 539 2210 610 8).
2260 538 2352 595 Vel
2385 540 2504 594 talia
2525 539 2718 612 quibus
2736 540 2805 596 ad
2825 541 2928 597 hoc
2945 552 3316 615 argumentum
3339 546 3416 602 uti
3453 547 3617 613 soles,

2029 634 2287 688 memoria
2315 643 2402 690 tua
2434 636 2604 705 magis
2627 651 2786 706 quam
2817 636 3032 709 ingenio
3062 638 3263 711 prolata
3289 647 3432 694 sunt.
3455 639 3622 695 Munia

2030 726 2212 783 chains
2238 742 2366 798 ergo
2385 727 2614 785 afflictus
2634 738 2736 796 est,
2764 740 2820 784 ut
2847 745 2910 786 ea
2931 746 3048 801 qua:
3074 732 3289 802 putabat
3308 741 3460 787 acuta
3477 748 3621 790 com-

2031 827 2293 889 poneret;
2326 828 2383 874 tu
2413 835 2542 875 vero
2583 819 2886 888 frustratus,
2927 822 3018 892 qui
3052 823 3247 892 putasti
3274 823 3442 880 latere
3459 839 3619 896 posse

2031 910 2176 982 quod
2204 912 2409 982 legeras
2429 921 2482 968 et
2511 913 2752 969 tenebas.

2105 1005 2237 1062 Aac.
2265 1005 2397 1074 Quis
2420 1006 2563 1061 enim
2587 1017 2690 1076 est,
2718 1009 2808 1078 qui
2840 1009 2923 1066 vel
2955 1011 3188 1067 tenuiter
3212 1011 3623 1069 Manicbzeorum

2031 1094 2225 1166 dogma
2271 1100 2538 1168 cognovit,
2583 1107 2638 1154 et
2693 1099 2854 1156 lateat
2902 1116 3026 1157 eum
3090 1102 3410 1160 Maniebaaos
3447 1105 3629 1162 dicere

2003 1187 2230 1254 ,malam
2303 1203 2424 1244 esse
2492 1191 2976 1260 concupiscentiam
3045 1194 3266 1252 carnis?
3339 1196 3449 1253 Sed
3520 1213 3627 1252 non

2036 1285 2122 1332 est
2157 1276 2258 1332 hoc
2287 1279 2558 1349 proprium
2588 1280 2852 1350 dogmatis
2893 1299 3078 1339 eorum
3110 1301 3271 1340 :nam
3312 1287 3438 1358 quid
3485 1289 3627 1344 aliud

2031 1365 2166 1422 dicit
2207 1367 2369 1422 etiam
2413 1369 2501 1424 ille
2539 1370 2628 1441 qui
2673 1371 2820 1438 dicit,
2873 1371 3003 1428 Caro
3036 1377 3342 1447 concupiscit
3390 1379 3634 1434 adversus

2037 1459 2297 1530 spiritum,
2348 1461 2558 1531 spiritus
2583 1472 2750 1518 autem
2793 1464 3029 1522 adversus
3081 1483 3282 1522 carnem
3303 1485 3325 1525 :
3345 1471 3452 1524 lucc
3497 1473 3630 1526 enim

2038 1549 2132 1604 sibi
2160 1551 2370 1606 invicem
2409 1553 2777 1621 adversantur;
2822 1566 2877 1610 ut
2907 1575 3007 1611 non
3035 1575 3094 1611 ea
3123 1576 3238 1630 qua:
3265 1563 3433 1627 vultis,
3475 1565 3637 1636 [acia-

2041 1641 2105 1696 tis
2144 1639 2342 1711 (Galut.
2390 1659 2443 1708 v,
2492 1643 2619 1716 I7)?
2663 1646 2799 1712 Quid
2841 1647 2984 1703 aliud
3024 1649 3188 1705 etiam
3216 1651 3305 1708 ille
3349 1653 3443 1724 qui
3483 1655 3633 1719 dicit,

2046 1730 2286 1802 Quisquis
2340 1731 2570 1788 dilexerit
2613 1736 2878 1805 mundum,
2947 1755 3050 1793 non
3095 1751 3169 1795 est
3205 1743 3428 1798 cltaritas
3461 1743 3636 1800 Patris

2042 1823 2096 1878 in
2131 1824 2222 1878 illa
2249 1839 2270 1880 :
2294 1825 2413 1895 quia
2435 1828 2606 1883 omnia
2642 1844 2755 1899 qua:
2792 1829 2845 1883 in
2884 1833 3071 1884 munda
3098 1843 3236 1897 sunt,
3277 1836 3636 1906 concupiscen-

2045 1915 2115 1970 tia
2155 1916 2324 1971 carnis
2373 1927 2470 1985 est,
2506 1927 2556 1972 et
2603 1920 3006 1990 concupiscentia
3051 1924 3333 1992 oculorum,
3377 1935 3424 1980 et
3471 1927 3638 1982 ambi-

2046 2004 2118 2058 tio
2159 2005 2373 2074 saecuti;
2401 2023 2514 2078 qua:
2555 2025 2655 2064 non
2703 2021 2777 2064 est
2801 2027 2865 2066 ea:
2898 2010 3077 2080 Patre,
3106 2013 3196 2068 sed
3234 2031 3301 2069 ea:
3349 2017 3540 2072 mundo
3560 2027 3636 2072 est

2047 2092 2095 2163 (ι
2119 2092 2274 2150 Joan.
2299 2113 2358 2164 ιι,
2385 2099 2470 2164 15,
2508 2101 2638 2171 16)?
2693 2101 2879 2156 Malam
2909 2117 3038 2174 ergo
3083 2118 3206 2160 esse
3252 2107 3639 2178 concupiscenv

2050 2185 2176 2241 tiam
2227 2189 2444 2256 carnis,
2506 2205 2611 2246 non
2669 2193 2887 2264 proprio
2926 2193 3176 2265 dogmate
3235 2196 3510 2253 Manichari
3562 2199 3646 2254 di-

2048 2287 2208 2346 cunt;
2254 2280 2397 2354 quod
2439 2281 2620 2338 vident
2666 2284 2756 2355 qui
2794 2286 2922 2340 caeci
2953 2303 3059 2340 non
3104 2297 3248 2356 sunt,
3278 2299 3333 2346 et
3357 2291 3646 2360 ApoStoIos

2050 2365 2268 2434 dicere;
2345 2370 2442 2428 sed
2509 2372 2927 2430 Maniclurorum
2987 2379 3260 2449 propriam
3304 2381 3647 2453 virosamque

2054 2461 2375 2516 sententiam
2406 2477 2560 2519 error
2583 2474 2764 2520 vester
2779 2466 3014 2537 adjuvat,
3045 2469 3133 2539 qui
3159 2472 3645 2542 concupiscentiam

2054 2549 2252 2616 carnis,
2275 2550 2359 2604 cui
2381 2591 2396 2616 ,
2428 2553 2606 2609 velitis
2631 2555 2832 2621 nolitis,
2859 2556 2926 2611 ad
2956 2556 3134 2612 illicita
3157 2561 3512 2630 perpetranda
3535 2566 3648 2620 sol-

2055 2637 2281 2694 licitanti
2315 2642 2535 2699 castitas
2565 2645 2860 2700 reluctatur
2880 2686 2896 2712 ,
2935 2649 3142 2719 negatis
3162 2650 3231 2705 de
3261 2663 3480 2722 peccato
3505 2658 3649 2712 acci-

2042 2731 2205 2796 disse
2244 2743 2471 2806 natnrre,
2511 2753 2672 2810 quam
2709 2740 2850 2808 Deus
2887 2744 3129 2800 condidit
3175 2745 3392 2804 bonam.
3425 2753 3504 2807 Ae
3550 2751 3650 2819 sic,

2055 2829 2210 2898 agitis
2233 2837 2291 2885 ut
2312 2847 2430 2886 eam
2455 2832 2758 2900 Manichtei,
2785 2852 2943 2908 quam
2961 2839 3356 2900 conflictatione
3383 2853 3650 2900 castorum

2059 2926 2116 2975 et
2157 2919 2538 2989 Apostolorum
2585 2925 2894 2982 testimonio
2939 2931 3266 2986 convincunt
3311 2934 3538 3002 malam,
3581 2936 3653 2992 de

2061 3016 2220 3078 gente
2241 3011 2579 3068 tenebrarum
2618 3021 2674 3070 et
2689 3014 2764 3070 de
2785 3017 2922 3072 mala
2948 3019 3245 3076 substantia
3291 3023 3404 3079 Deo
3422 3035 3651 3082 ceteter-

2035 3112 2150 3170 ‘na,
2180 3099 2340 3155 etiam
2373 3100 2566 3171 ipsam,
2605 3119 2710 3159 non
2751 3107 2946 3162 malam
2986 3111 3294 3179 qualitatem
3334 3117 3650 3183 sanandam,

2059 3187 2155 3246 sed
2183 3190 2376 3246 malam
2407 3193 2757 3251 substantiam
2789 3202 3138 3269 separandam
3168 3205 3183 3236 ¹
3207 3220 3222 3270 ;
3253 3222 3351 3262 nec
3377 3207 3530 3264 bona:
3560 3226 3656 3266 na-

2061 3285 2194 3333 tura:
2221 3279 2502 3348 aceidisse,
2532 3283 2628 3339 sed
2665 3284 2820 3342 bona:
2855 3300 3060 3346 natura:
3105 3297 3446 3353 commixtam
3490 3299 3655 3357 fuisse

2060 3371 2401 3430 concludant.
2453 3373 2559 3432 Sed
2589 3379 2814 3450 pergite,
2847 3391 2905 3438 et
2932 3384 3086 3441 nobis
3126 3388 3418 3445 ealumttias
3445 3391 3512 3448 de
3541 3393 3656 3449 Ma-

2063 3463 2389 3522 nicbmorum
2418 3479 2570 3539 peste
2607 3472 2867 3529 molimini
2909 3493 2925 3533 :
2966 3492 3100 3547 quos
3145 3481 3214 3534 ita
3261 3482 3546 3552 adjuvatis,
3597 3499 3656 3543 ut

2062 3553 2268 3612 faciatis
2319 3558 2579 3627 invictos;
2619 3562 2720 3618 nisi
2752 3573 2806 3620 et
2831 3580 2927 3622 v-is
2951 3580 3073 3623 cum
3103 3570 3227 3636 illis,
3265 3588 3348 3638 ea,
3378 3591 3497 3646 qua:
3522 3592 3650 3634 vere

2064 3647 2258 3705 invicta
2288 3659 2389 3718 est,
2421 3652 2681 3710 catholica
2711 3659 2934 3714 veritate
2963 3661 3270 3719 viucamini.

2135 3741 2364 3798 CLXXI.
2397 3743 2517 3802 Jun.
2548 3747 2685 3803 Audi
2715 3747 2876 3818 igitur
2904 3767 3045 3808 nunc
3063 3761 3222 3824 atque
3251 3772 3503 3826 agnosce,
3529 3760 3656 3830 quid

2064 3848 2258 3905 parcns
2284 3846 2403 3899 tuus
2427 3838 2493 3894 ad
2520 3841 2804 3910 quamdam
2851 3843 3016 3900 filiam
3047 3859 3217 3911 Suam,
3254 3858 3485 3907 vestram
3519 3853 3656 3910 seri-

2069 3923 2160 3979 bat
2184 3941 2449 3983 sororem.

2143 4019 2281 4074 Ave.
2313 4019 2566 4077 Convicia
2593 4032 2717 4078 sunt
2742 4023 2864 4091 ista,
2898 4041 2998 4082 nec
3020 4027 3241 4096 urbana,
3263 4031 3359 4086 sed
3392 4049 3547 4089 vana.

2137 4107 2393 4166 CLXXII.
2439 4111 2562 4169 ιω..
2597 4132 2617 4166 t
2649 4115 2834 4174 Manes
2848 4121 3122 4189 apostolus
3137 4121 3266 4180 Iesu
3289 4123 3512 4193 Christi,
3537 4127 3659 4186 filim

2067 4198 2290 4256 Menocb
2321 4219 2336 4259 :
2366 4201 2548 4260 Gratia
2595 4205 2688 4262 tibi
2728 4215 2784 4262 et
2811 4209 3004 4266 salusa
3033 4209 3148 4267 Deo
3193 4221 3397 4281 nostro,
3447 4217 3538 4287 qui
3577 4227 3663 4276 est

2068 4308 2255 4352 revera
2283 4310 2444 4352 verus
2469 4297 2630 4366 Deus,
2661 4297 2940 4368 tribuatur,
2982 4300 3204 4374 ipseque
3235 4311 3378 4361 tuam
3423 4318 3660 4368 mentem

2070 4384 2320 4454 illustret,
2363 4395 2420 4444 et
2439 4387 2701 4460 justitiam
2730 4405 2884 4448 suam
2917 4391 3128 4452 tibimet
3145 4395 3349 4452 revelet
3388 4436 3406 4463 ,
3452 4403 3577 4472 quia
3599 4415 3663 4457 es

2071 4476 2265 4534 divinae
2295 4479 2480 4554 stirpis
2516 4480 2740 4538 fructus.
2780 4502 2802 4538 ι
2853 4483 2918 4540 Ει
2945 4493 3083 4556 post
3107 4501 3274 4556 pauca
3299 4504 3314 4542 :
3342 4505 3362 4540 ι
3389 4488 3495 4544 Per
3523 4505 3662 4561 quos

2071 4577 2128 4624 et
2167 4579 2226 4624 ut
2266 4569 2568 4640 splendida,
2597 4591 2617 4626 ι
2644 4573 2836 4644 inquit,
2883 4592 2904 4628 α
2938 4575 3143 4635 reddita
3185 4591 3265 4644 es,
3318 4581 3662 4649 agnoscendo

2073 4660 2298 4730 qualiter
2325 4662 2477 4733 prius
2503 4662 2690 4731 fueris,
2728 4680 2795 4720 ex
2826 4681 2934 4735 quo
2960 4682 3158 4736 genere
3181 4669 3480 4726 animarum
3507 4685 3662 4726 etnao

2075 4750 2307 4816 naveris,
2358 4751 2500 4822 quod
2542 4761 2625 4807 est
2663 4755 2944 4808 confusum
2993 4759 3240 4816 omnibus
3268 4760 3583 4828 corporibus
3608 4771 3664 4820 et

2075 4841 2375 4911 saporibus,
2417 4851 2473 4899 et
2511 4845 2794 4914 speciebus
2839 4847 3002 4903 variis
3046 4849 3305 4907 colueret.
3348 4850 3481 4908 Nam
3526 4855 3665 4912 sicut

2073 4932 2268 4988 anima:
2293 4932 2584 5004 gignuntur
2611 4935 2680 4991 ab
2704 4936 3008 5007 animabus,
3034 4939 3103 4994 ita
3128 4939 3438 5012 figmentum
3465 4960 3663 5016 θοι-ραι

2076 5022 2150 5077 ris
2175 5037 2206 5078 a
2225 5025 2466 5094 corporis
2495 5035 2680 5082 natura
2702 5027 2979 5096 digeritur.
3028 5029 3178 5098 Quod
3197 5047 3328 5102 ergo
3353 5037 3580 5090 nascitur
3602 5037 3666 5091 de

2076 5129 2245 5180 carne,
2272 5131 2392 5170 caro
2418 5125 2522 5180 est;
2570 5126 2616 5171 et
2644 5118 2780 5186 quod
2802 5119 2866 5173 de
2888 5121 3090 5191 spiritu,
3119 5123 3330 5192 spiritus
3364 5138 3437 5180 est
3463 5143 3482 5182 :
3503 5131 3662 5198 spiri-

2079 5214 2188 5258 tum
2217 5215 2395 5262 autem
2418 5209 2650 5263 animam
2681 5209 2934 5281 intellige,
2985 5213 3163 5268 anima
3185 5214 3253 5271 de
3293 5217 3490 5287 anima,
3540 5236 3668 5277 caro

2077 5297 2146 5354 de
2173 5313 2334 5354 carne
2363 5317 2385 5354 ι
2416 5297 2712 5370 (ΜαηίςΙιαξὶ
2740 5299 3017 5375 Epistula).

2151 5391 2289 5448 Avo.
2320 5390 2375 5447 Si
2401 5391 2577 5447 dicam
2607 5393 2721 5460 tibi,
2756 5395 2912 5449 istam
2947 5396 3224 5455 Manicbmi
3262 5401 3541 5471 epistolam
3582 5421 3668 5460 me

2080 5481 2297 5536 omnino
2329 5482 2568 5549 nescire;
2608 5484 2850 5554 quamvis
2875 5502 3056 5542 verum
3086 5487 3281 5560 dicam,
3314 5492 3532 5550 omnino
3563 5510 3665 5546 non

2079 5574 2290 5638 credes,
2323 5583 2373 5628 et
2405 5589 2640 5643 mecum,
2675 5584 2733 5632 ut
2757 5577 2924 5646 soles,
2959 5595 3089 5636 vana
3118 5581 3436 5653 loquacitate
3455 5595 3670 5638 conten-

2146 5711 2161 5743 ι
2174 5710 2280 5825 dilic
2319 5722 2383 5760 ex
2416 5716 2522 5763 Mss.
2547 5711 2824 5777 adiecimus,
2849 5715 2936 5766 δί’τί
2973 5715 3151 5767 malum
3185 5713 3494 5766 substantiam
3535 5727 3668 5776 scpov

2146 5786 2171 5822 η
2212 5785 2306 5821 am.

2084 5785 2306 5822 ιγίηαιιηι.
