2086 3253
257 197 324 226 1319

254 256 310 284 des.
332 252 385 282 Sed
400 251 423 279 si
447 250 498 278 hoc
512 248 579 277 dixit
600 246 778 279 Manichaaus;
800 243 862 280 quid
880 243 976 270 mirum
1000 244 1051 274 est,

254 300 324 336 quod
336 306 365 326 se
387 298 444 333 ipse
457 294 607 323 destruxit?
631 293 660 320 Si
673 292 744 321 enim
768 291 837 319 sicut
850 288 965 316 hominis
978 294 1051 336 caro,

254 334 334 374 etiam
355 343 472 372 hominis
487 342 575 369 anima
590 340 708 368 nascitur
719 339 777 367 sive
800 337 871 364 bona
889 336 945 363 sive
966 334 1052 366 mala;

254 392 320 419 duas
335 390 406 418 enim
420 387 499 416 simul
510 387 611 414 animas
624 386 650 413 in
668 384 775 412 homine
790 390 842 410 uno
857 388 917 409 esse
927 380 1051 412 delirant,

256 443 336 464 unam
356 435 464 466 malam,
484 433 593 460 alteram
616 432 723 463 bonam,
745 429 779 457 dc
793 428 849 456 suis
863 426 999 463 principiis
1013 425 1053 452 di-

255 482 341 509 versis
363 483 518 508 emanantes
532 487 538 506 :
553 478 576 505 si
590 484 654 512 ergo
680 475 800 503 nascitur
821 473 920 505 anima,
946 471 1053 507 quando

255 528 374 556 nascitur
392 534 472 559 caro;
494 524 614 561 profecto
636 530 686 551 nec
705 522 773 549 mala
797 522 840 549 illa
865 525 907 548 est
929 520 984 548 Deo
1005 527 1053 547 co-

255 579 366 605 mterna,
380 580 430 600 nec
440 576 532 599 contra
547 570 680 606 principes
697 568 867 596 tenebrarum
889 566 969 599 bona,
984 566 1054 592 sicut

256 621 314 655 ejus
328 624 399 648 secta
417 618 524 653 desipit,
540 617 573 644 ab
588 620 690 643 :eterno
709 615 787 642 Patre
801 614 904 649 prolata
926 616 978 639 est.
998 610 1053 639 Sed

256 673 364 701 quoquo
374 664 454 692 modo
467 664 539 691 dicat
556 662 717 690 lilaniclncus
731 660 833 687 animas
848 659 933 693 nasci,
953 658 986 685 ad
1006 665 1054 686 nos

256 712 318 747 quid
336 711 460 746 pertinet,
477 709 522 744 qui
537 709 616 735 verba
633 707 676 734 illa
692 706 815 739 Domini,
833 705 908 738 Quod
922 709 1008 731 uatum
1019 708 1054 731 cst

257 765 288 784 ex
301 764 387 789 carne,
399 763 458 782 caro
468 759 520 786 est;
543 757 564 780 et
575 753 641 788 quod
655 757 743 779 nulum
762 756 798 778 cst
813 751 843 778 de
854 750 956 786 spiritu,
975 749 1055 785 spiri-

258 808 298 829 tus
311 807 348 829 est
360 800 449 837 (Joan.
467 807 505 832 in,
522 798 569 833 6);
592 805 645 825 non
658 804 718 824 cum
735 796 815 823 homo
835 803 868 823 ex
883 795 991 822 homine
1005 802 1054 822 na-

257 849 350 880 scitur,
360 846 406 874 sed
415 853 475 873 cum
483 852 515 872 ex
527 844 573 871 Dei
583 843 677 879 spiritu
690 843 848 880 renascitur,
866 841 923 868 ﬁeri
935 841 1056 868 novimus

257 899 283 920 et
298 891 437 919 tenemus?
458 889 518 918 Non
532 889 604 917 enim
620 880 802 923 evai'i'gelicus,
828 887 885 922 ipse
900 890 971 913 totus
983 886 1056 913 locus

258 938 329 966 aliud
351 937 482 973 permittit
503 935 625 971 intelligi.
649 934 746 968 Qutere
766 940 830 969 ergo
850 933 945 968 quibus
971 933 1057 967 possis

259 984 398 1013 Manichzci
410 984 457 1011 has
473 983 576 1011 fabulas
588 982 722 1015 vendere;
741 986 768 1009 et
783 980 870 1016 potius
883 983 992 1015 propter
1011 979 1057 1007 illa

258 1039 317 1066 quae
332 1030 456 1065 superius
476 1029 540 1062 dixi,
558 1027 693 1065 quomodo
715 1026 924 1055 Manichazorum
948 1032 1002 1054 non
1021 1026 1058 1053 sis

258 1076 366 1111 adjutur
377 1074 501 1103 ostende.

294 1120 434 1149 CLXXIII.
449 1120 509 1148 Jun.
523 1118 671 1155 Cognoscis
689 1125 799 1153 nempe,
819 1115 953 1153 quomodo
967 1116 1057 1151 signa-

259 1168 363 1196 tissime
374 1165 688 1200 Manichaaustraducem
703 1164 846 1193 conﬁrmet
857 1163 1017 1195 animarum,
1032 1166 1059 1189 et

259 1222 313 1250 quo
328 1213 480 1241 testimonio
495 1216 584 1239 utatur
598 1210 632 1238 ad
645 1209 868 1245 vituperationem
889 1208 988 1240 carnis,
1014 1207 1059 1234 illo

260 1260 382 1289 videlicet
398 1259 468 1295 quod
484 1259 510 1287 in
532 1265 580 1285 ore
601 1261 692 1285 vestro
712 1259 844 1288 versatur,
859 1254 884 1282 id
906 1258 958 1288 est,
984 1253 1060 1286 Quod

261 1307 374 1335 nascitur
386 1306 419 1333 de
430 1313 516 1339 came,
531 1312 591 1331 caro
602 1307 639 1331 ut
646 1311 657 1336 ;
669 1307 692 1331 et
706 1302 774 1338 quod
790 1301 821 1329 de
830 1301 921 1336 spiritu
933 1321 941 1334 ,
956 1299 1060 1336 spiritus

261 1357 298 1380 ιιι
315 1351 404 1387 (Joan.
416 1359 455 1384 ιιι,
469 1349 508 1387 6).

299 1400 366 1427 Anc.
380 1397 439 1425 Jam
450 1397 505 1424 dixi
518 1395 653 1431 quomodo
668 1401 717 1422 nos
729 1393 891 1428 accipiamus
907 1392 964 1419 lucc
976 1391 1058 1419 verba

262 1443 434 1480 evangelica;
450 1441 576 1478 quoniam
592 1449 644 1468 non
657 1440 868 1476 generationem,
886 1438 933 1466 sed
948 1445 1060 1473 regene-

262 1492 394 1519 rationem
420 1488 528 1516 docent.
552 1487 591 1514 Tu
613 1486 667 1520 die,
690 1486 713 1514 si
740 1489 825 1521 potes,
849 1484 983 1520 quomodo
1006 1491 1060 1511 non

263 1536 374 1572 adjuves
387 1534 527 1562 Manichaei
541 1533 621 1561 verba
643 1532 769 1568 sacrilega
792 1531 826 1559 de
844 1530 1060 1566 concupiscentia

261 1582 361 1615 carnis,
373 1589 452 1617 quam
463 1585 604 1616 propterea
620 1583 649 1606 tu
668 1585 749 1614 negas
760 1577 794 1605 de
808 1581 902 1605 natura
916 1576 996 1611 primi
1010 1575 1061 1603 ho-

261 1627 342 1656 minis
355 1625 572 1662 praevaricatione
582 1624 672 1652 vitiata
687 1623 714 1651 in
729 1627 849 1651 nostram
862 1627 986 1650 naturam
999 1629 1062 1657 pro-

262 1673 404 1709 pagatione
433 1670 618 1704 descendere,
654 1673 685 1697 ut
713 1676 773 1697 eam
804 1672 912 1704 putetur
936 1667 981 1695 ille
1007 1667 1062 1694 Dco

262 1726 403 1747 coaeternte
414 1717 584 1746 tenebramm
595 1716 667 1752 genti
681 1715 829 1743 rectissime
841 1713 979 1750 deputare.
996 1712 1063 1740 Insi-

264 1763 429 1800 pientissime
444 1762 543 1799 quippe
557 1765 584 1790 et
597 1760 828 1796 impudentissime
842 1758 890 1787 abs
904 1763 931 1787 te
950 1763 1063 1793 negatur

264 1810 373 1843 malum,
387 1817 441 1844 quo
453 1815 516 1836 caro
538 1806 704 1842 concupiscit
726 1805 853 1833 adversus
875 1804 1010 1840 spiritum,
1034 1807 1063 1831 et

264 1860 356 1884 contra
369 1854 440 1890 quod
452 1858 580 1890 geruntur
593 1852 720 1880 interiora
734 1851 804 1879 bella
817 1854 964 1878 castorum.
984 1881 996 1887 κ

299 1899 439 1928 CLXXIV.
468 1899 528 1927 Ius.
552 1898 616 1926 Ideo
642 1904 695 1924 non
718 1896 808 1924 solum
830 1894 991 1930 eloquendo,
1014 1893 1062 1921 sed

265 1947 346 1975 etiam
369 1944 516 1981 repetendo
544 1942 668 1976 inculcat,
691 1941 824 1977 dogmatis
847 1940 889 1968 sui
913 1947 973 1968 esse
997 1947 1063 1976 pro-

267 1992 367 2027 prium,
380 1989 517 2018 traducem
532 1989 682 2016 animarum
701 1992 795 2022 putare
810 1985 900 2021 :quod
912 1985 993 2013 etiam
1016 1992 1063 2019 per

266 2036 468 2064 similitudinem
485 2033 670 2070 generantium
685 2039 828 2067 corporum
852 2031 1002 2067 approbare
1015 2037 1063 2058 eo-

268 2087 356 2112 natut.
374 2090 384 2108 ι
402 2080 478 2110 Sicut
495 2080 603 2113 animat,
621 2088 630 2105 ι
647 2078 743 2114 inquit,
762 2087 771 2104 ι
787 2078 932 2113 gignuntur
950 2076 985 2104 ab
1004 2076 1062 2104 ani-

267 2128 372 2161 mabus,
388 2127 424 2155 ita
443 2126 598 2162 ﬁgmentum
612 2124 733 2160 corporis
745 2131 760 2151 a
772 2123 893 2158 corporis
905 2126 999 2150 natura
1019 2121 1062 2149 di-

267 2175 369 2210 geritur
379 2182 386 2206 ς
397 2178 424 2201 et
434 2174 503 2201 sicut
515 2180 579 2200 caro
590 2171 625 2199 de
636 2178 728 2204 carne,
739 2170 775 2198 ita
788 2170 876 2197 anima
889 2169 923 2196 de
937 2168 1036 2195 anima.
1050 2177 1060 2194 ι

266 2221 319 2250 Sed
335 2227 476 2256 pergamus
488 2218 522 2246 ad
535 2217 646 2253 reliqua.
657 2225 667 2242 ι
681 2216 756 2244 Sicut
767 2223 832 2250 ergo
850 2219 943 2242 auctor
959 2213 1064 2242 anima-

268 2275 327 2295 rum
335 2267 405 2294 Deus
412 2269 463 2298 est,
471 2265 506 2292 ita
514 2270 655 2298 corporum
664 2266 757 2289 auctor
763 2268 812 2297 per
819 2260 1063 2296 concupiscentiam

267 2312 390 2340 diabolus
402 2316 453 2343 est,
466 2314 495 2338 ut
507 2310 533 2337 in
543 2308 687 2337 viseatorio
696 2306 797 2335 diaboii
812 2313 861 2342 per
870 2306 1064 2341 concupiscen-

269 2359 332 2386 tiam
347 2356 476 2390 mulieris,
489 2354 560 2383 unde
572 2353 695 2382 diabolus
709 2356 866 2389 aucupatur,
883 2359 936 2379 non
949 2351 1063 2384 animas,

267 2405 314 2433 sed
329 2410 452 2439 corpora.
470 2411 481 2429 ι

306 2452 373 2478 Aea.
388 2448 446 2477 Non
458 2455 583 2484 corpora,
595 2447 642 2474 sed
664 2446 768 2473 animas
786 2444 913 2480 aucupari
928 2443 1064 2472 diabolum

272 2497 358 2532 potuit
371 2495 461 2523 dicere
473 2493 634 2521 Maniclneus
647 2501 653 2519 :
666 2498 777 2527 corpora
790 2491 861 2518 enim
876 2490 940 2517 dicit
955 2489 988 2517 ad
1002 2497 1067 2524 gen-

273 2543 306 2569 tis
321 2541 488 2568 tenebrarum
501 2545 633 2570 naturam,
646 2538 716 2565 unde
728 2542 768 2564 cst
781 2541 808 2564 et
821 2536 953 2566 diabolus,
980 2536 1066 2570 perti-

271 2595 344 2614 neru.
354 2585 467 2613 l’roinde
477 2585 622 2613 secundum
632 2583 817 2616 Maniclmum,
827 2591 878 2610 non
888 2590 969 2618 cnt'po
985 2591 997 2608 a
1007 2590 1066 2617 qua:

272 2634 354 2667 ipsius
366 2637 427 2659 sunt
438 2653 445 2665 ,
468 2632 515 2659 sed
530 2632 634 2659 animas
648 2631 732 2658 bonas
744 2638 805 2665 qum
819 2630 902 2665 ipsius
923 2637 975 2656 nun
991 2634 1064 2663 sunt,

270 2680 363 2707 dicitur
388 2677 509 2706 diabolus
534 2677 670 2712 aucupari.
693 2676 745 2705 Sed
769 2676 836 2704 ﬁdes
859 2681 949 2703 nostra
966 2675 1066 2703 bonum

273 2726 355 2753 Dentn
370 2729 518 2751 creatorem
533 2728 559 2750 et
573 2722 902 2756 animarumelcorporum
918 2721 1000 2748 novit.

306 2770 434 2798 CLXXV.
450 2769 507 2797 ιω..
525 2778 534 2795 ι
552 2769 614 2796 Sive
630 2776 677 2804 per
690 2770 786 2801 visum,
801 2770 857 2796 sive
872 2777 920 2804 per
930 2773 1028 2796 tactum
1046 2769 1066 2801 ¹,

272 2818 328 2845 sive.
351 2825 398 2854 per
420 2816 550 2848 auditum,
573 2814 629 2842 sive
642 2822 690 2850 per
704 2814 853 2848 odoratum,
877 2816 933 2844 sive
949 2823 998 2851 per
1021 2823 1068 2850 gu-

303 2927 311 2941 ¹
328 2930 355 2952 tu
366 2927 439 2953 editis
451 2925 585 2955 exciderat,
598 2924 646 2950 siue
657 2929 701 2956 per
713 2925 808 2947 lactant.

594 188 716 219 OPERIS
736 186 941 216 IMPERFECTI
962 183 1100 213 CONTRA
1119 182 1302 217 JULIANUM,
1323 184 1352 212 S.
1375 182 1558 213 AUCUSTINI

1835 184 1903 211 15Ξο

1106 245 1187 268 stum.
1203 240 1279 269 Tolle
1294 241 1410 277 denique
1424 240 1547 276 maligna:
1563 239 1641 275 hujus
1657 239 1749 274 stirpis
1772 240 1901 273 radicem.

1106 291 1133 314 et
1153 287 1242 314 statim
1262 292 1288 315 te
1309 288 1394 322 ipsam
1417 287 1582 322 spiritualem
1602 285 1804 321 contemplaris.
1819 286 1903 314 Radix

1105 333 1182 365 enim,
1201 333 1238 360 ait
1251 332 1397 368 Scriptura,
1412 332 1525 360 omnium
1539 332 1664 360 malorum
1674 332 1876 367 concupiscentia
1892 342 1901 356 ι

1106 378 1128 414 (1
1149 378 1216 406 Tim.
1233 387 1270 411 vi,
1296 378 1351 414 10).
1377 379 1455 406 Vides
1468 386 1521 414 quo
1531 378 1626 413 spiritu
1650 381 1677 406 et
1697 382 1806 413 propter
1832 379 1904 413 quod

1106 424 1201 459 dogma
1217 424 1377 452 Mauichmus
1396 424 1640 460 concupiscentiam
1653 425 1751 461 .carnis
1774 424 1902 457 incessat,

1106 470 1175 498 hanc
1187 470 1278 498 dicens
1290 478 1350 498 esse
1364 470 1448 506 legem
1465 471 1578 506 peccati,
1599 478 1658 506 quae
1672 470 1694 498 si
1708 477 1723 497 a
1744 470 1902 505 corporibus

1106 515 1266 549 auferretur,
1280 516 1444 551 spiritualem
1457 523 1486 544 se
1503 516 1554 543 ﬁlia
1570 516 1638 551 ejus,
1652 516 1686 543 ad
1700 523 1780 551 quam
1798 516 1901 547 scribit,

1106 560 1202 588 factam
1223 561 1334 589 vidcrct.
1348 561 1433 595 Quam
1449 561 1601 596 opinionem
1616 561 1713 596 quibus
1726 561 1846 596 Apostoli
1862 561 1902 588 ni-

1107 611 1177 634 tatur
1199 606 1360 635 couﬁrmare
1385 607 1526 635 sententiis
1547 607 1686 634 audiamus
1702 616 1708 633 :
1725 616 1735 633 ι
1751 605 1817 634 Caro
1830 606 1902 634 enim
1952 603 1953 610 ‘

1106 652 1255 680 adversatur
1266 653 1378 688 spiritui,
1394 653 1455 688 quia
1476 653 1529 680 ﬁlia
1551 653 1776 688 concupiscentia:
1798 656 1856 685 est;
1874 657 1898 678 et

1106 699 1209 734 spiritus
1219 699 1288 725 carui
1305 698 1403 734 (Galat.
1416 707 1442 732 ν,
1459 699 1514 733 17),
1528 698 1590 734 quia
1606 698 1674 726 Illius
1686 697 1783 725 anima:
1795 701 1846 725 est.
1866 706 1876 723 ι

1143 746 1210 774 Avo.
1235 746 1305 773 Duas
1322 745 1485 773 substantias
1511 746 1536 772 in
1561 745 1650 773 verbis
1674 744 1795 780 Apostoli
1820 743 1903 771 Mani-

1107 790 1197 818 chacus
1210 791 1345 826 opinatur,
1362 799 1442 818 unam
1464 791 1572 824 bonum,
1584 790 1696 818 alteram
1717 790 1814 817 malum
1827 798 1835 816 :
1849 797 1902 817 non

1108 844 1187 864 unam
1200 837 1297 864 bonam
1309 836 1501 869 substantiam,
1523 842 1549 864 et
1561 837 1673 864 alteram
1687 836 1765 864 bona:
1777 836 1902 863 substan-

1109 883 1152 909 tiae
1168 882 1278 915 vilium,
1304 890 1337 910 ex
1359 882 1438 918 primi
1459 882 1574 910 hominis
1596 887 1706 917 peccato
1731 881 1904 917 generatione

1108 931 1285 961 contractum,
1310 927 1420 956 secundi
1439 928 1556 955 hominis
1579 928 1680 963 justitia
1703 927 1905 963 regeneratione

1109 974 1256 1001 sanandum
1274 984 1280 1001 :
1296 974 1368 1009 quod
1391 978 1419 1002 et
1439 979 1531 1002 contra
1562 974 1732 1008 Manichzcos,
1758 978 1787 1002 et
1812 977 1905 1001 contra

1110 1027 1168 1051 vos,
1193 1024 1318 1054 tanquam
1345 1020 1548 1047 invictissimum
1569 1020 1663 1054 telum,
1684 1019 1816 1047 catholica
1839 1018 1906 1046 ﬁdes

1110 1065 1214 1092 fortiter
1224 1065 1299 1100 jacit.
1319 1070 1346 1093 et
1358 1070 1485 1101 utrosque
1499 1066 1654 1101 prosternit.

1145 1110 1286 1138 CLXXVI.
1307 1111 1367 1139 Jun.
1387 1111 1515 1148 lntelligis
1539 1117 1655 1140 retectas
1683 1120 1744 1140 esse
1768 1111 1907 1140 Manichati

1110 1157 1242 1193 dogmatis
1262 1158 1402 1193 medullas,
1427 1159 1523 1194 quibus
1545 1159 1611 1187 ﬁdes
1635 1165 1723 1187 vc5tra
1748 1159 1906 1187 concrescit.

1111 1203 1170 1232 Jam
1183 1211 1248 1232 vero
1269 1212 1329 1238 nos,
1355 1205 1381 1233 id
1405 1209 1461 1238 est,
1488 1204 1652 1239 Catholicos,
1680 1206 1765 1241 pergit
1785 1214 1907 1241 arguere.

1114 1259 1124 1277 ι
1135 1250 1224 1285 Quare
1236 1250 1297 1278 vide
1310 1259 1389 1286 quam
1402 1252 1477 1279 stulti
1489 1257 1561 1285 sunt,
1573 1252 1619 1287 qui
1629 1252 1722 1280 dicunt
1733 1252 1784 1280 hoc
1796 1252 1908 1288 ﬁgmen-

1112 1301 1167 1324 tum
1181 1303 1197 1324 a
1218 1297 1274 1325 Deo
1293 1297 1364 1325 bono
1382 1305 1443 1326 esse
1462 1298 1616 1332 conditum,
1638 1297 1708 1334 quod
1730 1298 1796 1326 certi
1817 1302 1880 1325 sunt
1893 1305 1909 1325 a

1111 1342 1206 1378 spiritu
1219 1343 1444 1379 concupiscentia:
1459 1343 1540 1379 gigni.
1558 1352 1569 1371 ι

1148 1389 1216 1417 Anc.
1232 1389 1261 1417 In
1272 1389 1324 1417 hoc
1338 1397 1354 1417 a
1369 1389 1522 1418 Manictueis
1533 1390 1612 1418 simul
1625 1390 1771 1426 arguimur,
1783 1395 1810 1418 et
1823 1397 1872 1418 vos
1882 1395 1911 1418 et

1113 1442 1173 1469 nos,
1188 1435 1314 1470 quoniam
1332 1435 1487 1471 ﬁgmentum
1501 1438 1591 1465 carnis
1610 1444 1625 1464 a
1642 1437 1695 1465 Deo
1715 1437 1787 1465 bono
1804 1437 1911 1473 utrique
1952 1452 1956 1455 ~

1112 1481 1249 1509 conditum
1272 1481 1408 1510 dicimus:
1423 1482 1547 1518 spiritum
1571 1490 1635 1511 vero
1663 1483 1910 1518 concupiscentiae,

1112 1526 1251 1555 Maniclnei
1272 1528 1449 1556 substantiam
1463 1536 1524 1556 esse
1547 1528 1640 1557 dicunt
1664 1529 1774 1562 malum,
1798 1537 1852 1557 non
1871 1530 1911 1556 vi-

1114 1572 1180 1600 tium
1192 1572 1347 1601 substantiae
1358 1573 1445 1607 home,
1462 1581 1515 1609 quo
1527 1581 1591 1602 caro
1604 1574 1769 1610 concupiscit
1783 1574 1911 1603 adversus

1113 1618 1253 1653 spiritum;
1268 1618 1341 1654 quod
1354 1618 1386 1646 ad
1399 1626 1447 1647 eos
1461 1619 1663 1655 redarguendos
1677 1620 1790 1648 uicimus
1804 1627 1864 1654 nos,
1885 1624 1913 1648 et

1114 1663 1147 1691 ad
1159 1671 1207 1692 eos
1219 1664 1385 1699 adjuvandos
1404 1664 1508 1700 negatis
1529 1672 1587 1692 vos.
1613 1665 1681 1692 Nam
1700 1665 1761 1700 quia
1784 1665 1910 1700 concupi-

1114 1710 1255 1744 scentiam,
1280 1717 1333 1745 qua
1354 1717 1418 1738 caro
1438 1710 1603 1746 concupiscit
1625 1711 1753 1739 adversus
1778 1711 1912 1746 spiritum,

1114 1756 1194 1784 etiam
1207 1755 1284 1784 vobis
1298 1756 1483 1784 resistentibus
1496 1756 1595 1784 malum
1608 1764 1669 1785 esse
1682 1756 1861 1790 convincunt;
1886 1757 1912 1784 si

1115 1809 1168 1830 non
1184 1806 1235 1834 est,
1261 1806 1291 1830 ut
1310 1802 1419 1837 putatis,
1442 1802 1520 1830 bona:
1538 1802 1695 1830 substantice
1718 1802 1823 1835 vitium,
1843 1802 1913 1829 mala

1115 1848 1263 1876 substantia
1285 1848 1475 1884 deputabitur;
1493 1848 1564 1884 quod
1578 1852 1619 1876 est
1637 1847 1733 1883 dogma
1755 1847 1914 1876 Manichaeo-

1114 1902 1185 1927 rum,
1202 1894 1342 1923 catholicae
1352 1894 1413 1923 ﬁdei
1427 1894 1502 1923 vobis
1514 1894 1679 1930 adjutoribus
1692 1894 1840 1922 inimicum.

1150 1940 1301 1969 CLXXVII.
1316 1941 1375 1969 Jun.
1399 1950 1408 1968 ι
1427 1941 1495 1969 Cum
1519 1941 1610 1970 animo
1630 1941 1739 1969 nolente
1754 1945 1861 1975 coeunt,
1886 1945 1915 1970 et

1115 1989 1225 2015 secretis
1236 1987 1382 2022 pudoribus
1404 1993 1516 2023 gerunt,
1542 1995 1595 2024 quo
1609 1993 1730 2024 tempore
1741 1988 1803 2016 odio
1816 1987 1916 2016 habent

1115 2034 1212 2067 lucem,
1229 2035 1267 2061 uti
1290 2042 1324 2061 ne
1344 2033 1548 2062 manifestcntur
1564 2042 1645 2069 opera
1658 2041 1760 2062 eorum.
1781 2033 1863 2069 Cujus
1876 2034 1915 2062 rei

1115 2081 1199 2115 gratia
1215 2080 1252 2107 ait
1265 2080 1418 2115 Apostolus,
1435 2080 1495 2107 Non
1510 2085 1546 2107 eu
1560 2080 1665 2108 volentis
1683 2079 1772 2116 (Rom.
1789 2087 1829 2114 Ix,
1846 2080 1914 2115 16);

1116 2131 1145 2154 ut
1158 2126 1343 2159 subaudialur,
1360 2126 1410 2154 hoc
1421 2134 1496 2161 opus.
1510 2127 1570 2154 Sive
1585 2126 1656 2155 enim
1666 2127 1765 2155 bonum
1778 2133 1913 2162 geramus,

1116 2180 1170 2200 non
1184 2176 1224 2200 cst
1237 2172 1324 2199 carnis
1337 2180 1344 2205 ;
1359 2172 1419 2207 quia
1436 2172 1569 2207 manifesta
1583 2176 1641 2199 sunt
1656 2180 1734 2207 opera
1748 2172 1842 2204 carnis,
1857 2178 1913 2207 qua

1116 2222 1174 2245 sunt
1188 2218 1333 2253 fornicatio,
1347 2223 1412 2251 etc.,
1438 2219 1494 2245 sive
1516 2219 1615 2245 malum
1634 2225 1759 2254 geramus
1770 2218 1791 2251 ',
1807 2225 1861 2246 non
1874 2222 1917 2245 est

1117 2264 1213 2291 animm
1226 2272 1232 2296 ;
1257 2264 1316 2299 quia
1329 2264 1427 2298 fructus
1441 2264 1563 2299 Spiritus,
1586 2272 1646 2299 pax,
1662 2265 1786 2300 gaudium
1798 2268 1836 2292 est
1852 2264 1916 2300 (Ga-

1118 2310 1164 2337 lat.
1180 2318 1207 2342 v,
1225 2310 1267 2342 19,
1284 2310 1342 2345 22).
1357 2310 1476 2345 Denique
1489 2311 1586 2337 clamat
1600 2314 1627 2337 et
1639 2310 1672 2337 ad
1694 2310 1830 2338 Romanos
1845 2310 1915 2345 Apo-

1118 2356 1202 2383 stolus
1219 2365 1225 2383 :
1243 2357 1303 2383 Non
1323 2357 1414 2383 bonum
1428 2357 1495 2393 quod
1516 2358 1581 2390 volo,
1600 2365 1664 2392 ago;
1679 2356 1724 2384 sed
1737 2357 1833 2384 malum
1854 2365 1915 2393 ope-

1118 2411 1171 2436 ror,
1198 2404 1266 2438 quod
1291 2403 1413 2430 exltorreo
1442 2402 1542 2439 (Rom.
1557 2410 1603 2435 vn,
1620 2402 1683 2439 I9).
1710 2402 1814 2430 Videtis
1824 2409 1914 2430 vocem

1118 2450 1214 2477 animae
1244 2451 1427 2483 contumacis,
1469 2454 1561 2477 contra
1598 2449 1841 2485 concupiscentiam
1867 2449 1916 2477 de-

1119 2495 1271 2523 fendentem
1304 2496 1454 2524 libertatem
1491 2497 1596 2524 animo).
1627 2496 1739 2524 Dolebat
1767 2495 1839 2524 enim
1854 2496 1916 2531 quia

1119 2547 1268 2577 peccatum,
1284 2542 1309 2568 id
1325 2546 1375 2573 est,
1398 2542 1520 2569 diabolus
1542 2546 1698 2576 operaretur
1721 2542 1747 2569 in
1766 2549 1795 2569 se
1809 2549 1916 2569 omnem

1119 2590 1370 2624 concupiscentiam.
1398 2589 1502 2624 chulis
1524 2590 1668 2617 auctoritas
1694 2589 1794 2616 indicat
1818 2588 1916 2615 malum

1119 2636 1187 2670 ejus,
1209 2643 1268 2662 cum
1285 2642 1378 2661 omnes
1389 2634 1446 2668 ejus
1469 2642 1532 2661 usus
1547 2635 1690 2669 vituperat,
1705 2641 1772 2670 quos
1785 2641 1849 2661 caro
1864 2634 1916 2660 mi-

1120 2687 1193 2709 ratur
1203 2687 1229 2708 et
1243 2680 1332 2707 laudat
1346 2689 1352 2706 :
1369 2681 1456 2707 omnis
1477 2681 1548 2708 enim
1564 2680 1713 2708 amaritudo
1723 2680 1916 2715 concupiscen-

1121 2727 1164 2753 ti:c
1179 2727 1267 2753 suavis
1280 2731 1322 2753 est
1334 2726 1450 2759 animae;
1474 2734 1522 2761 per
1538 2734 1618 2762 quam
1638 2726 1755 2753 nutritur
1767 2725 1868 2758 anima,
1889 2729 1917 2753 et

1121 2773 1153 2800 ad
1172 2773 1289 2809 vigorem
1310 2773 1422 2801 accitur.
1452 2773 1570 2809 Denique
1585 2773 1734 2801 coercentis
1752 2780 1782 2801 se
1800 2773 1832 2799 ab
1845 2773 1917 2800 omni

1122 2828 1171 2847 usu
1192 2819 1414 2855 concupiscentia:
1434 2820 1540 2848 animus
1552 2819 1652 2856 vigilat,
1671 2818 1781 2854 ditatur,
1807 2824 1835 2847 et
1859 2826 1920 2848 cre-

1156 2899 1162 2914 ¹
1181 2897 1246 2922 Prior
1267 2897 1382 2928 \‘ignierti
1395 2897 1470 2923 editio
1486 2902 1512 2922 et
1522 2901 1576 2923 Mss.
1593 2900 1649 2922 star.
1663 2901 1689 2922 et
1699 2896 1760 2921 dar.
1774 2902 1779 2920 :
1794 2894 1844 2921 sive
1855 2896 1922 2920 enim

1126 2930 1209 2955 bonum
1221 2935 1373 2961 gmwrautus.
1379 2949 1381 2952 .
1388 2948 1393 2953 .
1399 2948 1414 2954 ..
1428 2930 1475 2955 rtt‘t‘
1488 2929 1577 2954 malum
1588 2935 1738 2961 generantia.
