4172 6492
378 363 504 420 15⁵21

380 485 480 533 scit
526 500 540 537 :
586 493 679 546 per
724 489 878 532 usum
924 485 1121 533 autem
1152 472 1593 543 concupiscentim
1636 470 1948 526 consuevit‘

379 570 711 623 decrescere.
751 584 770 618 ι
797 565 1138 635 Ittlclligisnc,
1170 564 1253 617 vel
1275 577 1397 618 sero
1417 560 1833 631 deprehendisse
1855 573 1952 613 nos

381 656 521 710 unde
545 671 651 710 non
681 654 852 709 solum
874 668 1106 723 sapores,
1136 651 1229 707 sed
1259 652 1419 707 etiam
1449 647 1780 720 loquereris?
1806 656 1953 702 tanto

377 747 523 802 enim
560 746 872 816 magistrum
915 754 1059 800 tuum
1108 757 1292 798 amore
1333 740 1723 811 complecteris,
1763 747 1823 794 ut
1846 752 1953 793 non

378 839 550 894 solum
588 836 866 892 itineribus
911 835 1046 906 ejus,
1079 833 1172 890 sed
1221 833 1389 888 etiam
1415 831 1651 902 vestigiis
1693 829 1952 884 insistas':

375 931 519 1002 quod
549 939 602 986 tu
628 929 874 984 omnibus
900 928 1112 997 scriptis
1136 925 1356 991 asseris,
1381 924 1517 979 sicut
1546 930 1601 978 et
1628 922 1703 976 illi
1730 934 1865 992 quos
1884 918 1953 974 ad

378 1021 667 1079 Marcellini
697 1033 888 1074 nomen
911 1016 1146 1082 edidisti,
1178 1015 1322 1081 libri,
1352 1022 1409 1070 et
1432 1012 1518 1068 isti
1535 1018 1795 1067 testantur
1819 1022 1955 1080 quos

377 1113 443 1166 ad
474 1110 742 1166 Valerium
773 1107 1070 1175 destinasti,
1119 1107 1274 1162 istam
1298 1103 1545 1159 videlicet
1573 1099 1957 1171 concupiscen-

378 1204 507 1258 tiam
535 1202 731 1265 carnis,
773 1216 930 1271 quam
960 1200 1118 1254 etiam
1149 1196 1446 1267 pudendam
1493 1208 1673 1260 vocas,
1722 1207 1819 1264 per
1842 1190 1955 1246 dia-
1996 1204 1999 1205 '

376 1294 557 1349 bolum
578 1292 862 1348 admixtam
890 1305 1011 1345 esse
1039 1288 1279 1344 humanis
1303 1284 1637 1357 corporibus.
1745 1354 1754 1362 _

450 1387 584 1441 Auc.
621 1384 705 1438 Tu
741 1381 883 1438 enim
925 1395 1028 1451 qua
1069 1378 1391 1448 impudentia
1423 1373 1721 1446 pudendam
1769 1384 1952 1443 negas,

377 1483 564 1532 eontra
606 1489 767 1545 quam
833 1485 995 1538 nunc,
1050 1466 1477 1540 quandoquidem
1533 1465 1676 1520 illam
1729 1462 1956 1545 libenter

378 1564 585 1629 laudas,
615 1562 780 1617 miror
808 1561 854 1616 si
883 1558 1111 1615 fideliter
1129 1558 1370 1613 dimicas.
1397 1553 1622 1624 Quando
1644 1560 1822 1608 autem
1856 1544 1957 1606 mi’-

377 1653 614 1711 scebaris
644 1651 818 1717 uxori,
847 1648 1091 1722 quamvis
1113 1647 1246 1703 nihil
1284 1644 1520 1702 timendo
1543 1643 1661 1700 usui
1685 1655 1956 1698 concessa:

376 1743 665 1814 voluptatis
705 1741 990 1808 inhiahas,
1044 1748 1312 1794 secretum
1363 1744 1541 1791 tamen
1590 1729 1955 1790 erubescendo

374 1834 673 1907 qturrebas.
712 1830 945 1887 Proinde
983 1831 1081 1885 ista
1112 1839 1202 1884 tua
1244 1834 1511 1896 suscepta,
1542 1823 1589 1879 si
1631 1824 1684 1879 in
1709 1821 1955 1894 paradiso

379 1925 655 1982 hominum
699 1921 924 1979 felicitas
968 1928 1323 1991 permaneret,
1362 1925 1455 1972 aut
1490 1915 1633 1971 nulla
1675 1913 1749 1970 ibi
1791 1920 1952 1978 esset,

375 2024 471 2072 aut
495 2014 669 2070 nullos
699 2026 826 2068 suos
854 2019 1030 2067 motus
1053 2017 1451 2065 contra'nutum
1479 2005 1766 2061 voluntatis
1801 2017 1956 2059 exse-

377 2114 543 2173 reret,
574 2104 766 2175 quibus
790 2116 1009 2158 necesse
1037 2107 1181 2156 esset
1203 2098 1484 2163 obsistere,
1520 2103 1579 2150 ut
1614 2093 1690 2149 illi
1717 2092 1955 2149 felicitati

377 2197 630 2252 honestas
669 2208 900 2265 congrua
942 2189 1275 2247 redderetur.
1318 2186 1427 2244 Sed
1454 2185 1703 2257 quoniam
1744 2183 1802 2239 in
1838 2182 1956 2252 ejus

377 2286 622 2342 laudibus
661 2299 727 2341 eo
762 2297 931 2354 usque
960 2292 1277 2352 progressus
1318 2293 1399 2344 es,
1444 2287 1503 2331 ut
1527 2274 1801 2330 libidinem
1826 2287 1956 2343 qua—

378 2376 485 2432 lem
520 2390 662 2431 nunc
690 2390 811 2432 esse
848 2373 1128 2439 sentimus,
1171 2369 1330 2425 talem
1373 2367 1427 2422 in
1452 2364 1700 2439 paradiso
1724 2362 1954 2419 futuram

378 2466 541 2522 fuisse
587 2463 912 2530 contendas,
952 2462 1054 2517 sibi
1110 2457 1483 2516 reluctantium
1531 2452 1953 2511 sollicitantem'

377 2559 538 2615 corda
564 2566 861 2623 castorum;
883 2553 1000 2626 quis
1025 2568 1130 2608 non
1160 2551 1357 2617 videat,
1379 2547 1520 2619 quod
1550 2561 1655 2601 non
1676 2543 1953 2615 sapientia,

378 2664 485 2705 non
508 2645 830 2720 eloquentia,
858 2644 952 2701 sed
980 2640 1303 2713 impudentia
1333 2637 1463 2693 mihi
1493 2635 1717 2703 resistis,
1756 2633 1879 2706 quia
1904 2641 1958 2688 te

379 2740 577 2794 victum
623 2734 866 2793 confiteri
912 2746 1165 2804 perverso
1218 2729 1421 2801 pudore
1469 2723 1803 2798 prohiberis?
1850 2723 1959 2779 Nos

376 2845 506 2901 ergo
529 2827 706 2884 carnis
725 2822 1226 2893 concupiscentiam,
1258 2835 1356 2875 nec
1379 2816 1728 2873 substantiam
1754 2824 1958 2869 natura:

376 2922 533 2978 malae
556 2934 677 2975 esse
696 2917 944 2981 dicimus,
972 2912 1113 2983 quod
1134 2912 1318 2966 dicunt
1335 2907 1637 2971 Manichaci;
1661 2918 1761 2959 nec
1784 2902 1961 2960 omnis

376 3012 496 3083 ejus
514 3024 644 3065 usus
669 3006 986 3077 reprobatur
1006 3018 1037 3057 a
1061 2999 1235 3065 nobis,
1271 2999 1407 3054 sicut
1430 3012 1461 3050 a
1486 2993 1786 3050 Manichazis
1814 3009 1828 3047 :
1860 3006 1958 3050 nec

377 3082 498 3158 eam
537 3112 723 3155 rursus
765 3097 956 3152 bonam
982 3093 1231 3156 dicimus,
1260 3086 1401 3160 quod
1428 3085 1611 3142 dicunt
1650 3082 1953 3153 Pelagiani;

379 3208 481 3251 nec
500 3192 615 3263 ejus
643 3198 824 3245 contra
844 3187 1087 3258 spiritum
1115 3191 1290 3239 motus
1311 3178 1552 3235 laudatur
1571 3191 1599 3231 a
1621 3173 1796 3241 nobis,
1823 3172 1961 3229 sicut

380 3300 410 3340 a
440 3281 774 3354 Pelagianis:
797 3277 893 3335 sed
921 3276 1146 3332 dicimus
1173 3288 1291 3329 eam
1329 3284 1452 3327 esse
1484 3268 1668 3325 vitium
1708 3265 1958 3323 substan-

381 3376 468 3432 tia:
496 3375 670 3437 honre,
706 3369 848 3443 quod
881 3368 935 3424 in
977 3375 1212 3421 nostram
1256 3372 1497 3419 naturam
1524 3375 1619 3431 per
1643 3358 1959 3430 praevarica-

381 3467 579 3522 tionem
604 3462 759 3533 primi
782 3457 1011 3515 hominis
1034 3469 1246 3512 versum
1267 3461 1371 3521 est,
1397 3451 1538 3520 quod
1567 3450 1747 3506 dicunt
1770 3445 1958 3505 cathoo

381 3558 471 3613 liei
497 3556 816 3621 Christiani;
852 3553 1070 3623 ejusque
1096 3550 1220 3606 mali
1260 3563 1388 3604 usus
1425 3546 1602 3600 licitus
1626 3551 1680 3599 et
1704 3543 1960 3597 honestus

382 3651 672 3705 liberorum
703 3644 1151 3718 procreandorum
1180 3655 1340 3695 causa
1376 3636 1701 3709 approbatur
1727 3649 1757 3687 a
1785 3632 1957 3698 nobis,

384 3741 520 3796 sicut
535 3753 572 3793 a
593 3737 870 3794 catholicis
895 3731 1227 3790 Christianis.
1251 3728 1327 3784 Ita
1362 3737 1415 3785 et
1440 3726 1757 3781 Manieltaeos
1780 3732 1835 3778 et
1860 3722 1961 3778 Pe-

384 3824 620 3896 lagianos
655 3834 987 3892 superamus,
1022 3829 1183 3888 atque
1219 3816 1474 3879 vitamus;
1502 3825 1727 3883 quorum
1756 3809 1834 3864 sic
1870 3822 1959 3862 er-

384 3930 555 3980 rores,
584 3922 929 3983 utrorumque
948 3908 1148 3965 diversi
1171 3915 1316 3972 sunt,
1337 3913 1396 3960 ut
1416 3903 1505 3974 qui
1531 3902 1741 3958 videtur
1767 3900 1959 3964 minor,

384 4005 502 4074 ipse
546 4004 685 4060 illius
712 4004 802 4074 qui
831 4002 1040 4057 videtur
1082 3998 1268 4069 major,
1300 3996 1696 4052 demonstretur
1731 3990 1958 4061 adjutor.

385 4093 535 4161 Quod
561 4093 704 4149 enim
732 4093 928 4148 malum
953 4104 1073 4146 esse
1100 4089 1231 4143 satis
1265 4084 1540 4142 evidenter
1565 4088 1804 4152 apparet,
1835 4079 1961 4134 dum

387 4184 655 4254 Pelagiani
686 4191 881 4254 negant
900 4195 1018 4236 esse
1040 4179 1223 4234 vitium
1254 4176 1408 4232 boum
1433 4171 1762 4239 substantia),
1791 4168 1960 4225 Mani-

385 4272 566 4328 chzeos
600 4272 867 4343 adjuvant,
895 4271 988 4340 qui
1010 4269 1195 4324 vitium
1224 4266 1397 4337 ipsum
1422 4262 1615 4319 malam
1637 4262 1819 4317 dicunt
1845 4273 1965 4316 esse

384 4363 757 4428 substantiam,
788 4362 913 4418 boni
941 4360 1035 4415 Dei
1064 4357 1372 4416 substantia:
1396 4361 1737 4411 eomternam.

456 4451 781 4509 CLXXVIII.
820 4450 941 4506 ιω..
979 4449 1129 4504 Hanc
1168 4462 1287 4502 esse
1340 4443 1539 4515 peccati
1580 4443 1765 4507 tiliam,
1808 4448 1967 4511 atque

385 4544 613 4599 aliorum
643 4548 979 4611 peccatorum
1015 4544 1262 4601 matrem,
1289 4542 1340 4590 et
1380 4533 1449 4588 de
1476 4546 1539 4587 ea
1564 4531 1813 4601 conqueri
1838 4543 1967 4599 apo-

386 4632 585 4689 stolum
624 4629 863 4695 Paulum,
896 4641 1018 4682 cum
1056 4625 1204 4691 dicit,
1244 4623 1366 4679 Scio
1398 4621 1518 4691 quia
1556 4637 1658 4675 non
1699 4620 1887 4674 habitat
1911 4620 1967 4673 in

387 4737 541 4778 carne
576 4734 686 4775 mea
729 4719 945 4781 bonum;
993 4723 1067 4783 et,
1117 4713 1241 4768 Non
1283 4711 1419 4783 quod
1463 4708 1577 4764 uolo
1623 4712 1830 4775 honuni,
1873 4710 1968 4764 hoc

389 4829 522 4885 ago;
565 4812 654 4869 sed
681 4809 815 4882 quod
851 4809 989 4876 odio,
1032 4805 1162 4862 illud
1192 4804 1325 4877 facio
1372 4801 1545 4874 (Rom.
1580 4815 1676 4868 vu,
1709 4800 1797 4868 18,
1830 4801 1964 4871 15)ε

390 4904 533 4975 quod
570 4918 783 4975 semper
823 4916 854 4957 a
879 4898 1166 4957 Catholicis
1202 4896 1275 4952 ita
1314 4894 1613 4966 expositum
1642 4900 1745 4958 est,
1775 4900 1837 4946 ut
1861 4906 1967 4946 non

392 4994 461 5050 ad
482 5002 684 5051 natura:
710 4991 1003 5058 infamiam,
1034 4988 1129 5046 sed
1152 4986 1221 5044 ad
1248 4983 1646 5043 consuetudinis
1678 4980 1969 5038 referretur

394 5084 666 5141 invidiam.
1369 5076 1373 5081 ’

464 5177 600 5233 Anc.
639 5175 718 5232 lta
744 5189 875 5230 vero
900 5170 1193 5231 catholicus
1228 5176 1289 5225 tu
1316 5181 1398 5235 es,
1438 5172 1493 5222 et
1527 5160 1842 5220 Ambrosius
1881 5172 1970 5216 ea-

396 5267 624 5323 tholicus
642 5280 749 5323 non
768 5266 887 5323 est?
905 5263 1022 5321 Non
1047 5274 1214 5333 usque
1230 5258 1364 5316 adeo
1383 5260 1711 5315 evanuerunt
1728 5251 1971 5308 homines
1994 5284 1995 5287 η

395 5367 586 5416 νοείτω
620 5358 866 5431 contagio
890 5354 1156 5422 vanitatis,
1195 5361 1559 5424 quoscumque
1596 5345 1842 5415 decipere
1869 5357 1968 5413 po-

396 5448 593 5516 tuistis,
622 5456 681 5504 ut
718 5447 819 5504 hoc
848 5444 1078 5502 audeant
1104 5442 1159 5498 in
1183 5439 1418 5496 animum
1446 5436 1715 5493 inducere.
1743 5432 1973 5490 Proinde

398 5536 671 5608 paulisper
695 5533 930 5592 attende.
973 5518 1301 5588 Discordiam
1331 5526 1509 5584 carnis
1548 5535 1606 5581 et
1640 5523 1879 5595 spiritus,
1903 5518 1971 5577 de

462 5673 481 5708 ι
512 5673 649 5733 mm,
922 5664 1326 5733 Wex

464 5734 487 5768 ι
513 5719 835 5786 imum"
1047 5727 1144 5778 fide
1166 5725 1382 5779 addimus
1400 5755 1417 5786 ,
1438 5719 1766 5775 sollmtmtcm'
1580 5719 1600 5730 '
1767 5752 1782 5766 .

689 5823 961 5881 Panos.
994 5812 1186 5879 XLV.

1720 357 1923 415 LIBER
1957 353 2271 411 TERTIUS.

3503 366 3634 422 ηερ

2059 483 2161 539 qua
2182 470 2435 540 scriptum
2463 479 2564 538 est,
2597 471 2715 527 Scio
2740 475 2860 544 quia
2886 490 2985 530 non
3014 476 3205 532 habitat
3232 479 3284 533 in
3313 495 3411 545 me,
3436 480 3529 535 hoc
3560 494 3634 537 est

2057 559 2111 611 in
2133 575 2287 615 carne
2313 577 2441 625 mea,
2473 562 2656 617 bonum
2680 581 2698 618 :
2723 565 2850 620 velle
2884 567 3017 621 enim
3053 568 3249 639 adjacet
3288 572 3413 626 mihi
3426 589 3446 637 ;
3475 573 3633 644 perﬁ-

2055 666 2170 705 cere
2203 661 2368 707 autem
2404 655 2608 719 bonum,
2640 673 2759 723 non,
2792 667 2848 713 et
2886 668 3077 715 uetera
3108 660 3407 731 hujnsmodi
3428 705 3443 729 ,
3476 674 3636 735 atque

2058 739 2187 794 illud
2240 742 2407 796 multo
2454 745 2811 813 manifestius,
2861 746 2992 802 Caro
3038 752 3345 819 concupiscit
3391 754 3632 811 adversus

2057 830 2310 899 spiritum,
2359 833 2564 903 spiritus
2604 845 2771 889 autem
2813 836 3051 893 adversm
3089 855 3291 895 carnem
3313 856 3334 895 :
3360 842 3467 897 haec
3503 845 3636 898 enim

2057 920 2268 975 invicem
2322 924 2685 990 adversantur;
2726 935 2780 980 ut
2825 944 2926 982 non
2966 944 3027 983 ea
3078 945 3193 1000 quas
3232 931 3385 986 uultis
3438 932 3638 1001 faciatis

2059 1008 2257 1080 (Colat.
2285 1027 2339 1075 v,
2371 1011 2461 1085 l7)
2490 1030 2503 1068 :
2529 1028 2649 1070 esse
2695 1016 2747 1069 in
2790 1016 3091 1073 hominibus
3137 1033 3239 1074 nec
3283 1034 3381 1075 nos
3418 1021 3636 1077 dubita-

2059 1117 2198 1170 mus,
2228 1109 2329 1158 nec
2357 1118 2469 1166 vos.
2496 1120 2596 1160 nec
2622 1106 2895 1162 Manichaei
2920 1126 2934 1162 :
2962 1107 3057 1164 sed
3085 1108 3227 1165 unde
3251 1111 3320 1165 sit
3341 1111 3393 1165 in
3420 1111 3639 1169 homine

2037 1204 2169 1259 uno
2204 1192 2305 1247 ista
2322 1191 2607 1261 discordia,-
2637 1194 2762 1251 inde
2797 1195 3059 1254 dissensio
3085 1208 3190 1266 est,
3230 1208 3284 1255 et
3316 1208 3428 1257 tres
3456 1203 3637 1271 profe-

2059 1282 2321 1337 runtur‘in
2350 1284 2448 1338 hac
2472 1284 2805 1345 dissensione
2827 1289 3133 1355 sententias;
3175 1305 3279 1345 una
3305 1300 3507 1359 nostra,
3541 1308 3638 1349 ve.

2058 1382 2170 1428 stra
2194 1375 2383 1441 altera,
2407 1376 2560 1432 tertia
2600 1377 3030 1434 Manichaeorum.
3066 1380 3172 1437 Sed
3198 1396 3266 1438 ne
3301 1394 3633 1455 arroganter,

2059 1465 2146 1518 vel
2187 1463 2447 1522 fallaciter
2488 1467 2643 1523 vobis
2688 1468 2867 1524 dicere
2913 1469 3185 1524 videantur
3231 1481 3466 1527 nostram
3513 1490 3633 1529 csso

2058 1554 2392 1624 catholicam,
2441 1557 2528 1613 ille
2570 1573 2689 1614 eam
2733 1559 2989 1630 proferat,
3036 1562 3187 1630 cujus
3229 1561 3388 1618 fidem
3433 1573 3488 1619 et
3526 1580 3631 1634 pu-

2056 1645 2325 1701 rissimum
2356 1647 2409 1702 in
2445 1647 2733 1719 Seripturis
2772 1664 3011 1715 sensum,
3054 1650 3192 1721 sicut
3230 1667 3353 1708 eum
3380 1654 3637 1723 praedicat

2057 1746 2235 1794 vester
2259 1738 2372 1808 ipse
2414 1738 2675 1810 Pelagius,
2716 1755 2783 1795 ne
2822 1740 3067 1795 inimicus
3103 1741 3317 1811 quidem
3351 1756 3513 1798 ausus
3551 1753 3637 1798 est

2057 1828 2450 1899 reprehendere
2471 1830 2571 1903 (α).
2602 1831 2737 1886 Dicit
2756 1846 2885 1902 ergo
2900 1832 3235 1899 Ambrosius,
3265 1835 3402 1889 hanc
3429 1833 3635 1890 discor-

2058 1918 2199 1974 diam
2227 1920 2403 1975 carnis
2444 1930 2499 1976 et
2539 1921 2775 1991 spiritus,
2820 1935 2917 1991 per
2952 1921 3439 1992 praevaricationem
3476 1923 3636 1999 primi

2058 2006 2288 2065 hominis
2311 2008 2569 2065 accidisse
2590 2020 2784 2065 nostra:
2808 2019 3012 2083 natura:
3034 2010 3167 2084 (Lib.
3196 2011 3228 2066 7
3255 2011 3309 2066 in
3332 2011 3457 2066 Lac.
3489 2014 3586 2083 sn)
3615 2031 3630 2067 :

2058 2113 2153 2153 vos
2172 2107 2347 2155 autem
2379 2099 2575 2167 dicitis,
2602 2115 2668 2156 ex
2694 2101 2744 2155 vi
2770 2086 3167 2157 consuetudinis
3193 2117 3210 2157 :
3247 2102 3520 2158 Manichaei
3545 2103 3632 2159 di-

2057 2200 2204 2255 cunt,
2238 2204 2304 2245 ex
2329 2191 2704 2247 commistione
2731 2190 2955 2247 duarum
2994 2200 3301 2247 naturarum
3331 2201 3630 2248 comterna—
3658 2188 3663 2197 ’

2057 2295 2198 2348 rum,
2228 2278 2355 2336 boni
2397 2281 2600 2336 scilicet
2644 2290 2700 2337 et
2736 2282 2882 2337 mali.
2921 2283 3167 2338 Poteram
3188 2283 3298 2353 jam
3331 2282 3531 2350 dicere,
3577 2295 3637 2341 ut

2058 2371 2219 2442 eligat
2242 2371 2432 2428 horum
2463 2373 2621 2428 trium
2641 2372 2779 2443 quod
2800 2375 3046 2439 voluerit,
3072 2374 3162 2444 qui
3190 2375 3301 2430 vult
3335 2376 3632 2432 catholicus

2059 2476 2395 2533 permanere.
2425 2462 2609 2533 Neque
2636 2465 2778 2519 enim
2801 2464 2987 2519 timere
3005 2464 3195 2531 debeo,
3227 2480 3294 2521 ne
3313 2465 3632 2524 Manichaeos

2059 2551 2284 2623 quisque
2322 2550 2529 2622 fugiens
2568 2567 2665 2607 vos
2720 2563 2993 2624 praeponat
3034 2553 3336 2610 Ambrosio.
3389 2555 3496 2612 Sed
3542 2573 3638 2614 ve-

2059 2650 2223 2697 stram
2251 2643 2590 2711 sententiam,
2630 2659 2734 2714 qua
2769 2643 2944 2715 dicitis
2972 2643 3075 2699 hoc
3102 2645 3300 2700 malum
3330 2647 3383 2701 vi
3411 2662 3637 2705 consuc-

2061 2733 2256 2789 tudinis
2281 2733 2590 2800 inolescere,
2625 2749 2746 2791 esse
2780 2736 3122 2791 vanissimam
3151 2737 3407 2807 judicat‘,
3440 2741 3530 2810 qui
3558 2743 3639 2796 vi-

2056 2821 2151 2877 det
2169 2824 2283 2878 sine
2302 2821 2406 2878 hoc
2431 2824 2571 2878 malo
2594 2826 2862 2880 neminem
2901 2826 3068 2880 nasci.
3099 2825 3221 2881 Mox
3247 2828 3389 2883 enim
3413 2837 3472 2883 ut
3495 2830 3639 2900 quis-

2059 2925 2164 2983 que
2192 2913 2399 2968 ratione
2440 2914 2514 2967 uti
2556 2915 2796 2984 coeperit,
2832 2915 2875 2969 si
2914 2915 3275 2986 concupiverit
3314 2919 3631 2984 castitatem,

2058 3004 2535 3075 concupiscentiam
2556 3006 2751 3071 carnis,
2778 3020 2897 3076 qua:
2916 3005 3089 3062 fuerat
3115 3014 3273 3062 mtate
3301 3008 3494 3077 sopita,
3524 3012 3633 3066 vel-

2061 3103 2121 3149 ut
2163 3092 2504 3165 evigilantem
2535 3103 3024 3166 repugnantemque
3064 3096 3176 3165 jam
3216 3095 3408 3162 sentit;
3453 3108 3509 3153 et
3543 3109 3638 3155 aut

2058 3185 2231 3240 victus
2256 3185 2595 3252 abstrahitur,
2645 3194 2734 3249 aut
2768 3202 2837 3242 ne
2870 3187 2922 3241 in
2952 3188 3070 3257 ejus
3097 3188 3304 3243 labatur
3328 3204 3630 3258 assensum,

2061 3275 2314 3332 adversus
2347 3290 2488 3342 eam,
2517 3277 2561 3332 si
2592 3276 2710 3347 pius
2742 3285 2847 3345 est,
2879 3278 3103 3333 Domino
3130 3278 3413 3349 adjuvante
3449 3283 3638 3339 conﬂi-

2060 3368 2157 3438 git.
2206 3366 2358 3435 Quod
2401 3367 2447 3421 si
2486 3382 2593 3423 non
2641 3367 2799 3423 vultis
2835 3368 3098 3438 accipere,
3143 3369 3270 3440 quid
3308 3370 3361 3426 in
3410 3387 3497 3429 me
3537 3387 3640 3429 sa:-

2061 3457 2223 3514 vitis?
2261 3456 2602 3525 Manichaeos,
2644 3456 3092 3529 Ambrosinmque
3118 3460 3451 3526 eommittite,
3481 3471 3639 3533 atque

2063 3549 2115 3604 in
2146 3548 2449 3619 spectaculo
2476 3547 2636 3619 hujus
2657 3549 2985 3617 certaminis,
3011 3550 3057 3605 si
3083 3551 3334 3608 catholici
3365 3553 3514 3619 estis,
3554 3555 3639 3610 cui

2062 3639 2202 3710 parti
2238 3637 2462 3693 faventis
2502 3639 2702 3711 eligite.
2747 3638 2882 3694 Puto
2907 3638 3049 3710 quod
3077 3654 3108 3694 a
3137 3639 3288 3696 vobis
3312 3640 3480 3697 vietor
3502 3645 3637 3698 Am-

2063 3731 2273 3788 brosius
2292 3729 2599 3801 jrdicatur:
2628 3731 2722 3787 sed
2748 3731 2871 3802 quia
2896 3745 3002 3787 non
3030 3733 3159 3788 estis
3183 3731 3449 3799 catholici,
3480 3733 3639 3789 etiam

2063 3823 2143 3878 sic
2165 3822 2338 3879 securi
2364 3830 2663 3891 spectamus
2686 3838 2702 3886 ;
2731 3830 2785 3878 et
2807 3836 2905 3878 vos
2929 3821 3071 3877 enim
3103 3831 3158 3877 et
3185 3822 3501 3878 Manicluecs
3524 3825 3639 3880 sino

2064 3914 2224 3970 dubio
2252 3914 2414 3968 vincit
2436 3913 2767 3969 Ambrosius.

2135 4002 2412 4060 CLXXIX.
2452 4003 2572 4058 ιω..
2604 4002 2685 4057 Tu
2727 4010 2903 4058 tamen
2927 4002 3363 4073 argumentando,
3408 4012 3463 4059 et
3492 4004 3641 4058 testi-

2065 4092 2242 4149 monia
2279 4092 2671 4162 Scripturarum
2697 4091 3021 4161 usurpando,
3043 4091 3111 4146 de
3132 4092 3235 4147 hac
3261 4092 3408 4147 illum
3442 4108 3642 4149 concu—

2064 4182 2342 4255 piscentia,
2369 4196 2526 4252 quam
2557 4180 2727 4251 legem
2751 4181 2952 4249 peccati
2977 4194 3155 4249 vocas,
3184 4182 3272 4235 et’
3297 4197 3485 4238 omnes
3521 4198 3644 4238 sano

2065 4283 2182 4330 ctos
2203 4282 2309 4327 tam
2339 4272 2567 4342 pollutos
2597 4284 2754 4341 quam
2779 4279 3099 4341 conquestos
3133 4270 3296 4325 fuisse
3333 4270 3641 4327 confirmas.

2136 4365 2273 4421 Anc.
2311 4361 2427 4418 Non
2460 4361 2768 4432 polluuntur
2795 4361 2899 4418 hoc
2937 4361 3074 4417 malo
3109 4361 3298 4428 sancti,
3339 4376 3472 4432 quos
3508 4376 3644 4418 con-

2067 4461 2175 4509 stat
2216 4467 2336 4509 esse
2363 4453 2448 4508 vel
2475 4451 2638 4508 fuisse
2675 4450 2995 4507 fortissimos
3041 4449 3201 4521 hujus
3241 4453 3362 4507 mali
3406 4451 3644 4508 debella-

2070 4555 2214 4602 tores
2250 4544 2385 4601 :sed
2425 4558 2494 4600 ne
2533 4544 2638 4598 isto
2688 4542 2829 4597 malo
2877 4542 3266 4612 inexpiabiiiter
3316 4543 3645 4611 polluantur,

2070 4635 2291 4691 timeant
2318 4632 2494 4703 potius
2525 4632 2641 4702 ejus
2669 4630 3109 4700 impudentisstmi
3137 4628 3462 4684 laudatores.

2139 4720 2397 4779 CLXXX.
2435 4720 2556 4776 Juc.
2595 4718 2734 4786 Quid
2772 4716 3093 4773 Manichacus
3123 4715 3286 4772 dicit?
3326 4732 3347 4769 ι
3377 4715 3480 4771 Per
3516 4728 3649 4773 con-

2069 4811 2448 4883 cupiscentiam
2475 4822 2756 4879 corporum
2780 4814 2964 4862 auctor
2981 4804 3220 4862 diabolus
3248 4812 3332 4861 est
3355 4820 3483 4876 :per
3505 4804 3647 4863 hanc

2070 4902 2311 4961 diabolus
2334 4914 2580 4971 corpora,
2609 4912 2719 4954 non
2746 4899 2950 4954 animas
2969 4906 3280 4968 aucupatur.
3307 4897 3479 4967 Tolle,
3509 4917 3530 4957 ι
3564 4900 3648 4957 in-

2070 4995 2207 5066 quit,
2248 4992 2537 5063 cmalignze
2579 4989 2763 5060 stirpis
2802 4987 3058 5054 radicem,
3102 4995 3160 5044 et
3198 4988 3487 5059 spirituslis
3526 4988 3645 5047 lies.

2072 5086 2147 5142 De
2184 5083 2283 5139 hac
2305 5080 2593 5154 Apostolus
2626 5079 2822 5136 clamat
2864 5077 2932 5133 ad
2966 5077 3274 5135 Romanos:
3306 5070 3429 5133 Non
3455 5077 3643 5134 bonum

2072 5175 2207 5248 quod
2233 5174 2366 5241 uoto,
2384 5171 2472 5228 sed
2486 5170 2678 5226 malum
2694 5183 2877 5241 operor
2889 5168 3024 5236 quod
3041 5166 3283 5223 alterno
3307 5185 3327 5222 ι
3356 5166 3532 5237 (Rom.
3547 5172 3653 5245 vn)

2074 5267 2184 5323 Nos
2239 5262 2400 5319 etiam
2462 5260 2654 5316 stultos
2717 5264 2893 5321 vocat,
2954 5255 3045 5326 qui
3119 5255 3359 5312 dicamus
3429 5255 3623 5328 tigmen

2076 5366 2187 5415 tum
2214 5355 2319 5409 hoc
2340 5350 2579 5421 corporis
2612 5348 2679 5403 ad
2705 5347 2871 5403 Deum
2906 5346 3194 5418 pertinere,
3221 5344 3362 5416 quod
3392 5359 3488 5415 per
3513 5359 3645 5401 con-

2138 5467 2267 5536 ﬂate
2297 5471 2408 5536 Issa:
2426 5461 2724 5536 rigetet-ius,
2760 5454 2810 5509 vi
2840 5455 3192 5510 οαιαιαιιάὺιὲε
3217 5454 3520 5520 sanescere,
3548 5469 3652 5510 esse

2727 5592 2882 5641 vocas,
2905 5590 3065 5645 οηῃωε
3084 5582 3287 5639 strictos,
3302 5578 3479 5629 enisa
3502 5576 3649 5640 parti-

2076 5647 2205 5709 cuia.
2226 5640 2790 5709 etsummatim“?
2811 5640 2876 5692 οι
2895 5640 3063 5709 me!

2143 5680 2219 5773 δι’)
2226 5680 3404 5770 Vid‘é'EuwpéaTﬂFe'WYn—HG.
3427 5693 3504 5746 ιν.

2724 5780 3330 5866 (causante-dm.)
