4172 6516
543 376 695 431 4525

545 487 931 560 cupiscentiam
969 492 1277 555 generatum
1322 496 1444 538 esse
1486 480 1762 535 fateamur.
1803 474 1965 530 Vides
2004 486 2129 542 ergo

552 589 750 652 quanta
786 577 880 632 tibi
917 577 987 631 sit
1019 584 1071 630 et
1106 573 1396 629 Manichaeo
1435 571 1489 625 in
1533 569 1700 625 nostri
1740 562 2133 635 impugnatione

550 667 870 733 concordia;
918 667 1035 735 ejus
1061 665 1283 719 dimicas
1327 661 1526 726 verbis,
1578 659 1695 727 ejus
1740 655 1926 711 niteris
1974 667 2136 722 argu-

552 760 751 818 mentis
780 776 794 813 :
818 765 874 813 et
894 772 994 812 nos
1023 755 1235 811 mentiri
1260 752 1415 820 dicis,
1451 751 1539 822 qui
1569 758 1622 805 te
1649 748 1968 818 discipulum
1994 744 2136 800 illius

553 864 663 906 non
691 848 862 904 solum
891 846 1074 909 fuisse,
1105 853 1165 900 ut
1191 844 1304 914 ipse
1340 841 1551 907 scribis,
1580 838 1674 895 sed
1712 838 1876 893 etiam
1915 850 2037 891 esse
2064 834 2138 888 di-

552 953 760 995 camus.
802 938 870 994 Et
914 937 966 991 in
1014 936 1115 990 hoc
1148 943 1327 990 tamen
1370 933 1458 987 ille
1506 930 1838 1001 prudentior,
1883 928 1973 998 qui
2014 940 2135 982 cum

555 1030 695 1085 hanc
744 1027 1229 1097 concupiscentiam
1274 1024 1452 1079 carnis
1493 1037 1524 1075 a
1566 1020 1777 1076 diabolo
1826 1016 2140 1075 credidisset

555 1118 869 1183 immissam,
899 1117 1113 1187 collegit
1139 1113 1496 1170 confitendum
1530 1126 1650 1166 esse
1687 1109 1754 1165 ad
1790 1109 1884 1165 Dei
1922 1123 2139 1178 operam

555 1225 664 1264 non
697 1210 985 1281 pertinere,
1013 1207 1264 1278 quidquid
1304 1203 1373 1261 de
1411 1203 1672 1259 diabolica
1709 1201 2139 1273 concupiscentia

556 1307 838 1368 appareret
864 1298 1150 1367 prolatum.

627 1389 764 1443 Auc.
802 1385 996 1442 Contra
1033 1388 1133 1441 hoc
1170 1394 1337 1464 totum
1376 1384 1517 1439 valet
1559 1381 1803 1453 superior
1827 1390 2007 1436 nostra
2052 1396 2141 1435 re-

558 1480 796 1550 sponsio,
823 1489 876 1533 et
903 1493 1025 1534 cum
1043 1480 1060 1510 ι
1102 1477 1202 1532 hac
1227 1478 1343 1532 alia:
1370 1475 1693 1547 superiores,
1725 1489 1859 1545 quas
1888 1474 2027 1544 legat
2053 1473 2143 1543 qui

557 1569 720 1622 volet.

628 1655 909 1715 CLXXXI.
946 1656 1079 1712 .JUL.
1128 1657 1206 1711 Tu
1258 1664 1434 1711 autem
1487 1655 1726 1710 hebetior
1776 1653 1866 1725 qui
1913 1653 2144 1709 fructum

557 1746 1004 1816 concupiscentiae
1046 1745 1320 1801 diabolicae
1364 1745 1636 1801 hominem
1675 1745 1879 1807 dicens,
1927 1744 2023 1799 Dei
2070 1752 2149 1798 ta-

555 1852 679 1891 men
710 1852 829 1892 eum
860 1835 1120 1891 adscribis
1147 1835 1433 1905 operibus;
1475 1851 1581 1890 non
1607 1835 1756 1905 quasi
1783 1834 1850 1890 de
1879 1834 2021 1889 malo
2047 1833 2145 1889 bo-

556 1941 685 1979 num
714 1925 930 1993 factum,
966 1925 1060 1980 sed
1090 1926 1286 1981 malum
1315 1934 1368 1979 et
1394 1925 1461 1980 de
1494 1925 1630 1979 mala
1658 1924 1837 1979 radice
1860 1924 2142 1994 prolatum,

557 2013 757 2069 habere
786 2023 961 2069 tamen
993 2022 1262 2069 auctorem
1299 2015 1522 2082 bonum,
1549 2029 1708 2084 quem
1749 2014 1979 2070 fructum
2009 2014 2147 2069 radi-

557 2105 637 2159 cis
665 2119 775 2159 sua:
802 2104 1047 2159 diabolus
1066 2105 1165 2157 sibi
1196 2104 1451 2159 vindicet.

630 2196 767 2252 Anc.
811 2196 1014 2250 Bonum
1067 2195 1282 2265 aliquod
1322 2204 1407 2250 est
1453 2195 1647 2262 homo,
1700 2196 1862 2251 etiam
1912 2195 2150 2266 quisquis

558 2287 778 2357 majoris
798 2286 968 2342 aetatis
994 2296 1075 2341 est
1104 2287 1274 2341 malus
1303 2286 1483 2341 homo.
1507 2286 1622 2341 Non
1647 2287 1788 2341 enim
1811 2285 1952 2356 quod
1979 2286 2152 2341 malus

560 2380 723 2434 homo
760 2388 862 2443 est,
898 2377 1071 2433 aufert
1111 2379 1159 2432 ei
1193 2380 1214 2410 ³
1236 2377 1378 2447 quod
1420 2379 1618 2433 bonum
1646 2377 1861 2447 aliquod
1901 2385 2001 2443 est,
2031 2379 2153 2447 quia

563 2469 725 2525 homo
753 2477 871 2524 est:
900 2470 1052 2539 cujus
1100 2479 1319 2529 naturae.
1374 2468 1427 2523 id
1471 2478 1574 2536 est,
1606 2469 1732 2523 boni
1772 2469 1930 2538 hujus
1969 2478 2154 2525 auctor

564 2569 650 2616 est
673 2561 836 2626 Deus,
876 2575 1224 2630 qumcumque
1266 2560 1404 2613 mala
1437 2560 1517 2613 vel
1546 2560 1765 2629 originis
1789 2559 2041 2625 attrahat,
2069 2561 2155 2615 vel

565 2652 857 2707 voluntatis
896 2650 1153 2720 adjiciat:
1182 2665 1286 2705 non
1324 2650 1467 2705 enim
1497 2650 1812 2706 substantize
1847 2661 2156 2722 naturaeque

566 2750 694 2798 sunt
731 2741 888 2806 vitia;
937 2741 1006 2796 ab
1049 2756 1115 2796 eo
1156 2732 1421 2796 salvatore
1466 2740 1721 2807 sananda,
1770 2757 1877 2810 quo
1914 2750 2157 2797 creatore

565 2833 781 2890 condita
803 2840 905 2897 est,
931 2831 1133 2887 eisdem
1164 2832 1305 2886 vitiis
1328 2830 1507 2886 vitiata
1534 2839 1740 2887 natura.
1770 2832 1882 2888 Hoc
1905 2840 1988 2888 est
2013 2833 2156 2905 quod

564 2932 623 2980 et
655 2922 971 2979 Mauichaaos
998 2922 1209 2986 evertit,
1245 2931 1299 2977 et
1340 2937 1476 2978 vos:
1505 2923 1595 2991 qui
1644 2937 1749 2977 non
1788 2938 2019 2990 mecum,
2059 2922 2157 2979 sed

565 3029 689 3070 cum
719 3013 1003 3069 Ambrosio
1028 3013 1279 3078 certatis;
1309 3028 1466 3083 quem
1496 3012 1800 3068 Manichacis
1826 3013 1882 3068 in
1908 3013 2011 3069 hoc
2036 3028 2157 3070 cer-

565 3103 769 3159 tamine
798 3102 1043 3172 opposui,
1071 3103 1124 3157 in
1145 3117 1252 3173 quo
1276 3111 1332 3158 et
1357 3103 1500 3172 ipsos
1526 3103 1691 3157 vincit
1709 3102 1751 3171 ³,
1774 3111 1830 3158 et
1858 3118 1973 3160 vos.

634 3192 941 3250 CLXXXII.
980 3193 1099 3249 ius.
1142 3194 1270 3249 Tuis
1299 3194 1443 3249 enim
1480 3194 1841 3261 sermonibus,
1873 3210 2064 3251 omnes
2088 3194 2157 3253 de

563 3284 994 3355 concupiscentia
1032 3291 1186 3339 natos
1208 3284 1454 3339 diabolus
1482 3283 1633 3353 quasi
1659 3297 1771 3338 suze
1809 3283 2017 3340 arboris
2043 3285 2157 3341 fru~

564 3387 684 3432 ctus
727 3379 848 3446 jure
881 3375 1120 3444 decerpit
1156 3373 1252 3447 (a).
1304 3373 1478 3445 )Eque
1515 3373 1675 3444 igitur
1721 3374 2058 3444 blasphemas
2099 3384 2158 3431 ut

563 3466 908 3530 Manichacus,
938 3465 1027 3536 qui
1066 3465 1549 3537 concupiscentiam
1575 3465 1750 3521 carnis
1773 3479 1804 3519 a
1833 3464 1946 3522 Deo
1973 3465 2158 3523 condi-

566 3567 673 3612 tam
704 3555 1052 3613 vindicemus.

638 3648 773 3706 Asc.
813 3646 868 3702 Si
893 3645 960 3700 ad
987 3660 1203 3702 causam
1225 3647 1409 3704 venire
1433 3646 1715 3714 voluisses,
1739 3660 1836 3702 cur
1856 3646 2159 3717 baptizandi

566 3746 621 3793 et
647 3735 1015 3803 exsufﬂentur,
1044 3743 1099 3792 et
1126 3738 1429 3793 exorcismo
1459 3736 1784 3792 mundeutur
1807 3736 2055 3802 infantes,
2085 3739 2157 3795 ibi

566 3828 904 3898 apertissime
932 3841 1038 3881 non
1077 3827 1253 3883 solum
1282 3826 1526 3893 eruditis,
1567 3842 1751 3883 verum
1777 3828 1939 3882 etiam
1980 3826 2158 3883 idiotis

565 3916 843 3971 catholicis
866 3915 1183 3971 Christianis
1207 3931 1378 3972 novus
1404 3915 1685 3971 haereticus
1712 3930 2022 3986 appareres.
2050 3916 2157 3973 Sed

568 4007 691 4077 quia
730 4005 781 4061 id
822 4022 890 4061 ex
931 4006 1067 4062 libro
1096 4022 1219 4062 meo
1267 4007 1362 4062 tibi
1401 4007 1616 4078 quidem
1648 4008 1969 4078 proposuisti
2007 4010 2154 4080 quasi

566 4096 941 4166 refellendum,
985 4098 1081 4155 sed
1120 4108 1449 4169 pertractare
1488 4100 1561 4154 ita
1604 4100 1845 4167 timuisti,
1894 4110 1952 4157 ut
1986 4103 2156 4161 fallaci

565 4189 886 4260 loquacitate
926 4189 1142 4256 vitares,
1187 4199 1243 4245 et
1270 4191 1433 4246 multa
1469 4190 1716 4258 dicendo,
1761 4192 1888 4264 quid
1930 4195 2157 4251 tacueris

564 4280 842 4350 operires;
874 4279 1189 4348 Apostolum
1231 4281 1324 4336 tibi
1365 4282 1587 4352 replico,
1632 4283 1761 4339 velis
1793 4284 1948 4351 nolis,
1981 4294 2037 4341 et
2071 4286 2156 4342 in-

564 4369 722 4425 culco
754 4370 1020 4426 dicentem
1056 4369 1124 4427 de
1152 4371 1262 4427 Deo
1289 4372 1468 4438 Patre,
1501 4373 1602 4438 Qui
1638 4374 1770 4427 eruit
1808 4390 1901 4429 nos
1928 4373 1992 4430 de
2016 4384 2156 4447 pote-

563 4470 696 4516 state
723 4460 1058 4529 tcnebrarum,
1091 4472 1137 4517 et
1160 4465 1422 4517 transtulit
1462 4464 1516 4518 in
1545 4481 1755 4536 regnum
1784 4465 1910 4522 Filii
1933 4468 2157 4524 charito-

564 4553 632 4606 tis
672 4567 782 4607 sua!
826 4550 1048 4622 (Coloss.
1099 4567 1137 4620 ι,
1185 4553 1294 4624 15).
1350 4554 1483 4609 Ilinc
1516 4556 1787 4625 parvulos,
1830 4558 1877 4612 si
1911 4561 2151 4629 potestis,

562 4643 828 4714 excipite;
867 4652 922 4699 et
962 4642 1156 4701 audete
1196 4643 1398 4713 dicere,
1439 4660 1533 4701 eos
1578 4646 1629 4700 in
1674 4661 1896 4717 regnum
1938 4648 2153 4720 quidem

562 4735 759 4792 Christi
798 4737 1202 4807 regeneratione
1234 4736 1534 4804 transferri,
1574 4737 1669 4794 sed
1700 4739 1768 4795 de
1817 4740 2153 4797 tenebrarum

563 4836 830 4899 potestate
857 4843 964 4883 non
990 4828 1131 4884 erui.
1164 4828 1537 4884 Verumtamen
1566 4837 1750 4899 parate
1767 4846 1883 4899 vos,
1909 4833 1962 4888 in
1993 4833 2153 4889 facies

492 4978 509 4991 _
564 4929 772 4975 vestras
818 4917 1034 4973 easdem
1087 4917 1482 4974 exsufﬂatioues
1526 4920 1837 4990 dignissime
1881 4924 2147 4994 excipere,

562 5024 684 5079 quae
722 5009 779 5065 in
808 5007 1049 5065 Ecclesia
1078 5009 1278 5066 Christi
1319 5020 1375 5066 et
1406 5011 1699 5080 majoribus
1740 5013 2061 5070 adhibentur
2097 5023 2153 5071 et
2206 5044 2207 5047 η

563 5100 818 5169 parvulis.
855 5098 1073 5176 Talibus
1115 5102 1312 5171 quippe
1340 5101 1797 5159 exsufflationibus
1831 5104 2150 5162 exsufﬂandi

562 5188 694 5244 estis
710 5228 727 5256 ,
779 5187 1026 5259 qualibus
1072 5190 1408 5260 apertissime
1454 5207 1637 5247 verum
1680 5206 1801 5249 esse
1853 5195 2152 5252 ostenditur

564 5277 707 5349 quod
734 5276 959 5347 negatis.

628 5469 649 5542 ξ
684 5466 986 5542 vlgnierlus,
1009 5466 1160 5542 διῄρε
1179 5467 1684 5542 αϐιῳυρενίονεεειει
1708 5481 1832 5524 Port.
1869 5475 2147 5542 adjecimus,

563 5540 690 5601 ςιωι3
703 5528 799 5599 nec
820 5540 996 5601 none:
1015 5528 1191 5578 eodem
1207 5528 1379 5580 codice
1390 5539 1443 5581 et
1455 5544 1520 5581 ex
1538 5533 1645 5583 aliis
1662 5528 2015 5601 manuscriﬁtis,
2029 5528 2149 5601 quas

564 5588 1414 5725 ωῆαὲἵέιὲίὲἔᾴέέἔμθοᾲἓὶῗρηη
1437 5651 1499 5702 εί·

624 5710 649 5741 ³
677 5710 879 5761 sic—Mss.
908 5717 959 5760 In
977 5711 1136 5772 vign.,
1154 5710 1326 5765 vincet.
1702 5768 1707 5769 ν

622 5773 695 5836 ια)
725 5775 825 5824 Lib.
851 5772 874 5823 1
899 5772 963 5823 de
986 5772 1167 5834 Nuptiis
1187 5778 1242 5824 et
1260 5772 1666 5842 concupiscentia,
1697 5792 1746 5831 n.
1766 5780 1843 5832 26.

1224 363 1463 422 OPERIS
1491 308 1898 417 IMPERFPICTI
1936 354 2205 412 CONTRA
2246 351 2601 418 IULIANUM,
2641 352 2695 408 S.
2739 350 3101 407 AUCUSTINI

3713 351 3817 403 321

2310 465 2631 523 CLXXXIII.
2674 466 2790 521 .luc.
2830 465 2946 521 Jam
2977 480 3103 519 vero
3131 462 3259 518 illud
3283 469 3447 529 tuum,
3477 464 3615 534 quod
3643 465 3823 534 priure
3859 438 3867 455 ’

2239 573 2400 628 Opere
2427 555 2675 611 ventilavi
2702 554 2892 627 (Opere
2909 556 3095 626 scripto
3116 554 3183 607 ad
3212 552 3588 626 Turbantium),
3618 554 3708 610 ubi
3736 554 3821 609 di-

2240 650 2340 715 cis,
2372 668 2391 702 ι
2427 647 2724 719 Aliquando
2759 663 2863 702 non
2893 646 3021 701 facit
3046 645 3208 702 libido
3233 645 3410 700 animo
3441 646 3673 713 volente,
3700 660 3821 700 cum

2240 737 2524 809 aliquando
2542 737 2698 792 faciat
2710 745 2764 792 et
2784 736 2997 791 nolente
3016 754 3035 788 ι
3064 734 3166 805 (De
3180 733 3389 806 Nuptiis
3400 744 3443 789 et
3458 734 3823 807 Concupiscen-

2243 831 2334 896 tia,
2385 829 2473 883 lib.
2524 829 2576 893 I,
2618 845 2672 882 n.
2705 827 2782 895 7),
2822 836 2981 897 atque
3022 825 3159 881 hanc
3200 826 3316 896 ejus
3355 826 3680 894 superbiam,
3721 840 3826 895 qua

2242 922 2456 977 nolente
2479 920 2658 975 animo
2690 927 3076 980 commovetur,
3109 931 3329 972 accusas
3355 934 3366 968 :
3395 916 3692 980 Manichzei,
3722 930 3820 972 nou

2242 1013 2415 1069 solum
2458 1011 2721 1076 sensibus,
2756 1010 2850 1065 sed
2896 1009 3055 1064 etiam
3101 1008 3325 1078 eloquiis
3365 1007 3686 1078 explicatum
3724 1017 3824 1062 est.

2243 1103 2376 1158 Nam
2421 1117 2542 1158 cum
2580 1116 2679 1156 nos
2720 1100 3000 1171 arguisset,
3030 1100 3152 1169 quia
3178 1098 3477 1153 diceremus
3502 1112 3533 1151 a
3573 1098 3682 1151 Deo
3717 1096 3827 1152 fleri

2247 1193 2510 1259 homines,
2541 1206 2674 1262 quos
2699 1190 2951 1245 seminari
2978 1189 3268 1245 fateremur
3288 1204 3383 1259 per
3402 1188 3708 1244 coeuntium
3731 1202 3830 1242 vo-

2246 1286 2501 1354 luptatem
2531 1302 2544 1339 :
2579 1302 2597 1335 ι
2631 1282 2807 1351 Stulti,
2842 1301 2861 1335 ι
2888 1282 3077 1353 inquit,
3106 1300 3129 1358 t
3156 1297 3186 1336 a
3214 1282 3327 1336 Deo
3350 1281 3534 1336 dicunt
3558 1295 3677 1335 esse
3700 1295 3831 1336 cou-

2246 1374 2435 1442 ditum,
2468 1373 2609 1444 quod
2648 1374 2777 1428 certi
2808 1381 2931 1427 sunt
2957 1387 2989 1427 a
3031 1370 3460 1442 concupiscentia
3503 1369 3668 1441 gigni,
3709 1385 3831 1425 cum

2248 1465 2426 1519 animo
2453 1464 2668 1518 nolente
2696 1470 2907 1517 coeunt.
2942 1480 2961 1514 ι

2318 1554 2454 1608 Auc.
2494 1551 2600 1608 Sed
2636 1549 2956 1605 Manichacus
2984 1564 3087 1604 non
3119 1549 3398 1619 intelligit,
3440 1548 3598 1603 etiam
3636 1547 3703 1604 de
3740 1548 3836 1604 ho-

2252 1645 2415 1700 minis
2444 1645 2584 1699 malo
2613 1658 2769 1714 posse
2810 1643 2973 1697 Deum
3013 1656 3196 1697 creare
3236 1641 3377 1711 quod
3411 1641 3609 1696 bonum
3646 1649 3747 1706 est,
3783 1648 3837 1695 et

2258 1735 2526 1790 hominem
2554 1735 2723 1804 ipsum
2754 1733 2895 1788 malo
2925 1732 3063 1788 bene
3092 1732 3165 1786 uti
3195 1747 3290 1801 per
3318 1730 3620 1800 pudicitiam
3647 1730 3835 1800 conju-

2249 1827 2451 1897 galem,
2496 1825 2579 1880 cui
2621 1825 2758 1879 malo
2787 1823 3081 1878 reluctatur
3108 1821 3346 1877 illicienti
3374 1820 3440 1875 ad
3471 1820 3830 1875 damnabilem

2254 1914 2654 1986 turpitudinem.
2683 1912 2790 1969 Sed
2817 1922 2871 1967 tu
2895 1912 2983 1982 qui
3012 1911 3113 1966 hoc
3132 1910 3271 1981 quod
3295 1910 3491 1965 malum
3512 1918 3612 1975 est,
3637 1910 3836 1964 malum

2252 2019 2370 2060 esse
2395 2019 2577 2075 negas,
2602 2019 2697 2059 cur
2722 2005 2771 2059 ei
2799 2017 3091 2073 repugnas,
3111 2017 3179 2056 ne
3206 2001 3428 2070 turpiter
3452 2001 3634 2067 vivas;
3664 2008 3720 2056 et
3740 2014 3837 2056 cur

2253 2096 2303 2150 ci
2331 2096 2377 2151 si
2403 2095 2727 2159 consentias,
2758 2107 2978 2148 necesse
3003 2099 3086 2148 est
3115 2101 3172 2146 ut
3203 2092 3425 2161 turpiter
3449 2089 3630 2145 vivas?

2323 2184 2652 2240 CLXXXIV.
2678 2183 2797 2239 JUL.
2828 2182 2981 2251 Quod
3008 2197 3136 2237 vero
3160 2191 3214 2236 tu
3253 2182 3506 2251 posuisti,
3536 2201 3555 2234 ι
3585 2181 3838 2251 concupi-

2259 2257 2477 2310 scentiae
2503 2255 2698 2309 malum
2724 2262 2825 2319 est,
2851 2252 2993 2323 quod
3024 2254 3153 2305 vitat
3180 2252 3372 2322 ubique
3398 2261 3761 2320 conSpeclum,
3784 2261 3842 2308 et

2255 2347 2446 2417 quaerit
2482 2345 2729 2418 pudendo
2756 2358 3016 2402 secretum
3055 2363 3074 2397 ι
3111 2346 3129 2418 (
3148 2345 3306 2412 lbid.,
3339 2363 3391 2399 n.
3425 2345 3480 2416 8)
3510 2363 3525 2399 :
3551 2345 3621 2399 ita
3644 2353 3699 2400 et
3727 2345 3840 2400 Ma-

2256 2440 2513 2506 nichznus,
2549 2457 2567 2490 ‹
2600 2438 2852 2504 Secretis,
2890 2457 2908 2491 ι
2941 2438 3129 2507 inquit,
3159 2456 3177 2489 ‹
3208 2437 3495 2507 pudoribus
3519 2445 3702 2508 agunt,
3734 2452 3842 2507 quo

2258 2542 2497 2602 tempore
2517 2533 2641 2588 odio
2661 2532 2858 2589 habent
2881 2533 3073 2601 lucem,
3104 2533 3178 2588 uti
3199 2548 3266 2588 ne
3287 2532 3693 2589 manifestenlur
3711 2548 3841 2604 0pc-

2260 2640 2320 2679 ra
2348 2640 2556 2680 eorum.
2596 2644 2615 2678 ι

2328 2714 2465 2769 Auc.
2506 2711 2653 2769 Sicut
2675 2712 2996 2770 Manicbreus
3024 2716 3192 2771 nescit
3215 2714 3339 2787 quid
3366 2716 3490 2772 boni
3519 2725 3704 2788 agatur
3744 2732 3842 2788 per

2259 2805 2489 2859 carnalis
2533 2806 2982 2876 concupiscentiae
3011 2806 3248 2873 malum;
3280 2808 3357 2863 sic
3389 2816 3443 2863 et
3472 2816 3525 2863 tu
3557 2809 3729 2865 nescis
3757 2810 3843 2864 cui

2258 2893 2408 3017 maliti
2440 2893 2612 2964 pudor
2651 2905 2854 2966 quaerat
2882 2906 3176 2964 secretum,
3218 2897 3378 2953 etiam
3416 2898 3469 2954 in
3504 2899 3646 2955 bono
3680 2914 3844 2971 opere

2259 2977 2372 3017 nuo
2398 2979 2586 3017 tarum.

2259 2977 2586 3033 nuptiarum.

2328 3050 2633 3110 CLXXXV.
2673 3055 2793 3112 Jun.
2825 3055 2978 3123 Quod
3003 3073 3129 3114 vero
3151 3058 3250 3122 ais,
3279 3077 3299 3111 ‹
3326 3059 3447 3129 quia
3470 3061 3846 3131 concupiscen-

2260 3142 2335 3198 tia
2357 3144 2445 3214 qui
2467 3144 2609 3200 licite
2626 3146 3022 3212 commiscetur,
3041 3148 3181 3202 malo
3204 3147 3340 3203 bene
3363 3149 3525 3203 utitur
3548 3169 3567 3203 ι
3593 3148 3730 3219 (Id.,
3754 3151 3844 3205 lib.

2259 3234 2317 3303 2,
2343 3252 2459 3307 cap.
2482 3236 2597 3309 2i),
2634 3245 2692 3292 ut
2725 3238 2894 3309 magis
2926 3238 3074 3317 credi
3106 3240 3362 3309 Apostolo
3393 3256 3780 3299 commemores
3803 3245 3845 3309 ⁸,

2263 3327 2351 3397 qui
2378 3327 2618 3394 dixisset,
2645 3327 2776 3397 Quia
2803 3346 2908 3386 non
2935 3329 3138 3386 habitat
3162 3333 3213 3387 in
3240 3347 3400 3389 carne
3423 3349 3517 3389 sua
3543 3337 3762 3402 bonum,
3788 3345 3846 3391 et

2261 3416 2366 3473 hoc
2393 3433 2497 3474 non
2525 3419 2743 3486 bonum,
2774 3420 2823 3475 id
2850 3430 2933 3476 est
2956 3421 3175 3487 malum,
3207 3422 3259 3477 in
3286 3439 3448 3480 carne
3478 3425 3717 3495 Apostoli
3747 3427 3843 3481 ha-

2259 3506 2459 3572 bitans,
2488 3508 2569 3569 vis
2593 3510 3073 3579 concupiscentiam
3108 3513 3284 3567 carnis
3302 3513 3505 3585 videri:
3526 3515 3845 3571 Manichacus

2261 3611 2369 3652 non
2397 3597 2551 3652 aliter
2573 3614 2730 3667 quam
2762 3609 2816 3654 tu
2835 3603 3038 3670 posuit.
3065 3600 3197 3657 Nam
3229 3612 3507 3674 postquam
3533 3606 3685 3674 dixit,
3715 3625 3736 3659 r
3761 3607 3841 3663 Ne

2260 3686 2666 3767 manifestentur
2704 3703 2867 3759 opera
2905 3706 3129 3759 eorum;
3170 3693 3394 3764 Propter
3431 3696 3572 3766 quod
3610 3698 3843 3767 Aposto-

2260 3778 2366 3846 lus,
2404 3797 2425 3832 ι
2462 3779 2651 3850 inquit,
2686 3799 2706 3833 ε
2740 3783 2936 3837 clamat
2959 3783 3025 3838 ad
3054 3782 3346 3853 Romanos,
3380 3804 3479 3841 non
3506 3788 3688 3843 bbnum
3713 3791 3844 3859 quod

2261 3868 2371 3922 volo
2387 3910 2402 3936 ,
2433 3886 2530 3942 ago
2551 3887 2570 3936 ;
2597 3871 2688 3924 sed
2709 3872 2899 3925 malum
2927 3889 3127 3942 aperor,
3160 3877 3295 3945 quod
3318 3878 3556 3933 exltorreo
3582 3895 3601 3933 :
3628 3880 3846 3937 Dolebat

2262 3957 2421 4024 enim,
2459 3977 2478 4011 ι
2510 3960 2700 4030 inquit,
2730 3979 2749 4013 ‹
2776 3961 2897 4031 quia
2922 3974 3213 4032 peccatum,
3242 3966 3293 4021 id
3315 3977 3418 4034 est,
3443 3969 3704 4035 diabolus,
3728 3986 3845 4041 0pc-

2260 4047 2478 4103 rabatur
2517 4049 2571 4104 in
2596 4065 2661 4106 eo
2702 4066 2917 4107 omnem
2961 4055 3467 4125 concupiscentiam.
3513 4058 3719 4130 Legatis
3747 4076 3841 4116 au-

2259 4139 2478 4212 ctoritas
2507 4140 2704 4196 indicat
2730 4144 2928 4199 malum
2953 4148 3399 4216 concupiscentia:
3418 4192 3433 4217 ,
3470 4167 3592 4207 cum
3623 4169 3836 4211 omnem

2258 4228 2373 4299 ejus
2396 4244 2547 4285 usum
2576 4231 2856 4301 vituperat,
2887 4250 3046 4304 quem
3070 4252 3196 4291 caro
3225 4239 3445 4295 miratur
3460 4250 3515 4298 et
3543 4243 3741 4300 laudat.
3768 4263 3790 4297 ι

2328 4320 2463 4377 Auc.
2512 4320 2779 4394 Numquid
2822 4325 3112 4395 Apostolus
3148 4344 3361 4386 omnem
3401 4336 3844 4406 concupiscentia

2258 4411 2487 4466 carnalis
2513 4428 2665 4468 usum
2691 4414 2975 4485 vituperat,
3003 4419 3094 4489 qui
3129 4420 3289 4487 dicit,
3318 4423 3385 4478 Et
3409 4426 3454 4478 si
3480 4428 3728 4497 acceperis
3753 4445 3844 4482 ua:-

2257 4519 2428 4593 o_rem,
2457 4521 2557 4559 non
2580 4498 2833 4575 peccasti;
2857 4518 2904 4562 et
2930 4510 2974 4563 si
2997 4514 3222 4581 nupserit
3249 4515 3424 4587 virgo,
3453 4534 3556 4573 non
3594 4529 3765 4589 peccat
3801 4520 3843 4593 (l

2256 4591 2376 4649 Cor.
2404 4611 2493 4662 vu,
2517 4594 2649 4668 28)?
2677 4597 2817 4668 Ergo
2839 4598 3165 4657 Manichazus
3189 4605 3313 4673 quid
3342 4606 3591 4676 loquatur
3615 4591 3839 4678 ignorat.

2255 4682 2362 4740 Sed
2387 4699 2485 4741 nec
2513 4693 2569 4741 tu
2595 4686 2722 4756 quid
2747 4688 2986 4759 loquaris
3017 4690 3287 4762 intelligis,
3316 4696 3407 4765 qui
3436 4704 3588 4767 putas
3614 4699 3756 4755 aliud
3786 4703 3829 4759 si

2254 4774 2536 4845 gnificasse
2567 4778 2880 4847 Apostolum
2911 4793 3070 4850 quam
3102 4784 3278 4839 carnis
3306 4788 3799 4857 concupiscentiam
3831 4811 3843 4843 :

2256 4865 2326 4921 de
2354 4881 2456 4936 qua
2483 4867 2618 4922 alius
2644 4868 2919 4939 apostolus
2938 4913 2951 4936 ,
2982 4871 3123 4942 quod
3152 4889 3256 4928 non
3285 4875 3406 4930 sita
3439 4876 3595 4934 Patre
3614 4920 3630 4946 ,
3657 4880 3753 4935 sed
3786 4896 3846 4935 ex

2255 4960 2456 5012 mundo
2482 4957 2583 5025 sit,
2613 4958 2743 5015 dicit
2770 4959 2815 5031 (I
2840 4958 2999 5016 Joan.
3038 4979 3106 5030 n,
3141 4965 3228 5034 16)
3257 4983 3271 5020 :
3301 4982 3403 5038 qua
3427 4970 3448 5001 ³
3476 4978 3532 5024 ut
3557 4985 3681 5027 caro
3709 4987 3843 5028 con-

2255 5045 2493 5116 cupiscat
2519 5046 2773 5105 adversus
2811 5050 3075 5120 spiritum,
3102 5069 3167 5109 ex
3196 5054 3351 5125 primi
3378 5057 3610 5114 hominis
3640 5075 3844 5130 pracva-

2259 5136 2523 5193 ricatioue
2562 5137 2909 5209 descendere,
2951 5143 3245 5201 catholicus
3271 5145 3460 5204 doctus
3494 5158 3550 5204 et
3577 5150 3767 5206 doctor
3793 5160 3845 5207 et

2254 5225 2437 5283 didicit
2468 5228 2523 5282 in
2559 5227 2830 5287 Catholica
2869 5232 2890 5264 ³
2927 5242 2983 5289 et
3019 5234 3196 5292 docuit
3225 5236 3536 5309 (Ambrosius
3557 5282 3572 5306 ,
3605 5240 3694 5295 lib.
3729 5242 3760 5295 7
3793 5245 3849 5299 in

2253 5314 2383 5371 Luc.
2413 5316 2533 5388 xu).

2323 5407 2651 5464 CLXXXVI.
2696 5410 2818 5467 Jun.
2858 5412 3008 5480 Quod
3054 5426 3230 5473 autem
3268 5420 3491 5476 multum
3532 5421 3597 5475 ad
3646 5422 3841 5489 distin-

2253 5497 2482 5553 ctionem
2509 5498 2648 5554 inter
2675 5509 2726 5556 te
2753 5511 2806 5556 et
2833 5502 3183 5562 Manichteum
3213 5510 3498 5583 tenendam
3525 5512 3705 5568 valere
3728 5512 3844 5569 esi-

2316 5607 2333 5638 ι
2369 5613 2452 5657 Ms.
2492 5613 2640 5667 Port.,
2685 5621 3022 5664 commoneres.

2313 5668 2336 5741 ἶ
2368 5669 2806 5741 Ϊίβθίθήμδνθιίίαθ
3002 5689 3112 5739 qua-

2255 5728 2484 5853 m;
2500 5766 2515 5791 ,
2563 5728 2775 5784 Ecclesia
2810 5728 3083 5828 catholicas
3100 5742 3259 5806 Abest,
3307 5742 3518 5798 Ecclesia
3534 5781 3549 5809 ,
3591 5756 3622 5800 ι
3662 5758 3833 5798 mnu-
