4172 6508
372 355 508 410 13:15

367 468 625 533 stimasti,
661 479 716 524 ut
760 470 968 528 diceres
1010 474 1200 531 bonam
1242 477 1457 547 quidem
1481 520 1496 546 ,
1528 480 1622 535 sed
1664 482 1957 552 primorum

369 555 645 611 hominum
694 566 897 615 tantum
943 562 1134 620 factam
1183 575 1468 631 naturam,
1517 583 1730 626 omnem
1779 583 1957 629 autem

368 645 623 714 deinceps
674 664 773 720 per
817 655 1316 735 concupiscentiam,
1367 657 1529 715 fuisse
1591 662 1900 719 subversam
1942 684 1955 720 :

369 736 528 791 etiam
557 736 879 795 Manichzcus
911 743 980 795 ita
1012 742 1267 800 disseruit
1299 764 1312 800 :
1351 766 1370 800 ι
1406 748 1594 819 Opera:
1617 792 1633 817 ,
1686 770 1707 804 ι
1749 752 1954 824 inquit,

372 845 393 878 ι
421 829 644 896 pretitun
669 841 749 884 est
774 831 1070 899 advertere,
1098 836 1220 905 quia
1244 839 1411 907 prima
1451 842 1625 896 anima
1651 858 1770 914 qua:
1794 859 1823 898 a
1850 845 1961 901 Deo

367 916 586 973 luminis
615 923 867 989 manavit,
901 926 1110 994 accepit
1141 926 1395 984 fabricam
1426 931 1579 986 istam
1609 936 1869 1005 corporis,
1902 946 1961 992 ut

364 1020 483 1061 eam
516 1007 670 1064 freno
712 1026 811 1065 suo
840 1024 1066 1081 regeret.
1108 1016 1267 1072 Venit
1304 1020 1609 1076 mandatum
1632 1064 1648 1088 ,
1683 1033 1959 1094 peccatum

367 1101 596 1167 revixit,
645 1102 788 1173 quod
828 1104 1105 1161 videbatur
1132 1110 1397 1178 captivum
1429 1128 1444 1168 :
1477 1114 1679 1169 invenit
1705 1117 1959 1173 articulos

367 1205 496 1246 suos
545 1192 789 1249 diabolus
820 1197 836 1227 ¹
869 1238 883 1260 ,
918 1199 1194 1255 materiam
1242 1204 1687 1273 concupiscentiae
1741 1208 1793 1261 in
1839 1224 1958 1264 eam

366 1282 599 1351 seduxit,
633 1294 686 1339 et
716 1302 812 1355 per
842 1288 984 1344 illam
1011 1291 1220 1346 occidit.
1250 1292 1358 1348 Lex
1388 1295 1601 1365 quidem
1629 1307 1835 1366 sancta,
1863 1299 1959 1355 sed

365 1382 546 1427 sancta
578 1386 812 1442 sanctte;
852 1387 906 1434 et
945 1382 1250 1438 mandatum
1293 1394 1348 1439 et
1383 1386 1579 1456 justum
1624 1397 1679 1443 et
1718 1389 1954 1458 bonum;

366 1464 461 1518 sed
483 1465 639 1534 justtc
675 1478 730 1523 et
769 1471 943 1525 boum.
974 1491 993 1525 ι
1025 1473 1113 1529 Sic
1140 1477 1299 1530 etiam
1337 1478 1390 1531 in
1434 1480 1518 1533 illa
1560 1480 1627 1535 ad
1670 1481 1956 1538 Patricium

369 1556 615 1624 epistola,
650 1577 668 1609 ι
706 1562 856 1630 quasi
902 1563 980 1636 de.
1012 1564 1206 1634 prima;
1237 1566 1434 1623 factum
1480 1569 1612 1625 ﬂore
1649 1573 1959 1629 substantia:

372 1646 655 1703 meliorem
675 1650 802 1706 dicit
827 1656 1023 1717 secutis
1039 1658 1059 1688 ²
1079 1695 1093 1709 .
1124 1676 1143 1710 ι
1172 1658 1284 1714 Non
1309 1676 1436 1731 ergo
1459 1677 1708 1733 magnum
1732 1674 1833 1734 est,
1860 1682 1958 1723 nec

363 1737 563 1809 aliquid
592 1740 658 1795 ad
689 1742 1054 1802 defensionem
1086 1751 1159 1803 tui
1194 1762 1507 1820 promovet,
1539 1755 1679 1824 quod
1707 1770 1737 1809 a
1774 1758 1956 1812 crimi-

364 1827 579 1884 natione
607 1840 810 1886 naturtn
838 1834 1085 1893 humana:
1109 1840 1280 1894 Adam
1326 1846 1765 1913 sequestrandum
1801 1857 1957 1917 puta-

363 1917 455 1985 sti,
506 1935 667 1989 super
704 1924 858 1993 cujus
896 1936 1036 1983 statu
1064 1944 1187 1984 mox
1224 1931 1435 2001 plenius
1473 1934 1818 1992 disseremus.
1860 1939 1957 1994 llic

364 2019 693 2067 monstrasse
730 2015 990 2084 sufliciat,
1024 2019 1152 2073 nihil
1194 2022 1267 2075 ita
1304 2022 1438 2079 rude
1475 2023 1528 2079 in
1575 2027 1677 2081 tuis
1713 2029 1957 2083 sensibus

364 2099 588 2156 inveniri
614 2144 629 2170 ,
671 2112 727 2158 ut
756 2121 863 2161 non
893 2108 961 2163 sit
985 2108 1096 2179 jam
1124 2109 1398 2170 Manichtni
1425 2114 1754 2173 volutatione
1782 2118 1953 2174 detri-

365 2198 499 2245 tum.

435 2282 570 2337 Anc.
612 2282 934 2343 Manichmus
973 2304 1039 2345 ex
1076 2293 1455 2351 commixtione
1481 2295 1705 2353 duarum
1733 2309 1952 2355 natura-

368 2385 489 2425 rum
521 2382 911 2433 cozcternarum
932 2421 947 2446 ,
981 2379 1106 2435 boni
1140 2384 1346 2439 scilicet
1374 2394 1426 2440 et
1457 2387 1616 2452 mali,
1650 2403 1754 2443 non
1783 2390 1954 2444 solum

367 2462 635 2523 hominem
660 2509 675 2535 ,
707 2470 803 2526 sed
846 2473 1151 2529 universum
1192 2477 1447 2532 mundum
1498 2487 1746 2535 constare
1786 2480 1952 2548 dicit,

370 2565 426 2611 ct
453 2558 518 2613 ad
546 2573 668 2615 eum
697 2564 874 2618 omnia
904 2566 1219 2635 pertinentia
1246 2584 1261 2633 ;
1293 2569 1360 2623 ita
1392 2584 1521 2625 sane
1541 2612 1555 2635 ,
1601 2580 1657 2625 ut
1686 2572 1851 2642 ipsam
1882 2574 1956 2627 fa-

367 2649 573 2706 bricam
596 2655 801 2721 mundi,
828 2658 1071 2726 quamvis
1094 2673 1158 2714 ex
1184 2662 1561 2717 commixtione
1585 2662 1709 2719 boui
1733 2673 1787 2719 et
1807 2665 1951 2734 mali,

362 2739 475 2795 Deo
503 2742 645 2798 bono
674 2745 871 2800 artifici
901 2748 1099 2803 tribuat
1130 2765 1145 2804 :
1178 2750 1424 2805 animalia
1468 2767 1595 2807 vero
1614 2794 1629 2818 ,
1671 2762 1727 2809 et
1766 2765 1954 2812 cuncta

357 2846 478 2901 qua:
515 2843 808 2890 nascuntur
844 2852 877 2891 e
918 2846 1058 2893 terra
1082 2880 1099 2906 ,
1144 2848 1199 2895 et
1238 2841 1410 2911 ipsum
1443 2841 1750 2913 hominem,
1790 2861 1953 2916 opera

360 2935 484 2977 esse
506 2923 649 2979 dicat
671 2926 917 2996 maligna:
943 2930 1158 2994 mentis,
1187 2946 1344 3000 quam
1369 2934 1514 3003 genti
1539 2935 1783 2990 attribuit
1808 2946 1956 2993 tene-

356 3010 595 3087 brarum.
625 3012 760 3069 Hinc
786 3023 886 3082 est,
917 3016 1060 3087 quod
1091 3035 1112 3069 ι
1143 3019 1373 3074 animam
1405 3022 1629 3090 primam
1663 3042 1684 3076 ο
1715 3025 1843 3082 dicit
1874 3045 1895 3079 ι
1921 3043 1952 3083 a

362 3101 476 3157 Deo
505 3102 640 3160 lucis
672 3120 917 3162 manasse
940 3148 956 3175 ,
984 3116 1039 3164 et
1065 3110 1332 3179 accepisse
1361 3111 1514 3167 istam
1545 3112 1799 3171 fabricam
1828 3131 1952 3173 cor-

356 3195 540 3263 poris,
573 3204 633 3251 ut
660 3212 780 3252 eam
810 3198 961 3255 freno
988 3215 1088 3256 suo
1113 3210 1343 3273 regeret.
1383 3222 1403 3256 ι
1435 3203 1551 3259 Non
1582 3206 1725 3263 enim
1755 3205 1859 3263 hoc
1885 3208 1953 3265 de

362 3282 601 3353 homine,
633 3286 728 3341 sed
756 3286 825 3342 de
850 3289 1025 3343 anima
1053 3289 1190 3345 bona
1225 3290 1387 3357 dicit,
1427 3308 1585 3364 quam
1616 3295 1709 3350 Dei
1746 3305 1951 3366 partem

357 3380 519 3443 atque
556 3382 800 3429 naturam
841 3378 1091 3435 universo
1127 3380 1346 3449 mundo,
1381 3391 1435 3437 et
1466 3383 1713 3440 omnibus
1740 3401 1859 3456 quae
1896 3386 1950 3442 in

360 3477 427 3518 eo
452 3473 606 3533 sunt,
638 3467 887 3536 opinatur
912 3483 1032 3524 esse
1059 3470 1373 3541 permixtam
1399 3489 1415 3539 ;
1450 3474 1501 3527 in
1529 3474 1747 3532 homine
1771 3485 1950 3533 autem

359 3569 457 3624 per
483 3558 969 3628 concupiscentiam
998 3559 1191 3632 decipi.
1221 3562 1390 3629 Quam
1418 3566 1903 3636 concupiscentiam
1929 3611 1944 3636 ,

358 3648 500 3717 quod
540 3663 683 3720 saepe
721 3651 1094 3708 inculcandum
1123 3662 1234 3715 est,
1277 3670 1383 3709 non
1421 3656 1603 3711 vitium
1639 3658 1951 3716 substantiae

361 3739 514 3795 home
539 3783 555 3808 ,
597 3743 691 3797 sed
734 3744 927 3799 malam
964 3745 1075 3800 vult
1102 3761 1221 3801 esse
1258 3748 1630 3805 substantiam.
1674 3751 1811 3806 Mala
1840 3767 1947 3809 non

364 3845 590 3887 vacuum
620 3834 780 3889 fuisse
808 3835 936 3890 dicit
964 3837 1163 3901 Adam,
1195 3839 1289 3894 sed
1318 3840 1435 3911 ejus
1464 3841 1636 3896 minus
1665 3842 1946 3915 habuisse,

358 3920 628 3992 multoque
653 3924 770 3994 plus
795 3925 947 3981 lucis.
978 3927 1214 3985 Videsne
1239 3929 1362 3985 huic
1385 3931 1690 4000 dementite,
1716 3949 1833 4004 qua:
1855 3935 1948 3991 Dei

357 4023 602 4069 naturam
647 4018 1049 4086 corruptibilem
1092 4020 1239 4085 dicit,
1284 4036 1509 4093 eamque
1552 4024 1704 4078 malae
1746 4032 1949 4080 naturae

357 4107 738 4163 commixtione
765 4111 1090 4180 corrumpit,
1122 4120 1376 4182 quantum
1406 4113 1665 4168 catholica
1694 4114 1828 4170 fides
1856 4115 1950 4171 ad-
1987 4168 1991 4173 .

356 4208 511 4249 versa
544 4198 646 4263 sit,
678 4213 797 4266 qua:
824 4200 1000 4254 omnia
1029 4201 1166 4256 mala
1198 4202 1411 4273 generis
1442 4202 1692 4269 humani,
1722 4219 1946 4276 quorum

360 4298 468 4337 non
496 4299 710 4354 parvam
735 4298 941 4358 partem
965 4290 1213 4359 parvulos
1235 4291 1396 4346 etiam
1423 4292 1690 4348 cernimus
1718 4296 1944 4364 perpeti,

364 4382 419 4426 et
442 4373 1119 4451 ipsachoucupiscentiam
1145 4394 1245 4448 qua
1270 4395 1395 4435 caro
1415 4383 1739 4451 concupiscit
1761 4383 1949 4440 adver-

357 4477 451 4517 sus
468 4449 734 4533 spiritum,
758 4466 949 4535 quibus
973 4468 1129 4523 malis
1151 4470 1400 4524 omnibus
1422 4449 1699 4540 paradisus
1718 4489 1749 4527 a
1770 4473 1942 4543 vobis,

357 4553 453 4608 sed
497 4562 707 4621 vester,
752 4556 1036 4623 impletur,
1077 4572 1182 4612 non
1212 4558 1342 4614 dicit
1370 4573 1491 4615 esse
1518 4562 1620 4615 nisi
1654 4577 1719 4617 ex
1757 4573 1944 4618 natura

357 4644 496 4698 bona
518 4683 533 4707 ,
564 4651 617 4697 et
644 4658 674 4697 a
705 4643 816 4699 Deo
844 4644 985 4699 bono
1012 4645 1149 4700 bene
1179 4647 1417 4702 instituta
1439 4689 1453 4713 ,
1484 4650 1577 4704 sed
1606 4652 1815 4719 propria
1847 4668 1944 4708 vo-s

358 4736 567 4791 luntate
589 4743 645 4791 et
669 4736 822 4806 primi
844 4736 1078 4792 hominis
1098 4739 1531 4808 praevaricatione
1551 4741 1770 4796 vitiata?
1792 4743 1945 4809 Quod

359 4841 455 4881 vos
484 4836 740 4898 negantes
763 4870 779 4895 ,
811 4826 940 4898 quid
967 4826 1123 4898 agitis
1146 4868 1163 4896 ,
1197 4829 1296 4883 nisi
1328 4837 1385 4883 ut
1414 4829 1528 4885 bare
1556 4832 1735 4886 omnia
1764 4833 1900 4886 mala
1925 4874 1942 4901 ,

357 4931 477 4984 qua:
505 4917 573 4971 de
601 4926 821 4988 peccato
848 4928 1053 4973 naturae
1081 4918 1234 4973 bonas
1263 4919 1315 4973 in
1348 4920 1595 4990 parvulos
1624 4923 1806 4977 venire
1835 4938 1943 4979 non

360 5006 518 5061 vultis
537 5049 552 5074 ,
593 5009 957 5069 commixtioni
988 5009 1143 5065 mala:
1173 5018 1375 5065 natura:
1406 5011 1705 5067 tribuantur
1727 5053 1742 5080 ,
1786 5029 1945 5083 quam

362 5096 771 5155 Manichmorum
802 5101 1034 5157 furiosus
1059 5117 1211 5158 error
1239 5102 1485 5160 inducit?
1513 5104 1716 5160 Videtis
1746 5104 1904 5187 igitur
1925 5116 1943 5176 ,‘

358 5186 460 5242 ctsi
486 5189 669 5245 videre
694 5207 799 5246 non
826 5193 1006 5258 vultis,
1032 5193 1248 5248 insanos
1268 5203 1321 5248 et
1341 5195 1578 5265 perditos
1598 5195 1942 5265 Manicltaaos,

362 5294 430 5335 ne
452 5280 603 5336 vobis
630 5281 1003 5353 adjuvantibus
1026 5286 1259 5352 vincant,
1286 5286 1558 5341 vobiscum
1585 5300 1704 5342 esse
1729 5286 1946 5345 vincen-

360 5369 497 5436 dos;
526 5372 654 5425 imo'
683 5372 969 5443 adjuvante
996 5374 1223 5430 Domino
1255 5375 1529 5455 vobiscum
1566 5391 1685 5433 esse
1711 5376 1823 5448 jam
1862 5377 1943 5434 vi-

358 5469 494 5514 ClOS.
547 5506 553 5513 .

429 5547 781 5607 CLXXXVII.
818 5551 940 5609 Jun.
979 5553 1223 5612 Persistit
1262 5571 1395 5614 sane
1434 5557 1612 5614 invehi
1640 5558 1695 5615 in
1728 5574 1849 5631 nos,
1888 5566 1945 5617 et

422 5702 441 5768 ξ
464 5702 626 5768 codex
650 5711 911 5768 Portamm,
936 5703 1112 5758 invertit
1133 5708 1419 5764 articulosus
1441 5708 1677 5764 diabolus.

420 5764 442 5797 ι
464 5763 597 5817 Idem
611 5766 770 5819 codex
791 5763 938 5833 Portl,
955 5772 1163 5822 secutus.

1717 371 1921 429 LIBER
1962 373 2275 435 TERTIUS.

3508 411 3646 468 I526

2068 489 2343 563 adjungit:
2372 510 2391 546 ι
2424 493 2488 550 Ili
2513 505 2690 554 autem
2715 502 2801 572 qui
2829 508 3308 579 concupiscentiam
3334 519 3489 580 istam
3513 541 3648 584 cou-

2070 587 2147 633 tra
2172 584 2508 653 evangelicos
2536 596 2593 644 et
2614 595 2936 660 apostolicos
2962 596 3150 659 Libros
3172 646 3187 668 ,
3216 624 3349 677 quos
3374 628 3542 672 vacuo
3564 618 3648 675 le-

2064 671 2270 739 ctitant,
2302 674 2499 732 bonum
2539 682 2653 735 ausi
2681 694 2804 738 sunt
2847 687 3061 757 dicere;
3110 671 3285 753 videas
3310 741 3327 767 ,
3378 720 3398 754 ι
3433 671 3614 777 inquit
3629 751 3644 775 ,

2072 777 2092 812 ι
2122 774 2334 818 sanctos
2368 781 2551 823 eorum
2589 786 2729 827 nunc
2764 790 2884 831 cum
2921 779 3128 838 filiabus
3166 785 3460 859 dormisse,
3503 774 3647 853 nunc

2064 865 2184 907 cum
2212 853 2448 923 pluribus
2476 866 2531 913 et
2556 864 2863 921 concubinis
2887 877 2941 923 et
2970 873 3223 929 uxoribus
3248 853 3524 937 miscuisse
3552 901 3649 940 ne-

2063 943 2285 1012 gotium.
2316 945 2424 1003 Nec
2452 949 2551 1004 hoc
2576 952 2815 1022 Apostoli
2847 958 3055 1016 vident:
3079 962 3206 1028 Qua:
3231 971 3441 1027 societas
3466 974 3569 1029 luci
3601 989 3649 1030 et

2064 1032 2307 1135 tenebris,
2337 1036 2477 1103 ﬁdeli
2501 1048 2547 1093 et
2571 1040 2764 1109 inﬁdeli
2780 1085 2795 1111 ,
2826 1046 3024 1103 Christo
3052 1062 3100 1106 et
3127 1053 3293 1111 Belial
3318 1059 3381 1131 (ll
3409 1061 3526 1119 Cor.
3559 1081 3608 1121 vr
3628 1109 3644 1135 ,

2065 1121 2171 1224 Μ’,
2204 1124 2337 1197 15)?
2374 1128 2568 1186 Errant
2593 1135 2871 1203 glomerati
2902 1145 3082 1201 nubilo
3112 1150 3128 1179 ί
3159 1121 3647 1227 concupiscemus;

2046 1212 2215 1282 cujus
2241 1231 2450 1273 veneno
2478 1221 2548 1277 ita
2576 1223 2835 1296 fruuntur,
2866 1241 2920 1285 ut
2945 1240 3175 1295 amentia
3206 1212 3364 1313 capti,
3393 1262 3513 1304 cum
3543 1212 3646 1309 hoc

2062 1314 2290 1374 gerunt,
2328 1324 2359 1364 a
2390 1311 2499 1367 Deo
2529 1314 2579 1369 id
2609 1331 2919 1378 concessum
2949 1337 3129 1396 putent
3155 1349 3169 1399 ;
3209 1311 3359 1406 quasi
3400 1342 3646 1412 ignorent

2062 1398 2373 1465 Apostolum
2412 1404 2610 1463 dixisse
2629 1449 2643 1473 ,
2686 1410 2811 1477 Qute
2836 1428 3079 1484 geruntur
3117 1398 3179 1478 ab
3211 1398 3283 1481 eis
3310 1430 3361 1484 in
3391 1398 3640 1505 tenebris",

2064 1494 2210 1556 turpe
2241 1497 2313 1599 es‘t
2335 1495 2495 1578 etiam
2521 1498 2685 1553 dicere
2720 1520 2739 1553 ι
2772 1502 2985 1575 (Ephes.
3016 1526 3047 1563 v
3069 1553 3084 1579 ,
3116 1515 3227 1586 ιε).
3265 1519 3422 1577 Vides
3450 1494 3643 1599 nempe

2066 1582 2336 1678 quomodo
2365 1590 2630 1657 negotium
2657 1605 2813 1650 vexat
2847 1600 3063 1668 pudoris
3083 1647 3097 1672 ,
3135 1582 3296 1678 atque
3332 1625 3514 1672 contra
3545 1582 3643 1678 nos

2064 1668 2114 1722 id
2150 1671 2332 1728 valere
2355 1676 2636 1745 plurimum
2666 1694 2839 1753 putat,
2870 1691 2960 1759 qui
2983 1708 3087 1749 non
3116 1668 3314 1755 malum
3338 1703 3518 1762 dicere
3542 1724 3642 1764 au-

2063 1758 2304 1857 deamus,
2327 1767 2468 1836 quod
2492 1772 2770 1831 velandum
2794 1758 2967 1837 tamen
2993 1786 3193 1854 pttdore
3218 1758 3644 1857 fateanturiqul-

2064 1849 2173 1949 lum
2204 1859 2577 1917 vestimentum
2606 1881 2730 1936 ergo
2759 1849 3125 1946 texttisti,—quo
3152 1882 3539 1946 deformitatem
3568 1896 3642 1949 tui

2061 1941 2323 2013 dogmatis
2350 1952 2587 2019 operires
2608 1997 2622 2021 ,
2653 1969 2845 2025 prmter
2873 1941 3079 2031 pannos
3106 1974 3297 2040 quibus
3323 1977 3373 2031 in
3405 1984 3644 2049 parentis

2061 2035 2136 2088 tui
2164 2044 2217 2090 et
2241 2041 2475 2109 magistri
2505 2043 2813 2105 haereditate
2831 2056 3062 2111 crevisti.
3091 2035 3235 2117 βενεί
3254 2067 3331 2120 -ιὶι
3353 2035 3510 2137 igitur

2059 2125 2112 2195 gi
2139 2127 2188 2180 in
2218 2144 2333 2195 nos,
2361 2134 2660 2208 faciensque
2684 2145 3043 2215 apostrophen
3068 2168 3081 2204 :
3112 2170 3131 2203 ι
3160 2153 3269 2223 Age
3295 2125 3420 2221 ιιι,νι
3446 2125 3638 2232 inquit,

2066 2234 2086 2267 ι
2132 2218 2383 2277 defensor
2432 2231 2911 2300 concupiscentia,
2956 2249 3142 2308 aperto
3189 2259 3436 2303 sermone
3482 2218 3640 2309 narra

2058 2305 2265 2367 fructus
2287 2326 2341 2369 et
2364 2330 2522 2386 opera
2547 2322 2679 2390 ejus.
2705 2323 2845 2381 Ecce
2869 2343 2967 2398 ego
2987 2341 3171 2387 contra
3193 2351 3331 2403 eam,
3355 2356 3458 2395 non
3483 2343 3642 2398 timeo

2060 2400 2268 2471 lucem,
2311 2423 2468 2477 quam
2508 2411 2595 2465 illa
2640 2415 2902 2485 trepidat,
2943 2436 3100 2489 quam
3148 2425 3236 2479 illa
3279 2400 3411 2483 odit.
3454 2431 3647 2487 Omnis

2059 2494 2203 2548 enim
2234 2497 2323 2566 qui
2353 2500 2490 2555 male
2517 2503 2657 2572 agit,
2685 2506 2800 2560 odit
2824 2508 2995 2564 lucem
3019 2552 3033 2577 ,
3061 2522 3115 2567 et
3139 2531 3245 2570 non
3274 2521 3414 2574 venit
3449 2522 3515 2576 ad
3556 2524 3643 2578 lu-

2059 2598 2196 2651 cem,
2227 2602 2295 2643 ne
2324 2590 2729 2649 manifestentur
2755 2612 2915 2666 opera
2943 2601 3057 2669 ejus
3086 2602 3262 2675 (Jama.
3294 2625 3371 2674 Ill,
3397 2611 3511 2682 20).
3544 2613 3639 2668 Vi-

2059 2675 2223 2733 dcsne
2250 2683 2735 2752 concupiscentiam
2761 2691 2880 2744 mali
2909 2707 3027 2748 esse
3054 2697 3331 2767 originem,
3361 2718 3456 2771 per
3480 2720 3637 2774 quam

2059 2768 2270 2824 misera:
2292 2772 2485 2828 anima:
2511 2774 2716 2832 libidini
2740 2782 2999 2851 serviunt,
3028 2801 3134 2841 non
3156 2768 3375 2858 sponte,
3396 2768 3516 2862 quia
3541 2796 3644 2853 hoc

2058 2867 2141 2913 est
2174 2860 2315 2930 quod
2346 2864 2558 2922 nolente
2597 2870 2778 2926 animo
2815 2876 3050 2942 gerimus
3087 2880 3305 2936 solum?
3339 2903 3358 2936 ι
3389 2885 3522 2942 Ilinc
3558 2898 3643 2944 est

2057 2949 2202 3047 quod
2231 2959 2285 3006 et
2315 2962 2369 3008 tu
2400 2972 2414 3008 :
2449 2975 2468 3009 ι
2499 2956 2631 3047 Nam
2658 2962 2783 3031 quid
2811 2974 2921 3031 est,
2958 2986 2978 3020 ι
3007 2969 3212 3039 inquis,
3249 2991 3268 3025 ι
3299 2975 3440 3045 quod
3468 2976 3639 3047 labia,

2057 3037 2255 3110 lingua,
2286 3058 2497 3112 manus,
2522 3046 2834 3106 inflexiones
2854 3052 3020 3123 dorsi,
3045 3060 3291 3127 cervicis,
3317 3074 3368 3117 ct
3392 3064 3640 3137 laterum,

2058 3137 2119 3185 ut
2141 3131 2207 3187 ad
2233 3134 2393 3205 opera
2419 3152 2652 3209 congrua
2677 3155 3010 3213 moveantur,
3039 3152 3268 3218 positum
3297 3152 3350 3207 in
3379 3165 3642 3225 potestate
3731 3193 3734 3196 η

2057 3230 2177 3286 est;
2224 3236 2344 3278 cum
2389 3241 2521 3311 vero
2566 3238 2779 3286 ventum
2827 3232 2987 3291 fuerit
3029 3247 3086 3293 ut
3129 3241 3218 3295 filii
3267 3244 3637 3313 seminentur.

2054 3314 2294 3369 membra
2332 3316 2385 3371 in
2425 3304 2529 3373 hoc
2566 3334 2700 3390 opus
2728 3319 2906 3381 creata
2946 3343 3049 3383 non
3080 3331 3362 3399 serviunt;
3402 3337 3501 3392 sed
3541 3354 3641 3394 ex-

2055 3414 2328 3473 spectatur
2354 3416 2415 3489 ιιι
2442 3424 2502 3464 ea
2533 3411 2679 3467 velut
2707 3416 2788 3469 sui
2816 3415 2954 3486 juris
2984 3419 3149 3476 libido
3176 3438 3551 3498 commoveat,
3582 3441 3639 3486 et

2055 3495 2340 3567 aliquando
2378 3515 2485 3556 non
2527 3500 2653 3559 facit
2688 3505 2869 3562 animo
2909 3510 3141 3577 volente,
3187 3529 3307 3569 cum
3351 3495 3639 3589 aliquando

2055 3584 2213 3642 faciat
2228 3596 2282 3643 et
2306 3589 2523 3646 nolente
2546 3611 2565 3645 ι
2594 3592 2699 3663 (De
2718 3594 2927 3665 Nuptiis
2943 3608 2988 3653 et
3007 3584 3553 3674 ϐοηευρὶεεεηιὶαξιὶὺ.
3582 3613 3636 3679 I,

2055 3693 2109 3731 η.
2141 3678 2195 3750 '1)
2215 3680 2242 3733 ἲ
2280 3679 2617 3739 Enumerasti
2647 3694 2699 3741 tu
2724 3701 2917 3758 nempe
2948 3692 3125 3746 omnia
3164 3694 3339 3751 officia
3370 3700 3640 3755 membro.

2053 3782 2195 3835 rum,
2221 3784 2389 3841 eaque
2413 3776 2792 3832 commendans
2812 3781 3015 3837 servire
3037 3783 3328 3842 voluntatis
3348 3790 3368 3820 ²
3391 3789 3635 3861 imperio,

2054 3857 2290 3916 libidinis
2315 3863 2586 3933 negotium
2615 3866 2768 3935 dicis,
2800 3870 2940 3940 quod
2969 3870 3071 3927 hoc
3095 3875 3267 3930 solum
3294 3857 3510 3936 nolente
3533 3857 3641 3938 ani;

2053 3966 2143 4007 mo
2174 3952 2448 4012 faciamus.
2480 3956 2617 4026 Quid
2648 3959 3016 4020 Manichzeus?
3048 3984 3067 4018 ι
3100 3966 3353 4038 Videsne,
3388 3991 3408 4025 ι
3440 3974 3634 4045 inquit,

2060 4063 2080 4097 ι
2109 4047 2593 4115 concupiscentiam
2620 4049 2747 4104 mali
2774 4066 2895 4108 esse
2920 4054 3201 4125 originem,
3230 4073 3327 4129 per
3349 4076 3507 4132 quam
3537 4066 3638 4119 mi-

2054 4149 2188 4192 sera:
2221 4137 2415 4192 animae
2444 4138 2647 4195 libidini
2683 4143 2960 4212 serviunt,
2994 4161 3100 4202 non
3129 4159 3354 4218 sponte,
3383 4154 3506 4222 quia
3538 4154 3640 4211 hoc

2052 4236 2135 4282 est
2162 4228 2303 4298 quod
2330 4230 2546 4286 nolente
2571 4231 2749 4288 animo
2775 4235 3012 4303 gerimus
3036 4238 3261 4293 solum?
3292 4259 3312 4293 ι
3345 4240 3450 4298 Sed
3481 4244 3634 4300 vide-

2051 4333 2204 4375 amus
2229 4321 2354 4391 quid
2384 4322 2528 4388 aliud
2552 4323 2826 4396 adjungat.
2859 4344 2880 4377 ι
2914 4326 3153 4398 Denique
3176 4345 3335 4387 omne
3360 4343 3633 4402 peccatum

2051 4420 2199 4465 extra
2228 4426 2424 4483 corpus
2459 4422 2541 4470 est
2559 4456 2574 4481 ,
2602 4414 2724 4485 quia
2753 4417 2959 4473 actuale
2987 4427 3070 4473 est
3100 4438 3114 4474 :
3141 4421 3230 4491 qui
3259 4430 3438 4479 autem
3466 4423 3637 4481 forni—

2050 4509 2203 4554 catur
2224 4540 2240 4564 ,
2273 4500 2325 4556 in
2356 4514 2549 4573 corpus
2575 4518 2731 4559 suum
2775 4515 2956 4576 peccat
2993 4506 3035 4578 (l
3065 4507 3183 4564 Cor.
3211 4526 3285 4575 vr,
3320 4511 3432 4584 I8).
3463 4512 3636 4572 Omne

2050 4590 2193 4644 enim
2227 4602 2502 4660 peccatum
2541 4600 2823 4664 antequam
2854 4595 2978 4661 fiat,
3008 4593 3114 4652 non
3146 4608 3260 4665 est;
3291 4609 3346 4654 et
3376 4611 3496 4671 post
3523 4601 3636 4658 fac-

2052 4689 2184 4745 tum,
2216 4683 2474 4737 memoria
2503 4682 2618 4738 sola
2645 4684 2760 4753 ejus
2786 4686 2985 4755 operis,
3014 4702 3122 4741 non
3153 4689 3266 4758 ipsa
3292 4692 3497 4758 species
3522 4707 3638 4748 ma-

2050 4778 2142 4824 net
2165 4788 2178 4823 :
2201 4770 2400 4824 malum
2422 4781 2598 4825 autem
2627 4774 3087 4842 concupiscentiae,
3117 4777 3240 4845 quia
3265 4779 3507 4835 naturale
3527 4789 3630 4848 est,

2050 4868 2332 4928 antequam
2372 4859 2493 4927 ﬁat,
2524 4870 2644 4926 est;
2674 4876 2792 4916 cum
2825 4862 2915 4927 fit,
2951 4871 3212 4934 augetur;
3246 4876 3365 4937 post
3392 4866 3594 4927 factum
3616 4911 3631 4935 ,

2050 4959 2105 5006 et
2126 4950 2337 5006 videtur
2356 4961 2407 5007 et
2430 4962 2722 5022 permanet.
2754 4972 2773 5008 ι
2799 4954 2935 5023 Quid
2956 4956 3117 5026 igitur
3135 4956 3409 5015 nobiscum
3427 4960 3634 5033 jurgas,

2050 5042 2171 5112 quia
2202 5051 2253 5097 te
2272 5043 2616 5099 Manichzeum
2654 5060 2945 5107 vocemus;
2973 5062 3094 5102 cum
3121 5063 3220 5105 nec
3241 5049 3295 5106 in
3332 5051 3479 5131 illius
3504 5054 3639 5110 scri-

2049 5135 2154 5204 ptis
2181 5133 2325 5190 aliud
2347 5151 2503 5205 quam
2533 5136 2676 5205 quod
2707 5147 2763 5193 tu
2787 5137 2943 5205 dicis,
2963 5154 3063 5194 nec
3088 5141 3142 5196 in
3172 5141 3276 5198 tuis
3304 5144 3447 5201 aliud
3475 5162 3635 5217 quam

2048 5224 2190 5295 quod
2229 5226 2318 5281 ille
2347 5227 2461 5281 vult
2500 5227 2853 5297 persuadere,
2893 5237 3157 5286 teneatur.
3188 5231 3306 5289 lam
3347 5250 3475 5290 vero
3507 5237 3638 5293 illud

2049 5314 2190 5386 quod
2216 5331 2311 5385 per
2335 5316 2561 5385 plebeia,
2587 5331 2616 5371 a
2644 5318 2795 5373 vobis
2820 5326 2995 5375 tamen
3021 5320 3275 5391 infusum,
3307 5340 3401 5380 ora
3427 5325 3637 5383 discur-

2048 5405 2156 5471 rit,
2189 5404 2253 5459 in-
2274 5406 2460 5460 eadem
2490 5405 2769 5463 Manichaei
2800 5409 3026 5479 epistola
3055 5413 3392 5480 continetur,
3428 5415 3479 5471 id
3508 5426 3591 5472 est
3613 5458 3631 5486 ,

2021 5532 2026 5536 ι
2055 5512 2077 5548 t
2120 5494 2177 5552 Si
2207 5505 2487 5566 peccatum
2518 5499 2758 5556 naturale
2797 5514 2905 5556 non
2941 5508 3026 5557 est
3049 5542 3063 5568 ,
3101 5517 3268 5574 quare
3302 5505 3636 5576 baptizantur

2113 5649 2131 5683 '
2167 5649 2459 5715 vienierius,

2551 5649 2771 5720 lmnerqti
3514 5660 3610 5707 lu

2049 5719 2161 5776 nar.
2190 5711 2262 5776 et
2294 5711 2436 5773 clar.,
2476 5711 2729 5776 gfomerati
3450 5714 3453 5718 '
3579 5751 3585 5756 .

2115 5774 2137 5808 ι
2167 5774 2243 5826 Sic
2261 5780 2368 5826 uss.
2392 5779 2443 5826 In
2462 5774 2625 5841 Vign.,
2654 5774 2920 5841 voluptatis.
