4172 6548
523 393 673 450 1327

494 502 762 559 ιηῐηίιιηιθιι
787 513 815 562 ;ι
846 506 978 566 quos
1016 492 1150 547 nihil
1202 509 1294 561 per
1333 507 1391 546 se
1439 491 1561 544 mali
1591 490 1764 558 egisse
1798 495 2006 541 constat
2025 486 2047 535 ’ἶ
2087 502 2105 536 ι

483 603 486 608 ’
535 592 658 647 Ideo
683 599 858 643 autem
880 584 996 638 "il'rxi
1028 582 1156 636 illud
1184 598 1275 650 per
1305 581 1587 634 multorum
1613 577 1834 632 volitare
1861 575 2064 644 linguas
2093 615 2110 638 ,

533 681 655 750 quia
683 675 948 746 vulgarius
975 681 1340 752 argumentum
1371 671 1528 723 etiam
1560 683 1589 721 a
1622 665 1786 719 tardis
1814 663 2112 733 quibusque

533 767 978 839 comprehensum
1007 772 1089 818 est
1116 781 1128 816 :
1157 771 1405 816 caeterum
1450 768 1503 813 tu
1539 759 1593 812 in
1630 757 1732 810 tuis
1769 754 1918 809 libris
1958 754 2008 806 in
2048 765 2112 806 eo

535 874 686 930 spem
731 866 896 912 totam
939 852 1170 923 reponis.
1218 851 1287 904 Et
1321 849 1421 903 hoc
1448 861 1574 918 ergo
1619 846 1790 914 ipsum
1823 843 1925 897 hoc
1955 839 2112 895 modo

455 943 466 1016 ί
539 959 658 1003 tuus
686 953 983 1017 praeceptor
1011 940 1314 1010 exsequitur
1343 956 1355 992 :
1389 956 1406 989 ι
1438 937 1540 1004 Qui
1567 935 1649 989 his
1675 933 1848 990 verbis
1879 931 2005 986 mihi
2034 931 2114 984 in-

454 1053 461 1074 ν
537 1035 840 1106 terrogandi
872 1039 1028 1097 sunt,
1061 1031 1114 1086 Si
1155 1044 1312 1085 omne
1341 1028 1539 1082 malum
1566 1024 1772 1080 actuale
1799 1033 1916 1087 est;
1957 1031 2111 1076 ante-

533 1142 693 1196 quam
721 1124 914 1178 maluin
939 1120 1199 1192 quispiam
1228 1127 1347 1188 agat
1376 1130 1538 1186 quare
1565 1113 1758 1183 accipit
1787 1110 2113 1182 puriﬁcatio-

537 1231 660 1270 nem
691 1215 860 1284 aquae,
893 1226 1009 1264 eum
1042 1209 1243 1263 nullum
1273 1206 1466 1260 malum
1493 1204 1661 1274 egerit
1690 1217 1782 1272 per
1808 1200 1909 1254 se?
1937 1200 2042 1252 Aut
2067 1197 2112 1252 si

535 1306 763 1361 necdum
791 1293 892 1373 cg‘l't
917 1343 930 1368 ,
963 1311 1013 1356 et
1046 1297 1400 1369 purificandus
1429 1303 1511 1350 est
1535 1312 1548 1360 ;
1583 1294 1708 1349 licet
1737 1292 1752 1322 ί
1780 1306 1872 1345 eos
1902 1299 2114 1344 natura-

538 1397 658 1452 liter
707 1393 878 1449 malre
904 1389 1082 1460 stirpis
1124 1387 1523 1459 pullulationem
1567 1383 1850 1438 ostendere
1888 1384 1908 1414 ³
1949 1421 1963 1445 ,
1997 1380 2113 1434 illos

537 1488 680 1556 ipsos
699 1481 1079 1556 quos-amentia
1094 1495 1205 1534 non
1227 1479 1352 1533 sinit
1372 1477 1685 1544 intelligere,
1707 1489 1878 1544 neque
1896 1487 2015 1544 quae
2036 1471 2115 1524 die

535 1586 679 1638 cunt,
706 1589 876 1644 neque
893 1573 958 1627 dc
976 1571 1166 1641 quibus
1185 1568 1453 1622 afﬁrmant
1479 1585 1498 1617 ι
1524 1563 1779 1637 (Epistola
1798 1561 2110 1631 Mauichai).

535 1667 703 1723 Audis
741 1663 1006 1736 quomodo
1045 1662 1371 1717 conviciatur
1402 1658 1598 1714 nobis?
1631 1660 1886 1712 Amentes
1922 1661 2110 1719 vocat,

535 1774 635 1814 nec
663 1756 1018 1826 intelligentes
1054 1752 1137 1808 vel
1161 1768 1279 1824 quae
1303 1752 1547 1807 dicamus
1571 1791 1585 1815 ,
1617 1749 1698 1803 vel
1729 1763 1848 1819 quae
1875 1746 2114 1801 afﬁrme-

525 1861 674 1912 anus,
705 1846 792 1916 qui
831 1846 984 1899 malae
1014 1843 1194 1913 stirpis
1232 1841 1632 1912 pullulationem
1665 1853 1918 1909 negemus
1945 1852 1959 1901 ;
1991 1849 2112 1890 cum

532 1939 860 2010 baptizemus
897 1937 1056 1993 etiam
1098 1951 1190 1992 eos
1229 1935 1539 2006 puriﬁcante
1568 1949 1700 2004 aqua
1726 1973 1742 1998 ,
1785 1931 1877 2003 qui
1917 1931 2114 1986 malum

533 2031 733 2087 nullum
763 2031 1001 2101 egerint,
1035 2029 1086 2082 id
1117 2037 1232 2094 est,
1266 2026 1534 2096 parvulos.
1569 2025 1742 2078 Posita
1773 2032 1897 2079 sunt
1926 2036 2116 2090 nempe

533 2122 600 2177 de
625 2120 741 2191 ejus
767 2119 932 2175 multa
961 2119 1241 2174 sententiis
1265 2117 1285 2148 ³
1311 2135 1324 2170 :
1349 2115 1442 2171 sed
1469 2115 1568 2169 nisi
1597 2113 1824 2169 Menoch
1852 2111 2032 2174 tiliam,
2061 2121 2118 2165 et

532 2211 880 2271 Manichaaum
903 2209 994 2280 qui
1014 2224 1073 2264 se
1093 2208 1286 2263 Christi
1309 2206 1606 2277 apostolum
1629 2206 1868 2260 nominat
1895 2202 2113 2274 (Supra,

540 2320 656 2373 cap.
692 2301 841 2372 I72),
871 2300 1052 2355 titulus
1083 2298 1358 2364 indicaret,
1394 2306 1444 2351 te
1475 2296 1693 2351 omnino
1718 2310 1872 2350 suum
1901 2293 2118 2363 pollice-

491 2443 493 2445 .
533 2400 718 2448 rentur
741 2400 1032 2446 auctorem.
1063 2387 1194 2444 Cum
1223 2401 1352 2457 ergo
1392 2385 1526 2441 nihil
1566 2384 1707 2438 aliud
1744 2383 1891 2438 dicas
1911 2423 1926 2448 ,
1957 2395 2115 2450 quam

533 2479 677 2552 quod
706 2479 846 2534 Mani
869 2478 890 2511 ⁸
916 2478 1143 2533 docente
1172 2475 1437 2540 didicisti;
1470 2483 1619 2543 putas
1651 2482 1702 2528 te
1728 2471 1782 2527 in
1809 2471 2118 2526 aestimatio.

537 2586 608 2626 ne
643 2569 1036 2625 Catholieorum
1074 2567 1228 2620 aliter
1267 2563 1592 2627 habendum,
1633 2576 1793 2632 quam
1833 2560 1980 2614 illum
2025 2573 2120 2629 per

537 2677 694 2731 quem
724 2661 903 2715 talium
930 2659 1236 2730 dogmatum
1267 2663 1597 2710 sacramenta
1629 2651 1864 2722 potasti?

609 2753 742 2806 Anc.
792 2750 977 2804 Finisti
1020 2748 1278 2810 tandem,
1317 2759 1436 2814 qua:
1471 2744 1537 2799 de
1569 2741 1840 2797 Manichmi
1875 2740 2117 2811 epistola,

538 2847 696 2911 quam
719 2841 790 2896 tui
811 2841 1027 2909 collegze
1045 2837 1188 2893 Flori
1205 2834 1532 2892 orationibus
1545 2832 1754 2903 adjutus
1784 2841 1835 2887 te
1857 2831 2121 2886 invenisse

541 2930 757 2993 laetaris,
777 2938 956 2984 contra
977 2943 1074 2982 nos
1087 2927 1284 2998 putasti
1306 2939 1424 2981 esse
1436 2923 1679 2979 dicenda.
1702 2921 1804 2979 Ubi
1833 2931 1978 2978 certe
2009 2921 2120 2975 Ma-

538 3021 774 3076 nichacus
792 3019 1271 3090 concupiscentiam
1293 3017 1468 3072 carnis
1481 3023 1710 3080 accusat,
1726 3029 1828 3085 qua
1847 3028 1972 3068 caro
1989 3029 2121 3068 con-

537 3114 762 3181 cupiscit
779 3112 1034 3167 adversus
1054 3111 1296 3182 spiritum
1317 3129 1329 3164 :
1351 3113 1487 3164 hanc
1507 3120 1683 3164 autem
1707 3108 1997 3165 Catholicis
2020 3106 2118 3164 ob-

537 3203 825 3275 jiciendam
856 3205 933 3259 sic
980 3203 1288 3269 arbitratur,
1323 3210 1571 3270 tanquam
1601 3215 1720 3256 eam
1766 3201 1958 3256 bonam
2001 3215 2123 3258 esse

537 3293 732 3361 dicant,
752 3294 876 3364 quia
906 3293 1208 3362 nuptiarum
1234 3291 1432 3347 bonum
1451 3292 1705 3347 doctrina:
1731 3291 2012 3348 dominicae
2038 3302 2119 3348 at-

538 3399 642 3455 que
681 3383 984 3452 apostolica:
1023 3378 1249 3437 sanitate
1290 3381 1686 3439 commendant.
1715 3383 1938 3451 Quando
1980 3385 2122 3437 enim

538 3482 722 3544 posset
764 3472 1086 3528 Manichacus
1112 3473 1310 3526 malum
1352 3474 1798 3542 concupiscentiae
1838 3473 2066 3527 carnalis
2092 3487 2122 3526 a

539 3564 680 3618 bono
703 3563 1007 3618 discernere
1034 3561 1295 3631 coniugali
1319 3600 1334 3625 ,
1361 3576 1482 3616 cum
1514 3562 1578 3616 ad
1611 3562 1860 3616 Hebraeos
1891 3562 2123 3631 Epistola

537 3653 752 3706 nonnisi
780 3667 963 3706 eorum
994 3651 1134 3706 dicat
1157 3665 1278 3706 esse
1303 3650 1531 3706 solidum
1558 3652 1736 3706 cibum
1754 3691 1769 3717 ,
1801 3651 1890 3720 qui
1917 3650 2124 3705 exerci-

542 3755 680 3800 talos
717 3745 914 3799 habent
945 3758 1158 3811 sensus,
1189 3743 1256 3799 ad
1297 3745 1648 3814 separandum
1683 3745 1880 3800 bonum
1920 3762 1948 3798 a
1985 3744 2125 3800 malo

541 3835 728 3905 (Hebr.
761 3849 816 3900 ν,
857 3834 985 3906 M)?
1013 3833 1118 3890 Sed
1148 3835 1304 3904 plane
1332 3846 1384 3888 tu
1415 3835 1465 3888 in
1493 3834 1648 3903 hujus
1674 3834 1947 3889 Manichmi
1985 3850 2128 3888 mor-

543 3940 662 3979 sum
693 3926 1064 3981 inevitabiliter
1100 3926 1364 3991 incidisti,
1403 3935 1579 3980 tantus
1609 3926 1851 3980 laudator
1876 3926 2128 3997 concupi-

548 4014 768 4070 scenlia:
795 4015 993 4081 carnis,
1020 4024 1079 4069 ut
1101 4029 1217 4070 eam
1247 4031 1351 4068 non
1391 4016 1561 4084 qualis
1587 4015 1658 4069 ibi
1685 4029 1802 4070 esse
1833 4015 2122 4085 potuisset,

544 4106 590 4159 si
617 4119 738 4160 esse
765 4105 1052 4169 debuisset,
1084 4105 1178 4161 sed
1207 4106 1425 4159 omnino
1453 4105 1624 4175 qualis
1652 4119 1796 4160 nunc
1822 4115 1924 4172 est,
1965 4106 2122 4159 etiam

545 4196 600 4250 in
630 4195 906 4265 paradiso,
935 4194 986 4250 id
1010 4203 1092 4250 est
1129 4194 1182 4249 in
1222 4195 1339 4250 loco
1369 4203 1474 4248 tam
1512 4209 1716 4265 magnae
1753 4195 2124 4261 beatitudinis,

550 4285 881 4352 collocares;
913 4294 972 4341 ut
1001 4285 1199 4341 scilicet
1224 4285 1366 4340 illius
1395 4285 1498 4341 loci
1528 4286 1849 4340 habitatores
1879 4285 1948 4339 ita
1974 4285 2125 4339 beata

547 4391 681 4445 pace
705 4375 1038 4443 fruerentur,
1069 4385 1128 4431 ut
1157 4377 1211 4430 in
1239 4391 1300 4432 se
1327 4377 1454 4446 ipsis
1481 4377 1731 4432 intestino
1759 4377 1935 4442 bello,
1966 4391 2034 4432 ne
2072 4377 2125 4430 in

549 4479 843 4521 consensus
869 4464 1008 4519 illius
1033 4465 1204 4520 illiciti
1233 4463 1315 4520 vel
1354 4466 1620 4520 inhonesti
1650 4465 1960 4520 concubitus
1987 4466 2130 4520 labe-

548 4563 754 4622 rentur,
780 4563 966 4610 contra
991 4564 1169 4610 motus
1193 4557 1632 4627 concupiscentia:
1652 4557 1984 4611 dimicarent.
2017 4557 2129 4610 Hoc

549 4648 750 4703 malum
781 4647 833 4702 in
865 4647 1112 4718 paradiso
1138 4662 1258 4704 esse
1282 4663 1386 4703 non
1415 4658 1610 4718 posset,
1635 4649 1735 4702 nisi
1763 4647 1899 4703 forte
1925 4649 2016 4704 illo
2047 4648 2129 4718 pi-

547 4748 660 4805 cto,
685 4737 754 4793 de
778 4753 884 4810 quo
920 4738 1165 4810 superius
1195 4739 1354 4795 locuti
1393 4753 1606 4804 sumus,
1634 4739 1724 4809 qui
1755 4738 1972 4794 haberet
2001 4739 2127 4793 titu-

547 4828 659 4882 lum
685 4829 1127 4899 suprascriptum,
1153 4828 1437 4885 Paradisus
1466 4829 1866 4900 Pelagianorum
1905 4830 2124 4900 (Supra,

504 4919 516 4996 ξ
548 4935 664 4988 cap.
698 4919 845 4988 154).
876 4919 980 4976 Ubi
1008 4920 1109 4975 etsi
1135 4920 1246 4990 ipsa
1267 4922 1694 4991 concupiscentia
1718 4922 1941 4977 occultis
1967 4921 2121 4976 moti-

505 5007 512 5062 ἶ
549 5010 648 5062 hus
676 5009 838 5065 corda
875 5019 1020 5066 casta
1067 5011 1360 5066 sollicitans
1394 5028 1500 5067 non
1539 5023 1719 5082 posset
1759 5015 1858 5068 ulla
1881 5013 2126 5083 exprimi

550 5109 665 5152 arte
692 5099 942 5168 pictoris;
971 5102 1114 5172 pingi
1144 5110 1318 5157 tamen
1355 5112 1573 5173 possent
1607 5104 1837 5174 gravidae
1877 5103 2086 5159 femina:
2108 5146 2123 5170 ,

550 5186 699 5240 cibos
746 5189 903 5243 utiles
949 5188 1162 5245 fastidio
1195 5193 1547 5260 repellentes,
1599 5191 1737 5247 foeda
1776 5193 2128 5248 delectatione

551 5275 741 5329 noxios
773 5285 1104 5345 appetentes,
1137 5292 1475 5349 nauseantes,
1520 5282 1822 5347 vomentes,
1843 5284 2124 5353 pallentes,

553 5361 867 5418 immaturos
890 5363 1030 5421 fetus
1055 5367 1246 5423 abortu
1275 5371 1560 5441 aliquando
1586 5371 1894 5440 fundentes,
1929 5374 1980 5428 in
2012 5375 2126 5444 ipso

621 5531 637 5594 ι
672 5538 830 5594 Forte,
857 5530 1019 5594 liquet.

621 5593 643 5657 ξ
667 5593 739 5657 sic
762 5597 868 5641 Itss.
894 5599 949 5641 Αι
971 5593 1106 5657 editl,
1129 5595 1387 5657 offendere.

619 5651 644 5716 9
672 5653 746 5716 διο
769 5659 884 5716 διες».Δ
899 5657 949 5700 In
971 5651 1128 5716 vigpL,
1427 5680 1430 5683 -

617 5711 642 5745 δ
674 5711 948 5776 vignierlus
962 5711 1169 5784 coniicit,
1195 5724 1349 5767 uane.

1199 379 1439 438 OPERIS
1477 375 1879 434 IMPERI‘ECTI
1917 371 2189 428 CONTRA
2225 370 2579 436 JULIANUM,
2620 371 2675 427 S.
2718 367 3079 426 AUGUSTINI

2220 485 2379 539 etiam
2415 494 2565 554 partu
2592 499 2766 554 poena,
2794 500 2952 554 quam
2979 495 3147 540 mater
3183 485 3294 539 Eva
3320 487 3592 555 suscepit,
3625 490 3792 546 mise-

2218 577 2349 630 riam
2392 590 2540 629 suam
2584 585 2963 645 protestantes;
3000 577 3098 632 etsi
3140 593 3242 631 non
3283 586 3505 632 sonante
3551 579 3788 647 pictura,

2219 672 2394 716 tamen
2421 664 2580 718 facies
2611 665 2857 729 tristium,
2891 667 3230 734 gementium,
3262 665 3579 734 plorantium
3602 709 3616 732 ,
3651 670 3796 724 sicut

2219 761 2446 822 poterat,
2465 753 2734 808 imitante:
2761 755 2970 822 natique
2992 755 3088 824 ipsi
3106 769 3293 809 omnes
3314 754 3502 810 ﬂentes
3521 759 3792 810 communi

2217 850 2361 895 sorte
2387 843 2734 906 nascentium,
2763 850 2819 896 et
2842 844 3168 898 diversarum
3194 845 3447 898 varietate
3489 861 3792 914 pmnarum.

2219 940 2272 986 el
2299 931 2454 986 multi
2501 932 2662 986 etiam
2701 942 2883 1001 postea
2919 933 3018 986 sub
3045 932 3356 987 verberibus
3399 933 3790 1002 magistrorum.

2219 1021 2364 1076 Ilanc
2393 1021 2647 1091 picturam
2689 1021 2931 1076 nesciens
2969 1020 3210 1090 quisquis
3250 1022 3539 1091 aSpiceret,
3575 1032 3630 1077 et
3666 1023 3792 1076 titu—

2219 1107 2329 1165 fum
2360 1113 2579 1181 legeret,
2611 1125 2931 1180 causamque
2955 1113 3287 1180 requireret;
3317 1111 3430 1166 haec
3455 1112 3502 1165 ei
3525 1110 3792 1175 videlicet,

2219 1201 2312 1256 sed
2340 1217 2370 1254 a
2397 1201 2567 1268 vobis,
2596 1201 2804 1271 egregia
2848 1200 2985 1256 ratio
3013 1201 3343 1266 redderetur,
3371 1217 3474 1272 qua
3499 1200 3746 1257 diceretis
3777 1219 3792 1254 :

2219 1291 2359 1346 Talis
2384 1303 2524 1346 esset
2552 1290 2770 1346 omnino
2796 1291 2955 1346 etiam
2996 1291 3068 1345 ibi
3097 1291 3333 1346 conditio
3362 1293 3572 1362 generis
3602 1292 3795 1346 huma-

2223 1384 2309 1448 ni,
2339 1383 2459 1451 quia
2489 1383 2606 1438 talis
2631 1392 2712 1437 est
2737 1383 2842 1448 hic,
2870 1383 2957 1439 ubi
2987 1383 3230 1439 similiter
3252 1398 3283 1439 a
3310 1384 3501 1439 fetibus
3523 1385 3795 1440 hominum

2220 1473 2358 1526 nulla
2399 1473 2622 1527 trahitur
2659 1473 2808 1555 prigo
2848 1474 3070 1543 peccati.
3113 1473 3167 1529 Si
3198 1474 3600 1544 acquiesceret,
3640 1473 3798 1529 Iieret

2220 1561 2635 1632 Pelagianuszsi
2677 1577 2807 1618 vero
2853 1563 3023 1619 irrisa:
3062 1564 3184 1618 huic
3225 1565 3538 1633 insipientia:
3578 1565 3792 1635 acquie-

2219 1666 2369 1707 scere
2412 1652 2578 1708 nollet
2600 1694 2614 1718 ,
2646 1661 2958 1724 argueretur
2983 1669 3013 1708 a
3052 1655 3202 1710 vobis
3235 1663 3294 1709 ut
3321 1654 3660 1711 Manichacus.
3689 1656 3791 1711 Sed

2220 1741 2345 1800 huic
2371 1746 2694 1799 contentioni
2718 1787 2732 1812 ,
2763 1746 2854 1802 Dei
2877 1756 3060 1802 sancte
3085 1748 3308 1802 antistes
3334 1749 3578 1803 Ambrosi
3600 1791 3612 1813 ,
3641 1749 3796 1804 docte

2221 1834 2272 1888 in
2313 1834 2550 1891 Ecclesia
2596 1844 2651 1891 et
2689 1835 2874 1890 doctor
2905 1837 3187 1904 Ecclesiae,
3219 1837 3306 1893 dic
3353 1838 3468 1892 istis
3491 1880 3506 1904 ,
3537 1839 3794 1909 concupi-

2220 1924 2475 1980 scentiam
2518 1941 2620 1994 qua
2650 1940 2776 1981 caro
2801 1927 3128 1996 concupiscit
3166 1928 3422 1983 adversus
3450 1929 3714 1999 spiritum,
3742 1938 3799 1984 et

2221 2013 2287 2068 de
2313 2029 2413 2084 qua
2444 2015 2764 2072 Manichacus
2786 2017 3031 2073 nesciens
3056 2018 3181 2088 quid
3209 2017 3471 2089 loquatur,
3498 2019 3661 2074 tendit
3684 2034 3797 2073 mu-

2222 2105 2449 2183 scipulas
2475 2106 2754 2174 imperitis,
2784 2121 2889 2161 non
2925 2123 2990 2162 ex
3017 2107 3202 2163 aliena:
3231 2109 3609 2164 commixtione
3647 2119 3800 2164 natu-

2223 2213 2317 2260 τερ,
2344 2199 2479 2252 sicut
2501 2199 2589 2254 ille
2612 2199 2824 2270 desipit,
2854 2200 2947 2256 sed
2973 2211 3175 2257 natura:
3203 2212 3401 2258 nostra:
3429 2204 3583 2260 bonzc
3608 2220 3635 2259 a
3659 2206 3800 2261 bono

2223 2288 2453 2344 conditae
2491 2305 2556 2344 ex
2605 2293 3038 2360 praevaricatione
3066 2295 3222 2364 primi
3271 2295 3500 2351 hominis
3543 2298 3800 2354 accidisse

2226 2375 2362 2448 (Lib.
2391 2379 2422 2432 7
2450 2379 2501 2432 in
2529 2379 2654 2432 Luc.
2691 2381 2812 2452 xu).
2843 2381 2948 2437 Sed
2975 2398 3070 2439 vos
3099 2384 3322 2440 fortasse
3343 2385 3799 2456 impudentissima

2222 2468 2514 2537 pervicacia
2561 2471 2754 2541 eligitis
2809 2473 3112 2542 adjumenta
3162 2475 3402 2544 prarbere
3445 2477 3801 2548 impurissimo

2222 2557 2532 2627 Maniclueo,
2563 2575 2720 2630 quam
2749 2571 2932 2616 sancto
2959 2563 3296 2634 acquiescere
3319 2566 3624 2622 Ambrosio.
3647 2569 3802 2638 Agite

2229 2655 2287 2703 ut
2327 2648 2540 2717 placet,
2573 2649 2667 2705 sed
2700 2666 2806 2705 non
2853 2655 3103 2723 gaudebit
3148 2657 3232 2710 vel
3277 2656 3427 2710 vobis
3472 2657 3802 2727 adjutoribus

2224 2738 2542 2794 Manichazus
2561 2757 2583 2812 ;_
2600 2743 2848 2811 quoniam
2872 2745 3131 2802 catholica
3158 2747 3280 2810 fide,
3301 2749 3352 2802 in
3371 2749 3564 2806 Christi
3589 2753 3802 2809 nomine

2225 2840 2278 2884 et
2303 2831 2492 2886 virtute
2536 2843 2789 2903 utrosque
2821 2834 2983 2891 vincit
3025 2836 3356 2895 Ambrosius.
3403 2841 3458 2897 Si
3497 2843 3638 2897 enim
3682 2844 3801 2900 talis

2226 2930 2366 2975 esset
2396 2921 2492 2976 ista
2531 2924 2956 2994 concupiscentia
2978 2971 2993 2994 ,
3023 2945 3141 2999 qua:
3169 2930 3366 2986 carnali
3393 2947 3490 2986 suo
3517 2943 3665 2988 motu
3701 2949 3802 2990 nec

2228 3011 2571 3081 prmcedcret,
2601 3031 2697 3071 nec
2726 3019 3010 3074 excederet
3039 3021 3268 3077 hominis
3311 3024 3634 3080 voluntatem
3660 3067 3675 3093 ,
3707 3026 3799 3082 sed

2227 3102 2344 3175 ejus
2369 3121 2577 3177 semper
2602 3119 2914 3178 sequeretur
2941 3111 3214 3166 arbitrium
3239 3129 3254 3178 ;
3286 3114 3524 3184 profecto
3555 3131 3653 3171 nec
3679 3117 3792 3171 Ma-

2228 3194 2462 3250 niclueus
2489 3196 2614 3266 quid
2662 3198 2715 3252 in
2758 3213 2820 3254 ea
2845 3199 2986 3269 justc
3022 3203 3465 3272 reprehenderet,
3495 3207 3792 3273 inveniret;

2229 3303 2329 3343 nec
2369 3303 2487 3344 eam
2533 3291 2794 3362 quispiam
2838 3303 3077 3349 nostrum
3109 3295 3160 3350 in
3206 3297 3449 3365 paradiso
3487 3298 3798 3368 conjugatos

2230 3378 2427 3434 habere
2466 3396 2571 3435 non
2604 3383 2834 3451 potuisse
2863 3386 3239 3452 contenderet;
3273 3403 3371 3442 nec
3398 3390 3709 3444 Ambrosius
3734 3389 3804 3445 de

2227 3470 2661 3538 prmvaricationc
2687 3471 2841 3541 primi
2875 3472 3105 3528 hominis
3129 3491 3244 3529 cam
3276 3477 3503 3533 traxisse
3535 3493 3630 3532 nos
3659 3479 3800 3533 dice-

2229 3568 2331 3624 ret,
2362 3562 2482 3630 quia
2524 3563 2902 3632 concupiscere
2937 3575 3120 3620 cuntra
3158 3569 3400 3637 spiritum
3444 3585 3547 3623 non
3579 3570 3796 3626 videret.

2230 3648 2378 3704 Nunc
2405 3665 2530 3705 vero
2555 3651 2675 3722 quia
2707 3653 2826 3708 talis
2853 3665 2954 3722 est,
2986 3666 3044 3710 ut
3069 3658 3406 3728 concupiscat
3433 3668 3617 3713 contra
3645 3660 3798 3729 spiri-

2231 3748 2371 3804 tum,
2399 3742 2606 3798 etiamsi
2650 3745 2836 3815 spiritu
2879 3749 3159 3802 resistente
3199 3764 3303 3803 non
3348 3750 3553 3810 vincat;
3585 3762 3638 3806 et
3683 3753 3802 3807 ideo

2230 3844 2350 3886 esse
2375 3847 2479 3885 non
2511 3842 2721 3901 posset,
2749 3849 2879 3903 pace
2916 3836 3000 3890 illa
3042 3852 3230 3907 magna
3270 3839 3322 3892 in
3352 3839 3592 3908 paradiso
3621 3841 3799 3896 fruen-

2232 3919 2362 3973 tium
2413 3921 2720 3988 beatorum;
2777 3940 2874 3979 nec
2917 3924 2996 3980 fas
3036 3937 3118 3982 est
3159 3927 3379 3984 credere
3429 3931 3803 3986 commixtione

2231 4010 2383 4064 mahc
2409 4020 2608 4067 natura:
2636 4016 3027 4084 corruptibilem
3058 4017 3255 4082 Deum;
3290 4030 3452 4074 restat
3476 4031 3534 4074 ut
3561 4031 3615 4076 et
3636 4037 3728 4076 vos
3750 4031 3803 4076 et

2231 4098 2549 4156 Maniclueos
2568 4101 2701 4158 ﬁdes
2722 4105 2895 4159 vincat
2923 4106 3187 4161 Ambrosii
3215 4107 3281 4162 de
3309 4109 3463 4178 primi
3493 4112 3803 4181 contagione

2232 4191 2455 4261 peccati.

2302 4278 2674 4337 CLXXXVIII.
2705 4283 2826 4340 Jun.
2868 4285 3123 4357 Superest
3161 4297 3217 4342 ut
3259 4289 3621 4347 examincmus
3662 4291 3799 4347 illam

2231 4373 2548 4427 sententiam
2579 4386 2741 4441 tuam,
2774 4390 2928 4445 quam
2955 4379 2971 4408 ¹
3005 4387 3056 4431 ιιι
3100 4389 3150 4432 te
3192 4380 3257 4434 ad
3302 4396 3460 4435 unum
3502 4395 3800 4437 sermonem

2233 4477 2486 4518 revocare
2513 4465 2775 4534 pollicitus
2798 4507 2812 4531 ,
2849 4467 3098 4534 breviter,
3133 4478 3189 4524 ut
3217 4486 3324 4525 non
3355 4479 3436 4525 est
3464 4471 3758 4541 negandum
3784 4513 3798 4536 ,

2234 4563 2288 4608 et
2310 4554 2518 4610 acutule
2543 4556 2822 4626 collegisti.
2860 4557 3063 4611 Natura
3089 4561 3330 4626 humana,
3359 4563 3404 4615 si
3429 4563 3617 4616 malum
3643 4571 3797 4630 esset,

2234 4660 2334 4698 non
2363 4653 2486 4698 esset
2509 4647 2831 4715 generanda;
2857 4647 2901 4701 si
2939 4649 3130 4702 naulum
3159 4666 3257 4704 non
3288 4651 3521 4718 haberet,
3554 4669 3651 4705 non
3681 4665 3802 4706 esset

2233 4735 2574 4806 regenerauda
2590 4745 2774 4807 :atque
2810 4746 2864 4790 ut
2886 4737 2953 4791 ad
2973 4754 3128 4791 unum
3161 4740 3362 4793 verbum
3389 4751 3652 4811 utrumque
3679 4756 3800 4793 cou-

2234 4825 2436 4880 cludam
2459 4867 2473 4892 ,
2505 4835 2687 4879 natura
2715 4827 2936 4880 humana
2963 4827 3006 4881 si
3033 4828 3224 4882 naulum
3261 4839 3409 4896 esset,
3437 4831 3679 4884 salvanda
3706 4846 3804 4882 non

2234 4925 2392 4980 esset;
2417 4916 2462 4969 si
2487 4916 2534 4970 ei
2566 4917 2685 4970 ntali
2720 4917 2848 4970 nihil
2893 4917 3102 4981 inesset,
3144 4918 3389 4972 satvunda
3419 4935 3519 4972 non
3549 4929 3674 4973 esset
3711 4919 3806 4987 (De

2236 5003 2447 5074 Nuptiis
2471 5014 2517 5058 et
2555 5004 3000 5073 Concupiscentia,
3028 5007 3115 5061 lib.
3147 5005 3202 5074 2,
3229 5023 3281 5061 η.
3314 5007 3427 5077 56).
3457 5007 3512 5062 lu
3545 5010 3646 5063 hoc
3687 5009 3805 5063 loco

2234 5108 2341 5146 non
2367 5107 2425 5147 es
2453 5108 2484 5147 a
2513 5094 2666 5149 nobis
2697 5094 2892 5164 ingenii
2921 5096 2992 5150 tui
3034 5095 3187 5152 laude
3214 5095 3564 5163 fraudandus;
3595 5111 3691 5168 pro
3717 5106 3803 5153 tua

2234 5184 2376 5240 cnim
2407 5200 2621 5254 prorsus
2645 5185 2748 5240 dici
2787 5187 2974 5241 melius
2999 5189 3202 5242 ratione
3229 5204 3334 5243 non
3371 5190 3575 5258 potuit:
3599 5189 3693 5244 sed
3725 5198 3804 5244 ta-

2233 5293 2356 5332 men
2387 5293 2562 5332 rerum
2591 5288 2776 5332 natura
2805 5293 2908 5333 non
2933 5279 3077 5342 sinit,
3105 5289 3163 5335 ut
3189 5290 3498 5350 promoveat
3519 5281 3804 5352 quidquam

2235 5375 2418 5421 exacta
2445 5366 2725 5422 calliditas.
2761 5367 2957 5422 Durum
3001 5367 3095 5422 tibi
3123 5378 3206 5424 est
3237 5370 3453 5425 omnino
3491 5378 3676 5426 contra
3705 5371 3801 5424 sti.

2234 5456 2434 5510 mulum
2472 5455 2749 5511 calcitrare
2777 5475 2789 5511 :
2813 5457 3064 5526 quidquid
3105 5460 3246 5513 enim
3281 5461 3611 5530 compegeris
3634 5501 3651 5527 ,
3698 5475 3802 5515 non

2235 5547 2410 5601 minus
2434 5561 2589 5616 quam
2616 5547 2809 5618 glacies
2831 5549 3055 5606 admotae
3076 5551 3313 5610 veritatis
3333 5552 3453 5621 igne
3475 5551 3802 5607 dissolvitur.

2236 5637 2470 5705 Denique
2493 5637 2617 5705 quid
2641 5653 2668 5689 a
2694 5639 2844 5695 nobis
2869 5656 3006 5698 nunc
3034 5643 3290 5722 referatur
3313 5642 3542 5700 attende.
3571 5639 3804 5698 Conclu-

2302 5730 2317 5759 ί
2357 5736 2438 5777 MS.
2465 5729 2752 5792 Port.,qtu'a.
3311 5733 3314 5736 ’
