4172 6484
316 535 433 590 sisti
464 532 565 589 hoc
590 532 750 591 modo
774 553 786 589 :
810 534 953 592 Certe
991 545 1168 591 natura
1196 536 1414 592 humana
1442 540 1485 593 si
1515 541 1703 596 malum
1747 553 1891 611 esset,

314 626 560 683 solvenda
588 642 690 682 non
716 638 862 683 esset.
894 628 1260 697 Assentimur;
1289 645 1514 703 prorsus
1537 647 1719 688 verum
1753 633 1893 690 dixi-

315 718 384 775 sti
410 717 511 782 κεί
530 716 720 773 malum
744 728 890 784 esset,
911 720 1155 775 salvamla
1176 737 1277 776 non
1296 732 1457 788 esset;
1478 724 1599 794 quia
1625 738 1712 780 res
1732 724 1890 792 mala,

315 818 374 866 et
395 809 709 866 naturaliter
731 810 891 878 mala,
920 825 1021 868 nec
1050 823 1365 880 mereretur,
1393 830 1491 870 nec
1513 825 1727 886 caperet
1753 817 1896 872 salu-

321 911 449 957 tem.
473 899 583 956 Cur
605 914 713 957 non
752 902 1003 972 caperet?
1028 901 1162 971 Quia
1201 903 1344 959 aliud
1373 918 1531 974 quam
1571 902 1710 961 facta
1735 914 1852 962 erat
1873 946 1890 974 ,

315 991 429 1048 ﬁeri
452 1006 559 1048 non
586 999 767 1062 posset
790 1011 806 1049 :
827 1007 933 1049 non
973 1002 1152 1051 autem
1190 1004 1505 1063 mereretur,
1534 997 1657 1068 quia
1681 997 1813 1053 nihil
1838 998 1891 1055 in

310 1094 375 1137 ea
405 1088 541 1148 erat,
563 1082 705 1152 quod
734 1080 833 1138 Dei
853 1082 1158 1154 dignaretur
1172 1084 1400 1142 liberare
1423 1085 1724 1144 clementia.
1755 1085 1889 1143 Cum

308 1181 487 1230 autem
513 1173 759 1240 dicimus,
781 1173 828 1229 si
853 1183 980 1229 esset
1002 1174 1167 1246 (quod
1188 1184 1335 1233 certe
1357 1190 1478 1234 esse
1499 1193 1604 1233 non
1628 1187 1803 1250 potest
1820 1179 1887 1251 ί),

309 1276 415 1317 non
443 1261 520 1317 illi
546 1275 697 1333 spem
723 1262 899 1334 negati
926 1263 1271 1329 conciliamus
1295 1264 1542 1333 etl‘eetus;
1583 1266 1677 1322 sed
1702 1266 1767 1323 ad
1791 1266 1889 1324 de-

306 1350 669 1407 structionenr
686 1351 907 1408 alterius
934 1353 1224 1424 opinionis,
1253 1369 1374 1425 quae
1399 1355 1605 1423 incidit,
1635 1356 1704 1413 de
1730 1357 1889 1413 rebus

307 1443 724 1514 impossibilibus
750 1443 930 1499 dicere
952 1444 1209 1512 solemus,
1236 1444 1293 1500 Si
1322 1445 1425 1502 hoe
1451 1447 1534 1503 vel
1559 1447 1710 1515 illud,
1737 1448 1887 1505 verbi

303 1534 490 1605 gratia,
510 1543 675 1602 esset,
703 1534 834 1591 illud
855 1535 970 1591 sine
993 1534 1154 1591 dubio
1172 1546 1519 1607 sequeretur:
1538 1546 1593 1593 ut
1615 1552 1736 1594 eum
1758 1538 1888 1595 illud

303 1635 425 1678 esse
451 1638 556 1679 non
577 1632 773 1694 potest,
795 1623 954 1680 etiam
977 1624 1079 1680 hoc
1104 1635 1323 1697 propter
1347 1628 1500 1699 cujus
1522 1628 1886 1685 amolitioncm

303 1710 504 1767 illatum
536 1711 706 1768 fuerat
725 1752 742 1779 ,
769 1714 938 1770 multo
971 1715 1140 1785 magis
1170 1724 1408 1786 negetur.
1438 1715 1555 1773 Jam
1585 1717 1744 1787 igitur
1771 1717 1883 1773 fre-

301 1811 526 1872 quenter
552 1803 906 1870 ostendimus,
932 1804 1129 1859 malum
1154 1804 1354 1876 aliquid
1381 1820 1477 1877 per
1501 1815 1743 1862 naturam
1766 1822 1885 1863 esse

301 1906 409 1947 non
454 1892 767 1963 possezsed
813 1902 991 1950 tamen
1034 1909 1178 1950 nunc
1223 1894 1341 1951 sine
1381 1895 1688 1966 praeiudicio
1731 1897 1885 1953 istius

297 1982 604 2049 constituti,
639 1983 919 2039 sententiae
947 1991 1052 2039 tuae
1082 1993 1287 2054 partem
1317 1985 1606 2055 probamus
1630 2027 1645 2053 ,
1674 2001 1775 2057 qua
1800 1987 1885 2043 di-

300 2073 459 2140 xisti,
491 2073 695 2128 Natura
723 2075 949 2129 humana
985 2075 1031 2129 si
1073 2076 1265 2130 malum
1301 2086 1464 2145 esset,
1491 2077 1737 2133 salvanda
1781 2095 1883 2133 non

299 2173 446 2219 esset.
476 2163 714 2221 Salutem
739 2166 792 2221 in
819 2165 1147 2236 Baptismate
1180 2166 1451 2222 collocasti
1472 2207 1489 2233 ,
1515 2178 1572 2222 et
1595 2182 1880 2239 argumen-

299 2260 443 2309 tatus
478 2270 540 2311 es
577 2264 1001 2327 consequenter;
1043 2256 1294 2326 quoniam
1334 2256 1380 2312 si
1423 2272 1606 2313 verum
1643 2258 1882 2314 dicerent

297 2342 605 2412 Manichmi,
645 2345 735 2415 qui
784 2346 979 2399 malam
1026 2345 1212 2400 dicunt
1252 2354 1527 2413 naturam,
1571 2346 1880 2416 desiperent

297 2430 619 2500 Christiani,
645 2433 736 2504 qui
778 2434 934 2489 mala:
963 2441 1169 2489 natura:
1207 2432 1504 2489 remedium
1541 2434 1880 2505 Baptismatis

297 2523 578 2581 crederent
603 2523 993 2581 admovendum
1020 2540 1034 2578 :
1058 2532 1113 2580 et
1137 2523 1255 2579 ideo
1274 2523 1363 2594 qui
1384 2523 1579 2579 malam
1599 2523 1879 2580 conﬁrmat

298 2614 575 2671 hominum
639 2625 882 2672 naturam
908 2657 924 2683 ,
986 2617 1209 2688 gratiam
1258 2630 1452 2687 negare
1504 2617 1876 2687 compellitur;

292 2704 438 2776 quod
456 2707 477 2738 ¹
505 2706 578 2763 ita
605 2705 853 2773 recurrit,
883 2715 940 2762 ut
978 2707 1072 2777 qui
1099 2706 1325 2778 gratiam
1357 2705 1637 2762 confirmat
1655 2746 1673 2773 ,
1701 2705 1878 2761 homi-

297 2810 425 2851 num
450 2796 633 2852 laudet
654 2807 921 2864 naturain,
947 2796 1099 2870 cujus
1123 2796 1280 2852 saluti
1302 2810 1420 2852 eam
1450 2796 1694 2867 intelligit
1714 2796 1881 2852 fuisse

296 2886 586 2955 provisam.

366 2978 503 3031 Anc.
530 2974 645 3029 Non
675 2982 760 3030 est
788 2989 971 3029 verum
1001 2974 1144 3045 quod
1168 2973 1303 3030 dicis
1326 2991 1339 3029 :
1363 2973 1521 3041 fallis,
1544 2982 1637 3029 aut
1657 2974 1876 3031 falleris.

294 3066 411 3123 Non
442 3066 586 3122 enim
614 3066 703 3134 qui
741 3065 934 3121 malam
956 3107 971 3133 ,
1001 3066 1094 3122 sed
1122 3066 1213 3137 qui
1250 3066 1449 3121 malum
1478 3065 1759 3121 conﬁrmat
1783 3065 1882 3123 ho-

295 3156 502 3212 minum
524 3169 645 3211 esse
663 3163 928 3223 naturam,
950 3155 1002 3211 id
1021 3165 1125 3223 est,
1149 3169 1253 3210 non
1276 3155 1365 3226 qui
1384 3169 1502 3211 eam
1524 3155 1715 3210 malam
1737 3170 1878 3224 esse,

296 3246 393 3303 sed
419 3247 507 3318 qui
550 3260 669 3301 eam
700 3245 897 3301 malum
924 3260 1046 3302 esse
1080 3244 1389 3313 conﬁrmat,
1419 3248 1643 3317 gratiam
1682 3260 1879 3316 negare

296 3336 654 3407 compellitur.
683 3336 816 3391 Nam
841 3336 927 3393 ubi
958 3336 1098 3391 mala
1117 3343 1227 3404 est,
1250 3335 1323 3392 ibi
1349 3337 1518 3407 magis
1540 3334 1741 3405 indiget
1762 3350 1881 3406 gra-
1906 3394 1911 3397 _

299 3430 392 3484 tia.
420 3426 556 3483 Mala
597 3426 793 3498 quippe
829 3434 914 3482 est
949 3434 1138 3482 natura
1182 3425 1357 3481 malus
1393 3425 1593 3491 homo;
1631 3425 1880 3496 quoniam

299 3521 463 3576 homo
482 3520 599 3576 sine
620 3518 955 3575 dubitatione
974 3526 1162 3573 natura
1182 3526 1266 3573 est
1288 3534 1302 3571 :
1326 3515 1404 3573 sic
1426 3516 1564 3572 mala
1587 3522 1673 3572 est
1695 3524 1879 3572 natura

300 3611 440 3667 mala
489 3611 718 3677 mulier;
767 3611 1017 3682 quoniam
1064 3609 1259 3665 mulier
1319 3608 1501 3680 utique
1544 3614 1731 3662 natura
1776 3615 1878 3663 est.

299 3703 577 3771 Quomodo
605 3716 732 3774 ergo
751 3742 767 3768 ,
796 3702 887 3772 qui
913 3700 1019 3757 hoc
1056 3699 1224 3764 dicit,
1252 3699 1475 3770 gratiam
1502 3712 1698 3769 negare
1732 3712 1881 3753 com-

301 3793 547 3864 pellitur;
573 3806 695 3849 cum
723 3793 892 3863 gratia
918 3790 1123 3846 naturis
1149 3790 1324 3856 malis,
1354 3788 1408 3844 id
1438 3797 1546 3855 est,
1581 3786 1884 3842 hominibus

300 3885 482 3951 malis,
514 3894 573 3940 ut
608 3878 733 3940 mali
762 3899 881 3939 esse
905 3882 1184 3949 desinant,
1225 3878 1551 3951 opituletur?
1578 3878 1684 3936 Sed
1726 3878 1885 3934 aliter

302 3976 547 4043 dicimus,
577 3975 744 4032 Malus
767 3983 851 4031 est
879 3974 980 4029 iste
1017 3972 1214 4040 homo;
1245 3972 1419 4037 aliter,
1444 3970 1638 4026 Malum
1675 3978 1757 4025 est
1784 3970 1886 4025 iste

303 4065 467 4121 homo
500 4082 515 4121 :
547 4064 675 4120 illud
726 4078 912 4119 verum
970 4076 1089 4117 esse
1130 4068 1344 4131 potest,
1394 4059 1498 4115 hoc
1536 4074 1646 4123 non
1689 4065 1881 4129 potest.

303 4155 472 4224 Sicut,
499 4156 733 4211 Vitiosus
762 4163 842 4209 est
873 4153 1036 4209 homo
1065 4151 1186 4217 iste,
1216 4151 1263 4207 si
1282 4151 1531 4219 dicimus,
1558 4164 1742 4205 verum
1767 4164 1886 4205 esse

306 4253 516 4315 potest:
540 4244 585 4299 si
613 4253 795 4299 autem
825 4243 1074 4308 dicimus,
1111 4240 1306 4296 Vitium
1331 4248 1415 4295 est
1438 4240 1539 4294 iste
1566 4238 1727 4293 homo
1747 4280 1763 4305 ,
1791 4254 1885 4293 ve-

305 4349 427 4390 rum
456 4350 562 4389 non
592 4341 923 4403 pOtcstcsse.
948 4329 1178 4387 Proinde
1203 4330 1311 4385 noli
1336 4344 1537 4394 errare,
1564 4329 1649 4384 vel
1677 4328 1888 4383 mittere

306 4424 553 4481 homines
578 4424 635 4478 in
661 4438 923 4487 errorem,
949 4432 1003 4477 et
1030 4422 1109 4477 sic
1133 4435 1222 4477 me
1244 4420 1444 4476 dixisse
1470 4419 1739 4491 intellige,
1772 4418 1888 4472 Na-

307 4524 428 4568 tura
451 4512 674 4566 humana
711 4512 756 4565 si
783 4510 976 4564 malum
1009 4518 1168 4577 esset,
1199 4525 1303 4564 non
1341 4518 1467 4565 esset
1496 4507 1781 4579 generauda
1798 4524 1816 4573 ;
1844 4508 1890 4562 si

306 4605 501 4661 malum
538 4621 642 4659 non
674 4604 912 4670 haberet,
942 4618 1044 4656 non
1073 4611 1198 4657 esset
1225 4602 1565 4673 regeneranda
1587 4617 1606 4656 .'
1627 4616 1691 4657 ac
1737 4601 1782 4656 si
1809 4601 1889 4657 di-

309 4694 508 4751 xisscm
528 4734 544 4759 ,
571 4691 771 4749 Natura
810 4692 1072 4755 humana,
1103 4692 1150 4746 si
1178 4690 1363 4744 vitium
1400 4698 1578 4755 esset,
1609 4705 1718 4744 non
1746 4699 1891 4745 esset

308 4783 645 4855 generanda;
675 4783 721 4838 si
748 4782 932 4836 vitium
958 4795 1064 4835 non
1091 4779 1332 4846 haberet,
1363 4795 1473 4835 non
1497 4788 1642 4850 esset
1665 4794 1886 4850 regene-

310 4874 498 4931 randa.
524 4874 656 4930 ltem
683 4873 825 4945 quod
850 4874 1114 4943 sequitur,
1143 4870 1233 4926 ubi
1267 4885 1354 4925 me
1376 4869 1444 4925 ad
1472 4884 1632 4923 unum
1667 4869 1887 4925 verbum

311 4964 423 5021 dixi
446 4974 735 5035 utrumque
761 4960 1111 5028 concludere,
1141 4961 1212 5016 ita
1250 4959 1396 5026 dixi,
1426 4957 1631 5013 Natura
1670 4959 1893 5012 Imntana

309 5054 358 5111 si
384 5054 573 5109 malum
597 5062 751 5119 esset,
778 5052 1022 5108 saluanda
1046 5067 1148 5106 non
1185 5059 1341 5115 esset;
1365 5050 1411 5103 si
1438 5050 1483 5103 ei
1509 5049 1630 5103 mali
1657 5048 1787 5102 nihil
1813 5048 1894 5101 in-

313 5151 472 5212 esset,
498 5143 743 5199 salvanda
768 5159 870 5198 non
914 5149 1039 5197 esset
1063 5156 1083 5196 :
1107 5149 1358 5209 tanquam
1401 5136 1632 5194 dicerem
1653 5177 1670 5205 ,
1696 5135 1893 5191 Natura

315 5237 546 5292 humana
591 5237 637 5291 si
669 5235 850 5291 vitium
897 5242 1080 5298 esset,
1113 5230 1368 5288 salvauda
1411 5245 1518 5285 non
1566 5237 1741 5295 esset;
1770 5228 1813 5283 si
1843 5228 1894 5282 ei

323 5326 437 5382 vitii
467 5325 598 5381 nihil
618 5326 838 5390 inesset,
864 5323 1112 5378 salvanda
1135 5336 1239 5377 non
1261 5328 1424 5376 e.-set.
1448 5320 1585 5374 Ecce
1611 5317 1711 5374 Ieci
1735 5318 1894 5372 verba

315 5432 435 5473 mea
465 5416 721 5488 planiora,
750 5428 857 5470 non
888 5422 944 5467 ut
970 5413 1239 5467 invenires
1266 5410 1408 5481 quod
1434 5419 1619 5465 contra
1647 5409 1892 5473 diceres;

315 5509 413 5568 sed
430 5518 487 5564 ut
503 5506 870 5578 intelligereris
885 5520 990 5559 non
1008 5503 1241 5573 potuisse
1261 5502 1496 5557 invenire
1514 5499 1654 5572 quod
1670 5499 1896 5555 diceres.

387 5592 722 5656 CLXXXIX.
750 5596 871 5651 Jun.
906 5592 1046 5659 Quid
1076 5593 1235 5661 igitur
1284 5592 1407 5645 hinc
1447 5588 1777 5653 conficiatur,
1805 5586 1898 5643 ad-

324 5700 479 5746 verte
504 5706 519 5742 :
542 5702 649 5742 non
694 5685 969 5741 adhaerere
999 5682 1332 5749 negationem
1378 5680 1563 5749 gratim
1610 5677 1752 5735 laudi
1795 5676 1896 5731 Itu-

386 5780 403 5811 ⁸
431 5786 509 5827 Ms.
527 5781 673 5836 ιτα-ιη
695 5780 867 5839 posset.

386 5841 408 5873 ³
443 5841 602 5894 νίκη..
626 5835 861 5901 quodque.
888 5835 1052 5894 Abest,
1076 5843 1183 5893 que,
1207 5843 1234 5879 a
1260 5837 1364 5880 Mss.

1627 428 1828 485 LIBER
1867 428 2180 489 TERTIUS.

3447 446 3585 507 1530

2007 557 2181 600 mana:
2221 553 2457 615 natura;
2487 549 2726 620 quinimo
2767 551 2884 610 haec
2924 563 3150 627 quatuor
3190 559 3262 614 ita
3291 571 3413 618 esse
3453 575 3580 621 eon-

1996 633 2206 703 juneta,
2244 644 2303 692 ut
2326 638 2554 696 alterum
2599 641 2718 700 sine
2758 642 2928 701 altero
2966 647 3134 704 teneri
3178 660 3450 722 nequeat;
3478 653 3576 711 sed

2000 724 2215 783 infamia
2259 737 2464 787 natura:
2509 732 2682 802 pariat
2722 736 3056 807 negationem
3105 740 3307 810 gratias,
3355 751 3412 798 et
3460 743 3578 800 laus

1996 818 2180 886 gratia:
2228 819 2399 889 pariat
2435 822 2865 890 praedicationem
2905 836 3109 883 natura:
3151 847 3167 885 :
3210 830 3312 887 ista
3338 845 3481 887 enim
3521 833 3578 890 in

1996 907 2238 975 quamvis
2264 907 2366 964 sibi
2394 918 2601 979 partem
2647 913 2969 985 reciprocari
2994 926 3237 989 possunt.
3270 918 3416 977 Bene
3442 936 3574 994 ergo

1994 994 2204 1066 dixisti,
2236 996 2437 1055 Natura
2467 1002 2689 1058 humana
2715 1004 2763 1059 si
2782 1005 2973 1061 malum
2998 1016 3160 1073 esset,
3195 1008 3443 1064 ululanda
3471 1028 3573 1067 non

1994 1088 2279 1147 esset:hoe
2318 1090 2460 1148 enim
2491 1101 2772 1167 utrumque
2812 1094 2996 1152 dicunt
3029 1097 3338 1167 Maniehzei,
3377 1102 3574 1158 malam

1992 1177 2237 1235 videlicet
2261 1181 2437 1237 carnis
2462 1192 2727 1252 naturam,
2767 1200 2869 1243 nec
2893 1201 3052 1258 posse
3090 1189 3284 1247 salvari
3329 1206 3425 1261 per
3449 1206 3574 1263 gra-

1994 1266 2139 1334 tiam,
2169 1284 2269 1325 nec
2291 1270 2507 1329 debere.

2060 1356 2195 1414 Anc.
2236 1358 2341 1415 Sed
2370 1360 2446 1415 illi
2470 1362 2547 1418 sic
2572 1362 2757 1420 dicunt
2780 1365 2977 1421 malam
3001 1368 3178 1424 carnis
3203 1378 3447 1427 naturam
3467 1412 3483 1438 ,
3511 1383 3571 1431 ut

1990 1461 2107 1503 eam
2138 1450 2334 1506 malum
2379 1467 2498 1510 esse
2539 1453 2746 1523 dicant,
2792 1472 2900 1513 non
2944 1458 3146 1515 malum
3188 1459 3420 1528 habere;
3446 1465 3570 1534 quia

1990 1535 2162 1606 ipsum
2190 1540 2375 1595 vitium
2401 1557 2507 1598 non
2539 1544 2849 1602 substantia:
2885 1547 3153 1617 accidens,
3187 1549 3283 1607 sed
3325 1552 3570 1608 substan-

1990 1626 2114 1680 tiam
2141 1637 2328 1698 putant
2350 1644 2491 1687 esse.

2056 1716 2215 1773 CXC.
2238 1717 2358 1774 Jun.
2387 1719 2495 1777 Sed
2521 1730 2638 1791 post
2674 1722 2789 1779 hare
2821 1724 3076 1782 admoves
3104 1727 3422 1783 sententiam
3468 1729 3564 1784 tibi

1985 1804 2223 1876 charam,
2251 1817 2301 1864 ct
2328 1808 2497 1866 dicis:
2522 1811 2585 1867 Si
2610 1822 2779 1868 autem
2807 1823 3002 1871 natura?
3032 1816 3269 1871 humana
3292 1817 3413 1871 mali
3436 1817 3566 1874 nihil

1984 1894 2183 1962 inesset,
2217 1898 2461 1954 salvanda
2498 1917 2599 1956 non
2622 1912 2765 1958 esset.
2800 1903 2902 1970 Qui
2938 1920 3055 1975 ergo
3080 1905 3200 1959 dicit
3234 1922 3344 1960 eam
3381 1906 3565 1961 bonum

1985 2002 2087 2040 non
2127 2003 2267 2055 esse,
2312 1989 2497 2045 bonum
2533 2000 2682 2063 negat
2718 1994 2934 2048 condita
2971 1993 3262 2049 Creatorem
3286 2011 3304 2049 :
3324 1997 3411 2065 qui
3450 2012 3565 2050 vero

1983 2084 2129 2146 negat
2155 2078 2203 2130 ei
2226 2079 2418 2133 malum
2437 2080 2994 2148 inesse,miserieardem
3020 2084 3207 2138 vitiata
3230 2084 3416 2138 invidet
3435 2085 3562 2141 Sal-

1982 2177 2203 2222 vatorem
2231 2168 2329 2239 (De
2355 2169 2564 2241 Nuptiis
2588 2180 2635 2225 et
2675 2170 3121 2243 Coneupiscentia,
3148 2175 3237 2228 lib.
3272 2174 3322 2240 l,
3353 2190 3407 2228 n.
3438 2174 3556 2243 56).

1982 2257 2066 2313 Sit
2112 2259 2269 2329 igitur
2312 2260 2480 2316 lector
2526 2262 2809 2319 intentus:
2846 2262 3047 2319 videbit
3089 2264 3223 2319 nihil
3267 2272 3319 2320 te
3364 2263 3564 2320 dixisse

1981 2347 2154 2415 aliud,
2204 2364 2361 2419 quam
2404 2350 2546 2420 quod
2589 2350 2869 2406 dicendum
2913 2366 3176 2423 negaras:
3209 2354 3562 2423 pronuntiasti

1981 2438 2145 2503 enim,
2174 2439 2224 2493 ei
2251 2438 2329 2493 rei
2357 2438 2554 2494 malum
2590 2439 2765 2496 inesse
2793 2441 3127 2509 naturaliter,
3161 2456 3321 2512 quam
3348 2441 3563 2498 dixeras

1981 2527 2176 2581 malam
2204 2542 2311 2581 non
2336 2542 2455 2583 esse
2480 2529 2813 2585 naturaliter.

2050 2615 2186 2672 Anc.
2238 2616 2353 2672 Non
2398 2617 2634 2674 dixeram
2674 2619 2867 2675 malam
2906 2635 3012 2675 non
3060 2619 3326 2687 esse,sed
3366 2622 3561 2676 malum

1982 2722 2087 2762 non
2116 2722 2237 2764 esse
2276 2726 2291 2764 :
2333 2708 2434 2764 hoc
2453 2719 2554 2776 est,
2577 2720 2634 2765 ut
2657 2711 2867 2779 planius
2914 2711 3101 2782 loquar
3124 2752 3139 2779 ,
3173 2727 3278 2767 non
3318 2711 3561 2769 dixeram

1983 2798 2223 2853 vitiatam
2252 2815 2355 2855 non
2387 2815 2505 2855 esse
2523 2843 2539 2868 ,
2569 2802 2665 2857 sed
2706 2802 2889 2857 vitium
2917 2818 3022 2857 non
3070 2817 3210 2859 esse.
3242 2803 3440 2873 Relege
3467 2845 3483 2871 ,
3510 2814 3564 2860 et

1982 2886 2238 2956 intellige.

2051 2974 2229 3031 CXCI.
2273 2974 2391 3031 Jun.
2430 2975 2535 3033 Sed
2591 2977 2810 3048 intelligi
2857 2993 2961 3034 non
3019 2987 3193 3048 potest
3232 2979 3377 3034 aliud
3421 2982 3561 3037 mala

1981 3075 2200 3133 natura,
2253 3081 2415 3137 quam
2460 3067 2510 3122 id
2557 3067 2700 3137 quod
2752 3069 2947 3123 malum
2998 3077 3082 3124 est
3125 3068 3323 3124 habere
3360 3085 3559 3140 conge-

1982 3154 2171 3209 nilum.

2050 3243 2187 3301 Anc.
2240 3243 2364 3301 Sive
2410 3245 2745 3315 eongenitum
2782 3246 2851 3301 sit
2902 3247 3136 3315 malum,
3177 3247 3315 3302 sicut
3363 3247 3562 3319 ingenii

1982 3331 2212 3399 fatuitas,
2237 3334 2349 3389 sive
2368 3335 2638 3389 voluntate
2656 3345 3008 3406 assumptum,
3028 3336 3164 3391 sicut
3180 3322 3521 3392 homicidium
3541 3353 3557 3403 ;

1982 3430 2157 3494 potest
2191 3423 2295 3479 diei
2323 3424 2494 3479 malus
2532 3424 2694 3479 homo
2732 3424 2892 3487 etiam
2919 3424 3055 3480 mala
3088 3434 3275 3481 natura
3297 3466 3314 3492 ,
3343 3427 3467 3497 quia
3502 3436 3561 3483 et

1984 3515 2147 3571 homo
2181 3522 2367 3570 natura
2386 3525 2501 3581 est;
2529 3516 2666 3571 sicut
2695 3517 2866 3572 malus
2892 3531 3061 3588 equus
3086 3526 3261 3588 potest
3277 3528 3330 3576 et
3361 3520 3559 3576 malum

1983 3604 2180 3661 animal
2203 3604 2328 3671 diei,
2359 3605 2480 3677 quia
2507 3614 2561 3661 et
2579 3621 2744 3677 equus
2800 3607 2995 3663 animal
3022 3616 3124 3665 est.

2053 3696 2256 3755 CXCII.
2293 3697 2412 3753 Jun.
2451 3697 2517 3753 Et
2553 3706 2612 3753 ut
2650 3698 2741 3753 ﬁat
2764 3699 2939 3755 brevis
2979 3713 3045 3755 ac
3080 3713 3212 3769 pura
3248 3698 3557 3753 conclusio:

1985 3788 2031 3842 si
2064 3795 2267 3842 natura;
2298 3786 2437 3841 inest
2475 3787 2546 3841 ita
2582 3786 2817 3854 malum,
2860 3796 2918 3843 ut
2956 3796 3203 3844 nascatur
3235 3803 3302 3844 ex
3340 3802 3403 3843 ea
3436 3803 3558 3844 eum

1986 3878 2116 3949 ipsis
2154 3877 2443 3934 seminibus
2488 3876 2717 3945 malum;
2747 3878 2885 3933 mala
2914 3878 3030 3934 sine
3067 3877 3395 3934 dubitatione
3427 3893 3560 3934 eon-

1987 3969 2236 4026 vincitur.

2056 4062 2192 4118 Auc.
2232 4060 2348 4116 Etsi
2389 4059 2528 4116 mala
2576 4060 2937 4128 convincitur,
2978 4075 3085 4115 non
3142 4070 3317 4115 tamen
3364 4060 3562 4115 malum

1988 4162 2071 4209 est
2102 4151 2259 4223 :quia
2291 4150 2392 4206 etsi
2435 4150 2616 4206 vitiata
2648 4151 3012 4216 convincitur,
3036 4165 3142 4206 non
3179 4158 3353 4207 tamen
3378 4150 3562 4207 vitium

1989 4252 2094 4300 cst.

2057 4328 2276 4386 CXCIII.
2319 4329 2438 4385 Jun.
2469 4329 2523 4386 Si
2550 4337 2726 4385 autem
2760 4328 3053 4384 vindicatur
3083 4342 3112 4383 a
3144 4330 3314 4397 malis,
3345 4336 3401 4383 ct
3427 4329 3563 4383 bona

1991 4421 2289 4477 defenditur
2306 4460 2322 4487 ,
2351 4434 2450 4476 nec
2474 4419 2619 4474 nasci
2653 4434 2718 4475 ex
2739 4434 2802 4475 ea
2827 4420 3047 4487 malum,
3075 4435 3173 4474 nec
3200 4419 3250 4474 ei
3278 4421 3451 4475 inesse
3473 4435 3568 4489 po-

1993 4520 2097 4568 test
2132 4511 2464 4567 naturaliter.
2519 4509 2748 4565 Evanuit
2780 4510 2938 4580 igitur
2969 4510 3240 4566 conclusio
3282 4519 3399 4575 tua;
3442 4512 3567 4579 quia

1992 4603 2278 4669 sententia,
2306 4616 2467 4673 quam
2490 4600 2725 4657 secundo
2746 4601 2864 4657 loco
2890 4600 3135 4668 intulisti,
3156 4615 3260 4656 non
3284 4599 3561 4665 distinxit,

1993 4693 2087 4748 sed
2113 4692 2401 4762 geminavit
2420 4691 2671 4760 priorem.

2064 4784 2199 4837 Auo.
2227 4781 2344 4836 Non
2370 4782 2643 4845 continuo,
2673 4781 2720 4835 si
2749 4781 2887 4835 bona
2911 4778 3238 4845 defenditur,
3268 4780 3566 4836 vindicatur

1995 4890 2026 4930 a
2051 4873 2222 4928 malis.
2254 4872 2451 4927 Eadem
2474 4871 2669 4941 quippe
2694 4880 2902 4937 natura,
2930 4880 2986 4927 et
3014 4872 3152 4927 bona
3180 4879 3296 4937 est,
3327 4872 3380 4927 in
3400 4887 3569 4943 quan-

1997 4971 2106 5018 tum
2140 4971 2328 5017 natura
2358 4970 2472 5026 est;
2497 4969 2554 5016 et
2578 4961 2715 5015 mala
2748 4970 2860 5025 est,
2884 4961 2928 5016 si
2966 4961 3144 5015 vitiata
3170 4970 3253 5016 est
3298 4978 3312 5016 :
3352 4976 3456 5017 non
3486 4971 3572 5018 est

1998 5062 2173 5109 tamen
2200 5052 2396 5107 malum
2425 5051 2528 5106 ulla
2552 5051 2771 5107 omnino
2798 5059 3005 5105 natura.
3027 5049 3143 5104 Non
3171 5049 3333 5120 igitur
3356 5052 3571 5107 evanuit

1998 5158 2114 5197 mea
2154 5140 2421 5197 conclusio
2440 5180 2456 5206 ,
2482 5153 2583 5210 qua
2617 5138 2761 5203 dixi,
2789 5137 2993 5193 Natura
3022 5138 3244 5192 humana
3262 5178 3279 5205 ,
3305 5139 3351 5194 si
3382 5139 3574 5194 malum

1999 5242 2143 5296 esset,
2173 5229 2415 5285 soluenda
2453 5245 2552 5283 non
2577 5238 2738 5292 esset;
2765 5228 2810 5282 si
2843 5228 2889 5282 ei
2922 5228 3041 5281 ntali
3072 5227 3201 5282 nihil
3224 5228 3442 5294 inesset,
3467 5229 3579 5283 sal-

1999 5322 2165 5376 vanda
2200 5336 2298 5374 non
2324 5326 2466 5374 esset.
2511 5317 2615 5373 Sed
2641 5319 2687 5372 si
2714 5317 2796 5372 vis
2822 5332 3002 5371 verum
3041 5316 3222 5373 dicere
3243 5357 3261 5385 ,
3287 5317 3375 5373 die
3399 5319 3579 5388 potius

2000 5409 2279 5466 evanuisse
2306 5406 2812 5477 argumentationem
2841 5415 3014 5473 tuam,
3045 5420 3147 5477 qua
3180 5406 3392 5462 voluisti
3414 5406 3575 5463 refel-

2002 5504 2112 5559 lere
2134 5500 2527 5556 conelusionem
2556 5512 2749 5551 meam.

2074 5587 2293 5645 CXCIV.
2325 5586 2442 5642 Jun.
2473 5585 2674 5639 Natura
2694 5625 2709 5651 ,
2737 5584 2910 5655 inquis
2929 5626 2943 5651 ,
2974 5585 3255 5639 humanasi
3279 5585 3467 5639 malum
3496 5600 3580 5638 es—

2003 5689 2094 5746 set,
2113 5678 2357 5735 salvanda
2375 5693 2475 5731 non
2493 5685 2653 5740 esset;
2684 5682 2727 5729 si
2752 5676 2798 5729 ei
2819 5675 2941 5729 mali
2966 5676 3093 5729 nihil
3112 5675 3313 5740 inesset,
3337 5672 3588 5728 "luenda

2006 5788 2106 5827 non
2156 5776 2279 5824 esset
2308 5783 2326 5820 :
2364 5765 2490 5837 quid
2530 5766 2670 5821 aliud
2712 5765 3022 5831 ostendisti,
3063 5779 3221 5835 quam
3268 5777 3422 5818 uuam
3469 5775 3583 5815 rem
