4172 6496
546 435 677 491 1551

544 552 764 621 propter
783 539 834 597 id
857 538 1052 596 debere
1079 531 1295 602 salvari,
1323 536 1543 602 preptcr
1572 523 1713 598 quod
1744 522 1887 578 illam
1915 528 2135 588 negave-

546 655 636 697 ras
661 638 859 696 debere
883 628 1112 687 salvari?

620 755 757 809 Auc.
787 743 1052 804 Salvanda
1078 748 1180 806 est,
1211 737 1332 809 quia
1360 735 1496 791 mala
1522 740 1627 795 est,
1657 742 1761 782 non
1783 724 1908 795 quia
1940 718 2137 809 malum

549 852 632 900 est
660 858 675 896 :
701 840 747 895 si
776 844 953 892 autem
977 840 1119 889 esset
1139 808 1338 884 malum
1358 866 1371 891 ,
1400 819 1657 878 salvanda
1686 831 1790 872 non
1828 820 1991 868 esset.
2023 808 2139 900 Non

551 899 694 989 enim
728 927 851 1000 quia
883 925 1083 981 malum
1116 929 1226 983 est,
1250 917 1345 972 sed
1380 914 1501 985 quia
1544 910 1742 966 malum
1782 904 1973 968 habet,
2001 899 2140 955 mala

551 1034 671 1081 est:
704 994 843 1077 sicut
882 1031 985 1072 non
1012 1013 1134 1085 quia
1160 1011 1344 1064 vitium
1374 1016 1449 1061 est
1474 1047 1489 1070 ,
1522 1002 1618 1059 sed
1656 1001 1778 1071 quia
1817 996 2003 1052 vitium
2042 994 2141 1047 ha-

552 1115 663 1177 bet,
688 1110 879 1167 vitiosa
917 1115 1017 1163 est.
1039 1103 1174 1172 Quia
1209 1100 1398 1154 vitiosa
1434 1103 1518 1152 est
1548 1106 1712 1164 ergo,
1741 1086 1994 1146 salvanda
2023 1092 2138 1140 est:

551 1208 598 1261 si
627 1214 805 1259 antem
835 1201 946 1271 ipsa
976 1206 1186 1261 natura,
1220 1193 1321 1247 hoc
1345 1198 1448 1254 est,
1471 1188 1586 1258 ipsa
1613 1181 1931 1248 substantia,
1956 1178 2142 1233 vitinm

553 1307 718 1362 esset,
744 1291 995 1350 salvanda
1030 1303 1136 1343 non
1179 1292 1341 1341 esset.
1382 1279 1661 1350 Quomodo
1684 1289 1815 1346 ergo
1841 1286 2001 1328 unam
2030 1284 2147 1325 rem

554 1396 776 1458 propter
815 1383 917 1438 hoc
947 1380 1060 1435 dixi
1088 1372 1285 1433 debere
1310 1372 1503 1429 salvari
1529 1412 1543 1438 ,
1564 1376 1784 1458 propter
1819 1362 1961 1458 quod
2003 1361 2147 1458 illam

556 1452 875 1548 negaveram
919 1470 1117 1526 debere
1152 1464 1343 1522 salvari
1370 1479 1385 1528 ;
1411 1477 1532 1517 cum
1564 1457 1706 1514 aliud
1735 1456 1804 1511 sit
1840 1454 2026 1509 vitium
2047 1452 2147 1506 ha-

557 1540 686 1623 here
710 1607 725 1632 ,
756 1561 896 1619 aliud
922 1561 1108 1615 vitium
1134 1554 1292 1613 esse?
1321 1549 1588 1610 Salvanda
1615 1557 1697 1604 est
1726 1560 1893 1615 ergo,
1917 1540 2148 1632 quiavi-

559 1658 687 1712 tium
740 1650 928 1717 habet,
962 1665 1068 1704 non
1111 1646 1235 1717 quia
1282 1644 1467 1699 vitium
1514 1636 1707 1695 εειεεί
1741 1644 1922 1690 autem
1962 1631 2150 1687 vitium

556 1755 736 1811 esset,
762 1741 1017 1800 salvanda
1053 1755 1159 1795 non
1193 1745 1354 1794 esset.
1398 1733 1557 1790 Vides
1593 1745 1754 1802 quam
1790 1743 1900 1783 non
1945 1726 2049 1781 hoc
2082 1724 2153 1779 sit

558 1837 879 1911 respondere
902 1877 917 1902 ,
964 1832 1104 1905 quod
1153 1838 1238 1887 est
1286 1844 1392 1884 non
1437 1837 1615 1882 tacere
1660 1841 1674 1877 :
1724 1817 2152 1893 quandoquidem

563 1909 708 1987 vides
737 1940 790 1986 te
820 1928 948 1984 nihil
976 1923 1321 1996 respondisse
1342 1962 1356 1988 ,
1385 1928 1440 1975 et
1467 1926 1643 1973 tamen
1676 1922 1854 1969 tacere
1890 1909 2149 1967 noluisse.

627 2043 831 2100 CXCV.
856 2041 976 2098 IUL.
1006 2039 1084 2095 Ac
1110 2053 1206 2108 per
1229 2036 1333 2091 hoc
1354 2076 1369 2101 ,
1400 2047 1466 2090 eo
1494 2030 1771 2087 revolutus
1798 2043 1877 2094 es,
1907 2032 1965 2081 ut
1990 2023 2157 2079 Mani-

559 2136 797 2199 chaanm,
828 2146 989 2204 quem
1034 2127 1839 2200 professionecontempseras,
1866 2129 2154 2187 argumen-

562 2228 761 2282 tatione
778 2238 1076 2292 reparares.
1096 2219 1228 2275 Nam
1247 2216 1493 2283 dicendo,
1521 2214 1582 2270 Si
1597 2213 1732 2267 mala
1747 2219 1890 2274 esset,
1910 2206 2156 2264 salutanda

561 2333 665 2371 non
688 2324 846 2381 esset,
868 2313 1103 2384 Speciem
1139 2308 1423 2382 pugnantis
1446 2305 1696 2361 indueras
1723 2320 1737 2356 :
1765 2299 2042 2365 subdendo
2059 2313 2157 2353 au-

564 2420 696 2471 tem,
722 2409 811 2462 sed
839 2408 883 2461 si
908 2405 1036 2459 nihil
1073 2405 1127 2458 in
1151 2419 1210 2456 ea
1237 2401 1361 2456 mali
1386 2407 1513 2454 esset
1540 2439 1556 2465 ,
1584 2395 1831 2451 salvanda
1857 2409 1958 2448 non
1988 2399 2153 2458 esset,

565 2498 665 2568 ipsi
695 2508 747 2553 te
776 2495 1002 2551 fideliter
1030 2492 1260 2549 militare
1297 2488 1546 2545 docuisti.
1575 2486 1706 2541 Cum
1743 2498 1871 2554 ergo
1894 2494 2161 2552 apparue-

566 2590 636 2643 rit
666 2588 767 2642 hoc
787 2596 877 2641 tua
906 2582 1046 2656 quod
1072 2580 1350 2637 Manichaei
1371 2576 1635 2634 sententia
1656 2571 1948 2635 contineri,
1972 2570 2026 2625 id
2045 2577 2155 2634 est,

568 2679 763 2733 malam
790 2690 909 2732 esse
933 2677 949 2707 ⁸
977 2674 1251 2729 hominum
1290 2678 1557 2732 naturam,
1584 2666 1670 2722 cui
1692 2664 1780 2719 ille
1806 2670 1861 2718 et
1882 2671 1937 2717 tu
1962 2660 2161 2731 pariter
2200 2712 2203 2717 λ

568 2769 767 2824 malum
794 2768 971 2821 inesse
994 2764 1192 2829 dicitis,
1217 2771 1375 2831 tuque
1401 2755 1829 2830 pronuntiaveris
1850 2752 2045 2808 malam
2067 2765 2161 2805 na-

569 2872 742 2918 turam
771 2876 876 2916 non
907 2872 1027 2913 esse
1056 2854 1360 2911 salvandam
1386 2868 1401 2919 ;
1425 2848 1820 2906 absolutissime
1857 2844 2160 2901 conlectum

567 2963 691 3021 est,
721 2952 880 3008 ﬁdem
907 2957 1137 3005 vestram
1160 2946 1357 3018 junctis
1382 2943 1600 2999 omnino
1645 2940 1836 2996 turmis
1871 2946 1978 2994 tam
2008 2944 2162 2991 uatu-

571 3062 689 3125 ram
715 3046 1058 3116 impugnare,
1088 3054 1248 3111 quam
1276 3036 1522 3110 gratiam.

641 3162 779 3216 Auc.
801 3155 1068 3227 Numquid
1109 3153 1359 3225 quoniam
1397 3151 1559 3207 verba
1587 3163 1704 3204 mea
1748 3154 1952 3210 mutas,
1976 3152 2036 3200 ut
2060 3145 2161 3199 ali-

568 3250 697 3322 quid
726 3247 1069 3321 respondisse
1091 3244 1323 3300 videaris
1343 3285 1359 3310 ,
1391 3242 1513 3298 ideo
1540 3240 1762 3297 difﬁcile
1785 3248 1876 3294 aut
1912 3236 2161 3307 impossi-

570 3340 679 3396 bile
719 3338 849 3395 lacis
884 3336 1184 3409 legentibus
1205 3375 1222 3403 ,
1248 3334 1332 3389 vel
1368 3332 1608 3387 recolere
1626 3333 1648 3363 '
1677 3329 1886 3397 animo,
1906 3327 1992 3384 vel
2015 3334 2165 3383 certe

569 3432 627 3485 in
650 3430 752 3485 hoc
781 3429 898 3499 ipso
936 3436 1028 3482 tuo
1056 3425 1193 3481 libro
1229 3424 1388 3494 paulo
1428 3422 1674 3493 superius
1710 3420 1984 3495 relegere,
2013 3426 2067 3473 et
2083 3417 2166 3471 vi-

570 3522 703 3576 dere
739 3517 864 3590 quid
900 3516 1159 3581 dixerim,
1182 3514 1274 3569 ubi
1309 3521 1365 3568 et
1400 3513 1514 3583 ipse
1555 3512 1642 3566 illa
1669 3510 1807 3566 sicut
1842 3525 1873 3564 a
1916 3524 2005 3565 me
2044 3516 2169 3564 sunt

575 3610 716 3666 dicta
743 3600 964 3680 posuisti
986 3608 1009 3662 ‘l
1034 3607 1148 3678 Ego
1173 3610 1315 3661 enim
1344 3618 1449 3659 non
1479 3603 1609 3670 dixi,
1636 3600 1692 3657 Si
1718 3601 1855 3657 mala
1877 3608 2041 3664 esset,
2064 3600 2170 3655 sal-

575 3700 749 3755 vanda
776 3714 879 3754 non
901 3706 1081 3763 esset;
1110 3712 1233 3752 eum
1276 3694 1399 3750 ideo
1437 3692 1687 3748 salvanda
1729 3692 1832 3757 sit,
1855 3700 1913 3746 ut
1949 3705 2052 3745 non
2099 3690 2171 3745 sit

576 3791 719 3847 mala
744 3808 757 3844 :
786 3789 880 3845 scd
901 3789 1046 3855 dixi,
1077 3787 1136 3843 Si
1178 3787 1371 3840 malum
1395 3794 1559 3851 esset,
1599 3781 1846 3838 saluanda
1878 3798 1981 3836 non
2019 3790 2168 3835 esset.

575 3879 839 3942 Habenda
877 3879 1074 3948 quippe
1114 3876 1299 3931 vitium
1345 3876 1485 3930 mala
1529 3881 1641 3939 est,
1672 3888 1778 3943 quo
1813 3879 2129 3940 consumpto
2152 3912 2167 3938 ,

580 3972 698 4024 sine
721 3968 1051 4024 dubitatione
1093 3967 1154 4020 lit
1178 3965 1323 4019 salva
1355 3981 1369 4016 :
1400 3979 1505 4017 non
1547 3964 1660 4032 ipsa
1688 3962 1875 4015 vitium
1903 3969 2012 4024 est;
2043 3960 2171 4013 alio-

590 4060 713 4129 quin
736 4058 848 4128 ipsa
863 4064 1284 4121 consumeretur,
1312 4069 1432 4109 cum
1453 4053 1786 4109 consumitur
1809 4051 2017 4129 vitium.
2038 4046 2171 4104 Cum

586 4165 713 4211 vero
751 4151 923 4206 salute
947 4148 1132 4202 vitium
1168 4152 1547 4210 consumatur,
1577 4142 1703 4214 quid
1743 4143 1844 4197 isto
1874 4124 2033 4196 modo
2072 4139 2174 4195 nisi

583 4251 772 4298 natura
812 4239 1085 4295 salvatur?
1122 4237 1256 4294 Cum
1300 4237 1476 4306 itaque
1514 4234 1709 4289 dicitur
1746 4232 1922 4288 sanari
1954 4231 2171 4297 vitium,

584 4350 690 4389 non
719 4333 895 4402 ipsum
923 4331 1131 4395 vitium,
1158 4328 1253 4383 sed
1276 4327 1367 4381 illa
1395 4326 1482 4382 cui
1508 4324 1831 4384 hoc-inerat.
1854 4331 2041 4378 natura
2071 4322 2176 4377 sal-

587 4432 772 4486 vatur;
799 4435 919 4490 qua:
938 4422 983 4475 si
1015 4420 1197 4473 vitium
1225 4424 1388 4482 esset,
1411 4431 1520 4470 non
1542 4416 1856 4478 salvaretur,
1879 4413 1973 4468 sed
2005 4413 2177 4468 ﬁnire-

587 4516 880 4586 tur-potius
920 4513 1148 4568 sanitate
1180 4511 1326 4568 :imo
1355 4508 1554 4563 sanitas
1574 4506 1678 4562 hoc
1722 4506 1883 4561 modo
1911 4506 2016 4560 ulla
2059 4505 2173 4561 ﬁeri

588 4622 696 4662 non
721 4613 930 4676 posset;
955 4602 1206 4674 quoniam
1227 4601 1271 4655 si
1296 4599 1467 4663 ﬁeret,
1496 4605 1735 4653 maneret
1756 4604 1945 4651 natura
1967 4607 2172 4662 sanata,

587 4704 906 4767 consumpto
927 4694 1053 4749 vitio
1078 4708 1185 4764 quo
1220 4706 1325 4746 non
1355 4697 1471 4746 erat
1505 4703 1634 4745 sana
1659 4704 1673 4753 ;
1704 4687 1749 4741 si
1777 4695 1951 4741 autem
1992 4695 2179 4740 natura

591 4789 776 4844 vitium
798 4796 962 4847 esset.
995 4801 1101 4839 non
1140 4783 1322 4852 utique
1354 4788 1672 4848 consumpto
1707 4777 1835 4832 vitio
1859 4786 2140 4832 saltaretur
2162 4816 2178 4841 ,

592 4880 689 4937 sed
727 4881 840 4951 ipsa
878 4884 1306 4935 consumeretur.
1348 4873 1423 4928 Ae
1449 4887 1546 4942 per
1574 4871 1706 4936 hoc,
1732 4879 1923 4925 natura
1950 4869 2182 4924 humana

593 4985 700 5025 non
722 4971 767 5025 si
790 4970 927 5024 mala
957 4974 1122 5032 esset,
1151 4965 1246 5021 sed
1275 4964 1320 5019 si
1345 4963 1542 5018 malum
1567 4971 1747 5026 esset,
1779 4960 1884 5016 hoc
1908 4969 2010 5026 est,
2038 4961 2084 5015 si
2103 4959 2185 5014 vi-

593 5060 726 5113 tium
752 5067 896 5114 esset
918 5100 932 5123 ,
959 5056 1212 5113 salvanda
1252 5069 1357 5109 non
1387 5062 1560 5120 esset;
1588 5052 1631 5107 si
1653 5052 1701 5107 ei
1726 5051 1857 5106 nihil
1881 5051 2004 5105 mali
2039 5051 2186 5105 ines-

596 5154 710 5212 set,
736 5145 840 5201 hoc
868 5155 980 5210 cst,
1003 5148 1047 5201 si
1078 5145 1209 5200 vitio
1243 5144 1383 5198 mala
1422 5157 1527 5197 non
1566 5150 1748 5204 esset,
1785 5140 2037 5195 salvanda
2078 5155 2184 5194 non

597 5243 745 5291 esset
763 5235 805 5287 ³.
838 5236 973 5290 Ecce
997 5235 1138 5304 quod
1167 5234 1309 5299 dixi;
1337 5234 1445 5288 noli
1476 5233 1693 5287 mutatis
1719 5247 1750 5287 a
1778 5241 1829 5287 te
1848 5233 2026 5287 verbis
2051 5233 2186 5288 meis

562 5346 572 5357 -
597 5327 738 5382 velle
767 5325 944 5381 facere
970 5326 1143 5380 locum
1169 5366 1185 5391 ,
1212 5340 1319 5381 non
1353 5323 1809 5397 responsionibtts,
1838 5322 1934 5379 sed
1958 5331 2184 5380 conten-

604 5415 840 5475 tionibus
862 5414 985 5469 tuis.

669 5522 900 5585 CXCVL
936 5523 1058 5579 σΙυι..
1093 5522 1450 5593 Sequiturque
1484 5532 1543 5578 ut
1575 5538 1732 5579 nemo
1769 5522 1936 5594 possit
1972 5523 2190 5581 laudare
2258 5532 2264 5538 '

663 5683 684 5718 ι
717 5679 854 5739 editi,
876 5676 1061 5728 malum
1092 5686 1215 5726 esse.
1249 5675 1802 5739 At_stss.,matamesse.

663 5744 685 5778 ³
717 5744 791 5793 sic
810 5733 917 5791 Mss.
944 5744 995 5788 tn
1013 5739 1173 5799 vigu.,
1200 5733 1375 5799 recole.

665 5804 687 5837 ³
720 5803 948 5869 Alterum_
969 5800 1064 5869 hoc
1076 5797 1355 5869 membrum
1377 5798 1633 5869 sententias
1656 5799 1955 5869 restituimus
1978 5811 2040 5869 ex
2067 5809 2197 5866 5153,,

603 5875 782 5930 nempe
797 5874 827 5916 ι
848 5861 1013 5917 verbis
1034 5896 1050 5926 ,
1076 5858 1121 5915 si
1136 5856 1183 5913 ei
1200 5854 1340 5920 nihil,
1373 5866 1527 5918 usque
1542 5857 1600 5908 ad
1618 5860 1783 5923 verba,
1799 5868 2041 5925 nonesaet.

1251 412 1499 475 OPERIS
1534 405 1947 472 IMPERFECTI
1984 401 2256 462 CONTRA
2295 398 2655 466 JULIANUM,
2693 395 2750 453 S.
2792 389 3156 450 AUGUSTINI

2184 502 2185 505 “
2242 511 2465 582 gratiam
2494 509 2728 573 Christi,
2752 507 2853 563 nisi
2879 507 2970 579 qui
3005 506 3059 560 in
3088 512 3274 560 natura
3309 502 3506 559 bonum
3541 518 3676 574 opus
3703 505 3825 560 Iau-

3681 392 3705 447 1
3717 390 3823 448 332

2243 600 2448 656 daverit
2472 599 2795 655 Conditoris.
3092 642 3101 658 χ

2316 694 2450 748 Anc.
2497 692 2608 746 Iloc
2649 704 2832 745 verum
2881 687 3101 743 dixisti:
3142 695 3196 742 et
3230 684 3349 741 ideo
3396 684 3556 740 etiam
3592 684 3645 739 in
3692 685 3834 740 mala

2247 791 2432 839 natura
2470 796 2604 852 opus
2631 778 2896 836 laudabile
2933 787 3016 834 est
3040 776 3376 844 Conditoris;
3403 776 3525 846 quia
3561 785 3615 831 et
3647 785 3833 830 natura

2246 874 2416 937 mala,
2444 872 2497 927 in
2522 880 2779 942 quantum
2826 879 3014 925 natura
3046 876 3162 933 est,
3191 867 3390 923 bonum
3425 875 3542 932 est;
3578 877 3736 937 atque
3780 876 3838 921 ιιι

2248 965 2352 1021 hoc
2377 964 2575 1019 bonum
2604 963 2859 1018 liberetur
2883 976 2914 1016 a
2941 960 3104 1026 tnalo,
3132 959 3299 1029 gratia
3328 957 3630 1013 necessaria
3655 965 3760 1012 est.

2320 1054 2572 1112 CXCVII.
2594 1054 2716 1110 Jun.
2743 1055 2901 1109 Certe
2942 1051 3086 1106 nulla
3111 1050 3198 1105 hic
3227 1049 3294 1104 de
3319 1047 3511 1104 studiis
3533 1047 3837 1103 adulterum

2251 1146 2524 1203 hominum
2565 1142 2790 1216 qumStio
2813 1185 2827 1210 ,
2857 1142 2951 1199 sed
2976 1143 3041 1197 de
3072 1141 3183 1196 sola
3221 1140 3552 1195 nascentium
3586 1138 3841 1210 qualitate

2250 1247 2524 1304 versatur,
2554 1237 2607 1291 in
2648 1235 2841 1306 quibus
2875 1243 3081 1288 natura:
3107 1230 3441 1306 examinatur
3464 1238 3657 1284 status.
3694 1227 3845 1282 IIanc

2253 1338 2309 1384 tu
2345 1300 2520 1402 itaque
2548 1300 2794 1382 naturam
2824 1325 2941 1380 sine
2974 1324 3152 1394 aliquo
3172 1300 3402 1393 propria:
3431 1321 3719 1376 voluntatis
3748 1319 3845 1373 ad-

2252 1423 2419 1478 mixtu
2460 1435 2606 1477 ream
2627 1462 2641 1488 ,
2670 1418 2971 1474 damnatam
2995 1458 3010 1485 ,
3035 1415 3218 1482 malis,
3249 1414 3302 1469 id
3340 1422 3423 1469 est
3442 1456 3454 1474 .
3489 1413 3802 1469 criminibus
3825 1452 3842 1479 ,

2252 1515 2495 1587 plenam,
2524 1527 2645 1589 cum
2692 1510 2984 1566 Maniclneo
3027 1517 3202 1563 tamen
3244 1506 3441 1561 asseris
3478 1522 3491 1559 :
3541 1520 3701 1576 quam
3743 1520 3847 1562 nos

2254 1609 2370 1664 sine
2398 1607 2622 1669 scelere,
2655 1605 2772 1660 sine
2798 1600 3005 1674 peccati
3048 1598 3190 1655 malo
3239 1597 3546 1665 innoxiam,
3593 1605 3647 1653 et
3685 1611 3847 1668 capa-
3912 1592 3919 1605 '

2255 1713 2373 1756 cem
2428 1697 2641 1753 virtutis
2672 1704 2903 1750 tuemur.

2327 1783 2842 1856 Auongnoscimus
2865 1792 2938 1851 te,
2960 1781 3297 1855 agnoscimus
3316 1793 3567 1851 magnum
3589 1785 3848 1845 tutorem,

2256 1881 2346 1953 qui
2379 1879 2612 1951 parvulis
2640 1891 2774 1947 quos
2802 1875 2966 1931 tueris
2991 1916 3007 1942 ,
3030 1888 3136 1929 non
3167 1872 3297 1928 sinis
3320 1885 3634 1927 succurrere
3661 1869 3848 1927 Salva-

2259 1982 2450 2028 torem.
2477 1969 2533 2026 Si
2562 1978 2742 2025 autem
2770 1967 2926 2034 sinis,
2955 1965 3062 2032 die,
3086 1979 3271 2036 quasso
3292 2005 3309 2032 ,
3334 1962 3547 2034 quando
3574 1962 3705 2019 salvi
3727 1977 3852 2018 cor-

2258 2077 2390 2136 pore
2410 2060 2774 2131 baptizantur,
2805 2073 2874 2114 ex
2901 2070 3008 2128 quo
3028 2055 3172 2111 malo
3190 2097 3206 2124 ,
3235 2070 3302 2111 ex
3325 2068 3432 2125 quo
3458 2053 3590 2110 vitio
3607 2095 3622 2120 ,
3645 2069 3712 2110 ex
3743 2069 3850 2125 qua

2260 2161 2411 2223 parte
2431 2153 2447 2184 ¹
2478 2152 2769 2206 salventur.
2802 2147 2908 2204 Sed
2931 2146 3058 2217 quid
3083 2145 3325 2201 dicturus
3350 2160 3431 2209 es,
3464 2143 3623 2200 homo
3650 2144 3739 2214 qui
3767 2145 3851 2199 l‘a-

2259 2243 2338 2298 cis
2365 2241 2458 2297 tibi
2488 2239 2792 2311 paradisum
2814 2245 2984 2305 tuum,
3015 2251 3175 2307 quem
3197 2250 3306 2292 non
3331 2234 3605 2291 erubescis
3627 2234 3852 2305 implere

2261 2333 2435 2406 pcenis
2462 2331 2741 2387 immeritis
2765 2328 3105 2401 parvulorum
3130 2327 3154 2381 ?

2333 2422 2603 2481 CXCVIII.
2625 2422 2742 2479 ποι.
2762 2421 2910 2476 lianc
2922 2435 3050 2491 ergo
3070 2428 3122 2474 tu
3141 2418 3193 2474 in
3212 2418 3467 2489 parvulis,
3481 2417 3850 2483 criminosam,

2262 2518 2528 2583 vitiosam,
2549 2524 2604 2571 et
2634 2514 2936 2571 damnatam
2976 2526 3070 2566 sua
3101 2510 3371 2565 voluntate
3394 2510 3592 2581 arguis,
3623 2525 3690 2564 an
3719 2525 3854 2565 con-

2263 2609 2465 2665 ditione
2512 2606 2803 2663 nascendi?
2832 2605 2889 2661 Si
2921 2604 3135 2675 propria
3179 2602 3449 2658 voluntate
3471 2643 3488 2670 ,
3516 2610 3574 2657 ut
3611 2601 3857 2657 videlicet

2264 2703 2339 2758 illi
2364 2701 2565 2772 parvuli
2595 2700 2707 2755 suis
2732 2698 2921 2754 studiis
2945 2709 3196 2767 peccasse
3231 2694 3510 2761 dicamur;
3553 2703 3854 2749 monstrum
3912 2717 3919 2722 ·

2265 2792 2480 2864 quidem
2531 2789 2838 2862 opinionis'
2866 2790 3144 2852 exoritur,
3187 2786 3388 2858 peccati
3434 2794 3609 2841 tamen
3664 2784 3857 2839 tradux

2266 2890 2522 2953 negatur;
2546 2896 2652 2936 non
2687 2880 2830 2936 enim
2860 2879 3067 2949 accepit
3098 2879 3166 2934 ab
3193 2877 3334 2942 alio,
3364 2876 3503 2947 quod
3536 2875 3707 2946 putuit
3744 2876 3859 2947 ipse

2266 2974 2602 3030 committere
2652 2989 2666 3026 :
2714 2970 2798 3027 sin
2837 2980 3011 3025 autem
3053 2976 3127 3022 tot
3166 2967 3304 3022 mala
3348 2983 3455 3022 non
3496 2967 3706 3022 actione
3725 2982 3856 3034 sua,

2267 3065 2363 3122 sed
2398 3063 2705 3121 conditione
2757 3062 2995 3128 sortitur,
3044 3059 3357 3114 naturaliter
3410 3058 3589 3129 iniqua
3635 3058 3860 3114 convin-

2267 3156 2426 3212 citur.
2442 3161 2451 3172 '

2340 3248 2477 3303 Auc.
2496 3245 2608 3301 Nec
2626 3258 2719 3300 sua
2740 3243 3013 3300 voluntate
3034 3255 3199 3312 arguo
3227 3247 3467 3295 naturam
3495 3239 3861 3309 parvulorum;

2272 3352 2431 3394 nemo
2469 3336 2610 3391 enim
2661 3335 2784 3405 quia
2835 3333 2949 3389 vult
2988 3332 3382 3400 nascitur;uec
3421 3330 3727 3385 conditione
3770 3345 3864 3384 na-

2272 3429 2477 3497 scendi,
2509 3429 2611 3483 nisi
2637 3428 2759 3498 quia
2785 3426 2965 3481 miseri
2986 3432 3277 3480 nascuntur
3300 3464 3315 3490 ,
3347 3437 3454 3478 non
3481 3423 3602 3493 quia
3632 3437 3863 3478 nascun-

2274 3529 2380 3577 tur.
2409 3520 2728 3575 Nasceretur
2753 3517 2895 3573 enim
2939 3516 3099 3572 etiam
3143 3523 3331 3569 natura
3357 3513 3587 3568 humana
3619 3514 3674 3567 in
3708 3528 3862 3584 para-

2273 3614 2431 3683 diso,
2480 3629 2548 3669 ex
2591 3613 2684 3667 Dei
2740 3610 3109 3667 benedictione
3158 3608 3406 3674 fecunda,
3456 3606 3665 3663 etiamsi
3708 3620 3865 3661 nemo

2274 3712 2566 3776 peccasset,
2596 3704 2765 3759 donec
2794 3703 2903 3757 Deo
2933 3701 3284 3772 praecognitus
3325 3708 3629 3755 sanctorum
3673 3710 3865 3751 nume-

2275 3812 2367 3851 rus
2402 3794 2774 3863 compleretur.
2816 3792 2921 3848 Sed
2951 3792 3021 3845 illi
3045 3790 3247 3860 parvuli
3274 3805 3375 3845 nec
3414 3788 3606 3844 ﬁerent
3632 3788 3683 3843 in
3713 3801 3869 3857 para-

2276 3886 2393 3942 diso
2411 3926 2426 3953 ,
2449 3900 2548 3941 nec
2574 3884 2702 3939 muti
2730 3892 2909 3939 essent
2933 3924 2948 3950 ,
2974 3897 3073 3937 nec
3100 3880 3386 3951 aliquando
3410 3881 3484 3933 uti
3513 3879 3720 3933 ratione
3763 3890 3867 3931 non

2278 3984 2531 4048 possent,
2565 3991 2666 4031 nec
2687 3976 2803 4030 sine
2827 3989 2927 4029 usu
2956 3971 3321 4029 membrorum
3354 3969 3549 4025 inﬁrmi
3575 3976 3631 4023 et
3668 3969 3869 4022 inertes

2272 4069 2530 4140 jacerent,
2564 4082 2664 4124 nec
2685 4067 2882 4123 morbis
2906 4065 3294 4134 afﬂigerentur,
3320 4077 3421 4117 nec
3448 4077 3476 4114 a
3495 4059 3682 4116 bestiis
3710 4056 3873 4112 laede-

2277 4169 2482 4227 rentur,
2514 4174 2615 4215 nec
2642 4158 2862 4214 venenis
2890 4163 3211 4212 necarentur
3233 4195 3248 4221 ,
3276 4168 3378 4209 nec
3402 4152 3579 4221 aliquo
3603 4164 3729 4206 casu
3754 4147 3872 4202 vul-

2280 4259 2622 4317 nerarentur,
2646 4249 2732 4304 vel
2770 4249 2878 4303 ullo
2911 4248 3071 4302 sensu
3099 4287 3114 4311 ,
3146 4253 3239 4299 aut
3274 4244 3387 4298 ulla
3430 4250 3580 4313 parte
3629 4240 3872 4310 corporis

2282 4343 2636 4413 privarentur,
2666 4354 2766 4393 nec
2787 4352 2818 4392 a
2857 4337 3190 4392 dmmonibus
3235 4344 3559 4390 vexarentur
3580 4374 3595 4395 ,
3623 4345 3723 4386 nec
3755 4345 3877 4385 sur-

2280 4445 2466 4506 gentes
2496 4434 2547 4488 in
2580 4431 2861 4503 pueritiam
2890 4430 3238 4486 domarentur
3264 4426 3595 4490 verberibus,
3628 4434 3720 4479 aut
3747 4439 3876 4480 eru-

2282 4526 2523 4581 direntur
2564 4523 2865 4589 laboribus,
2907 4536 3006 4577 nec
3044 4521 3137 4575 ulli
3178 4520 3199 4552 ³
3240 4534 3426 4576 eorum
3480 4528 3588 4572 tam
3634 4531 3774 4571 vano
3819 4524 3877 4570 et

2284 4617 2516 4673 obtunso
2538 4622 2889 4677 nascerentur
2927 4613 3158 4684 ingenio,
3194 4618 3251 4667 ut
3277 4626 3378 4665 nec
3420 4608 3624 4674 labore,
3650 4621 3752 4662 nec
3777 4605 3877 4661 do-

2284 4708 2401 4764 lore
2443 4708 2553 4763 ullo
2581 4706 3029 4768 emendarentur;
3061 4701 3156 4759 scd
3192 4708 3414 4771 excepta
3439 4741 3454 4766 ,
3482 4707 3702 4769 propter
3731 4697 3879 4751 inca-

2286 4806 2445 4872 paces
2493 4807 2675 4855 uteros
2714 4805 2946 4852 matrum
2965 4835 2979 4859 ,
3008 4794 3088 4849 sui
3118 4792 3364 4863 corporis
3390 4790 3719 4861 quantitate,
3749 4786 3881 4842 tales

2287 4890 2505 4946 omnino
2524 4888 2695 4960 qualis
2714 4887 2883 4943 Adam
2907 4886 3075 4940 factus
3099 4893 3201 4945 est,
3232 4884 3595 4953 gignerentur.
3617 4878 3768 4933 Nunc
3788 4892 3884 4932 au-

2291 4991 2396 5037 tem
2426 4995 2527 5037 nec
2556 4979 2689 5035 tales
2712 4986 2895 5036 essent
2919 4976 3104 5047 quales
3148 4974 3392 5029 videmus
3412 5015 3427 5040 ,
3451 4986 3550 5027 nec
3578 4970 3699 5025 talia
3735 4978 3884 5039 pale-

2290 5083 2495 5139 rentur,
2528 5072 2628 5127 nisi
2650 5077 2871 5141 peccato
2892 5068 2984 5123 illo
3014 5082 3206 5137 magno
3235 5072 3423 5120 natura
3445 5063 3674 5117 humana
3706 5061 3759 5115 in
3790 5060 3887 5115 has

2291 5164 2536 5220 miserias
2574 5170 2773 5217 mutata
2802 5167 2962 5229 atque
2998 5158 3268 5213 damnata.
3303 5155 3420 5210 Non
3448 5168 3578 5224 ergo
3603 5153 3675 5207 ita
3705 5167 3765 5206 se
3792 5151 3889 5204 ha-

2293 5256 2422 5311 bent
2446 5253 2749 5310 conditione
2791 5248 3041 5305 nascendi
3067 5289 3083 5314 ,
3106 5249 3200 5303 sed
3239 5246 3557 5318 contagione
3600 5242 3806 5314 peccati
3835 5248 3892 5296 et

2294 5345 2603 5402 conditione
2624 5340 2891 5412 supplicii.

2365 5432 2597 5490 CXCIX.
2625 5432 2743 5487 .IUL.
2769 5431 2886 5498 Quo
2921 5443 3050 5498 ergo
3075 5442 3236 5497 super
3262 5434 3466 5481 naturae
3489 5423 3694 5495 judicio
3717 5421 3886 5477 Mani—

2297 5526 2478 5582 clneus
2518 5535 2680 5595 tuque
2705 5520 2953 5578 distatis?
2978 5519 3112 5588 Quia
3141 5518 3257 5584 ille,
3287 5517 3494 5588 inquis,
3523 5531 3643 5573 eam
3691 5514 3894 5571 malam

2366 5682 2382 5715 ⁸
2419 5685 2548 5728 Unus
2563 5684 2649 5729 Its.
2676 5683 2822 5736 Port.,
2846 5681 2993 5738 peste.

2363 5743 2384 5773 ι
2416 5741 2533 5790 editi
2555 5774 2569 5797 ,
2592 5732 3259 5802 promissionislimendantur
3285 5746 3348 5784 ex
3370 5737 3453 5783 Ms.
3479 5737 3743 5781 Portntum.

2367 5804 2386 5835 ³
2421 5793 2709 5864 \‘ignierins,
2744 5798 2841 5850 uni.
2862 5793 2994 5859 'Mss.,
3020 5793 3117 5851 ulli.
