4172 6548
384 427 522 483 155Σῖ

376 533 594 587 fatetur.
615 528 694 584 Tu
732 541 860 597 ergo
903 527 947 582 si
978 525 1030 581 id
1053 525 1268 591 abnuis,
1297 524 1490 578 bonam
1524 536 1640 577 eam
1678 537 1797 575 esse
1837 536 1959 590 pro.

374 620 596 685 nuntia;
625 628 681 674 et
717 618 921 673 sublata
948 616 1221 672 contentio
1249 623 1332 670 est
1361 632 1374 667 :
1399 612 1626 682 capieris
1663 612 1839 666 statim
1868 627 1960 666 ve-

372 710 543 764 ritatis
587 709 792 764 retibus
830 709 882 763 in
922 708 1166 762 salutem.
1203 704 1309 761 Sed
1344 704 1623 759 reclamas.
1670 701 1960 756 Audiamus

371 814 498 869 ergo
518 798 643 869 quid
665 799 860 869 parias,
884 796 1195 853 Aristoteles
1225 796 1510 850 Pcenorum
1534 793 1575 846 ί.
1605 791 1845 855 Tantum,
1874 790 1959 843 in-

371 888 510 958 quis,
538 888 729 941 malum
765 888 808 941 ei
834 888 958 940 inest
982 929 997 954 ,
1025 895 1080 940 ut
1122 885 1441 957 possideatur
1478 899 1512 937 a
1554 882 1786 947 diabolo,
1814 890 1963 949 atque

370 990 615 1033 aeternum
636 988 886 1031 mercatur
912 977 1222 1032 incendium.

442 1070 578 1124 Avo.
611 1067 688 1123 Tu
710 1076 890 1122 autem
912 1068 1002 1138 qui
1030 1082 1145 1122 eam
1178 1081 1341 1138 negas
1366 1081 1395 1119 a
1423 1065 1636 1121 diabolo
1663 1064 1956 1135 possideri,

370 1160 554 1231 procul
576 1159 737 1215 dubio
768 1175 930 1230 negas
964 1176 993 1214 a
1019 1168 1277 1230 potestate
1304 1159 1418 1215 erui
1447 1158 1806 1226 tenebrarum,
1835 1173 1956 1212 cum

371 1254 424 1306 in
451 1250 651 1306 Christi
681 1266 903 1322 regnum
924 1251 1325 1322 regeneratione
1350 1249 1700 1315 transfertur;
1728 1257 1782 1304 et
1800 1262 1960 1304 accu-
2004 1313 2011 1321 ς

370 1356 457 1396 sas
484 1343 785 1397 universam
825 1341 1140 1398 catholicam
1182 1342 1475 1397 Ecclesiam
1514 1354 1706 1411 magno
1736 1339 1960 1395 crimine

372 1432 682 1502 majestatis.
706 1432 822 1487 Non
870 1434 1013 1489 enim
1055 1433 1263 1505 legibus
1297 1432 1454 1502 hujus
1489 1432 1674 1487 mundi
1714 1430 1820 1485 alio
1856 1430 1961 1485 cri-

370 1525 515 1578 mine
541 1531 748 1578 tenetur
775 1538 899 1579 reus
925 1566 938 1589 ,
970 1524 1211 1595 quisquis
1235 1523 1520 1595 imaginem
1540 1564 1555 1589 ,
1588 1521 1830 1592 quamvis
1852 1536 1957 1575 non

372 1614 570 1677 vivam,
603 1621 778 1667 tamen
809 1610 1144 1683 imperatoris
1178 1612 1429 1668 exsufﬂat
1452 1629 1465 1665 :
1489 1610 1837 1668 exsuf‘llantur
1864 1602 1959 1663 aii-

374 1713 481 1757 tem
529 1703 733 1773 parvuli
778 1703 831 1757 in
868 1704 1201 1770 exorcismo,
1246 1703 1550 1774 priusquam
1579 1701 1955 1777 baptizenturt

374 1792 736 1849 exsul‘flantur
778 1794 937 1864 igitur
977 1794 1110 1849 vivae
1148 1793 1435 1864 imagines,
1458 1808 1564 1848 non
1606 1792 1747 1862 regis
1780 1790 1959 1861 cujus-

371 1898 621 1953 cumque,
644 1882 738 1938 sed
767 1883 879 1939 Dei.
904 1883 1016 1938 Imo
1046 1899 1174 1939 vero
1198 1883 1533 1951 exsoluatur,
1562 1882 1656 1938 sed
1682 1881 1954 1948 diabolus,

374 1976 462 2045 qui
489 1976 804 2046 contagione
848 1976 1049 2046 peccati
1078 1983 1223 2032 tenet
1260 1976 1535 2047 parvulum
1563 1990 1717 2031 reum
1742 2016 1756 2040 ,
1785 1982 1843 2029 ut
1869 1974 1959 2029 illo

376 2067 518 2122 foras
561 2068 727 2123 misso
764 2067 941 2139 (Joan.
966 2083 1060 2133 xu,
1092 2068 1183 2139 51)
1225 2067 1481 2137 parvulus
1506 2065 1858 2121 transferatur
1892 2064 1957 2119 ad

372 2157 663 2211 Christum.
693 2157 1024 2213 Exsuﬂletur
1048 2158 1223 2227 itaque
1257 2156 1447 2212 Juliani
1469 2156 1719 2227 amentia,
1750 2170 1817 2209 ne
1847 2169 1960 2208 Ina-

367 2246 576 2316 jcstatis
602 2262 691 2303 rea
710 2248 760 2301 in
788 2248 1127 2317 parvulorum
1150 2246 1494 2301 mundatione
1516 2253 1570 2301 et
1588 2245 1959 2300 exsufflatione

371 2335 579 2393 dicatur
607 2338 869 2392 Ecclesia.
898 2337 953 2393 Si
981 2347 1158 2392 autem
1185 2352 1290 2391 non
1312 2336 1520 2391 eruitur
1539 2350 1569 2389 a
1592 2342 1851 2405 potestate
1876 2342 1956 2389 te-

373 2429 678 2495 nebrarum,
710 2438 765 2484 et
794 2429 899 2484 illic
920 2436 1160 2485 remanet
1199 2428 1483 2499 parvulus;
1511 2426 1637 2498 quid
1676 2427 1883 2481 miraris
1904 2427 1957 2480 iu

375 2518 494 2587 igne
519 2527 718 2574 aeterno
734 2535 854 2574 cum
882 2519 1094 2574 diabolo
1120 2518 1356 2574 futurum
1382 2561 1396 2584 ,
1426 2519 1517 2589 qui
1543 2519 1595 2573 in
1620 2518 1712 2574 Dei
1734 2533 1957 2589 regnum

373 2609 574 2667 intrare
608 2626 713 2666 non
750 2612 975 2666 sinitur?
999 2614 1077 2667 An
1105 2611 1229 2682 quia
1268 2610 1537 2681 Pelagiani
1575 2610 1757 2665 nescio
1799 2625 1957 2680 quem

372 2700 605 2766 parvulis
625 2716 730 2755 non
756 2701 1053 2772 baptizatis,
1082 2710 1278 2772 prazter
1305 2701 1397 2755 Dei
1420 2716 1663 2772 regnum,
1692 2700 1886 2771 quietis
1906 2708 1961 2755 et

373 2789 495 2842 vita:
521 2797 739 2844 aeterna:
766 2789 941 2844 locum
971 2798 1273 2861 przeparant
1293 2831 1309 2857 ,
1337 2789 1460 2845 ideo
1487 2789 1683 2845 Christi
1704 2790 1804 2845 erit
1825 2788 1956 2844 falsa

370 2881 633 2935 sententia
664 2900 677 2933 :
712 2882 811 2947 Qui
851 2883 1120 2935 crediderit
1163 2892 1211 2934 et
1247 2880 1533 2952 baptizatus
1578 2882 1760 2952 fuerit,
1790 2879 1961 2935 calvus

371 2965 496 3029 erit;
523 2965 611 3032 qui
638 2974 807 3017 autem
837 2980 938 3017 non
981 2964 1268 3027 crediderit,
1314 2963 1728 3017 condemnabitur
1763 2963 1956 3032 (Marc.

372 3071 480 3117 xvn,
512 3053 639 3125 16)?
665 3054 913 3124 Quisquis
935 3064 1111 3109 autem
1141 3063 1299 3125 negat
1325 3045 1573 3125 parvulos
1612 3054 1834 3109 credere
1866 3068 1961 3123 per

372 3161 465 3199 ora
500 3146 820 3217 gestanlium
845 3188 860 3211 ,
893 3155 1051 3217 neget
1089 3161 1197 3203 eos.
1221 3156 1275 3201 et
1308 3146 1553 3216 accipere
1590 3145 1915 3216 Baptismum
1941 3187 1956 3208 ,

372 3238 496 3308 quia
525 3238 575 3291 in
599 3238 842 3293 manibus
866 3240 1185 3309 gestautium
1214 3239 1563 3294 reluctantur.

443 3327 549 3383 CC.
576 3328 695 3383 Jac.
719 3328 823 3384 Sed
852 3329 984 3385 adeo
1008 3331 1145 3385 mala
1175 3345 1280 3384 non
1302 3338 1404 3413 est,
1436 3337 1493 3383 ut
1515 3328 1617 3383 nisi
1639 3328 1960 3383 Manicharus

372 3435 490 3475 eam
512 3434 764 3475 accusare
789 3434 894 3475 non
920 3421 1105 3490 possit.

444 3511 580 3567 Avo.
609 3510 931 3566 Manichams
956 3527 1082 3581 ergo
1108 3511 1259 3575 dixit,
1293 3510 1480 3565 Omnes
1497 3511 1588 3564 sub
1614 3518 1816 3581 peccato
1838 3526 1961 3564 nas-

375 3601 559 3668 cimur,
584 3618 794 3671 quorum
811 3603 917 3672 ipse
953 3611 1091 3656 ortus
1122 3603 1176 3656 in
1208 3602 1325 3656 vitio
1351 3612 1423 3655 est
1445 3600 1783 3669 (Ambrosius,
1811 3601 1899 3655 lib.
1928 3603 1951 3656 l

379 3693 442 3744 de
495 3690 818 3759 Pteuitentia,
847 3710 962 3762 cap.
989 3693 1060 3759 οὶ,
1117 3694 1194 3746 vel
1240 3692 1339 3761 5)?
1369 3691 1475 3747 Sed
1532 3693 1652 3762 quia
1685 3692 1787 3747 hoc
1829 3692 1963 3748 dixit

377 3782 564 3835 doctus
590 3789 645 3837 et
675 3781 865 3837 doctor
889 3784 1217 3850 catholicus,
1247 3782 1374 3854 quid
1409 3796 1469 3837 es
1496 3782 1597 3836 nisi
1625 3783 1878 3854 deceptus
1909 3792 1962 3839 et

378 3871 628 3941 deceptor
657 3870 974 3926 hmreticus?

448 3959 572 4013 CL‘I.
618 3959 737 4015 JUL.
791 3960 934 4031 Ego,
982 3962 1179 4031 inquit,
1237 3970 1413 4017 tamen
1469 3976 1573 4017 non
1633 3978 1749 4019 sum
1798 3964 1963 4019 Mani-

379 4040 601 4119 chmus,
634 4053 720 4123 qui
766 4067 883 4107 eam
930 4053 1149 4109 absolvo
1192 4054 1403 4121 verbis,
1432 4062 1486 4109 et
1525 4055 1825 4110 condemno
1870 4056 1962 4126 ju-

379 4141 550 4197 dieiis.
1684 4202 1691 4208 η

450 4236 584 4290 Aac.
626 4235 702 4289 'I‘u
746 4251 865 4292 eam
902 4235 1224 4291 condemnas
1258 4236 1494 4306 judicio,
1523 4246 1575 4291 et
1611 4236 1714 4290 hoc
1758 4236 1959 4306 iniquo,

380 4340 536 4394 quam
564 4326 699 4379 mala
725 4335 868 4380 tanta
900 4326 981 4380 vis
1008 4327 1208 4396 perpeti
1234 4328 1350 4382 sine
1370 4326 1561 4382 merito
1585 4327 1746 4380 malo.

449 4415 597 4471 CCII.
628 4417 750 4471 JUL.
777 4417 914 4482 Quid
939 4419 1098 4487 igitur
1125 4418 1210 4472 hic
1230 4418 1459 4488 primum
1489 4432 1756 4486 accusem,
1787 4417 1962 4488 impu-

378 4505 613 4561 dentiam
640 4501 944 4560 meulieuiis
962 4548 976 4571 ,
1000 4507 1275 4562 libidinem
1304 4509 1624 4579 disputantis
1645 4549 1663 4575 ,
1688 4524 1754 4562 an
1787 4509 1965 4578 profa-

380 4597 601 4651 uitatem
633 4604 737 4648 tam
778 4610 936 4664 prava
979 4596 1280 4651 credentis?
1305 4597 1469 4651 Nobis
1506 4605 1683 4652 tamen
1729 4598 1964 4668 intelligo

381 4683 635 4740 utendum
676 4683 949 4754 propheta:
982 4700 1100 4740 esse
1129 4686 1344 4740 verbis:
1371 4685 1514 4739 Beati
1545 4703 1720 4740 sumus
1754 4686 1961 4753 Israel,

379 4775 501 4846 quia
524 4789 635 4843 qua:
654 4772 762 4827 Deo
787 4774 1000 4843 placent,
1035 4775 1173 4828 nobis
1199 4785 1318 4827 nota
1343 4785 1459 4827 sunt
1485 4773 1715 4844 (Baruch
1742 4792 1814 4840 IV,
1843 4776 1923 4845 4).

455 4869 597 4922 Aac.
623 4864 767 4920 Itane
798 4879 943 4930 vero,
967 4880 1084 4934 qua:
1113 4865 1227 4918 Deo
1254 4864 1462 4932 placent
1484 4865 1633 4919 vobis
1655 4875 1780 4918 nota
1805 4866 1964 4919 sunt?

382 4954 623 5022 Insulse,
650 4962 711 5009 ut
752 4954 867 5008 sine
911 4953 1020 5007 ulla
1063 4954 1378 5023 contagione
1409 4953 1612 5023 peccati
1654 4963 1965 5023 premantur

385 5044 586 5114 parvuli
612 5043 762 5115 gravi
791 5044 939 5113 jugo,
973 5043 1148 5112 placet
1184 5043 1294 5097 Deo
1315 5042 1640 5096 'lTrahunt
1674 5057 1803 5113 ergo
1835 5058 1964 5098 con-

385 5136 580 5205 tagium
616 5134 683 5190 de
718 5135 810 5189 illo
837 5135 1010 5206 primo
1048 5149 1343 5206 magnoque
1382 5143 1600 5205 peccato
1633 5152 1645 5187 :
1691 5135 1832 5204 quod
1870 5150 1965 5190 vos

385 5225 628 5281 nolentes
670 5224 823 5280 fateri
848 5267 864 5293 ,
902 5225 1029 5296 quid
1073 5225 1175 5281 nisi
1229 5225 1483 5295 injustum
1522 5224 1779 5295 judicium
1826 5226 1965 5281 datis

390 5313 500 5369 Deo
519 5313 544 5366 ’ἒ
1116 5386 1117 5389 η
1650 5372 1651 5375 η

455 5402 631 5458 CCIII.
677 5402 796 5458 Jun.
843 5403 949 5459 Sed
997 5404 1355 5460 invectionum
1404 5403 1636 5460 officium
1678 5404 1964 5475 legentium

387 5507 611 5547 censura
636 5492 943 5563 supplebit:
983 5508 1083 5548 nos
1121 5508 1407 5565 pergamus
1443 5494 1510 5549 ad
1544 5494 1769 5566 reliqua.
1811 5493 1967 5552 Certe

392 5622 640 5730 pm
671 5620 871 5684 pendeo.
888 5628 1017 5684 uss,
1042 5634 1310 5687 partarum.
1333 5623 1612 5686 Legendum
1634 5624 1761 5675 haud
1797 5627 1964 5688 dubie,

451 5718 658 5803 ἵᾘῆίξξ
684 5758 780 5796 non
828 5742 1022 5806 placere
1055 5752 1168 5795 Deo.
1210 5752 1310 5808 Duo
1352 5752 1480 5808 Ms_s.,
1523 5757 1616 5795 non
1657 5747 1813 5808 placet
1850 5757 1963 5799 Deo.

390 5808 474 5855 Ils.
493 5810 824 5865 t’ort.,omissa
849 5812 1061 5868 negante
1086 5806 1344 5869 particula,
1368 5805 1522 5868 placet
1552 5805 1687 5858 Deo?

1643 462 1664 473 ,
1740 409 1941 465 LIBER
1978 406 2290 463 TERTIUS.

3516 410 3653 469 1553

2030 581 2041 590 ,
2071 521 2273 574 nullum
2312 528 2395 574 est
2425 520 2475 573 in
2507 519 2667 578 rebus
2696 520 2837 575 aliud
2871 521 3104 589 malum,
3138 522 3280 593 quod
3304 539 3428 580 vere
3454 526 3648 582 malum

2070 610 2160 675 sit,
2190 610 2293 665 nisi
2320 610 2461 680 quod
2488 618 2761 681 peccatum
2787 626 3059 666 vocamus.

2138 703 2271 757 Anc.
2294 700 2351 758 Si
2379 717 2484 757 non
2510 711 2634 757 sunt
2661 703 2797 757 mala
2820 704 2978 758 etiam
3003 705 3259 774 supplicia
3287 714 3643 777 peccatorum,

2067 807 2173 847 non
2204 800 2289 848 cst
2321 793 2590 863 quomodo
2616 792 2871 849 defendas
2900 795 3064 850 Deum
3087 796 3287 851 dixisse
3312 813 3497 852 verum
3517 839 3532 863 ,
3560 801 3651 869 qui

2066 884 2199 939 dixit
2223 899 2408 941 creare
2434 900 2493 941 se
2514 885 2653 940 mala
2679 884 2813 957 (Isai
2836 902 2957 953 xcv,
2987 888 3064 957 7);
3090 903 3195 943 non
3223 890 3366 944 enim
3394 889 3654 946 dicendus

2066 984 2147 1030 est
2169 989 2353 1030 creare
2380 984 2618 1045 peccata.

2134 1062 2310 1118 CCIV.
2331 1063 2450 1119 Jun.
2480 1064 2560 1118 Ex
2588 1079 2695 1135 quo
2720 1073 2943 1135 peccato
2964 1066 3197 1137 gignitur
3217 1066 3270 1121 in
3300 1081 3648 1138 unoquoque,

2065 1163 2123 1209 ut
2146 1153 2280 1209 dicis
2302 1196 2317 1223 ,
2341 1155 2582 1210 naturale
2620 1156 2818 1211 malum
2844 1174 2859 1211 :
2888 1157 3020 1211 nihil
3044 1165 3129 1213 est
3164 1157 3327 1229 igitur.
3348 1156 3493 1213 aliud
3522 1172 3669 1213 vere.

2067 1244 2284 1316 malum,
2316 1259 2472 1315 quam
2495 1246 2744 1301 meritum
2776 1246 2998 1302 malum.

2137 1336 2267 1391 Avo.
2291 1334 2407 1390 Non
2443 1345 2647 1391 tantum
2695 1337 2947 1393 meritum
2995 1337 3227 1406 malum},
3257 1354 3448 1395 verum
3489 1338 3650 1395 etiam

2066 1441 2243 1495 pmna,
2274 1443 2395 1497 qua:
2435 1428 2576 1483 malo
2620 1430 2813 1484 merito
2855 1429 3126 1495 redditur.
3158 1431 3357 1486 malum
3383 1438 3487 1486 est.
3533 1430 3659 1486 Non

2064 1518 2205 1571 enim
2237 1533 2363 1574 vere
2404 1519 2603 1573 malum
2631 1529 2714 1575 est
2741 1529 3017 1590 peccatum
3035 1562 3050 1586 ,
3077 1529 3132 1575 et
3149 1537 3256 1577 non
3282 1529 3368 1578 est
3388 1536 3518 1578 vere
3538 1535 3663 1576 ma~

2065 1608 2174 1663 lum
2200 1623 2356 1679 pinna
2385 1611 2606 1679 peccati.
2632 1609 2687 1666 Si
2703 1626 2833 1681 ergo
2860 1611 3063 1666 nullum
3089 1620 3232 1667 esset
3251 1612 3304 1667 in
3323 1612 3558 1682 parvulis
3582 1626 3651 1668 ex

2064 1699 2268 1770 origine
2309 1700 2506 1755 malum
2551 1702 2800 1757 meritum
2825 1744 2841 1769 ,
2878 1702 3132 1774 quidquid
3179 1704 3303 1758 mali
3356 1703 3647 1775 patiuntur,

2063 1799 2207 1845 esset
2244 1790 2518 1861 injustum.
2553 1792 2618 1847 Et
2638 1792 2759 1848 ideo
2810 1793 2912 1848 ista
2953 1795 3092 1848 mala
3136 1793 3186 1848 in
3230 1794 3481 1863 paradiso
3527 1809 3651 1850 esse

2062 1897 2168 1936 non
2197 1892 2448 1952 possent;
2476 1884 2598 1954 quia
2623 1885 2827 1940 nullum
2857 1893 3001 1940 esset
3030 1885 3103 1939 ibi
3131 1885 3378 1939 meritum
3408 1884 3606 1940 malum
3630 1926 3644 1949 ,

2063 1972 2107 2025 si
2136 1971 2258 2027 felix
2289 1972 2588 2028 obedientia
2631 1982 2987 2043 permaneret.
3014 1975 3094 2029 Ac
3122 1989 3218 2044 per
3258 1974 3380 2041 hoc,
3410 1974 3533 2044 quia
3564 1974 3653 2029 hic

2063 2070 2188 2116 sunt
2224 2062 2277 2117 in
2304 2064 2538 2134 parvulis
2584 2065 2721 2118 mala
2747 2106 2763 2132 ,
2789 2080 2908 2135 quae
2936 2065 3009 2120 ibi
3058 2079 3165 2120 non
3203 2074 3421 2131 essent;
3454 2066 3653 2121 habent

2063 2152 2223 2207 etiam
2271 2154 2521 2210 meritum
2567 2136 2797 2223 malum,
2824 2153 2967 2225 quod
3020 2154 3122 2210 nisi
3163 2155 3494 2226 originaliter
3542 2171 3650 2211 non

2063 2241 2337 2299 haberent.

2133 2332 2282 2389 CCV.
2306 2333 2425 2390 ιω..
2452 2335 2507 2392 Si
2531 2350 2658 2407 ergo
2680 2343 2735 2391 et
2758 2335 3082 2391 Manichteus
3104 2350 3210 2390 non
3236 2335 3306 2390 ob
3334 2335 3477 2390 aliud
3522 2335 3652 2390 dicit

2063 2424 2256 2480 malam
2283 2434 2550 2493 naturam,
2579 2441 2736 2497 quam
2758 2426 2899 2496 quod
2925 2441 3045 2482 eam
3066 2426 3192 2481 mali
3223 2425 3399 2480 meriti
3429 2425 3648 2481 arbitra-

2064 2523 2168 2578 tur,
2200 2515 2285 2570 cui
2323 2522 2475 2586 putat
2507 2515 2784 2571 inferenda
2811 2516 3111 2586 supplicia;
3139 2523 3197 2571 et
3220 2523 3278 2570 tu
3312 2524 3517 2570 natura:
3547 2515 3653 2571 hu-

2063 2620 2234 2659 manae
2261 2606 2457 2661 malum
2478 2606 2654 2662 inesse
2673 2606 2978 2671 conlirmas,
3003 2620 3102 2660 nec
3117 2606 3260 2660 aliud
3278 2606 3471 2660 malum
3493 2622 3659 2676 quam

2064 2695 2205 2765 quod
2250 2695 2596 2762 Maniclueus.
2647 2695 2701 2751 id
2749 2704 2864 2761 est,
2916 2695 3402 2766 concupiscentiam
3452 2698 3652 2763 carnis,

2063 2802 2221 2857 quam
2269 2803 2299 2843 a
2336 2787 2548 2845 diabolo
2594 2788 2932 2845 concionaris
2971 2788 3197 2843 infusam
3226 2788 3242 2820 ‘
3268 2804 3284 2854 ;
3312 2803 3536 2858 eamque
3574 2787 3653 2844 sic

2064 2879 2185 2931 mali
2212 2878 2385 2933 meriti
2412 2894 2531 2934 esse
2558 2878 2713 2945 dicis,
2737 2888 2794 2933 ut
2821 2879 3038 2934 aeternis
3066 2893 3182 2934 eam
3218 2880 3473 2948 persistas
3499 2879 3654 2947 adju-

2064 2966 2244 3021 dicare
2286 2968 2603 3022 tormentis:
2634 2983 2739 3022 non
2780 2968 2937 3023 aliter
2962 2969 3078 3023 sine
3104 2968 3266 3022 dubio
3286 2984 3443 3038 quam
3483 2969 3654 3024 Mani.

2063 3055 2263 3122 chazus,
2293 3057 2576 3125 pessimam
2598 3056 2741 3111 illam
2769 3057 3180 3126 damnatamque
3207 3059 3541 3129 pronuntias.

2135 3146 2270 3199 Aoc.
2327 3144 2444 3200 Jam
2489 3147 2766 3200 ernbesce.
2828 3145 3268 3216 Concupiscentia
3322 3136 3499 3202 carnis
3546 3163 3659 3202 non

2064 3248 2144 3292 est
2170 3252 2200 3291 a
2227 3238 2405 3302 Patre,
2435 3240 2530 3293 sed
2554 3253 2621 3293 ex
2649 3238 2847 3292 numdo
2878 3247 2992 3304 est;
3022 3238 3074 3293 id
3101 3247 3202 3301 est,
3232 3254 3298 3293 ex
3329 3239 3651 3304 hominibus,

2064 3342 2288 3397 quorum
2331 3327 2525 3383 fetibus
2568 3327 2819 3397 impletus
2865 3337 2949 3383 est
2988 3328 3220 3383 mundus
3249 3346 3263 3383 :
3288 3328 3427 3384 hanc
3468 3338 3652 3384 autem

2064 3418 2341 3474 Manichaai
2376 3419 2609 3473 tribuunt
2651 3419 2796 3489 genti
2852 3419 3228 3487 tenebrarum,
3280 3420 3654 3490 adjuvantibus

2065 3511 2249 3576 vobis,
2291 3511 2382 3581 qui
2432 3510 2533 3566 hoc
2578 3512 2773 3566 malum
2818 3511 2971 3566 nobis
3019 3525 3115 3581 per
3162 3512 3652 3580 praevaricationem

2067 3601 2219 3670 primi
2265 3600 2530 3667 hominis,
2564 3599 2855 3655 secundum
2899 3600 3303 3654 Ambrosianum
3345 3598 3482 3669 (Lib.
3530 3601 3562 3653 7
3599 3601 3655 3654 in

2066 3691 2191 3746 Luc.
2224 3691 2340 3762 xu),
2370 3690 2471 3746 hoc
2500 3700 2601 3757 est,
2629 3690 2943 3746 catholicam
2975 3690 3151 3757 fidem,
3187 3690 3239 3745 in
3268 3699 3509 3746 naturam
3532 3707 3655 3747 ver-

2067 3785 2195 3839 tisse
2221 3798 2327 3838 non
2356 3783 2540 3839 vultis.

2135 3872 2312 3929 CCVI.
2360 3874 2479 3929 Jun.
2515 3872 2803 3929 Videamus
2840 3887 2968 3942 ergo
3013 3872 3282 3943 quomodo
3322 3871 3427 3928 huc
3470 3871 3656 3928 redeat

2066 3964 2225 4020 etiam
2268 3979 2390 4034 pars
2439 3963 2669 4019 secunda
2725 3963 3004 4019 sententia:
3054 3972 3180 4018 tute.
3233 3964 3418 4018 Dixisti
3466 3965 3650 4021 enim:

2069 4054 2170 4122 Qui
2207 4054 2330 4107 dicit
2368 4064 2603 4108 naturam
2640 4055 2913 4108 humanam
2949 4054 3132 4110 bonum
3168 4070 3269 4108 non
3308 4071 3443 4120 esse,
3471 4055 3657 4109 bonum

2066 4156 2212 4217 negat
2237 4146 2455 4201 condin
2497 4154 2773 4200 creatorem
2800 4161 2819 4197 :
2842 4146 2929 4215 qui
2954 4162 3071 4199 vero
3093 4153 3242 4215 negat
3269 4145 3316 4198 ei
3344 4146 3533 4199 malum
3578 4146 3658 4199 in-

2066 4255 2205 4305 esse,
2236 4238 2608 4292 misericordem
2645 4237 2834 4291 vitione
2855 4237 3040 4290 invidet
3072 4238 3371 4291 salvatorem
3402 4236 3503 4308 (De
3535 4237 3656 4291 Nu-

2068 4328 2185 4396 ptiis
2220 4336 2266 4380 et
2308 4326 2752 4396 Concupiscentia,
2777 4325 2865 4380 lib.
2891 4326 2928 4379 2
2951 4367 2965 4391 ,
2993 4343 3047 4380 η.
3075 4326 3189 4396 56).
3232 4327 3286 4382 Si
3326 4341 3477 4396 ergo,
3509 4319 3568 4381 ut
3598 4335 3656 4402 tu

2068 4415 2304 4486 profiteri
2333 4425 2547 4470 coactus
2571 4430 2660 4479 es,
2685 4414 2775 4484 qui
2802 4422 2958 4485 negat
2990 4429 3107 4469 eam
3148 4415 3347 4469 bonum
3378 4429 3519 4480 esse,
3550 4415 3652 4469 ho-

2068 4523 2196 4562 num
2242 4507 2403 4562 etiam
2430 4507 2761 4562 conditorem
2803 4507 2953 4575 ejus,
2981 4505 3032 4559 id
3065 4513 3164 4573 est,
3190 4506 3354 4561 Deum
3383 4514 3577 4576 negat;
3603 4515 3659 4561 et

2068 4599 2197 4654 nihil
2239 4598 2379 4653 aliud
2419 4607 2503 4652 est
2540 4598 2734 4652 malam
2775 4612 2896 4652 esse
2938 4607 3215 4661 naturam,
3256 4613 3413 4667 quam
3454 4598 3655 4651 malum

2068 4687 2316 4741 meritum
2358 4685 2554 4739 habere
2583 4686 2897 4739 naturaliter
2919 4700 2935 4747 ;
2957 4685 3163 4739 veritati
3193 4695 3389 4738 nostra:
3426 4684 3657 4737 admini-

2068 4777 2277 4831 culatur
2312 4776 2472 4829 etiam
2503 4782 2678 4828 vestra
2721 4772 2989 4827 confessio
3009 4815 3023 4839 ,
3056 4787 3252 4841 negare
3282 4786 3376 4825 vos
3408 4772 3659 4827 videlicet

2071 4869 2236 4922 Deum
2267 4867 2463 4920 bonum
2491 4866 2767 4920 hominum
2809 4864 3137 4919 conditorem
3159 4904 3173 4927 ,
3207 4878 3433 4933 quorum
3461 4863 3655 4917 malam

2068 4972 2187 5012 esse
2207 4965 2470 5021 naturam,
2502 4963 2557 5012 et
2580 4954 2720 5009 vitiis
2738 4955 2854 5024 ejus
2874 4955 3084 5024 juratis,
3114 4963 3167 5008 et
3196 4954 3390 5023 poenis.

2141 5049 2274 5103 Aac.
2312 5046 2511 5102 Natura
2552 5046 2814 5111 humana,
2841 5045 2941 5100 etsi
2984 5045 3122 5099 mala
3168 5055 3280 5108 est,
3306 5043 3431 5113 quia
3476 5042 3655 5097 vitiata

2068 5147 2181 5203 est;
2214 5152 2317 5191 non
2338 5146 2511 5192 tamen
2532 5135 2731 5191 malum
2746 5144 2845 5201 est,
2865 5135 2987 5205 quia
3011 5143 3196 5188 natura
3217 5143 3320 5189 est.
3340 5132 3493 5189 Nulla
3514 5134 3658 5188 enim

2069 5238 2276 5293 natura,
2306 5229 2357 5282 in
2379 5236 2631 5298 quantum
2659 5235 2845 5281 natura
2871 5234 2955 5281 est
2972 5267 2990 5292 ,
3017 5225 3214 5279 malum
3242 5235 3357 5290 est;
3386 5224 3479 5280 sed
3502 5237 3656 5296 pror-

2069 5336 2161 5376 sus
2184 5321 2404 5387 bonum,
2431 5321 2546 5375 sine
2572 5334 2679 5390 quo
2700 5318 2841 5373 bono
2866 5318 3029 5372 ullum
3057 5331 3176 5373 esse
3204 5332 3310 5371 non
3333 5323 3515 5386 potest
3540 5329 3653 5370 ma-

2069 5412 2180 5465 lum
2204 5428 2218 5463 :
2242 5411 2366 5480 quia
2394 5409 2498 5463 nisi
2526 5410 2577 5463 in
2604 5409 2777 5478 aliqua
2801 5416 2992 5463 natura
3014 5406 3178 5461 ullum
3207 5419 3329 5462 esse
3351 5419 3457 5460 non
3484 5411 3659 5474 potest

2071 5499 2289 5563 vitium;
2318 5499 2561 5567 quamvis
2590 5498 2706 5553 sine
2733 5498 2863 5551 vitio
2891 5498 3060 5567 possit
3083 5511 3202 5551 esse
3224 5537 3240 5563 ,
3274 5495 3360 5551 vel
3382 5507 3651 5565 nunquam

2072 5590 2272 5652 viiiata,
2303 5588 2389 5642 vel
2416 5596 2599 5642 sanata
2621 5596 2806 5642 natura
2833 5605 2846 5641 :
2868 5586 3007 5655 quod
3028 5585 3302 5640 Manichazi
3323 5585 3366 5640 si
3397 5583 3659 5645 intellige-

2072 5687 2211 5744 rent,
2237 5677 2510 5731 Manichaﬁ
2551 5677 2769 5731 omnino
2806 5692 2909 5731 uou
2939 5683 3152 5742 essent,
3184 5672 3316 5729 duas
3354 5685 3420 5728 ex
3443 5682 3659 5727 contra-

2139 5812 2155 5842 ί
2191 5810 2261 5859 sic
2284 5816 2393 5860 Mss.
2418 5807 2534 5858 Editi
2560 5817 2738 5861 autem.
2773 5807 2997 5859 inustam.
