4172 6492
525 345 662 401 1335

519 457 614 510 riis
649 453 888 524 partibus
921 450 1050 507 boui
1093 457 1152 504 et
1183 448 1308 502 mali
1351 441 1732 500 introdueendo
1771 449 2006 494 naturas.
2050 434 2106 488 Si
2167 511 2178 518 .

519 557 648 612 ergo
671 541 818 598 vides
842 539 970 611 quid
999 539 1140 594 inter
1159 551 1258 592 nos
1275 547 1330 591 et
1354 532 1672 590 Manichreos
1693 527 1920 592 intersit,
1953 535 2066 578 tace
2092 540 2104 576 :

517 634 564 686 si
599 645 706 687 non
737 629 906 694 vides,
937 637 1076 683 tace.

595 718 796 774 CCVII.
843 717 962 773 Jun.
1007 715 1124 770 Non
1161 728 1290 783 ergo
1319 711 1618 767 invidemus
1651 708 1968 762 salvatorem
2001 703 2110 768 illi,

525 824 688 878 quam
711 807 1002 864 conditoris
1023 805 1104 860 sui
1123 803 1382 874 dignitate
1401 799 1730 856 defendimus
1755 815 1770 852 :
1802 796 1896 852 sed
1917 796 2112 850 malum

527 915 646 954 eam
675 913 930 968 negamus
970 913 1090 952 esse
1111 938 1124 960 ,
1153 911 1222 950 ne
1247 893 1544 948 efﬁciamur
1571 889 1884 954 Manichzei;
1915 889 2114 944 malum

528 993 578 1046 ei
609 1005 868 1060 negamus
883 989 1054 1044 incse
1079 1029 1096 1054 ,
1126 1001 1194 1042 ne
1214 985 1430 1040 mutatis
1455 983 1760 1039 nominibus
1797 982 1964 1036 simus
1994 981 2118 1034 toti-

533 1081 654 1136 dem
679 1077 974 1134 Manichzei.

605 1173 739 1226 Auo.
781 1170 1006 1224 Prorsus
1034 1175 1218 1222 contra
1253 1163 1573 1219 Manichzeos
1603 1163 1734 1218 estis
1757 1203 1772 1226 ,
1795 1177 1918 1216 cum
1943 1160 2118 1216 dicitis

535 1271 776 1316 naturam
821 1259 1014 1314 malam
1059 1269 1162 1312 non
1190 1271 1308 1310 esse
1335 1273 1347 1308 :
1377 1254 1468 1308 sed
1497 1252 1765 1322 Pelagiani
1801 1251 1930 1305 estis
1949 1293 1966 1316 ,
1995 1265 2116 1304 cum

534 1351 586 1406 ei
631 1349 827 1404 malum
873 1347 1048 1402 dicitis
1087 1363 1190 1400 non
1233 1346 1426 1406 inesse,
1452 1353 1502 1397 et
1543 1343 1842 1396 nescientes
1861 1339 2118 1408 suffraga-

535 1441 664 1496 mini
687 1439 1008 1502 Maniclneis,
1029 1437 1255 1492 dicendo
1277 1437 1494 1500 malum,
1526 1433 1666 1504 quod
1697 1434 1744 1487 ei
1775 1431 2116 1486 manifestum

536 1545 620 1590 est
667 1535 884 1598 inesse,
925 1547 991 1586 ex
1047 1529 1204 1600 primi
1251 1527 1480 1581 hominis
1529 1523 1960 1596 praevaricatione
2013 1537 2118 1576 non

535 1641 688 1690 esse;
712 1633 768 1678 ut
805 1621 1124 1677 concludant
1159 1619 1234 1672 illi
1255 1619 1414 1672 aliam
1447 1615 1800 1670 substantiam
1845 1621 2122 1666 naturam-

535 1731 638 1785 que
660 1713 784 1768 mali
814 1725 955 1768 esse.

603 1802 828 1860 CCVIII.
855 1803 975 1858 JUL.
1007 1799 1194 1856 Vitiari
1229 1808 1408 1854 autem
1443 1799 1494 1851 in
1527 1809 1848 1866 unoquoque
1883 1793 1994 1863 jam
2023 1808 2120 1846 suo

533 1896 790 1950 arbitratu
823 1894 908 1949 vel
935 1893 1134 1948 bonum
1159 1898 1352 1962 agente
1375 1889 1458 1944 vel
1487 1890 1708 1952 malum,
1737 1901 1982 1956 persona:
2009 1899 2122 1938 me-

533 1987 696 2040 ritum
723 1983 974 2046 dicimus,
997 1997 1104 2036 non
1126 1988 1347 2036 naturze.
1371 1979 1439 2034 Et
1465 1977 1587 2033 ideo
1611 1991 1706 2047 per
1722 1975 1948 2047 gratiam
1967 1972 2122 2028 Chri-

535 2075 600 2128 sti
627 2074 678 2130 id
705 2073 882 2129 sanari
909 2071 1228 2130 asserimus,
1253 2067 1394 2140 quod
1425 2067 1592 2122 vitiari
1622 2073 1794 2136 potest
1822 2083 1836 2118 :
1867 2063 2120 2134 quoniam

533 2180 634 2220 nec
653 2163 794 2218 aliud
834 2163 1126 2219 sauciatum
1163 2160 1491 2222 ostenditur,
1517 2173 1678 2228 quam
1705 2155 1847 2228 quod
1874 2163 2118 2210 sanatum

534 2252 778 2309 docetur.

605 2346 741 2398 Aue.
771 2341 932 2396 Certe
957 2354 1054 2396 vos
1088 2338 1334 2394 invidetis
1361 2335 1593 2406 parvulis
1617 2333 1946 2390 Salvatorem
1979 2351 1994 2388 :
2022 2348 2120 2389 ex-

536 2431 784 2488 sulllaudi
809 2431 948 2486 sicut
975 2430 1072 2499 ipsi
1099 2471 1113 2492 ,
1146 2429 1192 2482 si
1215 2429 1316 2482 hoc
1341 2426 1492 2480 vobis
1515 2425 1767 2495 prodesse
1788 2423 2118 2490 crederetur,

539 2531 596 2576 ut
619 2519 940 2576 erueremini
967 2518 1033 2573 de
1061 2526 1324 2588 potestate
1347 2514 1704 2577 tenebrarum,
1735 2520 1790 2568 et
1815 2511 1868 2566 in
1899 2525 2120 2582 regnum

540 2611 736 2667 Christi
766 2607 1205 2664 transferremini.

605 2703 784 2760 CCIX.
814 2701 933 2756 Jun.
964 2701 1020 2756 In
1061 2697 1342 2768 baptizatis
1379 2704 1556 2750 autem
1589 2709 1694 2750 non
1735 2694 2119 2764 concupiscen-

540 2797 612 2850 tia
639 2797 654 2828 ¹
685 2794 896 2858 carnis,
936 2805 1054 2862 qua:
1098 2789 1352 2844 naturalis
1397 2796 1512 2850 est,
1541 2785 1636 2841 sed
1680 2785 2122 2854 concupiscentia:

539 2886 697 2942 mala:
716 2883 952 2938 aufertur
979 2889 1179 2936 reatus.

607 2977 744 3031 Auc.
787 2973 1022 3028 Joannes
1077 2969 1350 3041 apostolus
1407 2965 1892 3036 concupiscentiam
1945 2965 2122 3020 carnis

537 3069 674 3124 dixit
692 3082 722 3121 a
749 3067 907 3122 Patre
937 3079 1044 3120 non
1069 3077 1188 3118 esse
1209 3103 1224 3128 ,
1248 3061 1342 3116 sed
1367 3076 1432 3114 ex
1457 3059 1656 3114 mundo
1677 3059 1718 3130 (I
1743 3058 1899 3112 Joan.
1927 3074 1984 3124 ιι,
2009 3059 2118 3129 16),

535 3162 638 3216 hoc
657 3159 818 3214 modo
845 3172 962 3212 eam
989 3155 1182 3210 malam
1211 3153 1408 3208 faciens
1437 3151 1658 3219 intelligi
1695 3167 1708 3204 :
1739 3158 1794 3204 tu
1815 3157 1990 3204 autem
2015 3164 2120 3204 non

533 3249 1017 3321 concupiscentiam
1057 3245 1236 3302 carnis
1271 3259 1388 3314 qua:
1433 3243 1688 3298 naturalis
1723 3250 1826 3308 est,
1858 3240 1952 3296 sed
1984 3255 2117 3296 cou-

533 3341 914 3414 cupiscentiam
952 3337 1146 3394 malam
1179 3343 1384 3390 reatum
1433 3332 1634 3387 habere
1679 3331 1834 3387 dicis.
1873 3330 2028 3400 Apud
2071 3339 2124 3385 te

537 3433 737 3503 quippe
771 3446 872 3486 nec
911 3425 1126 3500 quando
1170 3423 1567 3496 concupiscitur
1597 3421 1906 3488 fornicatio,
1928 3435 2123 3476 concu-

534 3521 788 3594 piscentia
815 3519 991 3577 carnis
1027 3517 1165 3574 mala
1207 3525 1321 3582 est;
1353 3515 1505 3585 quia,
1537 3522 1596 3569 ut
1621 3513 1782 3579 dicis,
1817 3515 1958 3569 b0u0
1984 3513 2122 3568 male

539 3614 720 3679 utitur,
747 3612 838 3682 qui
865 3610 944 3666 sic
968 3608 1148 3664 utitur.
1173 3607 1380 3661 Bonum
1405 3614 1489 3661 est
1514 3618 1644 3674 ergo
1669 3604 1782 3672 ipsa
1803 3617 2037 3672 semper,
2064 3610 2123 3657 ut

534 3705 616 3760 vis
639 3747 655 3772 ,
687 3705 801 3759 sive
823 3703 944 3772 quis
976 3717 1040 3756 ea
1067 3699 1392 3769 coniugium,
1423 3697 1536 3752 sive
1575 3695 1896 3750 adulterium
1917 3709 2120 3750 concu-

535 3797 706 3868 piscat
733 3813 746 3849 :
774 3793 1026 3865 quoniam
1073 3791 1117 3846 si
1145 3789 1449 3859 conjugium
1471 3829 1487 3855 ,
1517 3787 1660 3842 bono
1687 3786 1824 3843 bene
1849 3787 2048 3852 utitur;
2077 3787 2122 3842 si

537 3885 882 3948 adulterium,
909 3884 1052 3938 bono
1073 3879 1212 3934 male
1243 3880 1430 3934 utitur.
1460 3878 1640 3949 Pugna
1671 3877 1827 3948 igitur
1852 3893 1973 3932 cum
2001 3892 2124 3948 apo-

535 3975 678 4032 stolo
711 3975 954 4038 Joanne,
985 3985 1094 4025 non
1131 3983 1384 4024 mecum:
1423 3983 1528 4022 non
1576 3967 1718 4022 enim
1757 3969 2028 4023 consentis
2072 3969 2122 4022 ei

536 4065 735 4122 dicenti
777 4079 896 4120 eam
949 4062 1182 4126 malam,
1235 4075 1394 4130 quam
1451 4059 1582 4114 dicit
1631 4059 2122 4130 concupiscentiam

535 4155 712 4210 carnis
735 4168 766 4208 a
795 4153 952 4208 Patre
979 4166 1084 4206 non
1112 4164 1232 4205 esse
1260 4191 1274 4214 ,
1301 4149 1396 4204 sed
1429 4163 1494 4204 ex
1525 4147 1722 4202 mundo
1741 4189 1756 4214 ,
1787 4148 2040 4219 quamdiu
2068 4157 2122 4204 tu

534 4245 669 4300 dicis
695 4241 1178 4312 concupiscentiam
1203 4240 1400 4306 carnis,
1423 4241 1584 4295 etiam
1605 4238 1817 4308 quando
1838 4255 1900 4296 ea
1924 4240 2120 4294 malum

535 4335 949 4405 concupiscitur,
975 4347 1095 4388 esse
1117 4332 1335 4398 bonam,
1366 4345 1428 4385 ac
1457 4345 1553 4400 per
1591 4331 1692 4385 hoc
1717 4346 1985 4401 nunquam
2007 4347 2121 4385 ma-

536 4425 665 4480 lam.
694 4425 800 4480 Sed
824 4465 839 4490 ,
863 4422 1021 4478 crede
1059 4421 1186 4476 mihi
1211 4461 1227 4487 ,
1259 4435 1417 4475 nemo
1447 4419 1766 4474 christianus
1791 4429 1876 4476 est
1899 4421 1988 4492 qui
2015 4437 2120 4478 non

535 4514 949 4584 malitapostolo
977 4513 1166 4568 Joanui
1196 4511 1518 4577 consentire,
1548 4525 1704 4580 quam
1739 4511 1850 4565 tibi.

607 4604 764 4662 CCX.
790 4604 910 4660 ιω..
937 4605 1016 4658 Ac
1041 4617 1136 4673 per
1161 4601 1284 4664 hoc,
1313 4615 1414 4656 nec
1433 4600 1644 4670 aliquod
1673 4609 1952 4670 peccatum
1979 4617 2120 4671 esse,

535 4707 642 4752 tam
666 4695 970 4750 Conditoris
993 4693 1212 4748 humani
1241 4691 1472 4762 generis,
1500 4705 1658 4762 quam
1689 4691 2059 4763 Redemptoris
2075 4697 2118 4760 ²,

539 4785 844 4842 testimonio
872 4781 1269 4854 comprobatur.

611 4875 748 4931 Auc.
783 4873 920 4942 Quid
949 4883 1032 4930 est
1059 4871 1200 4942 quod
1223 4870 1357 4925 dicis
1385 4869 1546 4924 nimis
1577 4869 2000 4937 inconsiderate,
2033 4889 2124 4926 nec

534 4963 742 5028 aliquod
781 4971 1038 5030 peccatum
1063 4967 1256 5013 naturae
1295 4959 1487 5012 inesse?
1509 4958 1660 5027 quasi
1689 4967 1962 5027 peccatum
1999 4975 2124 5029 pos-

538 5051 610 5105 sit
631 5051 850 5104 omniuo
875 5052 1051 5106 inesse
1077 5049 1176 5104 nisi
1206 5055 1428 5111 naturai,
1455 5047 1664 5102 etiamsi
1693 5063 1799 5102 non
1828 5049 1897 5102 sit
1920 5051 2124 5120 origine

539 5137 968 5200 attractum,scd
1007 5138 1280 5191 voluntate
1327 5135 1693 5190 commissum.
1747 5135 1874 5192 Sive
1923 5140 2121 5208 quippe

539 5227 732 5296 angeli,
755 5226 866 5280 sive
893 5225 1128 5280 hominis
1149 5235 1444 5294 peccatum,
1475 5223 1813 5280 manifestum
1839 5236 1922 5282 est
1949 5229 2124 5284 inesse

538 5315 622 5370 vel
665 5317 856 5386 angelo
894 5315 980 5370 vel
1019 5315 1219 5370 homini
1249 5333 1262 5368 :
1291 5315 1410 5384 quis
1454 5324 1632 5370 autem
1681 5317 1760 5372 sic
1801 5319 2066 5374 exorbitat
2090 5334 2119 5375 a

539 5418 718 5460 rerum
757 5411 977 5467 natura,
1005 5411 1064 5456 ut
1103 5402 1372 5457 hominem
1399 5405 1482 5458 vel
1527 5406 1773 5474 angelum
1821 5417 1978 5479 neget
2003 5423 2122 5466 esse

603 5577 618 5608 ⁸
654 5581 797 5624 ινα-ιε
811 5609 826 5634 ,
871 5571 1282 5635 concupiscemus.

599 5637 622 5670 ⁹
653 5637 726 5688 sic
747 5631 854 5684 Mss.
881 5631 1168 5696 \‘igntertus,
1197 5631 1546 5690 redemptionis.

1205 333 1454 392 OPERIS
1491 327 1896 388 lllI’I-LIIFECTI
1935 323 2121 380 CON'I‘I

2245 317 2602 386 JIJ-LIANUM,
2643 317 2700 374 S.
2743 315 3104 374 AUGUSTINI

3651 321 3789 374 I356

2216 433 2494 486 naturam?
2517 430 2650 498 Quid
2679 444 2762 486 est
2789 433 2912 488 item
2941 431 3076 501 quod
3105 429 3299 484 clausis
3321 431 3488 486 oculis
3511 431 3751 502 loqueris
3773 435 3794 488 l

2213 523 2348 591 Quid
2377 534 2478 588 est,
2507 539 2654 593 rogo,
2683 525 2822 594 quod
2843 523 2994 588 dicis,
3023 541 3112 578 nec
3131 523 3586 592 concupiscentiam
3617 541 3792 594 perca-

2215 623 2322 666 tum
2351 615 2492 667 esse?
2519 613 2664 668 Itane
2697 621 2880 668 contra
2919 613 3234 684 Apostolum
3281 622 3332 668 te
3371 613 3646 684 disputare
3687 631 3794 670 non

2218 706 2404 760 vides?
2427 706 2520 760 Ille
2559 721 2788 777 namque
2823 716 3098 776 peceatum
3123 721 3242 761 esse
3267 707 3750 777 concupiscentiam
3781 749 3796 770 ,

2217 797 2344 851 satis
2371 797 2588 852 omnino
2635 801 2980 863 monstravit,
3011 797 3096 852 ubi
3125 798 3227 864 ait,
3263 797 3533 852 Peccatum
3577 816 3678 852 non
3709 815 3795 854 co—

2217 887 2366 956 gnovi
2389 887 2486 940 nisi
2513 903 2602 953 per
2617 888 2774 957 legem
2801 903 2820 940 :
2847 904 2965 940 nam
2988 889 3442 956 concupiscentiam
3473 889 3748 942 nesciebant
3769 931 3786 954 ,

2219 974 2318 1028 nisi
2345 976 2430 1028 lea:
2469 975 2674 1038 diceret,
2701 974 2752 1028 Ν
2757 991 2822 1029 οη
2847 977 3166 1046 concupisces
3205 977 3378 1044 (Rem.
3405 992 3475 1030 vu
3505 1018 3518 1040 ,
3549 977 3627 1047 7).
3657 977 3792 1044 Quid

2221 1063 2320 1118 hoc
2341 1064 2644 1120 testimonio
2663 1065 2880 1133 clarius,
2907 1066 3030 1136 quid
3057 1074 3146 1120 tua
3171 1067 3432 1120 sententia
3470 1082 3656 1122 vanius
3689 1067 3794 1123 dici

2221 1155 2436 1224 potest?

2195 1241 2204 1252 ’
2289 1243 2466 1300 CCXI.
2494 1245 2614 1300 Jun.
2641 1245 2710 1300 Et
2741 1253 2800 1300 ut
2822 1261 2940 1316 qua:
2963 1253 3087 1300 sunt
3113 1255 3228 1302 acta
3255 1256 3555 1316 repetamus
3579 1265 3592 1302 :
3621 1247 3796 1302 inimi-

2221 1351 2336 1391 cam
2363 1353 2486 1392 esse
2511 1337 2730 1408 justitia‘.
2759 1339 2852 1393 Dei
2880 1339 3183 1408 opinionem
3229 1339 3458 1394 traducis
3477 1381 3490 1406 ,
3523 1349 3628 1394 tam
3659 1357 3795 1410 prm-

2221 1438 2494 1498 ceptorum
2547 1431 2676 1497 Dei,
2722 1446 2880 1502 quam
2927 1431 3248 1501 iudiciorum
3303 1432 3420 1500 ejus
3459 1433 3796 1488 attestatione

2223 1530 2456 1574 monstra
2467 1521 2540 1577 vi.

2293 1610 2428 1664 Ave.
2461 1608 2706 1664 Inimicos
2735 1625 2828 1664 vos
2869 1611 3040 1680 potius
3081 1625 3200 1665 esse
3221 1610 3439 1678 justitiae
3483 1611 3612 1675 Dei,
3639 1627 3796 1681 quem

2225 1699 2394 1754 facitis
2435 1715 2596 1769 super
2625 1699 2759 1754 ﬁlios
2787 1699 2956 1754 Adam
2981 1715 3012 1753 a
3037 1699 3126 1756 die
3155 1701 3330 1756 exitus
3375 1701 3444 1755 de
3481 1711 3666 1756 ventre
3687 1717 3798 1755 ma-

2225 1795 2320 1846 tris
2343 1809 2526 1848 eorum
2551 1792 2741 1862 injuste
2757 1793 2998 1862 posuisse
3017 1808 3178 1862 grave
3193 1793 3376 1864 jugum
3399 1793 3583 1863 (Eccli.
3607 1809 3694 1856 XL,
3720 1795 3798 1862 I),

2223 1884 2348 1938 dum
2377 1885 2578 1954 negatis
2621 1884 2876 1954 originale
2917 1895 3190 1954 peccatum
3209 1927 3224 1950 ,
3249 1894 3303 1941 et
3335 1887 3636 1940 testimonio
3657 1885 3800 1940 Scri-

2223 1983 2495 2044 pturarum
2519 2015 2534 2038 ,
2559 1982 2614 2030 et
2635 1973 2764 2044 ipsis
2799 1974 3188 2030 calamitatibus
3218 1977 3580 2046 parvulorum,
3605 1993 3722 2047 qua:
3749 1977 3801 2030 in

2227 2063 2471 2134 paradiso
2515 2063 2614 2119 nisi
2653 2071 2830 2118 vestro
2867 2079 2972 2118 non
3013 2073 3230 2135 possent
3275 2082 3416 2134 csse,
3449 2076 3799 2122 monstratum

2224 2167 2308 2210 est
2333 2155 2432 2227 (a).

2295 2242 2440 2300 CCII.
2471 2244 2590 2300 IUL.
2639 2246 3137 2318 Coneupiscentiam
3167 2255 3342 2301 autem
3372 2246 3546 2302 carnis
3571 2246 3636 2300 ad
3667 2261 3799 2302 con-

2225 2334 2508 2390 ciliandum
2535 2338 2750 2394 sexibus
2775 2338 3116 2394 fecunditatis
3143 2338 3438 2408 negotium,
3467 2354 3496 2392 a
3527 2340 3640 2394 Deo
3665 2340 3802 2394 indi-

2225 2435 2330 2480 tam
2355 2437 2597 2483 creatore
2631 2443 2912 2499 corporum
2937 2469 2954 2494 ,
2985 2443 3090 2483 non
3129 2427 3232 2483 nisi
3261 2443 3292 2481 a
3317 2428 3612 2483 .Ilaniclmo
3640 2444 3798 2485 accu-

2225 2520 2354 2584 sari,
2383 2519 2698 2590 scriptorum
2729 2521 2844 2590 ejus
2863 2520 3152 2576 insertione
3173 2519 3446 2590 perdocui.

2296 2611 2430 2666 Anc.
2477 2611 2971 2680 Concupisceutiam
2999 2611 3209 2676 carnis,
3237 2625 3394 2680 quam
3443 2611 3638 2665 malam
3682 2625 3802 2667 csse

2225 2699 2382 2755 docet
2405 2700 2674 2770 Scriptura
2701 2701 2877 2756 divina
2899 2743 2914 2768 ,
2947 2717 3042 2771 per
3065 2701 3206 2756 illam
3233 2701 3430 2771 quippe
3451 2715 3578 2756 caro
3603 2716 3801 2756 concu-

2227 2791 2382 2860 piscit
2416 2791 2669 2847 adversus
2692 2793 2956 2862 Spiritum.
2989 2791 3162 2863 (Calai
3213 2807 3266 2856 v,
3299 2793 3407 2862 I7),
3429 2807 3525 2845 vos
3553 2791 3802 2861 adjuvan-

2227 2889 2306 2935 tes
2326 2880 2664 2948 Maniclueos,
2693 2881 2803 2936 Deo
2829 2890 3108 2936 coaeterna:
3129 2882 3272 2951 genti
3301 2881 3534 2936 tribuere
3561 2883 3804 2937 tenebra-

2225 2987 2363 3036 rum,
2420 2969 2548 3026 dum
2594 2986 2700 3026 non
2747 2972 2904 3026 vultis
2947 2987 3065 3026 eam
3117 2972 3382 3042 pertinuere
3427 2971 3496 3026 ad
3549 2973 3802 3043 originale

2227 3071 2530 3132 peccatum,
2552 3071 2606 3117 et
2626 3064 2678 3116 in
2701 3062 2794 3116 Dei
2821 3061 3066 3131 paradiso
3087 3061 3290 3115 audetis
3305 3061 3520 3131 insuper
3537 3063 3802 3118 collocare

2225 3152 2636 3208 evidentissimis
2663 3152 2996 3208 documentis
3021 3192 3034 3216 ,
3065 3159 3120 3208 et
3161 3151 3352 3206 divina:
3397 3153 3723 3208 auctoritatis
3749 3162 3802 3208 et

2225 3243 2418 3298 sobriae
2445 3242 2666 3297 rationis
2689 3242 3050 3297 ostendimus.

2295 3333 2518 3390 CCXIII.
2559 3333 2678 3389 ιω..
2725 3332 2833 3388 Nec
2878 3333 2978 3388 alia
3005 3331 3142 3403 apud
3189 3347 3284 3388 vos
3336 3341 3644 3402 argumenta
3685 3347 3802 3388 esse

2228 3439 2324 3495 pro
2367 3425 2582 3481 traduce
2607 3465 2622 3493 ,
2651 3439 2810 3496 quam
2853 3440 2972 3496 qua:
3021 3423 3344 3479 Manicbazus
3397 3423 3690 3490 tribuisset,
3717 3439 3804 3478 os-

2227 3516 2390 3572 tendL

2296 3608 2434 3664 Ave.
2459 3607 2576 3662 Non
2617 3622 2736 3664 esse
2781 3607 3122 3663 Ambrosium
3149 3607 3498 3664 Manichreum
3523 3651 3538 3676 ,
3569 3611 3656 3680 qui
3683 3609 3804 3664 ﬁdei

2227 3697 2505 3754 catholica:
2549 3699 2962 3754 invictissimus‘
2993 3710 3046 3755 et
3071 3699 3391 3754 Manichteos
3439 3700 3724 3770 prostravit
3749 3709 3806 3754 et

2225 3805 2339 3854 vos,
2369 3789 2458 3860 qui
2497 3789 2629 3844 dixit
2650 3790 2970 3845 discordiam
2997 3791 3172 3845 carnis
3213 3801 3266 3845 et
3311 3790 3528 3860 spiritus
3549 3831 3562 3854 ,
3591 3789 3676 3844 ubi
3709 3805 3804 3860 per

2226 3889 2372 3936 tuam
2395 3889 2696 3950 susceptam
2719 3895 2845 3936 caro
2881 3881 3208 3950 concepiseit
3233 3880 3492 3935 adversus
3518 3881 3758 3950 spiritum
3784 3923 3801 3946 ,

2227 3985 2322 4040 per
2359 3970 2516 4040 primi
2545 3969 2776 4026 hominis
2806 3970 3292 4040 prmvaricationem
3338 3971 3390 4025 in
3421 3979 3658 4026 nostram
3687 3986 3808 4026 vera

2227 4063 2354 4116 tisse
2382 4071 2624 4116 naturam
2664 4060 2996 4131 (Ambrosius,
3029 4061 3115 4114 lib.
3147 4063 3178 4116 7
3210 4063 3262 4114 in
3303 4060 3428 4114 Luc.
3458 4061 3557 4130 xu)
3587 4103 3602 4124 ,
3643 4061 3804 4115 etiam

2227 4149 2531 4206 testimonio
2554 4150 2626 4205 tui
2651 4151 2902 4220 principis
2929 4149 3003 4223 (a)
3030 4151 3274 4206 eumdem
3303 4150 3566 4206 laudantis
3597 4151 3804 4220 episco-

2225 4257 2371 4312 pum,
2399 4241 2672 4296 convictus
2698 4250 2856 4310 atque
2881 4251 3156 4296 contortus
3184 4241 3390 4310 cogeris
3415 4241 3680 4296 conﬁteri.

2295 4332 2516 4388 CCXIV.
2547 4333 2665 4387 JUL.
2691 4332 2769 4387 'I‘e
2789 4342 2962 4388 autem
2995 4333 3144 4388 liberi
3171 4333 3374 4386 arbitrii
3405 4343 3730 4402 negatorem,
3753 4341 3806 4386 et

2227 4423 2320 4479 Dei
2349 4424 2678 4479 nascentium
2697 4423 3008 4491 conditoris,
3039 4427 3318 4478 sententia:
3349 4431 3450 4478 tua:
3477 4423 3806 4478 discussione

2227 4516 2468 4587 patefeci.

2295 4606 2429 4661 Ave.
2453 4604 2534 4659 Me
2563 4619 2666 4658 non
2696 4619 2816 4658 esse
2835 4603 2986 4659 liberi
3009 4603 3234 4668 arbitrii,
3257 4602 3394 4672 quod
3425 4612 3478 4658 tu
3505 4603 3808 4658 extollendo

2227 4696 2563 4767 prmcipitas,
2595 4703 2901 4764 negatorem
2925 4735 2940 4758 ,
2991 4694 3084 4748 sed
3131 4695 3304 4764 potius
3349 4693 3680 4748 defensorem
3719 4693 3807 4746 Dei

2224 4789 2446 4858 gratiam
2471 4784 2792 4854 conﬁtendo,
2815 4784 2954 4854 quod
2979 4785 3254 4838 arbitrium
3283 4793 3336 4838 tu
3367 4783 3567 4853 decipis
3593 4785 3614 4815 ¹
3643 4783 3694 4838 1η
3725 4793 3810 4836 tua

2226 4878 2419 4932 virtute
2443 4875 2689 4942 ﬁdeudo,
2721 4874 3120 4930 innumerabilia
3151 4889 3302 4928 sacra
3343 4873 3642 4927 testimonia
3689 4887 3812 4940 pre-

2227 4969 2456 5024 clamant
2486 4985 2499 5021 :
2530 4981 2730 5037 nosque
2763 4981 2870 5020 non
2909 4981 3104 5036 negare
3130 4966 3296 5021 Deum
3323 4965 3652 5019 nascentium
3681 4977 3808 5016 con-

2227 5057 2471 5122 ditorem,
2489 5055 2585 5111 sed
2606 5069 2700 5110 vos
2719 5069 2914 5124 negare
2939 5055 3106 5110 Deum
3123 5055 3450 5110 nascentium
3471 5053 3810 5118 salvatorem,

2227 5161 2288 5202 ea
2317 5161 2436 5216 qua:
2463 5145 2674 5215 utrique
2690 5143 2940 5212 diximus,
2963 5144 3258 5216 legentibus
3277 5143 3604 5198 indicabunt.

2297 5235 2502 5292 CCXV.
2527 5235 2648 5292 Jun.
2675 5235 2866 5290 Malam
2893 5245 3069 5290 autem
3112 5249 3143 5289 a
3173 5235 3322 5290 vobis
3351 5233 3676 5304 pronuntiari
3713 5247 3814 5287 na-

2229 5335 2401 5382 turam
2418 5367 2435 5393 ,
2477 5325 2594 5396 ejus
2618 5325 2893 5380 sententia:
2911 5363 2928 5391 ,
2957 5338 3115 5395 quam
3142 5332 3199 5380 tu
3225 5339 3330 5380 uno
3355 5324 3517 5380 verbo
3540 5323 3814 5379 conclusu-

2292 5457 2310 5489 ι
2343 5461 2482 5504 Forte
2505 5453 2794 5516 addendum,
2813 5454 3006 5506 υἰηάεας.

2297 5519 2318 5549 ο
2351 5522 2510 5573 Forte,
2537 5514 2727 5573 deficis.

2291 5579 2362 5638 (a)
2383 5575 2574 5638 Pelagii,
2591 5575 2674 5626 lib.
2699 5577 2731 5626 3
2751 5576 2817 5626 de
2833 5578 3002 5628 Libero
3015 5579 3238 5630 Arbitrio.
