4172 6520
403 360 541 417 1337

399 488 517 527 rum
549 480 600 526 te
620 469 942 540 promiseras
960 512 976 537 ,
1000 470 1352 542 explicatione
1372 470 1597 527 convici.

472 564 607 617 Anc.
637 558 889 616 Naturam
914 560 1197 617 humanam
1223 578 1328 618 non
1362 562 1563 617 malum
1600 575 1720 619 esse
1742 602 1757 627 ,
1802 562 1895 618 sed
1938 563 1989 618 ei

398 651 597 707 malum
646 651 823 706 inesse
868 651 1198 707 monstravi:
1232 667 1394 708 unum
1426 651 1616 708 horum
1657 651 1854 708 docens
1893 667 1991 722 per

398 742 639 811 ejusdem
665 749 867 796 natura:
894 741 1242 797 substantiam
1272 751 1328 799 et
1350 742 1469 812 ejus
1512 741 1824 797 substantia:
1851 757 1988 797 con-

396 833 625 889 ditorem
646 831 832 898 Deum;
857 831 1225 903 altcrum,per
1242 833 1481 904 ejusdem
1499 842 1699 887 natum
1720 833 1987 888 miseriam

397 932 451 978 et
476 923 545 978 ab
569 921 756 978 eadem
785 921 1000 978 miseria
1027 923 1348 979 salvatorem
1372 924 1559 980 Deum.
1590 922 1666 979 Te
1697 930 1875 979 autem
1903 937 1990 978 ra-

398 1011 793 1067 tiocinationem
818 1025 989 1067 meam
1016 1027 1123 1067 non
1150 1014 1385 1084 potuisse
1411 1012 1726 1079 dissolvere,
1751 1013 1850 1067 etsi
1879 1028 1988 1067 non

396 1104 490 1159 tibi
523 1101 940 1172 respondissem,
968 1102 1135 1160 lector
1160 1113 1338 1175 posset
1359 1104 1589 1175 diligens
1611 1112 1665 1160 et
1687 1104 1988 1176 intelligens

398 1210 660 1250 IﬂVcllll'e.

468 1270 696 1341 CCXVI.
723 1284 844 1342 JUL.
869 1285 1039 1356 Atque
1064 1285 1184 1340 ideo
1206 1286 1365 1341 etiam
1388 1285 1702 1340 tardissimis
1730 1285 1797 1340 ad
1825 1285 1986 1340 intel-
2047 1290 2049 1293 '

398 1373 666 1443 ligendum
692 1375 776 1431 vel
804 1385 894 1430 tuo
912 1374 1092 1431 favore
1112 1376 1348 1446 deceptis
1374 1377 1389 1407 ¹
1422 1376 1625 1445 liquere
1660 1376 1870 1431 confido
1892 1415 1909 1442 ,
1936 1385 1988 1430 te

396 1463 671 1519 Manichmi
710 1464 883 1519 solum
913 1466 1148 1521 aversari
1177 1481 1406 1532 nomen;
1438 1474 1690 1522 cancrum
1735 1480 1806 1520 ex
1841 1466 1986 1521 omni

400 1556 505 1612 ﬁde
541 1572 662 1611 cum
689 1557 897 1615 cunctis
940 1557 1173 1613 traducis
1219 1557 1611 1622 sectatoribus,
1660 1573 1765 1611 non
1814 1556 1989 1611 minus

396 1646 605 1715 spurcis
632 1662 790 1717 quam
812 1647 1017 1703 stolidis
1040 1647 1157 1716 ejus
1181 1647 1445 1702 inlimrere
1462 1646 1819 1717 dogmatibus.

472 1739 603 1793 Avo.
635 1737 791 1794 Aliud
817 1747 869 1793 et
889 1747 1072 1794 contra
1099 1746 1183 1794 est
1206 1739 1426 1793 omniuo
1449 1753 1607 1808 quam
1629 1746 1782 1808 putas
1801 1778 1819 1804 ,
1845 1736 1988 1807 quod

402 1828 603 1897 liquere
644 1828 804 1883 etiam
851 1827 1166 1883 tardissimis
1199 1828 1353 1884 dicis.
1400 1827 1531 1883 Illud
1558 1842 1785 1897 namque
1814 1827 1988 1892 potius

399 1919 559 1973 etiam
583 1917 899 1973 tardissimis
915 1919 1101 1989 liquet,
1124 1919 1168 1973 si
1194 1918 1430 1988 legendis
1450 1918 1724 1987 utriusque
1744 1925 1987 1971 nostrum

399 2007 614 2077 scriptis
660 2006 918 2062 intentam
948 2022 1130 2063 curam
1177 2022 1281 2063 non
1321 2017 1611 2077 graventur
1639 2005 1985 2075 impendere,

401 2112 487 2152 me
505 2096 919 2165 demonstrasse,
935 2111 1040 2152 non
1065 2097 1237 2152 solum
1258 2096 1402 2169 quod
1431 2092 1531 2168 ego
1553 2097 1654 2151 sim
1671 2093 1990 2149 Manichaeo-

467 2267 481 2297 ί
518 2267 590 2316 sic
603 2272 711 2330 Mss.
759 2267 1064 2330 \{ignierins,
1123 2265 1271 2320 etiam
1304 2265 1612 2319 tardissimus
1628 2268 1693 2318 ad
1713 2266 1988 2330 intelligen-

402 2326 539 2388 dum,
574 2326 648 2378 uel
668 2334 750 2378 tuo
767 2326 931 2390 favore
954 2326 1201 2393 deceptus.

1744 359 1945 417 uena
1983 359 2327 430 QUARTUS.

3538 380 3680 438 1338

2101 492 2218 533 rum
2246 476 2489 533 inimicus
2515 477 2720 547 errori,
2749 493 3045 555 eorumque
3069 482 3270 540 nefaria
3298 484 3542 557 dogmata
3574 490 3684 546 Deo

2095 566 2334 622 veritatis
2365 567 2658 639 opitulante
2682 569 3073 641 subverterim;
3112 574 3207 632 sed
3232 575 3392 632 etiam
3418 578 3560 648 quod
3589 594 3684 636 vos

2093 656 2505 714 Manichaeorum
2532 668 2734 716 tantum
2762 661 3024 734 adjuvetis
3051 665 3311 721 insaniam
3333 707 3351 735 ,
3382 676 3443 722 ut
3479 682 3541 724 se
3562 683 3681 725 om-

2095 750 2224 805 niuo
2253 750 2612 821 gloriarentur
2633 752 2858 809 invictos
2880 795 2898 823 ,
2928 755 3031 812 nisi
3061 756 3322 813 catholica
3351 756 3486 821 fide.
3519 774 3677 830 quam

2096 838 2206 894 Deo
2229 840 2517 897 miserante
2540 840 2909 912 defendimus,
2934 860 3041 902 non
3072 861 3169 917 per
3192 862 3287 903 vos
3301 888 3317 916 ,
3340 848 3425 903 vel
3449 862 3480 901 a
3505 848 3680 918 vobis,

2093 929 2190 985 sed
2219 930 2490 987 vobiscum
2519 933 2696 1003 potius
2734 934 3094 992 vincerentur.
3125 937 3203 993 'l‘e
3241 946 3418 994 autem
3446 938 3569 995 ideo
3593 955 3682 996 me

2092 1035 2258 1075 unum
2284 1022 2530 1094 elegisse,
2556 1024 2642 1080 cui
2666 1024 3078 1082 Manichzeorum
3098 1028 3314 1083 nomine
3335 1037 3388 1083 et
3411 1029 3637 1085 crimine
3662 1071 3678 1097 ,

2093 1120 2290 1182 quanto
2313 1114 2573 1183 crebrius,
2596 1123 2742 1172 tanto
2761 1117 3138 1174 conviciareris
3165 1118 3403 1175 odiosius
3420 1161 3436 1185 ,
3465 1120 3587 1190 quia
3607 1135 3676 1176 eo

2092 1202 2254 1257 modo
2279 1204 2473 1272 putasti
2501 1205 2816 1260 catholicam
2836 1246 2852 1271 ,
2873 1222 2995 1277 qua:
3020 1222 3118 1263 vos
3144 1209 3349 1280 arguit,
3373 1209 3681 1266 fundatissi-

2093 1304 2233 1345 mam
2261 1291 2439 1358 fidem,
2460 1300 2516 1347 et
2539 1292 2807 1349 clarorum
2826 1302 2986 1365 atque
3009 1305 3314 1353 sanctorum
3340 1297 3680 1353 defensorum

2092 1381 2210 1451 ejus
2238 1381 2567 1438 notissimam
2590 1383 2983 1440 multitudinem
3000 1425 3017 1451 ,
3045 1386 3137 1455 qui
3161 1401 3224 1442 ea
3252 1402 3372 1458 qua:
3396 1387 3680 1444 didicimus

2093 1480 2150 1527 et
2170 1470 2444 1539 docemus,
2470 1471 2771 1529 didicerunt
2795 1482 2957 1544 atque
2982 1474 3311 1541 docuerunt,
3339 1477 3458 1533 sine
3482 1476 3681 1532 invidia

2096 1570 2149 1617 te
2174 1576 2332 1631 posse
2354 1561 2650 1628 destruere,
2685 1563 2906 1619 horrore
2926 1563 3141 1621 nefandi
3171 1566 3423 1633 nominis,
3452 1582 3558 1621 non
3585 1566 3685 1622 ob-

2089 1651 2218 1721 jecti
2254 1650 2495 1706 criminis
2519 1654 2759 1708 veritate.
2784 1653 2889 1709 Sed
2918 1654 3128 1710 firmum
3166 1655 3564 1711 fundamentum
3588 1656 3680 1711 Dei

2094 1744 2404 1798 stat:novit
2430 1744 2573 1799 enim
2611 1745 2869 1801 Dominus
2908 1746 2998 1816 qui
3040 1755 3166 1801 sunt
3192 1746 3309 1816 ejus
3335 1746 3401 1819 (ll
3428 1745 3563 1801 Tim.
3598 1762 3635 1803 ll
3661 1787 3678 1814 ,

2082 1831 2208 1905 ⁷19).
2230 1832 2409 1889 Verba
2438 1848 2568 1890 vero
2592 1833 2712 1889 libri
2753 1837 2858 1891 mei
2883 1874 2900 1901 ,
2945 1850 3066 1905 quae
3095 1828 3188 1891 tﬂii
3213 1836 3364 1906 quasi
3390 1835 3680 1891 refellenda

2096 1937 2486 1993 proposueras,
2512 1922 2781 1993 quomodo
2821 1923 3137 1994 quibusdam
3180 1925 3513 1995 paucissimis
3550 1939 3684 1994 qua-

2094 2016 2141 2070 si
2184 2014 2253 2068 ad
2291 2014 2525 2084 speciem
2570 2029 2760 2085 pugna:
2787 2014 3184 2085 qualiscumque
3227 2014 3476 2083 tentatis,
3518 2015 3684 2071 multo

2096 2096 2244 2175 plura
2271 2112 2464 2160 emtera
2483 2143 2500 2167 ,
2526 2103 2717 2159 diffusa
2741 2113 2899 2175 atque
2925 2104 3178 2161 interfusa
3215 2115 3301 2162 tua
3326 2105 3581 2163 nebulosa
3601 2105 3687 2160 lo-

2094 2194 2359 2266 quacitate
2379 2194 2654 2261 vitaveris,
2670 2194 2881 2249 interim
2911 2194 3034 2265 quia
3058 2195 3272 2266 longum
3293 2204 3376 2252 est
3397 2195 3483 2251 hic
3502 2203 3685 2251 osten-

2094 2283 2260 2351 dere,
2288 2291 2345 2337 nt
2373 2297 2470 2353 per
2490 2296 2552 2338 se
2592 2282 2766 2353 ipsum
2810 2282 3053 2339 advertat
3079 2291 3134 2340 et
3179 2284 3448 2351 inveniat,
3471 2283 3687 2339 dimitto

2096 2374 2305 2431 lectori.

407 2503 3672 2531 Μ

1363 2614 1839 2727 LIBER
1934 2599 2729 2738 QUARTUS.

468 2795 701 2860 Miami!“
723 2803 895 2860 (ιυενιο
916 2808 1007 2847 ειιο
1026 2794 1153 2847 ιίιπο
1172 2797 1501 2860 disputantem
1543 2777 1782 2860 mittimus
1818 2805 1879 2844 ⁸³
1912 2790 2038 2860 Simia
2074 2787 2187 2860 "bii
2225 2783 2527 2860 “Engﬁﬁ
2541 2785 2760 2860 FE'PPPF-
2775 2784 3285 2860 9‘._99_“9‘Ri.5§e‘?§“)
3323 2795 3451 2860 9935-
3466 2785 3690 2860 FPM}?

404 2865 580 2917 quarto
600 2856 661 2905 ad
680 2845 996 2918 niaximum
1012 2845 1509 2918 campi-etiamnunc,
1531 2845 1768 2918 refellere
1786 2850 2289 2918 pergit_Augttstinus.
2324 2845 2768 2918 (goncupisceﬁtiam
2789 2845 2950 2918 carnis
2969 2845 3297 2918 malam.es_se_,
3320 2845 3489 2918 neque
3508 2845 3690 2918 homini

405 2910 558 2989 fuisse
585 2928 614 2965 a
636 2924 736 2966 Deo
764 2910 1012 2967 conditore
1032 2910 1249 2978 inditam,
1252 2910 1544 3027 (propugnat
1558 2910 1813 2987 docerieo
1833 2910 1939 2982 ipso

407 2991 455 3027 γ.
482 2976 571 3027 16.
614 2985 762 3027 omne
784 2977 909 3027 quod
945 2982 1015 3027 est
1049 2976 1102 3025 in
1136 2990 1250 3026 man
1286 2991 1348 3027 ο.
1391 2981 1774 3027 concupiscth
1810 2986 1939 3025 carm

405 2991 571 3038 p.10,

1957 2906 2081 2971 loeti,
2100 2922 2251 2972 quem
2273 2909 2322 2956 in
2345 2906 2469 2956 hanc
2490 2918 2597 2954 rem
2633 2906 2868 2964 adhibuit,
2908 2919 2971 2955 ex
2995 2907 3190 2955 Joannis

784 2965 909 3050 (Τποα
936 2965 1015 3050 es,
1044 2965 1102 3050 in.
1118 2965 1319 3050 @0546
1330 2965 1349 3035 ἑ
1363 2965 1377 3050 ',
1391 2965 3014 3050 εδηειλρίὲέςηεῖα.ίςᾷτῖπξέηεξῖέξθίλΜηΜξὲιζέέεηίᾲατζὲἑξεε
3050 2965 3605 3050 ἑὲἓῗεὲἓξξὶἓιέίξίξὲίξ

3274 2904 3421 2968 ἱειοιέ
3438 2906 3486 2965 1.
3506 2919 3612 2968 cap-

406 3026 985 3099 ἱιᾳιιιιιὰωῂθοὸιθίειεθᾶ
996 3038 1058 3086 ad
1089 3038 1242 3099 ipsius
1259 3026 1422 3087 tamen
1445 3026 1637 3099 poenam
1659 3037 1866 3099 hominis
1882 3026 2155 3099 pertinere.
2448 3026 2796 3099 membrorum.
2819 3026 3013 3099 nonnisi
3179 3026 3688 3099 peceatum'aecidisse

405 3098 470 3147 ob
492 3086 704 3160 libidinis
722 3086 944 3148 rebelles
958 3086 1143 3160 motus.
1167 3086 1311 3160 Porro
1326 3110 1403 3160 ne_
1416 3086 1465 3147 in
1480 3098 1666 3160 Christo
1687 3096 1787 3160 ulla
1810 3086 2008 3160 prorsus
2031 3093 2181 3139 fuisse
2203 3094 2403 3152 putetur
2420 3086 2579 3160 carnis
2599 3087 3002 3160 concupiscentia,
3025 3086 3363 3160 vehementer
3393 3093 3551 3160 certat
3571 3100 3688 3160 con-

406 3144 480 3208 tra
514 3144 1304 3222 iiii-isauafésimag‘mgissir
1326 3144 1658 3222 gessisse;
1699 3144 1965 3215 obnoxios,
2012 3165 2111 3201 non
2147 3144 2239 3213 pe'r
2281 3144 3107 3222 ριζοριζὶωηνοιμρξειίε-ρὼίξξίυηξ,
3140 3146 3370 3222 Issit)?!
3411 3148 3688 3222 99995???‘

404 3206 1373 3282 iiwti’s'rri’mdﬂnéréalé'iamdiu}:
1705 3224 1878 3282 Iesum
1915 3206 2039 3282 νέω
2067 3225 2099 3263 ι
2325 3206 2579 3282 δξρίευιίξὲ
2616 3206 3026 3282 ηωοκλοθιέᾳῖἒ»
3058 3206 3688 3282 ξ.1ρ.εξιῖς,ί.ιρτοεεξξςιφι

403 3266 1709 3346 ἓόὶἷίὦίίλνὸἡῖάὶιοῖἇτῦ
1736 3266 1963 3336 illorum,
1996 3280 2122 3334 etc.,
2157 3272 2218 3321 ad
2254 3271 2305 3346 id
2330 3266 2477 3320 etiam
2499 3266 2667 3319 valere
2685 3302 2701 3328 ,
2733 3274 2790 3317 ut
2827 3266 3017 3318 nostrae
3049 3266 3252 3331 Originis
3287 3266 3458 3318 vitium
3485 3267 3686 3318 demon-

1712 3392 2353 3455 caesacaesa-reos»

405 3347 608 3391 stretur.

478 3519 520 3575 Ι.
543 3519 815 3576 Ιυιιλκυε.
847 3518 1111 3595 Existimo
1131 3534 1230 3591 ego
1250 3519 1534 3576 sollicitum
1562 3520 1815 3576 lectorem
1839 3530 1995 3589 posse

408 3611 626 3678 mirari,
667 3626 764 3667 cur
791 3627 911 3666 cum
955 3613 1268 3682 opusculum
1319 3628 1496 3668 meum
1544 3620 1693 3668 certo
1739 3610 1993 3667 librorum

410 3716 652 3770 numero,
681 3717 746 3757 ex
772 3702 1118 3758 scribentium
1144 3701 1481 3757 solemnitate
1508 3700 1841 3757 distinxerim
1867 3741 1883 3767 ,
1916 3706 1995 3753 ta-

408 3807 531 3847 men
557 3793 677 3849 libri
703 3793 924 3849 alterius
953 3793 1154 3848 solvam
1182 3793 1235 3849 in
1261 3794 1431 3850 altero
1460 3793 1784 3864 quaestiones
1815 3790 1996 3847 :unde

408 3891 493 3938 est
516 3883 643 3939 illud
668 3882 810 3955 quod
846 3884 899 3939 in
939 3885 1096 3940 tertio
1132 3884 1401 3941 volumine
1427 3884 1726 3955 disputavi,
1755 3882 1994 3954 Apostoli

407 3974 659 4040 sensus',
687 3973 775 4044 qui
814 3987 911 4044 per
934 3989 1096 4029 unum
1127 3973 1395 4030 hominem
1435 3982 1707 4045 peccatum
1742 3972 1796 4027 in
1841 3988 1998 4027 mun-

409 4058 536 4118 dum
562 4062 790 4120 intrasse
812 4063 946 4120 dixit
971 4064 1148 4135 (Rom.
1179 4079 1245 4131 v,
1276 4064 1367 4133 12)
1407 4064 1538 4136 (quo
1579 4075 1803 4121 numero
1834 4064 1856 4095 ’
1883 4063 1996 4134 opi-

411 4152 625 4208 nionem
654 4153 777 4207 mali
810 4152 1080 4224 originalis
1119 4151 1442 4226 oppressit),
1469 4151 1600 4208 illud
1628 4152 1769 4224 quod
1798 4167 1863 4208 ex
1891 4167 1999 4207 uno

414 4242 678 4299 Abraham
703 4244 976 4316 generatio
995 4244 1298 4302 Judzcorum
1326 4245 1666 4302 descendisse
1692 4244 2000 4317 perhibetur

416 4333 597 4405 (Hebr.
622 4351 679 4393 ,ιι
698 4378 714 4402 ,
742 4334 830 4407 12)
850 4376 866 4403 ,
895 4336 1029 4391 nihil
1057 4337 1140 4392 vel
1167 4338 1341 4409 exigui
1369 4338 1612 4393 intulisse
1640 4352 1932 4394 concussus
1953 4337 1994 4392 ³.

414 4425 468 4480 ld
498 4436 675 4483 autem
698 4436 848 4495 putet
877 4426 1048 4482 lector
1073 4428 1203 4495 iste,
1233 4429 1321 4483 cui
1352 4443 1491 4484 nunc
1518 4428 1824 4483 satisfacere
1850 4428 2000 4482 insli-

413 4525 505 4569 tuo
528 4555 543 4579 ,
588 4514 641 4568 in
684 4513 920 4568 secundo
945 4514 1194 4573 debuisse
1242 4517 1512 4572 volumine
1551 4515 1819 4573 collocari.
1848 4517 2001 4573 Norit

413 4606 602 4673 igitur,
642 4603 781 4659 hanc
818 4606 1180 4677 responsionis
1205 4608 1362 4663 fidem
1389 4649 1404 4675 ,
1434 4623 1536 4679 qua
1581 4610 1739 4664 etiam
1768 4610 1855 4664 illa
1881 4626 2001 4679 qua:

414 4702 663 4762 putantur
686 4693 1024 4761 intermissa,
1049 4695 1133 4749 vel
1161 4696 1212 4750 in
1240 4695 1379 4752 libro
1398 4698 1640 4765 sequenti
1665 4699 1995 4769 supplentur,

415 4800 513 4838 nec
539 4783 825 4854 quidquam
862 4784 1264 4841 incommodare
1289 4786 1603 4852 certamini,
1644 4801 1743 4842 nec
1787 4785 1863 4841 di!
1894 4788 2000 4842 ulla

414 4874 766 4930 festinationis
795 4874 1194 4945 perturbatione
1211 4918 1226 4941 ,
1253 4876 1346 4931 scd
1375 4885 1481 4930 tam
1507 4877 1573 4930 de
1591 4891 1869 4931 causarum
1909 4892 2003 4932 ne-

417 4968 686 5034 cessitate,
713 4982 871 5037 quam
894 4965 963 5023 de
984 4967 1193 5023 consilii
1222 4968 1428 5024 ratione
1454 4967 1779 5039 contingere.
1807 4967 2003 5038 Suppe-

417 5055 480 5110 tit
502 5071 629 5112 vero
658 5071 968 5125 magnorum
995 5056 1325 5128 ingeniorum
1351 5058 1503 5126 copia
1523 5098 1539 5125 ,
1569 5072 1795 5128 quorum
1821 5072 2003 5114 exem-

419 5146 522 5215 plis
547 5147 666 5202 talis
693 5147 801 5202 stili
828 5148 1205 5219 consequentia
1227 5147 1524 5205 vindicetur
1549 5165 1564 5201 τ
1594 5148 1686 5203 sed
1715 5149 1888 5218 inepta
1920 5147 2003 5219 ja-

418 5238 582 5303 ctatio
605 5248 723 5307 est,
748 5240 815 5294 ad
851 5239 1215 5296 defensionem
1249 5228 1506 5312 simplicis
1535 5239 1731 5311 negotii
1758 5242 2000 5296 sonantia

420 5326 715 5396 priscon
743 5329 1015 5386 nominum
1041 5330 1304 5387 advocare
1336 5331 1581 5402 suffragia
1602 5372 1619 5399 ,
1649 5340 1703 5387 et
1745 5332 2002 5387 securita-

420 5424 530 5473 tem
578 5414 700 5475 facti
743 5419 969 5476 reddere
1008 5419 1318 5477 defensione
1350 5430 1672 5492 suspectam.
1699 5421 2002 5478 Secundum

420 5523 552 5580 ergo
572 5510 766 5567 librum
788 5551 803 5579 ,
836 5526 994 5582 quem
1021 5512 1322 5571 asserendis
1351 5513 1591 5583 Apostoli
1615 5513 1892 5572 sententiis
1911 5512 2005 5569 de-

489 5664 508 5697 ¹
543 5672 701 5724 Vorte.
722 5668 895 5719 sensui.

489 5724 513 5789 ξ
548 5727 815 5789 vignierins
855 5724 1251 5789 uuntio_.'At.\tss.,
1277 5740 1489 5779 numero.

490 5783 516 5819 ⁸
542 5783 700 5837 milex
723 5796 866 5849 Port.,
890 5786 1124 5837 concisus.

2098 3511 2388 3575 stinaram,
2435 3522 2504 3564 ne
2542 3508 2595 3563 in
2639 3507 2856 3563 nimiam
2886 3507 3270 3579 longitudinem
3313 3508 3507 3565 levium
3543 3525 3689 3580 quze-

2099 3601 2331 3679 stionun)
2362 3597 2625 3668 proferret
2663 3597 2893 3667 adjectio
2915 3639 2931 3665 ,
2981 3598 3339 3669 disputatione
3386 3600 3687 3655 necessaria

2101 3688 2400 3745 terminavi.
2433 3687 2627 3742 Verum
2671 3686 2793 3756 quia
2840 3701 3061 3742 munere
3104 3687 3259 3742 seria:
3301 3688 3691 3745 dissertationis

2101 3778 2344 3849 impleto,
2367 3777 2517 3832 libuit
2543 3776 2702 3832 etiam
2733 3775 2924 3844 ineptis
2953 3776 3337 3846 quaestionibus
3359 3777 3604 3844 obviare,
3636 3788 3691 3833 et

2102 3868 2524 3923 tardissimorum
2567 3879 2936 3936 quorumque,
2978 3865 3068 3935 qui
3121 3874 3175 3921 et
3221 3865 3423 3936 frigidis
3470 3876 3691 3937 possunt

2100 3957 2491 4028 objectinnibus
2520 3953 2853 4026 permoveri,
2901 3954 3095 4024 placuit
3123 3954 3320 4010 habere
3345 3964 3648 4025 respectum
3672 3996 3687 4022 ,

2102 4051 2262 4106 tertio
2290 4049 2427 4103 libro
2455 4047 2684 4118 qualiter
2712 4062 2776 4102 ex
2804 4061 2911 4102 uno
2939 4045 3089 4101 multi
3131 4046 3239 4101 nati
3265 4045 3571 4101 dicerentur
3599 4062 3691 4100 os-

2102 4139 2268 4196 tendi.
2313 4139 2409 4194 Est
2438 4146 2614 4193 tamen
2643 4137 2802 4193 etiam
2845 4136 3308 4205 decentissimum,
3358 4136 3404 4192 si
3443 4137 3690 4192 volumen

2101 4240 2332 4303 scduens
2358 4230 2550 4301 prioris
2586 4228 2823 4284 debitum
2854 4228 2998 4295 luat,
3027 4236 3087 4283 ut
3115 4236 3170 4282 et
3211 4241 3399 4298 magna
3439 4226 3578 4282 inter
3623 4225 3692 4280 li-

2102 4324 2228 4379 bros
2253 4323 2495 4378 videatur
2540 4335 2660 4376 esse
2697 4319 2980 4375 concordia
2999 4360 3016 4387 ,
3046 4327 3101 4375 et
3127 4318 3194 4374 ad
3221 4318 3576 4389 cognitionem
3604 4326 3691 4372 to-

2103 4416 2207 4472 tius
2233 4415 2414 4486 operis
2443 4413 2735 4469 invitentur
2777 4412 3055 4482 legentes;
3096 4424 3218 4466 cum
3257 4420 3311 4466 et
3352 4411 3395 4465 si
3438 4408 3597 4464 dilata
3637 4408 3691 4463 in

2102 4506 2289 4574 primis
2313 4506 2489 4577 aliqua
2528 4504 2943 4570 mslimaverint,
2989 4502 3293 4573 intelligunt
3330 4499 3689 4571 prmtermissa

2103 4611 2211 4652 non
2255 4612 2397 4653 esse.
2438 4594 2668 4650 Ostenso
2709 4594 2871 4664 igitur
2908 4592 3030 4648 fidei
3061 4594 3077 4624 ¹
3106 4600 3162 4648 et
3200 4590 3475 4646 industria:
3513 4589 3691 4658 operis

2102 4686 2388 4740 convenire
2430 4682 2571 4753 quod
2617 4681 2874 4745 fecimus,
2920 4680 3331 4751 congrediamur
3368 4693 3486 4733 cum
3518 4678 3690 4732 Mani-

2103 4775 2268 4829 chzeis
2295 4775 2318 4805 ³
2341 4788 2435 4842 pro
2462 4772 2555 4827 Dei
2583 4770 2833 4841 operibus
2858 4778 2912 4825 et
2949 4769 3184 4839 legibus;
3216 4768 3284 4821 ab
3302 4766 3408 4822 illis
3434 4766 3691 4821 naturalis

2104 4865 2229 4919 mali
2274 4863 2662 4919 deformitatem
2685 4901 2703 4926 ,
2742 4861 2809 4915 ab
2838 4860 2956 4915 istis
2992 4859 3323 4928 iniquitatem
3364 4855 3686 4927 judiciorum

2104 4952 2346 5010 feralium
2374 4952 2695 5023 repellentes
2719 4966 2733 5016 ;
2763 4950 3019 5005 docentes
3048 4948 3101 5002 in
3143 4950 3362 5002 istarum
3406 4950 3689 5016 pratceptis

2106 5044 2235 5101 nihil
2265 5044 2332 5099 de
2354 5042 2497 5099 bono
2524 5057 2623 5097 suo
2653 5040 2947 5112 perdidisse
2970 5038 3260 5110 justitiam,
3292 5037 3343 5092 in
3365 5039 3576 5093 illorum
3598 5051 3688 5092 se-

2104 5136 2336 5193 minibus
2362 5135 2493 5192 nihil
2513 5134 2582 5191 de
2607 5136 2747 5191 malo
2783 5147 2880 5189 suo
2917 5132 3185 5189 diabolum
3215 5132 3526 5196 miscuisse;
3574 5130 3690 5185 haec

2106 5236 2376 5301 postremo
2402 5226 2562 5298 digna
2582 5239 2703 5282 esse
2731 5225 2841 5281 Deo
2860 5232 3100 5291 rectore,
3128 5222 3217 5278 illa
3244 5222 3356 5278 Deo
3377 5219 3690 5292 dignissima

2103 5319 2397 5376 conditore.

2174 5410 2527 5465 Ancus-riuus.
2557 5405 2999 5477 Congressionem
3025 5412 3170 5460 tuam
3194 5402 3468 5459 Manichazi
3490 5443 3506 5470 ,
3539 5416 3608 5457 ne
3636 5401 3690 5456 in

2106 5508 2285 5557 nostra
2311 5498 2687 5571 congressione
2711 5506 3110 5568 superarentur,
3143 5511 3241 5567 pro
3265 5495 3464 5551 auxilio
3490 5508 3684 5563 magno

2170 5605 2592 5680 {Eilizﬁdeu-M
2610 5604 2897 5680 δίδδσῑίίάθξς
2991 5675 3015 5680 -
3048 5667 3079 5680 _.
3269 5667 3280 5678 .

2167 5672 2188 5702 ³
2221 5664 2583 5720 Manichaeorum
2607 5664 2805 5719 nomine
2826 5671 2973 5719 etiam
2985 5665 3248 5718 Catholicos
3268 5664 3526 5727 intelligit“.
3554 5666 3678 5727 undi

2103 5730 2399 5800 superﬂuum
2424 5737 2518 5791 est,
2539 5730 2666 5793 quod
2690 5731 2768 5779 hic
2805 5730 2934 5782 addit
2954 5729 3106 5780 codex
3133 5735 3391 5789 Portntum,
3428 5726 3474 5775 et
3493 5726 3679 5776 Tradu-

2106 5804 2255 5842 cimus
2262 5830 2272 5845 .
