4126 6522
503 335 525 391 1
534 337 640 393 339

499 452 808 512 sumerent,
829 443 932 500 nisi
960 450 1016 498 ct
1042 455 1138 498 vos
1163 455 1283 496 cum
1313 439 1390 494 eis
1418 437 1550 493 lides
1574 435 1830 492 catholica
1860 444 2082 501 supera-

501 549 583 594 ret
623 557 637 592 :
680 533 1111 607 quandoquidem
1159 530 1480 587 discordiam
1533 525 2080 596 concupiscentiarum

499 627 678 684 carnis
699 635 755 682 et
773 625 1012 696 spiritus,
1037 632 1093 680 et
1120 622 1364 678 miserias
1389 621 1600 690 generis
1630 615 1866 680 humani,
1894 613 2102 684 quibus

502 721 660 790 plena
685 725 767 774 est
808 725 996 772 natura
1023 714 1327 770 mortalium
1349 755 1364 778 ,
1399 711 1708 779 incipientes
1742 722 1771 760 a
1799 705 2010 760 fletibus
2035 711 2090 757 et

502 807 894 864 calamitatibus
939 805 1314 876 parvulorum,
1362 813 1637 872 propterea
1687 813 1793 854 non
1842 797 2090 852 sinuntur

504 899 759 962 duarum,
783 911 916 966 quas
946 895 1236 959 inducunt,
1268 901 1574 947 naturarum
1598 887 1966 944 commixtioui
1994 886 2090 941 tri-

506 988 702 1054 buere;
734 988 855 1058 quia
887 987 1002 1042 hate
1021 986 1196 1041 omnia
1223 995 1423 1039 natura:
1454 990 1672 1052 peccato
1693 980 1903 1045 vitiatae,
1930 993 2088 1048 quam

509 1079 650 1134 Deus
679 1079 873 1136 bonam
901 1079 1168 1142 condidit,
1203 1092 1304 1132 nec
1332 1075 1568 1130 vitiatam
1607 1073 1943 1130 fecunditatis
1969 1087 2089 1125 mu-

508 1185 640 1226 nere
663 1178 718 1226 et
745 1170 905 1226 bono'
925 1169 1138 1239 opilicio
1163 1183 1260 1222 suo
1286 1166 1526 1231 deserit',
1568 1165 1882 1219 auctoritate
1909 1161 2089 1216 divina

508 1269 564 1314 et
589 1261 862 1314 verissima
905 1260 1110 1314 ratione
1139 1258 1459 1312 tribuuntur.
1482 1253 1634 1322 Quod
1663 1269 1759 1308 vos
1797 1261 2085 1322 negantes,

509 1365 658 1404 arma
683 1349 894 1420 quidem
925 1349 1117 1418 quibus
1146 1348 1426 1402 vincuntur
1444 1387 1458 1412 ,
1485 1343 1749 1400 conamini
1778 1342 2087 1412 infringere;

509 1438 603 1493 sed
635 1449 738 1493 tam
763 1447 888 1494 sunt
933 1437 1085 1492 firma
1115 1445 1170 1493 et
1210 1435 1404 1490 invicta
1428 1477 1444 1502 ,
1483 1443 1540 1489 ut
1569 1433 1680 1489 sive
1709 1433 1816 1502 illis
1857 1431 1924 1486 ad
1951 1445 2046 1486 vos
2069 1471 2086 1496 ,

509 1531 620 1586 sive
644 1529 794 1585 vobis
813 1529 878 1584 ad
911 1528 1028 1583 illos
1059 1527 1323 1582 transfixis
1350 1533 1406 1581 et
1424 1524 1714 1596 peremptis
1743 1521 2088 1594 perveniant,

509 1631 761 1690 utrosque
800 1627 1152 1690 prosternant.

576 1710 776 1766 ll.‘Jui..
805 1709 1006 1778 Quibus
1033 1709 1237 1764 duobus
1266 1709 1311 1764 si
1341 1709 1558 1766 creditis
1581 1709 1622 1774 ',
1649 1707 1702 1763 id
1733 1716 1836 1775 est,
1862 1705 1958 1762 Dei
1991 1719 2091 1761 nec

505 1815 665 1870 opera
693 1802 830 1856 mala
855 1817 993 1867 esse,
1037 1817 1136 1857 nec
1177 1803 1355 1872 iniqua
1393 1801 1624 1872 judicia;
1658 1807 1827 1855 totum
1857 1797 2091 1853 traducis

503 1894 691 1964 dogma
719 1894 1014 1949 conteritur
1045 1895 1222 1949 :sicnt
1245 1909 1278 1949 e
1302 1894 1541 1965 regione,
1569 1891 1801 1947 traducis
1820 1891 2092 1961 impietate

503 1993 769 2054 suscepta,
799 1984 914 2041 bare
941 1985 1084 2050 duo,
1118 1985 1357 2040 conditio
1389 1986 1481 2040 Del
1511 1993 1669 2054 atque
1688 1982 1962 2054 judicatio,
1993 1997 2092 2053 per

501 2091 619 2146 quae
637 2077 810 2132 solum
841 2077 983 2132 Deus
1005 2087 1180 2146 potest
1205 2077 1448 2146 intelligi,
1475 2075 1838 2132 destruuntur.

570 2167 706 2222 Avo.
745 2165 856 2222 Nec
874 2181 1039 2238 opera
1058 2167 1200 2221 mala
1223 2175 1350 2221 sunt
1377 2166 1494 2230 Dei,
1526 2165 1738 2236 quando
1762 2172 1817 2220 et
1842 2163 1910 2220 de
1934 2162 2090 2218 malis

499 2259 922 2330 quibuscumque
963 2261 1099 2314 bene
1135 2268 1406 2330 operatur,
1450 2268 1505 2314 et
1553 2258 1803 2328 parv’ulis,
1851 2271 1986 2330 quos
2022 2255 2091 2312 de

501 2368 677 2408 massa
724 2368 819 2424 per
859 2354 1015 2423 primi
1067 2353 1300 2408 hominis
1345 2352 1832 2424 praevaricationem
1887 2351 2089 2421 perdita

505 2443 644 2499 bene
672 2453 922 2513 Operatus
941 2453 1043 2508 est,
1063 2447 1220 2498 etiam
1247 2443 1494 2498 sanandis
1520 2443 1751 2513 benigne
1775 2441 2085 2512 opitulatur;

503 2550 604 2590 nec
659 2536 839 2606 iniqua
876 2535 1096 2606 judicia,
1133 2536 1344 2607 quando
1388 2535 1538 2607 gravi
1584 2549 1713 2607 jugo
1753 2549 1915 2605 super
1953 2533 2090 2591 filios

506 2627 674 2684 Adam
703 2644 733 2684 a
761 2629 847 2684 die
868 2630 1047 2684 exitus
1065 2629 1131 2685 de
1154 2637 1338 2684 ventre
1364 2629 1548 2683 matris
1575 2643 1761 2683 eorum
1791 2626 1978 2699 (Eccli.
1997 2643 2088 2695 ιι,

503 2719 592 2788 1),
625 2719 834 2774 nonnisi
863 2729 1194 2790 peccatorum
1237 2719 1425 2774 merita
1470 2719 1759 2773 ulciscitur.
1795 2717 1920 2773 llaec
1965 2732 2089 2772 cum

501 2809 796 2866 creduntur
845 2822 1004 2881 atque
1056 2811 1440 2882 intelliguntur,
1485 2820 1538 2865 et
1587 2809 1994 2864 Manichaeorum
2035 2818 2092 2865 et

503 2899 904 2972 Pelagianorum
935 2915 1087 2955 error
1125 2901 1482 2972 exstinguitur
1511 2917 1523 2952 :
1548 2899 1960 2956 Manicbaéorum
1986 2899 2092 2954 sci-

503 2993 648 3057 licet,
679 2993 800 3062 quia
829 2993 964 3047 tnala
993 2993 1092 3046 ista
1132 2993 1345 3062 generis
1382 2991 1595 3047 humani
1634 2993 1816 3046 volunt
1843 2991 2087 3060 deputari

503 3087 684 3141 nescio
721 3085 804 3139 cui
846 3087 967 3140 mali
1009 3086 1270 3156 principio
1307 3085 1588 3140 arternitati
1629 3085 1728 3140 Dei
1781 3093 2083 3149 comterno;

503 3178 903 3249 Pelagianorum
943 3186 1144 3241 autem,
1175 3177 1296 3246 quia
1327 3177 1514 3230 nolunt
1542 3177 1803 3246 imputare
1844 3183 2083 3246 peccato.

573 3267 660 3324 Ill.
691 3269 811 3324 Jun.
851 3268 969 3324 Jam
1000 3282 1129 3338 ergo
1153 3283 1215 3322 ea
1243 3283 1362 3338 qua:
1399 3267 1673 3322 contexuit
1697 3267 1956 3321 lacerator
1989 3280 2088 3320 na-

503 3360 772 3427 toralium,
816 3359 1176 3429 ponderemus
1206 3375 1219 3411 :
1245 3357 1339 3412 sed
1375 3365 1432 3412 ut
1478 3373 1693 3424 rerum,
1745 3372 1864 3427 qua:
1906 3363 2086 3410 mutua

503 3460 627 3506 sunt
655 3453 1002 3522 responsione
1030 3450 1316 3520 perplexa),
1346 3449 1534 3504 lectori
1554 3456 1737 3506 nastro
1760 3455 1866 3501 tam
1887 3447 2087 3502 intelli-

501 3545 678 3616 gentia
706 3559 865 3615 quam
895 3542 1148 3599 discretio
1176 3550 1520 3612 suggeratur,
1563 3555 1669 3610 quo
1706 3554 1904 3610 genere
1931 3539 2089 3596 oblu-

504 3644 700 3699 ctetur,
730 3633 1015 3690 admoneo.
1048 3633 1334 3690 Prolitetur
1373 3633 1585 3702 scriptis
1623 3631 1840 3686 obviare
1868 3632 2085 3696 nostris,

501 3741 622 3797 qua:
650 3726 718 3781 ad
743 3741 803 3782 se
824 3727 898 3782 ait
924 3727 979 3781 in
1005 3726 1151 3782 brevi
1172 3725 1408 3780 chartula
1436 3723 1720 3788 destinata,
1745 3731 1799 3778 ct
1825 3723 1971 3793 ponit
1993 3723 2091 3778 ali-

504 3831 638 3886 quas
659 3817 1046 3872 sententiarum
1061 3829 1299 3870 mearum
1319 3815 1605 3884 particulas
1627 3821 1788 3884 atque
1817 3814 2089 3885 suggillat,

503 3922 624 3978 qua:
650 3907 704 3961 in
725 3920 846 3961 meo
875 3921 1039 3976 opere
1065 3922 1170 3960 non
1198 3915 1469 3962 tenentur.

575 4001 713 4054 Ave.
754 3999 864 4053 Deo
891 3999 1092 4068 gratias
1111 4039 1126 4062 ,
1159 3998 1296 4068 quod
1328 3999 1458 4068 ipsis
1477 4000 1498 4030 ³
1525 4007 1754 4069 quatuor
1779 3999 1928 4054 libris
1953 3999 2086 4063 tuis,

506 4087 648 4144 unde
664 4089 752 4144 ille
775 4089 916 4159 quod
947 4089 1133 4155 voluit,
1161 4089 1297 4144 sicut
1324 4088 1512 4154 voluit,
1541 4091 1823 4160 excerpsit,
1851 4091 2002 4161 cujus
2021 4091 2086 4146 ad

507 4193 594 4233 tne
617 4179 857 4234 chartula
889 4179 1050 4234 missa
1078 4179 1350 4249 pervenit,
1379 4195 1474 4236 sex
1507 4180 1655 4234 libris
1685 4181 1816 4236 meis
1846 4183 1912 4236 ad
1953 4197 2087 4237 cun-

509 4278 592 4324 cta
623 4271 893 4340 reSpondi.
920 4271 1053 4325 Puto
1081 4271 1222 4342 quod
1264 4272 1334 4326 ibi
1375 4287 1482 4326 non
1520 4287 1578 4326 es
1618 4273 1876 4339 dicturus,
1907 4274 2086 4344 aliqua

510 4379 595 4418 me
621 4365 938 4435 redarguere
969 4365 1224 4429 voluisse,
1255 4381 1372 4435 qua:
1413 4365 1464 4418 in
1495 4373 1585 4419 tuo
1612 4365 1634 4397 ³
1663 4381 1826 4436 Opere
1857 4383 1962 4423 non
2004 4377 2079 4422 te-

508 4464 702 4510 nentur
729 4473 743 4509 :
775 4455 916 4526 quod
943 4465 997 4511 et
1025 4458 1066 4510 si
1097 4456 1297 4511 dixeris
1317 4497 1332 4520 ,
1365 4455 1520 4526 idque
1559 4456 1893 4526 probaveris;
1925 4459 2084 4513 etiam

504 4546 755 4620 gratulari
783 4545 975 4614 debeo,
999 4563 1104 4602 non
1135 4559 1188 4602 te
1215 4547 1433 4614 dixisse,
1471 4563 1588 4616 qua:
1616 4547 1796 4605 dicere
1839 4565 1942 4604 non
1987 4550 2085 4604 de-

504 4638 660 4694 beres
688 4653 704 4691 :
736 4648 896 4709 atque
917 4639 1114 4693 utinam
1137 4654 1487 4710 qurecumque
1513 4639 1673 4694 verba
1687 4650 1776 4695 tua
1791 4643 2086 4699 rectissime

500 4730 980 4806 reprehenduntur,
1010 4731 1152 4786 nulla
1182 4731 1402 4786 omnino
1421 4729 1666 4788 dixisses.

570 4822 658 4876 IV.
685 4821 802 4878 JUL.
845 4822 1106 4892 Loquitur
1130 4837 1259 4893 ergo
1283 4822 1353 4877 ad
1391 4821 1657 4878 Valerium
1691 4839 1705 4876 :
1733 4823 1946 4878 Attende
1972 4824 2085 4894 qui-

499 4912 591 4967 bus
627 4929 681 4967 se
707 4913 956 4967 existimat
1002 4913 1268 4967 adversum
1316 4929 1409 4966 nos
1461 4913 1576 4966 huic
1626 4914 1886 4982 preemisso
1934 4913 2081 4968 titulo

501 5017 777 5056 consonare
805 5017 824 5056 :
853 5002 1009 5068 Deus,
1033 5003 1222 5074 inquit,
1263 5004 1349 5071 qui
1369 5003 1534 5056 Adam
1572 4995 1632 5056 ea;
1659 5001 1780 5056 limo
1807 5006 1972 5074 fuerat
1999 5004 2084 5072 fa-

503 5091 744 5156 bricatus,
767 5089 927 5146 Evam
953 5095 1230 5148 construxit
1265 5110 1292 5148 e
1324 5103 1482 5157 costa,
1533 5103 1578 5146 et
1615 5095 1767 5160 dixit,
1796 5114 1813 5146 ι
1847 5093 1972 5149 Herc
1993 5111 2084 5149 vo-

501 5184 698 5239 cabitur
728 5182 862 5251 Vita,
892 5187 1130 5255 quoniam
1167 5197 1328 5240 mater
1367 5195 1440 5239 est
1484 5186 1705 5239 omnium
1739 5186 2025 5240 viventium.
2059 5206 2078 5240 ι

513 5273 629 5327 Non
651 5273 854 5343 quidem
894 5275 966 5328 ita
1009 5277 1253 5344 scriptum
1296 5285 1390 5340 est,
1420 5276 1508 5327 sed
1545 5274 1669 5344 quid
1711 5276 1780 5328 ad
1807 5277 1939 5331 nos?
1959 5276 2085 5331 solet

507 5366 747 5420 memoria
767 5365 882 5436 falli
900 5366 952 5420 in
980 5367 1158 5433 verbis,
1187 5368 1310 5421 dum
1352 5377 1519 5420 tamen
1555 5369 1799 5422 sententia
1833 5378 2082 5424 teneatur.

566 5501 587 5574 ξ
609 5499 974 5574 ‘atorel._,_l-:letn.
991 5501 1125 5558 uie,
1148 5513 1197 5562 p.
1219 5501 1331 5560 εδδ,
1355 5500 1578 5561 opinatur
1595 5499 1675 5550 hic
1696 5499 1957 5566 legendum
1976 5540 1992 5566 ,
2014 5505 2086 5558 sic

502 5564 718 5615 creditis.
767 5569 842 5611 ’Μ-
1753 5564 1768 5566 ’
1977 5564 1984 5566 ﬁ

506 5686 514 5688 Δ
565 5628 586 5657 ι
621 5626 924 5688 νίεηίοτίιιβ,
947 5620 1074 5686 quod
1111 5619 1172 5670 ab
1213 5621 1350 5685 ipsis.
1393 5623 1696 5684 l‘rtcpositio,
1735 5624 1823 5687 ab,
1862 5643 1957 5680 non
2009 5637 2086 5680 est

503 5686 551 5737 lu
575 5686 927 5737 manusa'intis.

567 5748 586 5780 ³
621 5748 896 5814 viguierius
911 5781 926 5808 ,
951 5757 1062 5796 uno.
1084 5749 1279 5806 Attus,
1301 5748 1397 5795 tuo.

1175 326 1416 384 OPElllS
1454 319 1862 381 illl‘bIRFECTl
1897 315 2166 375 CONTRA
2205 314 2566 383 JULIANUiI,
2609 317 2664 372 S.
2695 317 3058 375 AUGUSTINI

3634 327 3766 383 13w

2201 424 2310 479 Nec
2340 425 2460 482 Eva:
2505 444 2683 482 nomen
2711 439 2765 483 ut
2793 431 3136 500 appellaretur
3167 430 3299 497 Vita,
3331 431 3468 488 Deus
3513 435 3766 505 ἱιιιροειλι,

2193 518 2282 572 sed
2298 519 2528 579 maritus.
2551 520 2639 574 Sic
2655 521 2783 574 enim
2799 521 3020 591 loquitur
3041 520 3152 591 (a):
3182 521 3461 578 «Etvocavi
3499 526 3662 580 Adam
3683 545 3770 582 no.

2196 625 2307 664 men
2321 610 2493 664 uxoris
2517 627 2624 664 sua:
2657 609 2791 678 Vita,
2827 631 2847 665 ι
2875 617 3114 682 quoniam
3138 623 3297 668 mater
3321 624 3400 669 est
3429 619 3653 670 omnium
3696 623 3769 674 vi-

2195 701 2415 755 ventium
2455 701 2560 772 (De
2584 701 2794 774 Nuptiis
2821 714 2865 758 et
2885 704 3324 776 Concupiscentia,
3353 707 3441 763 lib.
3468 708 3532 774 2,
3555 725 3610 763 n.
3635 711 3703 766 12
3730 713 3770 781 ).

2197 791 2467 862 Stupenda
2497 793 2732 849 doctoris
2753 795 3012 862 eruditio,
3041 797 3132 866 qui
3163 813 3228 851 ne
3255 799 3523 866 paululum
3557 801 3772 871 quidem

2195 898 2225 938 a
2256 885 2648 952 Scripturarum
2679 887 2804 940 sinit
2819 901 3066 942 sermone
3085 886 3314 943 deﬂecti.
3343 887 3664 958 ltnperitiam
3688 905 3783 945 no-

2196 987 2361 1032 stram
2387 979 2594 1049 arguit;
2623 979 2714 1034 sed
2733 980 2986 1034 oblivioni
3008 981 3212 1036 veniam
3234 982 3362 1037 dare
3382 983 3645 1054 dignatur,
3671 1001 3772 1056 qna

2195 1066 2390 1122 factum
2416 1078 2530 1123 erat
2561 1079 2618 1123 ut
2654 1085 2754 1139 ego
2791 1070 3024 1126 dicerem
3053 1073 3270 1127 nomine
3297 1073 3429 1128 Vita:
3454 1090 3482 1128 a
3514 1075 3626 1130 Deo
3654 1091 3771 1130 nmo

2195 1155 2378 1211 lierem
2423 1168 2776 1228 nuncupatam
2805 1177 2818 1213 :
2848 1160 2916 1214 ita
2945 1175 3045 1230 per
3074 1163 3410 1217 occasionem
3457 1163 3691 1230 brevem,
3720 1174 3774 1220 et

2195 1249 2434 1304 eruditus
2456 1265 2713 1320 apparere
2741 1251 2963 1318 studuit,
2989 1261 3043 1307 et
3067 1254 3345 1324 benignus.
3371 1255 3474 1310 Sed
3494 1265 3551 1312 ut
3567 1271 3670 1312 non
3691 1268 3773 1312 est

2195 1338 2508 1394 admiranda
2561 1339 2870 1411 diligentia,
2926 1343 3312 1400 nominatorem
3363 1344 3574 1401 feminas
3627 1362 3772 1402 com-

2196 1429 2431 1498 perisse;
2473 1431 2543 1484 ita
2575 1431 2899 1501 impudentia
2945 1448 3048 1489 nou
3079 1433 3295 1490 ferenda
3329 1445 3430 1500 est,
3459 1437 3598 1493 velle
3625 1438 3773 1509 igno-

2194 1536 2346 1578 scere
2370 1522 2510 1593 quod
2539 1525 2754 1593 culpare
2789 1541 2896 1580 non
2934 1527 3128 1595 possis.
3155 1526 3270 1582 Non
3310 1528 3452 1584 enim
3474 1531 3544 1583 ita
3576 1529 3629 1584 in
3653 1546 3772 1586 meo

2195 1627 2359 1683 opere
2385 1614 2594 1684 legitur,
2619 1615 2756 1671 sicut
2779 1615 2831 1670 in
2858 1618 3179 1672 commentis
3211 1617 3368 1689 lmjus
3404 1627 3630 1675 tenetur.
3662 1621 3771 1691 Ego

2199 1705 2396 1776 quippe
2449 1709 2620 1776 posito
2647 1707 2795 1778 vlegis
2842 1708 3165 1775 testimonio,
3203 1725 3310 1780 quo
3351 1709 3550 1769 dixisse
3593 1726 3768 1766 rerum

2195 1795 2414 1853 Creator
2432 1799 2751 1866 ostenditur,
2783 1798 2906 1854 Non
2945 1809 3018 1854 est
3043 1799 3229 1855 bonum
3263 1802 3426 1856 solum
3465 1817 3572 1856 esse
3605 1803 3768 1856 homi-
3831 1825 3837 1832 ι

2193 1909 2342 1957 nem;
2372 1892 2620 1962 faciamus
2639 1893 2684 1946 ei
2710 1893 3027 1963 adjutorium
3064 1894 3229 1948 simile
3252 1896 3331 1950 sui
3353 1893 3506 1964 (Gen.
3540 1911 3596 1962 tt,
3626 1895 3714 1966 18)
3748 1913 3763 1951 :

2197 1983 2334 2050 Quid
2356 1993 2427 2039 est
2465 1985 2579 2050 hoc,
2605 1985 2806 2055 iuquio,
2835 2004 2856 2037 ‹
2886 1984 3007 2040 Νοη
3036 1996 3108 2042 est
3128 1986 3312 2042 bonum
3350 2004 3454 2044 esse
3491 1989 3652 2043 solum
3676 1990 3769 2042 Ito-

2193 2074 2422 2128 minem?
2447 2092 2466 2126 ι
2501 2073 2764 2142 Numquid
2793 2075 2928 2130 Deus
2953 2076 3146 2144 aliquid
3169 2077 3374 2149 fecerat,
3397 2078 3532 2149 quod
3559 2095 3657 2133 non
3678 2079 3764 2132 bo-

2195 2184 2318 2222 num
2351 2169 2475 2240 jure
2504 2169 2521 2200 ¹
2549 2169 2651 2222 dici
2680 2178 2878 2240 posset;
2903 2171 3120 2224 maxime
3143 2171 3227 2240 qui
3253 2171 3423 2225 omnia
3449 2187 3547 2226 non
3573 2172 3768 2226 solnnt'

2193 2258 2324 2314 bona
2355 2302 2372 2327 ,
2399 2261 2488 2314 sed
2520 2263 2669 2314 etiam
2716 2261 2846 2316 bona
2887 2263 3035 2318 valde
3075 2264 3302 2334 fecerat?
3351 2264 3612 2330 Quomodo
3655 2281 3772 2335 ergo

2193 2352 2284 2417 ait,
2315 2370 2334 2404 ι
2370 2351 2492 2406 Non
2516 2361 2592 2408 est
2617 2353 2802 2407 bonum
2831 2355 2997 2422 solum
3024 2372 3131 2410 esse
3163 2357 3414 2410 hominem
3434 2357 3461 2411 l‘
3495 2376 3514 2410 ι
3547 2373 3643 2429 quo
3669 2373 3768 2412 ser-

2194 2459 2341 2498 mone
2367 2460 2466 2498 non
2486 2445 2873 2516 reprehenditur
2896 2456 3138 2502 creatum
3166 2457 3346 2513 status,
3378 2448 3466 2504 sed
3493 2448 3772 2504 ostenditur

2195 2533 2417 2588 humano
2445 2537 2614 2605 generi
2642 2538 2975 2606 perniciosam
3001 2540 3234 2593 unionem
3261 2556 3367 2594 esse
3408 2541 3647 2612 potuisse,
3674 2541 3770 2595 nisi

2194 2626 2469 2680 ministerio
2516 2627 2702 2682 diversi
2736 2645 2886 2684 sexus
2921 2631 3168 2684 successio
3193 2631 3539 2702 germinasset.
3572 2630 3707 2686 Nam
3726 2634 3770 2688 si

2194 2715 2348 2769 etiam
2367 2715 2533 2770 Adam
2561 2727 2792 2789 speretur
2816 2721 3039 2787 potuisse
3065 2721 3365 2776 immortalis
3390 2723 3522 2791 ﬁeri,
3551 2723 3648 2777 nisi
3683 2722 3770 2778 de-

2193 2805 2420 2877 liquisset
2445 2825 2464 2862 :
2489 2817 2658 2863 tamen
2689 2811 3010 2882 manifestum
3033 2821 3123 2877 est,
3156 2823 3348 2881 patrem
3376 2830 3486 2868 eum
3515 2831 3769 2886 nunquam

2193 2897 2306 2965 ﬁeri
2350 2899 2602 2966 potuisse,
2634 2901 2731 2954 nisi
2776 2903 3038 2981 reperisset
3071 2919 3304 2970 uxorem,
3352 2921 3465 2977 qua:
3487 2905 3550 2960 de
3569 2905 3720 2961 latere
3746 2905 3767 2938 ⁸

2191 2986 2483 3042 dormientis
2511 3000 2792 3059 assumpta,
2822 2993 2987 3061 prima
3011 2995 3396 3062 compellatione
3409 2996 3490 3049 cui
3514 2998 3654 3066 operi
3675 3014 3768 3067 pa-

2191 3087 2304 3130 rata
2317 3089 2444 3132 esset
2466 3079 2657 3132 audivit
2678 3097 2697 3135 :
2729 3100 2747 3132 ι
2777 3080 2901 3136 Haec
2917 3083 3173 3136 vocabitur
3196 3083 3330 3149 Vita,
3351 3086 3586 3156 quoniam
3605 3097 3772 3142 mater

2191 3181 2264 3225 est
2287 3172 2513 3226 onmium
2534 3173 2822 3228 viventium.
2861 3194 2880 3227 ι
2919 3175 3029 3242 Quo
3067 3193 3296 3231 sermone
3323 3189 3649 3232 monstratum
3673 3188 3766 3245 est,

2191 3263 2439 3316 neminem
2473 3265 2732 3336 deinceps'
2754 3265 3016 3320 hominum
3056 3268 3132 3322 vel
3158 3285 3265 3323 esse
3289 3287 3461 3340 posse,
3489 3271 3564 3324 vel
3591 3271 3765 3336 vivere,
3797 3249 3820 3272 ⁸

2190 3353 2274 3420 qui
2313 3370 2412 3407 non
2439 3367 2712 3424 conceptus
2743 3358 2983 3426 beneﬁcio
3009 3359 3324 3417 substitisset.
3356 3361 3486 3416 Cum
3514 3377 3640 3434 ergo
3661 3363 3768 3418 cla-

2193 3453 2326 3509 rcat,
2358 3444 2410 3498 in
2447 3462 2504 3500 re
2530 3447 2744 3516 quidem
2773 3464 2879 3504 non
2911 3438 3084 3521 magni
3116 3452 3404 3522 ponderis,
3438 3465 3610 3510 tamen
3637 3454 3765 3510 nihil

2191 3549 2220 3588 a
2251 3551 2337 3592 me
2360 3537 2430 3591 ita
2461 3536 2624 3594 fuisse
2654 3541 2938 3610 prolatum,
2963 3543 3156 3598 utillud
3181 3553 3374 3615 praeter
3395 3545 3766 3616 impudentiam

2193 3626 2515 3696 singularem
2547 3630 2822 3700 quisquam
2855 3633 3022 3701 possit
3055 3649 3313 3704 arguere;
3343 3635 3514 3691 inusta
3545 3645 3770 3693 estnota

2192 3719 2416 3788 publica:
2456 3721 2701 3776 falsitatis
2729 3726 3078 3794 egentissimo
3099 3728 3358 3794 omnium,
3392 3729 3480 3798 qui
3509 3744 3627 3784 cum
3658 3729 3768 3784 vult

2191 3808 2390 3864 donare
2427 3811 2567 3880 quod
2615 3828 2718 3868 non
2751 3822 2912 3880 tenet,
2946 3832 3050 3870 uno
3100 3825 3338 3887 tempore
3380 3819 3573 3888 pariter
3596 3818 3766 3874 delin-

2191 3902 2322 3971 quit,
2346 3910 2401 3956 et
2429 3903 2645 3972 penuria
2662 3903 2816 3974 juris,
2839 3915 2895 3960 et
2918 3905 3118 3962 ambitu
3142 3907 3417 3979 largitatis.

2262 3995 2398 4050 Auc.
2437 3995 2493 4050 Si
2519 4011 2625 4050 non
2657 4005 2710 4050 tu
2742 3997 2810 4051 ita
2833 4000 3056 4068 posuisti
3082 3999 3225 4056 Libri
3251 4001 3406 4056 verba
3429 4001 3611 4064 divini.
3634 4002 3768 4057 sicut

2191 4100 2290 4157 ego
2333 4089 2385 4142 in
2415 4082 2502 4142 illa
2549 4088 2790 4144 chartula
2823 4091 3030 4157 inveni;
3063 4109 3168 4146 non
3197 4093 3311 4159 tibi,
3355 4093 3446 4148 sed
3476 4094 3527 4148 ei
3562 4094 3648 4164 qui
3690 4093 3769 4148 sic

2191 4179 2439 4248 scripsit,
2486 4180 2662 4250 ignovi
2695 4199 2708 4234 :
2741 4182 2826 4236 cui
2873 4183 3034 4238 ambo
3068 4183 3326 4238 debemus
3378 4185 3669 4256 ignoscere.
3709 4183 3766 4240 Si

2191 4278 2368 4324 autem
2398 4284 2483 4324 me
2524 4279 2678 4339 putas
2707 4287 2811 4326 non
2849 4271 2952 4328 hoc
3003 4274 3268 4330 invenisse
3295 4275 3347 4328 in
3385 4276 3642 4342 chartula,
3673 4273 3766 4330 sed

2192 4369 2440 4430 tanquam
2489 4361 2588 4416 hoc
2619 4361 2936 4432 invenerim,
2981 4366 3101 4420 ideo
3141 4367 3470 4422 mendaciter
3499 4368 3586 4422 illa
3609 4368 3765 4423 verba

2190 4452 2454 4522 posuESse,
2488 4461 2547 4506 ut
2571 4463 2712 4508 esset
2755 4455 2896 4524 quod
2942 4456 3233 4512 tribuerem
3272 4459 3420 4529 quasi
3451 4459 3617 4514 errori
3647 4468 3765 4527 tuo;

2190 4557 2331 4596 nunc
2363 4542 2454 4597 tibi
2478 4553 2642 4609 certe,
2685 4546 2824 4614 quod
2858 4555 2964 4600 tam
2995 4549 3131 4602 male
3156 4563 3219 4604 ac
3250 4547 3381 4604 falso
3407 4549 3472 4606 de
3497 4565 3589 4606 me.
3606 4549 3768 4606 fueris

2189 4635 2457 4706 opinatus,
2491 4635 2727 4706 ignosco.

2261 4725 2325 4781 V.
2351 4726 2470 4782 JUL.
2495 4727 2779 4797 Postquam
2801 4743 2929 4799 ergo
2956 4727 3056 4784 hoc
3083 4730 3172 4786 tali
3187 4731 3444 4800 gravitate
3473 4731 3762 4802 reprehen-
3807 4751 3814 4756 ·

2187 4818 2286 4885 dit,
2316 4821 2486 4890 pergit
2507 4819 2574 4874 ad
2604 4819 2824 4891 reliqua,
2857 4836 2920 4876 ac
2949 4830 3230 4892 patronum
3258 4838 3411 4876 suum
3441 4833 3761 4890 commouet,

2189 4920 2247 4966 ut
2272 4912 2356 4966 his
2379 4928 2500 4982 quae
2536 4922 2832 4983 sequuntur
2869 4913 3128 4969 attendat.
3177 4914 3315 4969 Deus
3359 4916 3534 4987 igitur,
3577 4915 3762 4985 inquit,

2189 5002 2344 5056 maris
2385 5012 2583 5056 creator
2629 5011 2677 5056 et
2719 5005 2940 5074 fentinte,
2985 5005 3330 5060 convenientia
3366 5005 3766 5076 generationibus

2189 5093 2410 5146 membra
2436 5093 2690 5161 formavit.
2723 5093 2829 5150 Sed
2859 5095 2963 5150 hoc
2985 5104 3187 5151 tantum
3209 5094 3276 5150 de
3305 5096 3475 5166 capite
3505 5095 3762 5150 dictorum

2189 5197 2434 5237 meorum
2457 5183 2718 5250 inserens,
2747 5185 3118 5254 praetermissis
3140 5185 3384 5255 plurimis
3408 5187 3625 5241 omnino
3649 5201 3768 5240 vero

2189 5274 2358 5340 sibus,
2379 5274 2571 5344 quibus
2617 5275 2824 5330 novitas
2861 5277 3194 5346 potissimum
3245 5277 3540 5332 inculcatur
3565 5276 3765 5331 anima-

2190 5379 2308 5418 rum
2354 5362 2484 5416 nihil
2512 5371 2604 5418 aut
2650 5365 2795 5419 carni
2841 5374 2932 5421 aut
2979 5366 3169 5421 semini
3213 5365 3538 5432 debentium,
3587 5365 3766 5420 subdit

2191 5453 2319 5509 illud
2348 5469 2523 5510 tneum
2555 5467 2570 5507 :
2602 5453 2685 5508 Ita
2723 5457 2863 5527 gigni
2903 5472 3117 5528 corpora
3151 5457 3214 5510 de
3241 5455 3534 5528 corporibus
3559 5457 3768 5512 ordina-

2254 5566 2270 5629 t
2309 5565 2608 5629 Viguierius,
2633 5579 2757 5617 vere.
2803 5573 2932 5627 Mss,
2945 5567 3081 5629 jure.

2251 5628 2273 5692 ξ
2305 5626 2396 5692 sic_
2417 5635 2504 5675 MSS
2545 5629 2832 5692 \'igttiet‘ius,
2855 5626 3066 5692 manu
3084 5626 3309 5692 quoniam
3325 5641 3420 5681 non
3441 5626 3613 5692 solum.
3693 5639 3702 5650 ο

2255 5688 2276 5756 ξ
2305 5687 2464 5756 codex
2509 5687 2662 5756 l‘9rf.,
2703 5689 2801 5742 nisi
2820 5687 3242 5755 'pcperisset'mr
3263 5689 3335 5754 ei,
3380 5702 3490 5756 qua
3509 5689 3571 5743 de
3593 5689 3757 5744 latere.

2255 5748 2327 5811 (a)
2361 5756 2519 5811 Forte,
2544 5749 2732 5816 legitur.
