4126 6510
349 396 471 457 ιδιι

343 517 454 568 vit:
479 523 691 582 quorum
722 513 885 559 tamen
915 495 1185 569 efﬁcientia
1225 488 1446 564 potentia
1484 483 1791 555 Operationis
1831 481 1919 534 in-

345 601 571 667 tervenit,
593 613 739 652 omne
774 592 908 665 quod
953 598 1044 654 est,
1086 601 1146 640 ea
1185 581 1545 636 administrans
1579 574 1776 637 virtute,
1821 584 1921 640 qua

345 689 591 747 condidit.
626 687 685 742 Si
714 685 869 756 igitur
892 695 993 734 non
1024 677 1119 730 nisi
1159 690 1247 744 per
1275 685 1449 725 sexum
1488 669 1638 738 fetus,
1680 678 1781 716 non
1823 659 1921 714 nisi

345 800 436 857 per
462 795 645 849 corpus
675 791 843 839 sexus,
871 788 971 825 non
993 768 1088 821 nisi
1123 781 1210 836 per
1232 762 1395 816 Deum
1426 773 1642 827 corpus;
1672 755 1784 823 quis
1812 766 1924 804 ant-

347 842 480 946 bigat
519 842 871 941 fecunditatem
917 860 1022 914 Deo
1054 859 1171 929 jure
1209 850 1468 923 reputari?
1496 850 1781 916 Pustquam
1811 842 1926 895 lucc

349 968 527 1035 itaque
555 962 622 1016 de
665 974 782 1014 meo
815 953 1020 1025 posuit,
1046 943 1387 1004 commendat
1421 939 1670 1011 quoniam
1702 937 1719 967 ί
1745 932 1929 989 catho-

352 1031 457 1110 lice
473 1068 534 1109 ea
561 1051 702 1106 dicta
732 1047 890 1103 etiam
919 1046 1032 1113 ipse
1060 1039 1302 1094 fateatur.
1331 1033 1462 1101 Quis
1481 1045 1583 1084 non
1615 1041 1743 1096 ergo
1771 1031 1929 1095 puta-

352 1136 443 1203 ret
476 1143 746 1200 hominem
777 1138 941 1194 fuisse
969 1130 1267 1189 mutatum?
1303 1128 1500 1183 Verum
1523 1138 1629 1178 non
1658 1120 1714 1174 lit
1740 1119 1932 1174 imme-

354 1251 474 1293 mor
514 1234 636 1299 sui;
668 1230 761 1286 sed
798 1228 1026 1283 similem
1070 1221 1426 1278 conditionem
1458 1214 1747 1269 arbitratur
1784 1206 1932 1278 pravi

354 1326 617 1399 dogmatis
647 1331 701 1379 et
723 1318 958 1393 pudoris,
993 1300 1044 1370 ut
1077 1314 1236 1370 etiam
1259 1307 1385 1365 illud
1413 1304 1693 1376 perspicuo
1718 1310 1935 1369 repare-

356 1388 456 1475 tur
470 1417 656 1480 exitio,
702 1388 848 1478 sicut,
876 1409 964 1464 hic
991 1404 1207 1460 assiduo
1237 1397 1469 1455 durescit
1499 1393 1700 1450 attritu.
1749 1388 1944 1444 Probat

357 1526 486 1581 ergo
515 1506 835 1563 sententiam
863 1515 1058 1565 meam,
1087 1506 1137 1552 et
1159 1495 1356 1549 ferrum
1389 1485 1681 1560 praajttdicii
1705 1483 1758 1537 in
1783 1480 1940 1535 [idem

360 1567 511 1655 suam
540 1603 835 1668 Spoutaneo
863 1590 1046 1659 deligit
1071 1585 1319 1656 amplexu
1343 1598 1356 1635 :
1386 1578 1480 1635 sed
1508 1586 1628 1647 post
1652 1573 1767 1628 haec
1792 1567 1944 1640 quasi

363 1694 569 1762 integer
596 1688 811 1748 virium,
837 1687 1080 1738 autumat
1123 1686 1408 1745 superesse
1446 1683 1554 1740 quo
1584 1664 1822 1721 dimicet.
1854 1658 1946 1714 Sic

363 1784 508 1841 enim
537 1779 777 1849 sequitur
807 1793 820 1829 :
854 1772 980 1828 Post
1009 1771 1115 1824 hcet:
1135 1783 1247 1839 qua:
1274 1762 1514 1820 veraciter
1540 1768 1587 1814 et
1613 1753 1858 1811 catholice
1878 1750 1950 1804 di-

366 1885 447 1929 cta
472 1881 610 1939 sunt,
639 1871 740 1925 imo
761 1870 813 1923 in
846 1864 1028 1920 divinis
1053 1860 1217 1916 Libris
1243 1855 1483 1912 veraciter
1508 1851 1719 1921 scripta,
1743 1862 1844 1901 non
1864 1858 1955 1897 au-

368 1978 464 2020 tem
489 1965 551 2018 ab
577 1964 672 2017 isto
692 1955 1100 2015 catholicedicta
1129 1959 1267 2017 sunt,
1304 1947 1423 2019 quia
1450 1961 1550 1999 non
1574 1939 1845 1996 intentione
1863 1951 1952 1989 ca-

369 2057 541 2115 tholici
570 2053 787 2127 pectoris
812 2050 946 2103 dicta
971 2055 1087 2101 sunt
1105 2061 1124 2110 ;
1156 2045 1268 2114 jam
1299 2047 1506 2111 propter
1538 2032 1673 2105 quod
1710 2047 1769 2085 ea
1803 2026 1953 2094 dixit,

371 2118 654 2219 Pelagiana
683 2154 727 2198 et
753 2140 1053 2197 Cwlcstiana
1081 2133 1284 2190 Iueresis
1310 2128 1487 2198 incipit
1502 2120 1773 2179 introduci.
1792 2118 1959 2172 Nam-

370 2256 466 2310 que
498 2208 698 2290 attende
740 2232 861 2304 quid
902 2228 1146 2301 sequitur.
1204 2223 1300 2279 Hic
1361 2220 1545 2275 denuo‘
1583 2223 1768 2269 nostra
1816 2208 1958 2263 dicta

373 2300 647 2400 subjungit
702 2300 904 2391 :quid
958 2300 1077 2391 ergo
1122 2332 1272 2372 suum
1315 2310 1546 2366 diabolus
1606 2302 1857 2377 cognoscit
1903 2300 1959 2354 in

373 2390 594 2486 secribus:
621 2434 711 2489 per
745 2390 881 2485 quod
906 2390 1127 2484 fructum
1168 2421 1340 2462 eorum
1373 2404 1493 2475 jure
1535 2394 1831 2469 possideat?
1860 2390 1958 2445 Di-

375 2484 651 2568 vcrsitatem
674 2509 699 2563 ?
724 2484 829 2564 Sed
869 2505 977 2558 htrc
1010 2502 1061 2556 in
1089 2497 1379 2570 corporibus
1403 2502 1495 2558 est,
1522 2505 1636 2561 qua
1663 2486 1798 2540 Deus
1823 2484 1961 2554 fecit.

377 2598 826 2660 Commixtionem?
852 2594 958 2651 Sed
998 2609 1099 2646 non
1127 2590 1292 2644 minus
1325 2580 1678 2640 benedictionis
1702 2590 1855 2647 quam
1879 2573 1962 2626 in-

375 2692 652 2750 stitutionis
678 2686 937 2760 privilegio
962 2682 1262 2738 vindicatur.
1291 2675 1401 2733 Vox
1424 2674 1558 2728 enim
1580 2669 1675 2724 Dei
1703 2676 1796 2733 est,
1822 2682 1839 2717 ι
1870 2664 1966 2718 Re-

279 2806 321 2875 ι
379 2788 567 2856 linquet
596 2757 746 2835 homo
771 2757 963 2849 patrem
988 2783 1033 2827 et
1060 2780 1293 2835 matrem,
1318 2775 1364 2820 et
1392 2762 1669 2819 adharrebit
1703 2757 1848 2812 uxori
1867 2797 1881 2822 ,
1918 2763 1967 2809 et

671 2873 679 2875 “
1245 2859 1283 2875 "
1320 2860 1331 2870 '
1368 2864 1424 2875 κα·
1473 2873 1484 2875 -
1525 2851 1740 2875 Ρ--αμιιι-
1784 2856 1825 2875 ιιι
1846 2845 1967 2875 ...ιιι

380 2886 527 2932 erunt
546 2875 645 2927 duo
664 2873 717 2924 in
742 2883 893 2922 carne
919 2881 1019 2918 una
1044 2879 1061 2916 :
1086 2876 1213 2914 «vox
1237 2859 1331 2910 Dei
1353 2864 1442 2920 est,
1473 2873 1491 2905 ι
1524 2851 1759 2915 Crescite,
1779 2856 1825 2901 et
1846 2845 1969 2898 mul-

383 2961 703 3036 tiplicamini,
722 2967 769 3012 et
787 2955 970 3025 replete
997 2962 1235 3005 terram.)
1258 2947 1333 2999 An
1351 2949 1481 3016 forte
1500 2943 1663 3011 ipsam
1689 2935 1971 3010 fecundita-

387 3057 526 3114 tem?
554 3054 658 3111 Sed
682 3054 794 3122 ipsa
819 3059 892 3104 est
921 3044 1134 3101 instituti
1154 3057 1308 3096 causa
1332 3035 1576 3106 conjugii.
1609 3032 1689 3088 Ad
1715 3029 1857 3101 quod
1886 3042 1969 3081 re.

385 3148 619 3220 spondit,
647 3145 770 3217 quia
801 3156 901 3196 nec
923 3136 1288 3195 diversitatem
1313 3142 1558 3191 sexuum,
1583 3138 1684 3178 nec
1717 3119 1977 3177 commix-

309 3286 327 3298 .
352 3268 357 3273 -
386 3242 610 3306 tionem,
651 3250 751 3290 nec
784 3229 1162 3287 fecunditatem
1184 3221 1428 3279 diabolus
1454 3221 1741 3288 cognoscat
1763 3213 1814 3266 in
1836 3209 1977 3265 sexi-

387 3333 508 3396 bus,
537 3302 627 3401 per
653 3325 795 3398 quod
825 3322 1052 3378 fructum
1080 3332 1265 3374 eorum
1291 3315 1413 3385 jure
1434 3309 1704 3382 possideat
1730 3322 1745 3360 :
1775 3305 1868 3360 sed
1893 3302 1976 3358 his

389 3421 636 3478 omnibus
651 3415 908 3473 absolutis
939 3410 1142 3467 invenit
1164 3406 1308 3480 quod
1331 3403 1546 3461 diabolo
1567 3401 1861 3470 deputaret,
1879 3412 1977 3450 no-

392 3526 666 3583 stramque
696 3508 1030 3565 honestatem
1059 3505 1273 3558 nomine
1295 3498 1500 3555 timoris
1522 3493 1761 3560 incessit,
1785 3491 1873 3562 qui
1902 3490 1983 3543 in-

397 3621 477 3666 ter
505 3616 583 3663 tot
618 3588 908 3675 corporum
956 3609 1289 3665 sexuumque
1340 3604 1584 3651 munera.
1631 3585 1788 3641 veriti
1817 3583 1982 3638 simus

394 3698 571 3755 carnis
595 3690 1082 3773 concupiscentiam
1115 3686 1409 3742 nominare.
1441 3681 1529 3736 Sic
1548 3692 1676 3749 ergo
1697 3675 1983 3731 adversum

397 3806 485 3846 me
512 3770 735 3860 patrono
764 3799 862 3839 suo
894 3779 1129 3850 loquitur
1157 3794 1170 3829 :
1201 3774 1307 3831 Sed
1334 3774 1427 3828 iste
1454 3772 1507 3826 in
1533 3769 1614 3823 his
1639 3764 1865 3822 omnibus
1890 3778 1984 3815 no-

401 3881 493 3937 luit
542 3878 802 3934 nominare
850 3868 1305 3942 concupiscentiam
1349 3863 1537 3925 carnis,
1578 3874 1691 3931 quae
1727 3873 1827 3910 non
1858 3862 1928 3908 est
1956 3869 1989 3905 a

402 3969 580 4036 Patre,
608 3968 697 4023 sed
726 3982 789 4020 ea:
824 3962 1012 4019 mundo
1034 3969 1105 4015 est
1133 3957 1173 4032 (I
1198 3956 1356 4012 Joan.
1379 3952 1435 4018 Il,
1460 3952 1527 4008 16
1547 3949 1602 4023 );
1631 3948 1776 4019 cujus
1816 3943 1990 3998 mundi

403 4065 637 4133 princeps
669 4059 832 4112 dictus
875 4064 947 4109 est
979 4046 1355 4118 diabolus:qui
1399 4060 1509 4099 eam
1551 4043 1604 4096 in
1643 4038 1862 4093 Domino
1891 4050 1993 4087 non

404 4153 609 4219 invenit,
639 4151 758 4221 quia
788 4146 1032 4201 Dominus
1060 4143 1208 4196 homo
1247 4154 1349 4193 non
1380 4152 1467 4207 per
1490 4134 1654 4204 ipsant
1682 4129 1749 4182 ad
1769 4126 1994 4180 homines

408 4245 557 4302 venit.
596 4217 762 4296 vU-nde
819 4237 938 4311 dicit
978 4234 1130 4288 etiam
1177 4231 1304 4302 ipse,
1359 4245 1378 4279 ι
1406 4224 1540 4279 Ecce
1589 4221 1718 4277 venit
1765 4217 1996 4288 princeps

409 4333 583 4389 mundi
598 4332 772 4401 hujus,
797 4310 841 4384 et
864 4328 916 4381 in
937 4342 1015 4380 me
1042 4322 1171 4379 nihil
1194 4319 1406 4375 inveniet
1434 4335 1453 4368 ι
1477 4317 1495 4384 (
1524 4313 1681 4368 Joan.
1704 4324 1817 4373 xw,
1847 4304 1955 4375 50)
1982 4321 1994 4360 :

410 4428 538 4484 nihil
574 4426 745 4495 utique
770 4420 980 4493 peccati,
1012 4432 1101 4471 nec
1127 4412 1263 4485 quod
1290 4429 1322 4465 a
1351 4417 1586 4464 nascente
1631 4403 1870 4464 trahitur,
1907 4413 1998 4452 nec

411 4517 546 4586 quod
564 4489 798 4570 avivente
824 4511 1048 4566 additur.
1084 4504 1232 4559 Hanc
1253 4504 1346 4556 iste
1371 4498 1530 4554 noluit
1560 4495 1819 4550 nominare
1843 4491 1895 4544 in
1924 4489 2001 4542 his

415 4608 664 4672 omnibus,
691 4619 803 4676 quae
823 4596 1244 4659 commemoravit,
1276 4589 1594 4645 naturalibus
1623 4584 1786 4648 bonis,
1816 4581 1880 4635 de
1903 4595 2003 4649 qua

415 4703 564 4758 etiam
581 4700 769 4769 nuptias
787 4689 1185 4764 confunduntur,
1210 4699 1326 4754 quw
1345 4683 1405 4735 de
1422 4680 1500 4733 his
1522 4676 1751 4732 omnibus
1775 4671 2004 4743 gloriano

421 4806 522 4849 tur.
554 4764 697 4846 Nam
723 4802 878 4859 quare
904 4781 1033 4837 illud
1058 4795 1185 4849 opus
1209 4775 1595 4845 conjugatorunt
1620 4764 1934 4821 subtrahitur
1961 4769 2006 4814 et

421 4880 923 4942 ubscondituretiam
950 4872 1107 4928 oculis
1137 4869 1378 4940 ﬁliorum,
1402 4863 1499 4917 nisi
1523 4861 1642 4931 quia
1670 4874 1770 4911 non
1802 4860 2009 4925 possunt

422 4941 598 5035 essein
629 4969 888 5028 laudanda
916 4961 1266 5020 commixtione
1285 4957 1393 5012 sine
1407 4950 1640 5023 pudenda
1658 4946 1863 5002 libidine
1879 4943 1905 4997 ?
1931 4941 2012 4996 De

428 5073 521 5124 huc
542 5065 845 5123 erubuerunt
864 5059 1011 5115 etiam
1041 5055 1128 5124 qui
1158 5050 1307 5124 primi
1336 5045 1572 5119 pudenda
1598 5045 1825 5096 texerunt
1856 5034 2007 5107 (Gen.

427 5180 505 5229 ιιι,
537 5159 593 5232 ’7)
625 5175 639 5211 :
667 5170 780 5227 qua:
808 5154 948 5223 prius
976 5146 1214 5218 pudenda
1243 5158 1345 5196 non
1385 5140 1608 5210 fuerunt,
1649 5132 1737 5186 sed
1775 5138 2015 5198 tanquant

433 5220 526 5307 Dei
546 5220 702 5324 opera
739 5220 1065 5318 praedicanda
1094 5246 1242 5308 atque
1269 5228 1539 5304 glorianda
1574 5225 1593 5300 (
1624 5224 1701 5278 De
1730 5220 1940 5291 Nuptiis
1969 5225 2017 5271 et

435 5310 870 5412 Concupiscentia,
924 5334 1012 5387 tib.
1061 5329 1118 5396 2,
1158 5345 1211 5381 η.
1259 5321 1476 5392 ie-tt).
1504 5318 1602 5388 Egi
1628 5313 1864 5385 quidem,
1888 5310 2016 5364 bea-

440 5399 641 5491 tissime
669 5437 821 5502 pater
851 5399 1029 5488 Flore,
1075 5422 1128 5476 in
1168 5415 1326 5488 primi
1368 5412 1546 5483 operis
1571 5415 1799 5479 quatuor
1825 5399 2021 5456 libellis

442 5540 652 5582 causam
698 5517 1026 5591 nuptiarum,
1077 5523 1292 5585 causam
1343 5497 1761 5560 commixtionis,
1805 5506 2020 5549 causam

443 5629 748 5689 corporum,
779 5622 992 5668 causam
1011 5616 1256 5666 sexuum,
1286 5608 1503 5654 causam
1533 5590 1714 5661 Operis
1744 5585 1860 5651 Dei,
1891 5597 2023 5638 cau—

447 5674 557 5766 sam
601 5674 874 5778 postremo
911 5692 1277 5755 mstimationis
1302 5687 1419 5754 Dei,
1451 5697 1570 5755 quas
1609 5674 1936 5743 necessario,
1969 5680 2028 5727 ut

510 5820 531 5853 ‘
563 5820 636 5871 Sic
654 5823 762 5870 uss.
806 5809 1094 5877 mgnierius,
1119 5814 1305 5870 quam.

1681 368 1875 424 [ΛΜΞῐῖ
1915 360 2259 433 QUARTUS.
2858 373 2897 394 v-

3471 351 3492 405 i
3503 341 3622 405 3.12

2031 463 2250 545 operum
2278 484 2493 528 suorum
2538 467 2800 539 probitate
2846 464 3112 532 laudatur,
3159 465 3231 520 ita
3261 480 3447 520 eorum
3483 478 3611 519 sau-

2026 569 2197 624 ciatur
2225 564 2473 629 infamia;
2504 575 2566 616 ac
2615 575 2710 630 per
2745 566 2911 614 totum
2944 558 3263 627 scriptorum
3312 571 3468 626 opus,
3509 568 3613 610 nec

2029 657 2332 716 formationi
2360 654 2606 724 corporis
2632 649 2833 721 aliquid
2878 648 3149 704 diabolum
3199 647 3468 701 addidisse
3516 659 3616 701 nec

2032 751 2233 816 sensui,
2280 744 2717 803 inobumbrabilis
2756 742 2976 797 omnino
3016 740 3213 795 veritas
3256 737 3572 808 approbavit
3596 753 3615 790 :

2033 853 2087 898 et
2114 840 2235 896 ideo
2257 838 2560 908 opinionem
2591 832 2824 890 traducis
2847 831 2916 887 de
2940 830 3216 885 Manichzni
3245 830 3356 883 luto
3371 828 3617 881 haustam

2036 946 2177 1002 esse,
2207 929 2519 1001 perdoctum
2541 933 2645 981 est.

2108 1022 2241 1077 Auc.
2283 1016 2560 1088 Quomodo
2586 1014 2757 1086 egeris
2785 1014 2836 1068 in
2867 1012 2972 1067 illis
2996 1017 3222 1080 quatuor
3238 1007 3388 1062 libris
3411 1006 3536 1071 tuis,
3566 1013 3621 1059 et

2041 1110 2318 1197 quompdo-
2338 1116 2518 1162 nostra
2560 1103 2908 1174 responsione
2938 1099 3104 1154 fueris
3127 1096 3454 1161 confutatus,
3488 1105 3545 1148 ut
3575 1103 3629 1149 te

2042 1202 2175 1257 nihil
2199 1188 2373 1270 cgisse
2395 1198 2642 1259 clareret,
2670 1194 2761 1265 qui
2788 1202 2841 1249 et
2881 1205 3031 1246 meos
3056 1198 3111 1244 et
3140 1197 3258 1243 tuos
3287 1188 3491 1257 legunt,
3519 1199 3629 1239 non

2044 1292 2329 1349 difﬁculter
2356 1290 2672 1359 intelligunt.
2702 1284 3016 1353 Quanquam
3043 1289 3097 1336 et
3131 1294 3252 1336 cum
3297 1278 3373 1332 tui
3401 1291 3507 1331 non
3549 1276 3632 1329 ιε.

2046 1394 2258 1455 guntur,
2286 1381 2380 1437 sed
2402 1375 2770 1434 tantummodo
2797 1374 2922 1440 mei,
2962 1380 3185 1443 apparet
3210 1371 3262 1424 in
3289 1368 3368 1423 eis
3391 1374 3629 1421 vestrum

2049 1477 2355 1533 hmreticum
2403 1474 2593 1542 dogma
2636 1454 2986 1525 destructum.
3040 1462 3143 1520 Sed
3188 1477 3308 1516 cum
3347 1473 3471 1514 meo
3518 1456 3635 1520 uni,

2050 1578 2277 1640 quatuor
2297 1566 2399 1620 illis
2425 1565 2528 1619 tuis
2567 1562 2643 1616 sic
2665 1558 3004 1628 responderis
3023 1558 3065 1623 ι,
3093 1564 3152 1609 ιιι
3177 1554 3291 1624 ejus
3318 1553 3402 1606 vix
3424 1557 3633 1621 partem

2052 1637 2340 1730 attingercs
2386 1656 2618 1718 tertiam,
2649 1652 2957 1719 nullamque
2999 1644 3306 1708 refelleres;
3338 1650 3542 1696 tantum
3567 1637 3639 1693 de

2053 1752 2157 1807 illis
2178 1744 2582 1820 praesumpsisti,
2616 1751 2671 1797 ut
2695 1747 2879 1796 contra
2908 1750 3073 1792 unum
3105 1734 3333 1789 alterum
3376 1743 3554 1785 meum
3582 1727 3638 1781 in

2055 1841 2243 1898 eadem
2271 1852 2452 1904 causa,
2497 1836 2627 1889 istos
2654 1841 2774 1886 tuos
2797 1838 2919 1885 octo
2946 1824 3353 1895 conscripseris,
3375 1820 3525 1892 quasi
3552 1832 3643 1872 me

2057 1948 2164 1989 non
2195 1927 2515 1985 vincendum
2549 1925 2882 1979 firmamento
2927 1915 3369 1987 disputationum,
3402 1909 3498 1966 sed
3541 1923 3643 1960 nu-

2058 2037 2208 2080 mero
2232 2018 2559 2076 voluminum
2586 2012 2856 2085 putaveris
2880 2023 3003 2065 esse
3032 2003 3339 2061 terrendum
3374 2001 3396 2032 ⁸
3431 2017 3445 2053 :
3474 2011 3648 2067 usque

2059 2114 2195 2169 adeo
2215 2111 2417 2182 quippe
2452 2105 2746 2178 quadrupla
2775 2102 2861 2156 illa
2887 2096 3242 2168 reSponsioue
3276 2091 3407 2146 nihil
3437 2098 3491 2145 te
3519 2103 3646 2159 pro-

2062 2178 2254 2260 fecisse
2279 2178 2515 2264 sensisti,
2540 2205 2601 2251 ut
2623 2195 2738 2250 hinc
2778 2192 2874 2247 tibi
2902 2188 3120 2258 oetupla
3148 2181 3450 2241 necessaria
3488 2178 3644 2234 vide-

2061 2303 2229 2350 retur.
2257 2292 2315 2348 Si
2344 2304 2472 2360 ergo
2493 2287 2687 2342 talibus
2711 2279 3057 2338 incrementis
3086 2274 3380 2346 loquacitas
3404 2280 3492 2326 tua
3523 2283 3650 2339 pro-

2064 2392 2344 2447 movetur;
2374 2393 2533 2450 quem
2579 2392 2687 2432 non
2714 2379 2933 2436 terreat,
2964 2384 3072 2425 non
3099 2368 3317 2432 veritas,
3348 2362 3443 2418 sed
3463 2376 3654 2415 nume-

2065 2473 2260 2530 rositas
2283 2449 2541 2525 librorum
2572 2473 2806 2527 tuorum,
2838 2475 2999 2531 quam
3025 2463 3337 2527 computare
3366 2465 3454 2506 me
3471 2449 3654 2520 piget?

2069 2558 2242 2622 Homo
2283 2562 2427 2618 enim
2469 2554 2729 2628 stupenda
2760 2553 3004 2608 ubertate
3052 2546 3331 2609 facundus,
3371 2542 3462 2612 qui
3506 2540 3657 2610 prius

2068 2656 2161 2714 uni
2190 2669 2312 2710 meo
2338 2662 2458 2707 tuos
2478 2658 2726 2720 quatuor,
2759 2652 2813 2700 et
2836 2641 2992 2698 alteri
3022 2654 3143 2695 meo
3171 2645 3291 2692 tuos
3315 2643 3437 2689 octo
3460 2630 3658 2702 putasti

2071 2764 2192 2805 esse
2219 2743 2555 2808 reddendos;
2583 2739 2705 2810 quis
2733 2751 2841 2792 non
2887 2735 3068 2789 timeat
3094 2746 3165 2786 ne
3205 2728 3342 2785 forte
3369 2742 3461 2781 sex
3507 2723 3660 2779 libris

2073 2840 2209 2894 meis
2233 2836 2462 2906 amplius
2490 2846 2649 2903 quam
2679 2828 2827 2884 mille
2857 2834 2979 2881 tuos
3017 2822 3245 2878 reddere
3288 2816 3578 2879 mediteris,
3614 2814 3660 2869 si

2074 2931 2166 2986 uni
2186 2943 2371 2985 eorum
2397 2926 2486 2997 qui
2512 2925 2658 2994 prior
2686 2930 2788 2986 est,
2813 2919 2924 2990 jam
2949 2915 3225 2972 sexdecim
3264 2910 3474 2974 reddas,
3505 2917 3664 2977 atque

2076 3023 2147 3074 ita
2176 3016 2411 3088 singulos
2425 3027 2665 3085 quosque
2690 3008 3027 3080 sequentium
3045 3005 3313 3074 duplicato
3330 2999 3665 3070 praecedente

2077 3123 2306 3166 numero
2344 3102 2716 3177 persequaris,
2745 3097 3037 3155 ostendens
3072 3093 3228 3148 nobis
3252 3105 3410 3161 quam
3437 3089 3664 3142 multum

2079 3200 2317 3273 loquaris
2346 3212 2451 3252 non
2485 3191 2831 3263 intelligendo
2851 3203 2970 3260 quae
3009 3181 3280 3255 loqueris?

2151 3312 2241 3367 Vl.
2278 3310 2395 3366 Jun.
2436 3307 2637 3362 Tamen
2683 3317 2804 3358 cum
2835 3300 2939 3355 hoc
2982 3297 3052 3351 ibi
3092 3288 3431 3348 satiatissime
3461 3293 3672 3341 constet

2082 3403 2348 3467 effectum,
2374 3398 2612 3454 breviter
2640 3394 2800 3459 licet,
2829 3391 2882 3445 in
2912 3386 3160 3460 prwsenti
3192 3394 3402 3452 quoque
3429 3379 3671 3446 disputa-

2085 3498 2227 3553 tione
2257 3500 2544 3564 repetetur.
2578 3488 2967 3542 Convertamur
2998 3494 3126 3548 ergo
3169 3476 3235 3529 ad
3284 3473 3455 3542 ipsum
3475 3511 3491 3537 ,
3522 3468 3676 3537 cujus

2085 3605 2206 3647 cum
2242 3585 2538 3643 eruditione
2580 3579 2940 3635 decertamus.
2972 3570 3176 3627 Annuis
3209 3578 3399 3634 nempe
3419 3604 3433 3628 ,
3462 3576 3490 3615 a
3522 3559 3676 3614 nobis

2087 3691 2233 3737 recte
2276 3678 2435 3732 fuisse
2480 3673 2794 3734 collectum,
2834 3664 2958 3736 quia
2999 3662 3043 3716 si
3093 3658 3229 3713 fetus
3276 3670 3381 3709 non
3431 3652 3532 3707 nisi
3581 3664 3678 3719 per

2089 3786 2274 3828 sexum
2295 3809 2311 3835 ,
2341 3767 2384 3821 si
2417 3778 2577 3819 sexus
2605 3776 2709 3814 non
2741 3756 2842 3812 nisi
2885 3769 2981 3826 per
3008 3762 3203 3820 corpus
3225 3787 3240 3813 ,
3268 3746 3311 3801 si
3352 3755 3545 3811 corpus
3572 3754 3678 3793 non

2092 3863 2193 3917 nisi
2224 3875 2321 3930 per
2346 3859 2509 3912 Deum
2538 3851 2846 3911 exsﬂtisset,
2875 3842 3068 3912 ambigi
3099 3856 3203 3894 non
3235 3844 3416 3907 posset
3445 3830 3685 3886 fecundi-

2094 3962 2257 4007 tatem
2286 3948 2352 4004 ad
2382 3946 2478 4001 Dei
2508 3957 2669 4013 opera
2698 3938 2986 4009 pertinere,
3014 3931 3250 4000 nihilque
3278 3939 3431 3981 suum
3461 3923 3514 3977 in
3542 3921 3685 4015 serti;

2096 4045 2195 4100 bus
2223 4051 2515 4112 agnoscere
2545 4009 2837 4106 principem
2889 4024 3261 4082 tenebrarum,
3293 4024 3510 4086 propter
3544 4009 3688 4082 quod

2099 4136 2304 4192 fructus
2348 4144 2533 4186 eorum
2578 4126 2713 4197 juris
2761 4121 2840 4176 sui
2887 4116 3181 4173 assertione
3224 4111 3514 4171 retineret;
3565 4104 3687 4173 quia

2100 4237 2153 4283 et
2191 4222 2473 4281 diversitas
2515 4195 2811 4290 pertinebat
2846 4211 2912 4266 ad
2943 4223 3135 4263 sexum
3157 4244 3172 4271 ,
3204 4211 3257 4258 et
3289 4197 3597 4256 commixtio
3624 4195 3692 4249 ad

2102 4317 2461 4373 membrorum
2489 4278 2854 4364 diversitatem
2877 4343 2891 4366 ,
2923 4308 2978 4355 et
3019 4298 3219 4352 fructus
3262 4286 3597 4345 fecunditatis
3626 4284 3694 4337 ad
3768 4278 3771 4285 ’

2106 4411 2292 4473 Deum,
2325 4404 2415 4476 qui
2445 4403 2603 4457 etiam
2640 4394 3007 4469 generautium
3040 4389 3211 4444 fuerat
3238 4384 3258 4417 ³
3291 4382 3560 4438 institutor
3589 4395 3603 4431 :
3634 4390 3697 4429 ac

2106 4516 2202 4572 per
2233 4469 2498 4553 hoc-nihil
2525 4492 2860 4547 remanserat
2900 4489 3115 4553 prepter
3141 4474 3283 4548 quod
3312 4469 3525 4527 diabolo
3551 4475 3695 4522 esset

2107 4556 2504 4647 commixtionis
2545 4576 2894 4649 adjudicanda
2936 4571 3197 4627 fertilitas.
3249 4562 3400 4631 Quod
3429 4573 3556 4629 ergo
3606 4556 3698 4609 tibi

2110 4693 2264 4753 putas
2310 4678 2393 4733 vel
2440 4673 2685 4729 solatium
2726 4668 2810 4721 vel
2856 4662 3163 4734 prcesidium
3210 4672 3239 4709 a
3285 4651 3548 4708 sermonis
3594 4646 3701 4701 mei

2111 4772 2393 4825 honestate
2416 4759 2666 4823 conferri,
2695 4756 2817 4826 quia
2848 4751 2987 4805 nolui
3018 4751 3068 4802 in
3098 4748 3200 4800 hoc
3226 4744 3343 4796 loco
3371 4739 3546 4794 carnis
3572 4751 3701 4791 eon-

2112 4855 2491 4928 cupiscentiam
2535 4842 2857 4905 nominare?
2903 4838 3047 4911 quod
3092 4834 3192 4891 etsi
3246 4833 3296 4885 in
3346 4828 3493 4884 omni
3541 4840 3704 4895 opere
3802 4857 3807 4860 ο

2114 4917 2327 5006 silentio
2369 4940 2723 5015 praeterissem
2749 4977 2764 5002 ,
2796 4931 2927 4987 nihil
2966 4938 3142 4983 tamen
3173 4917 3575 4991 vituperationis
3613 4924 3706 4969 aut

2117 5043 2325 5116 injuriae
2354 5011 2440 5095 res
2467 5036 2553 5091 illa
2584 5031 2899 5100 susciperet,
2928 5038 3046 5094 quae
3070 5013 3468 5074 honestioribus
3499 5011 3706 5079 signata

2118 5134 2424 5194 nominibus
2468 5127 2491 5161 ⁸
2521 5123 2925 5185 vindicabatur,
2976 5122 3032 5169 et
3074 5107 3384 5168 clarissimis
3427 5104 3449 5137 ⁵
3493 5102 3707 5174 quidem

2121 5223 2482 5297 intelligentiae
2501 5217 2740 5274 vocibus.
2765 5212 2871 5266 Fac
2898 5208 3056 5279 igitur
3080 5219 3167 5259 me
3195 5197 3526 5271 prudentius,
3549 5186 3757 5297 quam:

2123 5264 2482 5287 ...ιυ...-ν....νν
2513 5264 2739 5274 Nm---
2771 5264 2786 5266 _
2854 5264 2859 5265 ,
2916 5264 2946 5279 ν
3197 5264 3209 5271 _

2123 5264 2355 5386 ευδοθέιί
2384 5310 2576 5384 negotii
2608 5305 2744 5361 ratio
2772 5301 3007 5373 petebat,
3034 5304 3214 5366 tegere
3238 5289 3473 5346 voluisse
3498 5264 3733 5341 silenta,

2190 5453 2207 5484 ί
2242 5450 2317 5500 sic
2344 5454 2453 5496 Mss.
2476 5441 2597 5493 editi
2621 5445 2813 5497 autem,
2835 5432 2921 5485 sed
2954 5428 3008 5482 in
3027 5441 3084 5480 eo
3105 5439 3234 5487 uno,
3269 5425 3472 5487 quatuor
3499 5413 3599 5468 illis
3619 5410 3714 5464 tuis

2127 5513 2199 5566 sic
2220 5507 2530 5573 respondens.

2193 5557 2441 5621 {si—55185.
2467 5573 2515 5614 In
2541 5563 2697 5625 vign.,
2718 5557 2989 5625 ferendum.

2197 5636 2218 5668 ³
2433 5620 2836 5695 nmﬂivAtmss'l
2855 5620 3139 5695 [qu'_‘.}..:-
3165 5668 3347 5695 ..ει-..11111
3370 5650 3547 5695 stantini

2197 5653 2218 5668 ⁸
2255 5653 2408 5695 ν¹8“ι’
2433 5653 2526 5690 ["61
2539 5653 2592 5675 ιι.
2619 5653 2674 5672 ιιι.
2702 5653 2831 5679 αισα-ν
2855 5653 3032 5681 μανι-η.
3485 5655 3494 5664 ι
3537 5653 3547 5659 _

2195 5697 2216 5727 ι
2249 5695 2321 5743 sic
2343 5699 2447 5739 Mss.
2473 5695 2520 5737 tn
2543 5687 2702 5749 vign.,
2729 5693 2839 5749 qua:
2860 5671 3140 5749 hqnestioris
3161 5668 3347 5734 sigmta
3370 5653 3651 5710 nomunbus.

2198 5762 2218 5791 '
2379 5760 2491 5804 Mar.
2513 5758 2563 5801 et
2591 5740 3088 5808 Clar.,'clausissintis.
