4172 6492
511 331 648 388 1535
689 375 716 386 η

505 457 700 498 nomen
741 440 860 511 ejus
901 441 1016 505 rei,
1049 455 1206 512 quam
1253 441 1480 510 tegimus
1523 439 1716 492 amictu
1749 455 1762 490 :
1796 451 1920 490 num
1969 435 2088 488 idco

505 534 668 584 totius
705 531 964 594 rationis,
997 531 1157 584 totius
1185 531 1424 584 veritatis
1463 529 1668 598 jactura
1697 525 1934 580 facienda
1963 525 2090 578 est?

505 621 642 678 Num
673 621 794 678 ideo
823 623 1152 692 negotiorum
1179 621 1378 676 arbiter
1405 620 1702 674 intellectus
1725 617 1940 686 iacebit,
1963 617 2084 686 quia

503 723 588 767 est
625 711 824 782 aliquid
845 753 862 778 ,
891 711 1032 782 quod
1063 720 1120 764 ut
1161 721 1284 766 ante
1319 711 1538 772 oculos,
1571 709 1640 762 ita
1681 706 1748 761 ad
1793 721 1950 760 aures
1981 722 2086 759 non

503 817 716 872 semper
741 802 932 858 decore
971 803 1140 872 possit
1165 801 1398 856 adduci?
1429 799 1806 854 Verumtamen
1835 796 1958 865 quid
1987 796 2086 850 de-

505 892 786 947 formitatis
815 891 1008 956 habet,
1039 893 1216 946 carnis
1255 890 1738 960 concupiscentiam
1771 889 2084 950 nominare;

503 996 662 1050 quam
701 991 757 1036 et
796 997 894 1052 ego
933 981 1226 1050 appellavi,
1265 997 1386 1037 cum
1427 981 1666 1050 poposcit
1715 980 1900 1042 locus;
1949 987 2004 1032 et
2031 987 2088 1032 tu

505 1070 634 1126 licet
673 1071 1048 1126 indomabilem
1081 1082 1132 1126 te
1159 1089 1278 1128 eam
1321 1074 1520 1127 sentire
1547 1072 1864 1134 confirmes,
1911 1080 2086 1124 tamen

503 1159 694 1214 crebro
721 1161 1154 1216 commemoras?

575 1251 710 1305 Acs.
753 1250 1080 1306 Domabilem
1107 1251 1260 1315 dico,
1289 1251 1342 1304 id
1367 1260 1478 1314 est,
1507 1265 1724 1304 carnem
1743 1289 1761 1316 ,
1791 1249 1882 1304 sed
1913 1264 2084 1319 expu-

503 1339 810 1409 gnatoribus
829 1383 844 1404 ,
875 1357 980 1394 non
1013 1341 1366 1396 laudatoribus
1395 1342 1530 1411 ejus.

575 1429 686 1484 VII.
729 1431 844 1486 Jun.
885 1433 1052 1488 Porro
1093 1432 1216 1488 hinc
1261 1443 1378 1502 post
1425 1433 1690 1487 modicum
1723 1451 1736 1486 :
1772 1454 1790 1484 ι
1825 1433 1930 1488 Per
1955 1433 2086 1502 quid

504 1523 664 1592 igitur
705 1537 830 1578 sunt
871 1524 970 1579 sub
1011 1525 1222 1578 diabolo
1265 1527 1502 1594 parvuli,
1533 1526 1622 1594 qui
1661 1525 1730 1579 de
1771 1523 2086 1596 corporibus

501 1623 792 1668 nascuntur
835 1631 954 1684 quae
999 1615 1122 1669 fecit
1169 1607 1308 1669 Det'is
1333 1656 1348 1678 ,
1385 1616 1454 1670 de
1497 1615 1878 1669 commixtione
1925 1629 2086 1668 sexus

501 1719 658 1774 quem
683 1705 922 1760 distinxit
949 1705 1252 1770 formando,
1277 1706 1372 1762 sed
1401 1705 1765 1761 benedicendo
1787 1705 2079 1775 conjunxit,

497 1805 550 1850 et
581 1795 954 1852 fecunditatem
979 1798 1262 1852 inserendo
1289 1799 1657 1866 multiplicmit
1679 1798 1838 1860 Deus,
1859 1807 1914 1854 et
1941 1799 2084 1866 ipsos

501 1888 746 1954 parvulos
771 1888 838 1942 de
866 1887 1086 1942 materia
1113 1889 1332 1943 seminis
1361 1888 1486 1943 fecit
1507 1889 1684 1944 Deus?
1713 1889 1771 1944 Si
1799 1903 1894 1958 per
1913 1889 2080 1942 Deum

497 1977 772 2032 materiam
815 1994 1098 2048 corporum
1119 2021 1135 2046 ,
1169 1995 1262 2048 per
1293 1981 1456 2034 Deum
1494 1981 1744 2049 genitalia
1771 1995 2078 2050 corporum,

497 2079 593 2134 per
613 2067 776 2122 Deum
799 2069 1230 2123 commixtionem
1253 2071 1586 2138 genitalium,
1611 2085 1704 2138 per
1727 2070 1890 2124 Deum
1917 2069 2080 2124 etiam

496 2157 602 2211 vim
625 2158 908 2222 seminum,
931 2175 1028 2228 per
1053 2160 1218 2215 Deum
1245 2175 1457 2230 quoque
1481 2162 1718 2214 omnium
1749 2162 2078 2216 nasccntium

495 2245 718 2301 formam
766 2258 925 2318 atque
953 2250 1114 2304 vitam
1144 2251 1375 2304 existere
1395 2251 1718 2316 conﬁteris;
1759 2251 1888 2320 quid
1927 2260 2082 2320 putas

499 2337 844 2400 remansisse,
875 2347 1090 2406 propter
1117 2339 1258 2408 quod
1285 2339 1498 2393 diabolo
1525 2350 1602 2394 tot
1627 2341 1720 2395 Dei
1741 2355 1902 2409 opera
1933 2350 2079 2394 tran-

497 2424 700 2478 SCribas
723 2443 744 2475 ι
777 2423 886 2494 (De
913 2424 1124 2494 Nuptiis
1147 2435 1192 2480 et
1213 2425 1648 2496 Concupiscentia,
1677 2428 1766 2482 lib.
1785 2429 1842 2493 2,
1869 2445 1923 2482 η.
1951 2429 2080 2499 i5)?

497 2512 640 2583 Ergo
685 2512 930 2568 haeresim
975 2529 1134 2570 vocas
1177 2515 1396 2570 alterius
1439 2515 1814 2586 disputationis
1858 2532 2078 2587 corpus,

495 2601 650 2670 cujus
695 2602 936 2658 membra
983 2603 1160 2658 omnia
1207 2613 1354 2658 recta
1399 2611 1558 2674 atque
1603 2603 1861 2660 catholica
1907 2605 2076 2661 eonﬁ-

498 2691 648 2746 teris.

568 2783 702 2838 Avo.
743 2781 1096 2850 Novatianos,
1127 2785 1385 2850 Ariauos,
1416 2785 1810 2852 Eunomianos,
1839 2787 2079 2858 aliosque

494 2875 776 2928 notinullos
795 2916 810 2940 ,
837 2887 1016 2931 nonne
1041 2877 1200 2930 etiam
1243 2891 1364 2932 cum
1406 2887 1574 2932 totum
1603 2877 1914 2947 Symbolum
1943 2893 2077 2934 eon-

493 2961 619 3018 fessi
649 2963 862 3031 fuerint,
883 2981 1136 3022 vocamus
1161 2967 1475 3024 haereticos?
1503 2968 1570 3024 Ut
1591 2983 1720 3040 ergo
1743 2970 1844 3024 alia
1868 2979 2070 3026 taceam

493 3054 807 3121 pertinentia
845 3056 912 3111 ad
953 3056 1196 3114 lueresim
1222 3069 1490 3127 vestram;
1531 3061 1799 3132 quomodo
1828 3078 1922 3118 vos
1965 3079 2074 3119 non

491 3143 572 3198 vis
601 3160 852 3202 vocemus
877 3147 1158 3206 haereticos
1178 3191 1193 3216 ,
1222 3151 1310 3221 qui
1347 3153 1550 3222 negatis
1579 3153 1827 3224 parvulos
1865 3155 1978 3210 erui
2007 3155 2076 3212 de

491 3241 752 3302 potestate
782 3238 1144 3306 tenebrarum,
1173 3241 1383 3309 quando
1412 3241 1799 3298 transferuntur
1823 3243 1890 3299 ad
1917 3243 2070 3300 Chri-

487 3333 658 3390 stum,
706 3327 759 3380 in
802 3329 994 3398 quibus
1038 3333 1333 3401 acceptoris
1376 3333 1636 3404 Spiritum
1680 3347 1920 3392 sanctum
1964 3347 2072 3394 tota

487 3414 777 3484 antiquitus
829 3417 1103 3486 Ecclesia,
1152 3437 1271 3492 quin
1321 3423 1502 3478 laudat
1545 3440 1737 3480 nomen
1785 3427 1992 3483 Domini
2039 3445 2070 3485 a

487 3506 616 3560 solis
663 3518 780 3562 ortu
825 3525 989 3580 usque
1027 3511 1094 3567 ad
1138 3528 1419 3582 occasum,
1450 3517 1700 3573 exsufﬂat
1724 3527 1780 3574 et
1807 3521 2072 3577 exorcizat

486 3596 726 3664 spiritum
759 3599 1086 3655 immundum
1111 3603 1134 3654 ?

557 3685 690 3740 VIII.
730 3688 850 3744 Jun.
889 3689 1022 3746 Nam
1070 3703 1348 3764 postquam
1392 3697 1762 3754 collectionem
1806 3711 2066 3770 nostram,

483 3791 602 3844 qua:
630 3785 770 3833 tanta
798 3789 878 3833 est
903 3783 1127 3838 veritate
1155 3787 1355 3840 inunita
1375 3828 1389 3853 ,
1421 3795 1481 3842 ut
1509 3789 1562 3842 in
1595 3799 1648 3844 te
1679 3799 1786 3845 tota
1817 3792 2064 3858 ferretur,

483 3883 582 3922 nec
619 3871 862 3926 convicio
898 3887 1014 3926 eam
1061 3882 1322 3931 temerare
1368 3879 1642 3948 quiveris,
1677 3881 1784 3936 Deo
1824 3883 2068 3954 adigente

483 3955 732 4024 laudasti,
762 3959 1004 4015 effectum
1032 3972 1205 4018 tamen
1234 3967 1348 4034 ejus
1375 3983 1614 4024 accusas.

555 4048 690 4103 Avo.
731 4049 898 4114 Quem
926 4051 1060 4108 dicis
1086 4055 1201 4136 ejus
1227 4055 1472 4112 effectum
1495 4101 1510 4128 ,
1541 4076 1646 4115 non
1677 4063 1924 4134 intelligis
1947 4081 2066 4124 esse

479 4145 715 4190 vestrum
743 4138 1030 4196 defectum.
1077 4144 1154 4199 Ex
1202 4145 1284 4202 bis
1327 4149 1468 4203 enim
1513 4151 1656 4206 veris
1695 4167 1812 4221 qua:
1858 4155 2062 4210 dicitis‘

479 4227 631 4294 quasi
661 4227 946 4298 catholici,
992 4247 1096 4288 non
1123 4235 1348 4292 efﬁcitur
1371 4237 1496 4294 illud
1523 4256 1630 4311 quo
1653 4244 1781 4298 estis
1807 4243 2059 4300 ba-retici.

476 4313 714 4385 Namque
741 4325 799 4372 ut
823 4321 1068 4378 catholici
1095 4325 1270 4380 dicitis
1301 4329 1444 4397 quod
1475 4345 1570 4399 per
1593 4347 1780 4387 sexum
1807 4335 1876 4387 sit
1905 4335 2059 4402 fetus,

477 4418 574 4472 per
601 4419 794 4476 corpus
823 4424 1004 4478 sexus,
1035 4427 1130 4482 per
1157 4415 1322 4470 Deum
1351 4431 1567 4487 corpus,
1598 4422 1738 4476 unde
1766 4421 2062 4481 fecunditas

476 4493 588 4549 Deo
612 4494 731 4564 jure
758 4495 1060 4568 deputatur.
1093 4503 1198 4558 Sed
1229 4507 1482 4576 numquid
1509 4508 1632 4562 ideo
1657 4525 1760 4562 non
1791 4511 1914 4567 inde
1941 4514 2061 4568 talis

475 4585 707 4640 nascitur
727 4586 910 4656 homo,
933 4591 1020 4661 qui
1045 4607 1150 4648 non
1180 4594 1251 4648 sit
1273 4595 1388 4650 sine
1417 4598 1574 4652 sorde
1603 4601 1826 4668 peccati,
1850 4603 2059 4658 etiamsi

473 4679 629 4733 unius
656 4679 759 4734 diei
791 4681 859 4736 sit
889 4683 990 4736 vita
1021 4685 1137 4755 ejus
1165 4702 1326 4755 super
1357 4697 1551 4744 terram
1583 4690 1701 4762 (Job
1735 4708 1856 4754 xiv.
1877 4695 1931 4760 4,
1954 4712 2054 4750 acc.

471 4763 677 4836 LXX)?
715 4769 829 4825 Non
881 4772 1038 4842 igitur
1081 4775 1167 4829 illa
1195 4792 1317 4832 vera
1360 4777 1622 4848 dicendo,
1653 4783 1744 4837 sed
1790 4783 1892 4838 hoc
1915 4785 2055 4855 quod

465 4855 650 4911 itidem
686 4876 867 4917 verum
895 4873 978 4917 est
1006 4867 1283 4938 negando,
1315 4871 1444 4926 estis
1483 4871 1741 4928 haeretici.
1773 4875 1906 4942 Quia
1947 4877 2054 4932 titi-

467 4959 571 4998 uue
597 4945 736 5001 Deus
763 4965 867 5003 non
911 4963 994 5006 est
1019 4963 1206 5010 auctor
1249 4957 1523 5024 fatuitatis,
1564 4957 1831 5018 cthmen
1869 4975 2054 5020 auctor

468 5041 552 5086 est
581 5031 748 5123 fetus,
777 5047 832 5092 et
855 5042 1069 5107 quando
1097 5045 1332 5100 nascitur
1374 5047 1564 5104 fatuus.
1595 5049 1686 5104 Sic
1711 5051 1976 5123 intellige,
2005 5055 2050 5108 si

469 5131 654 5188 petes,
688 5121 888 5180 innasci
933 5129 1130 5187 homini
1173 5149 1242 5189 ex
1283 5137 1486 5206 origine
1511 5139 1692 5195 vitium
1718 5182 1733 5208 ,
1764 5121 1915 5212 cujus
1943 5159 2048 5199 non

435 5212 538 5272 .sit
573 5220 760 5266 auctor
789 5215 930 5270 Deus
949 5258 964 5282 ,
994 5235 1114 5276 cum
1143 5236 1352 5281 creator
1390 5229 1554 5296 ipsius
1585 5230 1815 5287 hominis
1838 5249 1943 5288 non
1981 5235 2050 5290 sit

467 5303 566 5357 nisi
593 5303 752 5358 Deus.
781 5305 1044 5365 Memento
1073 5329 1199 5370 sane
1223 5319 1554 5376 exorbitasse
1581 5331 1634 5377 le
1658 5337 1687 5376 a
1715 5332 1805 5378 tuo
1832 5325 2049 5394 dogma-

468 5405 518 5448 te
539 5437 554 5458 ,
581 5409 687 5464 quo
715 5397 916 5464 negatis
942 5405 1150 5468 operari
1179 5407 1344 5460 Deum
1385 5409 1436 5464 in
1478 5410 1752 5468 hominum
1780 5415 2046 5472 mentibus

466 5483 811 5538 voluntatem.
842 5485 970 5540 Nam
999 5505 1096 5559 ego
1123 5495 1282 5548 verba
1327 5505 1412 5552 tua
1434 5541 1446 5562 ,
1474 5517 1591 5570 qua:
1626 5505 1883 5561 conﬁteor
1923 5515 1974 5562 et
2013 5523 2042 5560 a

541 5650 556 5680 ι
579 5659 648 5700 suc
671 5657 776 5702 Mss.
813 5659 860 5703 In
896 5656 1026 5718 \‘ign.
1051 5695 1064 5718 ,
1087 5671 1148 5708 ex
1184 5661 1258 5710 his
1298 5665 1420 5716 enim
1469 5681 1563 5719 reri
1589 5684 1726 5731 quem
1770 5675 1946 5726 dicitis.

1185 325 1432 384 OPERIS
1471 322 1874 382 IMPERFECTI
1913 318 2192 376 CONTRA
2231 321 2590 389 JULIANUM,
2633 325 2690 380 S.
2731 325 3106 383 AUGUSTI.“

3643 339 3788 395 ιδιι

2201 434 2488 491 Catholicis
2531 439 2670 504 dici,
2713 440 2980 496 voluntate
3023 442 3262 508 laudavi,
3305 461 3423 515 qua:
3467 463 3554 503 me
3601 459 3782 508 tamen

2197 526 2334 581 dicis
2367 529 2474 581 Deo
2509 529 2755 598 adigente
2795 531 3056 586 Liudasse.
3091 534 3232 588 Ecce
3259 537 3526 604 quomodo
3553 539 3692 594 Dens
3725 543 3780 596 in

2199 620 2350 673 nobis
2375 630 2622 688 operatur
2644 631 2696 676 ct
2727 624 2862 677 velle
2891 623 3148 694 (Philipp.
3175 641 3210 679 ιι
3236 667 3252 692 ,
3287 627 3399 696 15),
3427 629 3566 698 quod
3593 631 3781 685 soletis

2196 718 2248 762 et
2275 719 2458 762 contra
2489 713 2794 779 Apostoluiu
2827 728 2921 768 vos
2955 729 3170 783 negare.

2265 799 2356 855 IX.
2383 801 2500 856 εἰει..
2537 821 2554 852 ι
2582 803 2636 855 Si
2666 804 2844 870 igitur,
2876 823 2894 854 ι
2927 804 3126 873 inquio,
3158 823 3178 856 ι
3207 821 3310 859 non
3341 806 3440 860 nisi
3469 823 3564 876 per
3587 823 3775 864 sexum

2193 889 2350 954 fetus,
2381 908 2484 945 non
2517 893 2616 946 nisi
2647 909 2742 962 per
2769 909 2962 964 corpus
2991 909 3150 948 sexus
3169 937 3184 958 ,
3219 911 3322 949 non
3353 897 3453 950 nisi
3483 912 3578 966 per
3607 899 3776 954 Deum

2193 995 2424 1050 corpus;
2472 984 2592 1052 quis
2633 984 2864 1053 ambigat
2905 984 3278 1040 fecunditatem
3313 987 3422 1041 Deo
3463 987 3584 1057 jure
3612 1005 3774 1060 repu-

2193 1073 2334 1126 tari?
2375 1073 2488 1128 lioc
2515 1083 2622 1128 tam
2657 1077 2674 1106 ¹
2711 1083 2913 1130 certum
2957 1087 3038 1130 est
3061 1117 3076 1140 ,
3105 1087 3162 1131 ut
3203 1080 3362 1132 etiam
3401 1089 3486 1133 tua
3529 1081 3580 1135 in
3617 1097 3772 1138 suam

2190 1162 2400 1217 laudem
2431 1179 2522 1218 ora
2561 1167 2890 1220 concusserit
2925 1169 2966 1220 ².
2999 1186 3016 1215 ι
3051 1167 3246 1222 Verum
3289 1178 3410 1238 post
3449 1173 3771 1238 prmconium

2193 1253 2316 1308 huic
2342 1270 2372 1309 a
2403 1265 2454 1310 te
2483 1256 2600 1310 loco
2624 1257 2908 1320 redditum,
2933 1257 3176 1313 Itmresim
3199 1259 3454 1315 admones
3485 1261 3770 1328 introduci,

2189 1361 2310 1400 cum
2341 1362 2400 1400 ea
2427 1363 2545 1417 qum
2569 1348 2796 1408 subdidi.
2831 1349 2958 1402 nihil
2987 1350 3128 1404 aliud
3159 1366 3316 1419 quam
3347 1368 3464 1420 quae
3495 1353 3768 1423 praemissa

2191 1435 2418 1504 fuerant,
2449 1438 2660 1492 admota
2690 1439 3062 1509 explanatione
3091 1442 3494 1510 geminavcriut.

2257 1528 2391 1584 Acc.
2433 1529 2692 1597 Numquid
2733 1529 2786 1584 in
2840 1529 2950 1594 his,
2991 1547 3110 1600 qua:
3149 1547 3272 1586 vera
3322 1541 3372 1586 te
3409 1533 3606 1590 dixisse
3634 1549 3766 1590 con-

2187 1633 2474 1684 cesseram,
2497 1621 2729 1686 dixeras,
2759 1639 2778 1672 t
2807 1621 2944 1686 Quid
2971 1637 3100 1693 ergo
3123 1639 3274 1677 suum
3303 1625 3546 1680 diabolus
3569 1642 3768 1697 cogno-

2187 1709 2288 1762 scit
2317 1710 2368 1764 in
2397 1710 2612 1764 scxibus
2639 1729 2656 1762 ι
2687 1710 2790 1784 (De
2823 1711 3030 1782 Nuptiis
3059 1723 3104 1766 et
3133 1713 3564 1784 Concupiscentia,
3593 1718 3682 1773 lib.
3705 1719 3765 1782 2,

2185 1796 2395 1870 n.l5)?
2444 1799 2540 1853 IIic
2589 1801 2732 1854 enim
2779 1803 2986 1870 coepisti
3041 1803 3374 1859 introducere
3409 1807 3626 1861 schsum
3653 1807 3766 1862 hie-

2185 1888 2320 1942 resis
2365 1900 2556 1944 vestrm
2591 1909 2604 1941 :
2635 1891 2788 1960 quasi
2838 1901 3114 1962 prepterea
3163 1909 3266 1948 non
3311 1897 3480 1964 possit
3523 1897 3768 1954 diabolus

2183 1977 2380 2046 aliquid
2409 1994 2562 2032 suum
2591 1995 2912 2049 cognoscere
2941 1981 2992 2034 iu
3021 1982 3256 2046 sexibus,
3287 1985 3408 2053 quia
3441 2000 3536 2054 per
3557 1996 3767 2043 creato-

2183 2081 2296 2120 rem
2343 2067 2508 2120 Deum
2555 2078 2636 2122 est
2677 2084 2872 2139 corpus
2913 2079 2970 2124 et
3015 2085 3174 2124 sexus
3215 2089 3230 2124 :
3275 2088 3397 2128 cum
3441 2073 3682 2130 diabolus
3709 2087 3766 2131 et

2181 2153 2379 2208 bonum
2411 2157 2502 2211 Dei
2531 2167 2584 2212 et
2611 2159 2808 2212 malum
2835 2158 3030 2214 diaboli
3059 2161 3217 2214 etiam
3259 2163 3310 2216 in
3339 2179 3398 2218 se
3424 2165 3538 2232 ipse
3561 2181 3764 2236 cogno-

2185 2255 2321 2308 scat,
2349 2245 2474 2299 illud
2501 2248 2704 2302 scilicet
2741 2248 2794 2301 iu
2829 2263 2923 2302 sua
2959 2257 3168 2318 natura,
3200 2251 3326 2306 illud
3355 2253 3406 2308 in
3431 2255 3576 2309 vitio.
3601 2257 3688 2312 Sic
3709 2269 3766 2313 et

2187 2335 2243 2388 in
2269 2336 2482 2390 sexibus
2509 2341 2750 2406 agnoscit
2775 2339 2865 2394 ille
2891 2357 3009 2408 qua:
3037 2342 3126 2397 Dei
3155 2353 3306 2408 sunt,
3333 2346 3472 2400 sicut
3503 2357 3558 2403 et
3591 2348 3764 2418 ipsum

2181 2439 2388 2493 sexum,
2412 2435 2468 2480 et
2491 2442 2705 2497 corpus,
2732 2437 2788 2484 et
2813 2431 3058 2501 spiritum
3085 2433 3214 2488 :sed
3241 2437 3480 2504 agnoscit
3504 2447 3558 2492 et
3581 2453 3760 2504 suum,

2181 2529 2287 2584 quo
2325 2531 2451 2572 caro
2493 2521 2824 2589 concupiscit
2867 2522 3122 2578 adversus
3165 2525 3454 2594 Spiritum:
3487 2528 3576 2583 illa
3619 2531 3762 2585 enim

2181 2616 2304 2660 sunt
2332 2621 2362 2660 a
2392 2607 2644 2666 Creatore
2665 2652 2682 2676 ,
2712 2611 2864 2681 cujus
2891 2613 3180 2670 vindictam
3207 2617 3376 2673 vitare
3414 2634 3520 2675 non
3559 2622 3762 2690 potuit;

2181 2694 2304 2762 hoc,
2334 2697 2554 2753 vulnere
2583 2701 2722 2770 quod
2752 2701 2962 2759 inﬂixit.

2251 2785 2320 2840 Χ.
2359 2786 2480 2842 Jun.
2521 2789 2622 2843 Aio
2661 2791 2802 2846 enim
2841 2809 2857 2847 :
2904 2811 2924 2845 ι
2961 2793 3096 2861 Quid
3141 2810 3268 2866 etgo
3318 2813 3470 2853 suum
3517 2799 3764 2858 diabolus

2179 2878 2450 2946 cognoscit
2475 2879 2528 2933 in
2555 2881 2801 2948 sexibus,
2835 2892 2893 2938 ut
2935 2883 3164 2940 fructum
3191 2902 3401 2956 eorum,
3429 2890 3566 2946 sicut
3603 2892 3761 2962 dicis,

2173 2968 2294 3038 jure
2331 2973 2641 3041 possideat?
2685 2976 3101 3034 Diversitatem?
3137 2978 3242 3035 Sed
3279 2979 3396 3036 haec
3437 2982 3488 3038 in
3518 2986 3764 3055 corpori-

2177 3058 2276 3114 bus
2321 3071 2432 3126 est,
2464 3078 2582 3133 qua:
2612 3064 2752 3120 Deus
2795 3064 2942 3122 fecit.
2981 3067 3471 3126 Commixtionem?
3508 3073 3612 3129 Sed
3655 3089 3762 3132 non

2177 3151 2354 3207 minus
2401 3153 2829 3224 benedictionis,
2880 3173 3040 3229 quam
3089 3159 3434 3218 institutionis
3485 3166 3763 3239 privilegio

2175 3242 2496 3298 vindicatur.
2543 3247 2623 3300 An
2664 3245 2802 3303 forte
2831 3248 2999 3319 ipsam
3047 3250 3468 3308 fecunditatem?
3505 3255 3608 3311 Sed
3649 3257 3762 3327 ipsa

2175 3342 2258 3387 est
2299 3333 2524 3390 instituti
2566 3351 2730 3393 causa
2756 3339 3008 3410 conjugii.
3041 3359 3061 3393 ι
3097 3341 3231 3407 Quid
3279 3344 3362 3398 hic
3395 3361 3522 3415 ergo
3564 3363 3758 3404 novum

2173 3425 2310 3494 fuit;
2347 3429 2472 3494 quid
2509 3445 2538 3483 a
2579 3431 2855 3500 superiore
2882 3447 3041 3502 quam
3069 3434 3390 3504 prohaveras
3419 3439 3762 3497 conclusione

2173 3517 2529 3586 dissentiens,
2561 3522 2700 3590 quod
2748 3533 2865 3593 post
2908 3525 3114 3579 Iaudem
3153 3527 3556 3596 vituperandum
3601 3541 3758 3600 puta-

2172 3609 2302 3662 res?
2329 3609 2484 3665 Certe
2509 3612 2636 3666 nihil
2668 3629 2680 3666 :
2710 3628 2774 3667 ac
2799 3629 2896 3684 per
2917 3613 3020 3670 hoc
3045 3615 3168 3685 quid
3195 3616 3262 3671 de
3291 3627 3395 3672 tam
3425 3619 3560 3675 fmda
3586 3623 3760 3678 varie-

2173 3707 2280 3754 tate
2323 3701 2637 3772 colligitur?
2681 3719 2800 3758 cum
2845 3719 2873 3758 a
2919 3721 3007 3760 me
3051 3705 3298 3762 videlicet
3345 3708 3630 3778 disputatio
3671 3714 3760 3768 in-

2171 3804 2360 3848 novala
2408 3809 2512 3850 non
2549 3796 2570 3827 ³
2607 3797 2710 3864 sit,
2752 3813 2782 3851 a
2825 3806 2876 3852 te
2915 3813 3044 3853 vero
3085 3799 3156 3854 sit
3199 3801 3482 3855 aestimatio
3512 3819 3754 3860 meorum

2170 3882 2430 3939 dictorum
2479 3897 2813 3956 permutata,
2867 3889 3192 3944 teterrimam
3237 3907 3358 3949 esse
3405 3893 3752 3953 intentionem

2171 3981 2335 4042 tuam,
2368 3985 2422 4030 et
2451 3979 2708 4032 rationem
2741 3978 3082 4034 imbecillam.

2237 4065 2372 4121 Anc.
2413 4066 2620 4122 Miraris
2649 4069 2790 4137 quod
2819 4077 2938 4138 post
2981 4069 3190 4127 laudem
3215 4088 3436 4144 operum
3467 4075 3578 4142 Dei,
3611 4079 3751 4132 vitu-

2168 4156 2350 4224 perari
2380 4157 2686 4212 insidiosam
2719 4159 3188 4229 interrogationem
3212 4171 3352 4217 tuam
3381 4183 3392 4216 :
3419 4164 3754 4238 interrogans

2166 4237 2361 4314 quippe
2389 4246 2588 4312 dixisti,
2623 4266 2640 4298 ι
2673 4247 2810 4313 Quid
2841 4249 3004 4318 igitur
3028 4265 3182 4305 suum
3210 4252 3454 4309 diabolus
3481 4237 3752 4326 cognOscit

2165 4335 2218 4389 in
2246 4335 2504 4390 sexibus?
2536 4355 2556 4388 ι
2589 4337 2658 4391 Ει
2683 4339 2867 4394 volens
2895 4341 3216 4409 persuadere
3251 4345 3392 4413 quod
3429 4345 3562 4402 nibil
3594 4361 3749 4403 suum

2165 4436 2449 4497 cognoscat
2491 4428 2542 4482 in
2585 4429 2800 4484 sexibus
2823 4473 2838 4496 ,
2866 4446 2927 4485 ea
2965 4437 3394 4492 commcmorasti
3420 4477 3435 4502 ,
3473 4453 3592 4508 qua:
3623 4455 3748 4495 vere

2163 4517 2230 4572 ad
2272 4517 2540 4574 diabolum
2589 4535 2695 4576 non
2741 4522 3062 4590 pertineant,
3107 4525 3470 4583 diversitatem
3521 4529 3745 4597 scilicet,

2162 4623 2264 4678 qua
2307 4607 2593 4664 feminiuus
2631 4625 2661 4664 a
2707 4613 3002 4667 masculino
3041 4613 3285 4671 diversus
3327 4626 3411 4673 est
3451 4634 3646 4686 sexus;
3693 4633 3748 4677 et

2161 4699 2612 4766 commixtionem,
2637 4716 2738 4770 qua
2765 4712 2824 4756 ut
2852 4703 2945 4757 ﬁlii
2969 4715 3310 4775 generentur,
3337 4723 3496 4764 sexus
3521 4719 3744 4781 uterque

2159 4790 2446 4856 miscetur;
2483 4799 2539 4847 et
2571 4792 2949 4850 fecunditatem
2970 4837 2984 4860 ,
3011 4812 3114 4866 qua
3143 4798 3238 4867 ipsi
3281 4798 3372 4854 ﬁlii
3395 4815 3740 4870 generantur.

2159 4879 2286 4937 Huic
2311 4881 2490 4937 omnia
2521 4882 2750 4939 fatemur
2769 4883 2941 4940 futura
2973 4885 3136 4942 fuisse
3161 4889 3216 4943 in
3243 4890 3508 4958 paradiso,
3533 4893 3742 4948 etiamsi

2157 4987 2316 5028 nemo
2345 4983 2654 5044 peccasset:
2686 4976 2782 5032 sed
2812 4977 2898 5034 illa
2929 4977 3000 5034 ibi
3043 4979 3217 5035 futura
3258 4997 3361 5038 non
3401 4993 3548 5052 erat,
3579 5001 3739 5056 quam

2157 5071 2460 5132 senserunt,
2493 5065 2706 5134 quando
2735 5067 2976 5137 pudenda
3005 5077 3280 5135 texerunt,
3313 5073 3403 5142 qui
3433 5073 3739 5146 priusquam

2156 5161 2462 5220 peccarent,
2495 5153 2623 5209 nudi
2653 5163 2828 5224 erant,
2859 5167 2914 5211 et
2937 5172 3042 5212 non
3073 5158 3558 5219 confundebantur.
3589 5165 3741 5222 Hanc

2155 5251 2208 5297 tu
2237 5245 2722 5315 concupiscentiam
2754 5249 2964 5316 carnis,
2997 5265 3098 5320 qua
3131 5265 3256 5306 caro
3281 5254 3610 5324 concupiscit
3637 5257 3738 5310 ad-

2155 5351 2344 5392 versus
2373 5339 2615 5406 spiritum
2637 5381 2650 5406 ,
2681 5340 2798 5395 sine
2825 5355 2928 5410 qua
2967 5341 3143 5396 nullus
3173 5341 3447 5398 hominum
3479 5347 3734 5412 nascitur,

2149 5435 2204 5480 et
2232 5426 2370 5481 hanc
2396 5429 2712 5484 discordiam
2750 5431 2927 5486 carnis
2955 5439 3012 5486 et
3042 5433 3279 5501 spiritus,
3311 5450 3470 5506 quam
3496 5436 3682 5492 didicit
3715 5437 3738 5469 "

2215 5559 2232 5624 ξ
2268 5559 2566 5619 vignierius,
2583 5567 2756 5624 tamen.
2794 5569 2928 5624 Mss,
2952 5569 3067 5614 tam.

2213 5619 2232 5648 ²
2267 5625 2366 5680 Duo
2389 5627 2511 5680 Mss,
2537 5619 2837 5674 concluserit.

2215 5679 2236 5752 ξ
2268 5679 2358 5752 [ne
2373 5681 2653 5752 particulam
2663 5691 2936 5752 negantem
2963 5687 3263 5752 restituimus
3284 5700 3350 5744 ex
3371 5690 3732 5752 manuscripts.

2213 5739 2234 5768 δ
2268 5739 2426 5788 C(vdex
2451 5748 2596 5802 νυνι,
2621 5739 2784 5794 dicit?
2808 5746 2968 5795 minus
2987 5747 3137 5798 bene.
