4172 6508
415 339 546 394 I3I5

401 448 696 505 catholicus
735 445 944 514 doctor,
977 447 1172 517 Pelagii
1197 446 1357 502 vestri
1389 455 1494 501 tam
1537 447 1858 502 excellenter
1885 463 1980 504 ore

400 540 662 603 laudatus,
698 553 794 607 per
822 519 1308 608 przcvaricationem
1340 537 1495 607 primi
1537 537 1768 593 hominis
1798 540 1849 594 in
1877 556 1977 595 no-

401 637 564 683 stram
593 629 814 684 vertisse
842 637 1080 684 naturam
1109 627 1440 702 (Ambrosius,
1467 629 1553 683 lib.
1579 631 1610 684 7
1631 631 1682 685 in
1704 629 1831 687 Luc.
1850 633 1978 700 xu);

397 717 534 772 hanc
577 734 703 788 ergo
747 727 801 773 tu
840 733 1004 788 quare
1047 719 1298 774 tacuiSIi?
1346 720 1434 790 qui
1477 720 1810 791 interrogans
1851 723 1978 792 quid

397 821 549 862 suum
581 807 822 862 diabolus
860 818 1146 879 cognoscat
1190 809 1242 862 in
1281 810 1494 864 sexibus
1514 850 1530 876 ,
1560 810 1662 864 alia
1693 812 1978 867 nominasti

394 911 514 966 qua:
541 895 738 950 diaboli
781 911 885 950 non
933 907 1089 962 sunt,
1119 907 1174 953 et
1200 897 1302 953 hoc
1329 898 1470 968 quod
1500 899 1616 969 ejus
1643 909 1725 955 est
1766 910 1867 955 tuac
1898 902 1980 956 in-

399 985 742 1054 terrogationi
777 985 1000 1042 reddere
1043 987 1277 1042 noluisti.
1329 987 1476 1044 Hanc
1511 989 1978 1061 interrogationem

393 1085 536 1128 tuam
578 1073 822 1130 dolosam
872 1075 1220 1147 reprehendi,
1271 1093 1377 1134 non
1421 1077 1598 1134 divina
1645 1095 1807 1150 Opera
1855 1097 1977 1152 qua:

387 1164 508 1232 jure
544 1164 769 1218 laudavi.

466 1253 556 1306 XI.
611 1253 728 1308 Inc.
781 1255 845 1308 Et
883 1256 1022 1325 quod
1063 1256 1244 1312 laudas
1287 1257 1586 1324 catholica,
1641 1260 1849 1328 pavoris
1900 1261 1975 1314 tui

389 1358 506 1398 esse
537 1345 578 1409 ¹,
611 1359 716 1398 non
749 1343 890 1399 lidei.

464 1437 600 1489 Aea.
639 1435 733 1489 Ille
763 1436 813 1490 in
855 1435 1010 1492 laude
1047 1437 1305 1492 catholica
1334 1439 1481 1492 novit
1521 1448 1754 1494 nostram
1787 1439 1965 1508 fidem,

389 1527 478 1594 qui
526 1541 623 1595 per
665 1527 806 1581 illam
838 1539 1069 1582 vestrum
1110 1529 1439 1584 demonstrat
1479 1539 1534 1585 et
1573 1540 1844 1600 expugnat
1883 1545 1972 1586 er-

392 1631 590 1672 I‘OI‘CIII.

464 1707 576 1761 XII.
617 1707 735 1762 IUL.
777 1709 927 1776 Quod
969 1725 1097 1782 ergo
1139 1711 1347 1766 laudata
1379 1711 1681 1783 vituperas,
1716 1729 1820 1769 non
1850 1729 1971 1772 esse

389 1799 588 1865 indicii,
624 1799 714 1854 scd
749 1799 964 1856 furoris.

456 1911 594 1966 Auc.
634 1910 747 1964 Non
777 1911 986 1967 laudata
1015 1913 1256 1984 vitupero
1293 1932 1305 1968 :
1337 1914 1429 1970 sed
1461 1915 1670 1971 laudavi
1700 1932 1818 1986 quae
1845 1933 1967 1973 vera

393 2000 576 2056 dixisti
601 2019 615 2066 ;
648 2003 936 2073 vituperari
967 2014 1142 2058 autem
1172 2005 1312 2075 quod
1339 2006 1590 2062 insidiose
1618 2008 1641 2038 ⁸
1672 2007 1968 2078 interroga-

389 2092 453 2147 sti
476 2132 491 2157 ,
524 2092 708 2147 videns
737 2093 863 2164 quid
904 2094 995 2149 tibi
1037 2095 1460 2164 respondendum
1505 2106 1676 2165 esset,
1707 2107 1866 2168 atque
1895 2099 1966 2154 ita

387 2185 488 2240 hoc
519 2194 704 2241 tacens
749 2188 900 2258 quasi
950 2203 1053 2242 non
1083 2197 1244 2244 esset.
1298 2189 1408 2244 Iloc
1451 2198 1627 2246 utrum
1661 2191 1845 2261 judicii
1875 2192 1963 2257 sit,

385 2293 454 2332 an
486 2280 698 2348 furoris,
729 2281 953 2350 videbis,
989 2283 1033 2338 si
1060 2298 1088 2336 a
1121 2283 1297 2339 furore
1326 2285 1715 2355 eonquieveris.

457 2370 595 2427 XIII.
635 2371 754 2428 IUL.
795 2374 908 2440 Quo
950 2373 1127 2430 furore
1159 2375 1373 2445 quidem
1405 2391 1672 2446 nunquam
1702 2377 1964 2433 cariturus

383 2475 464 2525 es,
497 2462 595 2517 nisi
627 2464 772 2534 prius
801 2465 1088 2520 obscenum
1116 2466 1308 2537 dogma
1335 2467 1585 2536 rejeceris
1624 2485 1637 2520 :
1677 2468 1797 2536 quia
1828 2468 1966 2523 inter

385 2553 707 2620 pmnitentia:
747 2555 1036 2624 pudorem,
1067 2573 1335 2628 nunquam
1369 2566 1545 2612 tamen
1589 2573 1621 2612 a
1649 2558 1963 2615 Christianis

383 2651 686 2697 aversatum
706 2683 722 2709 ,
753 2653 802 2699 et
830 2647 1302 2715 argumentationis
1332 2647 1562 2716 inopiam
1583 2687 1598 2715 ,
1626 2665 1812 2718 graves
1840 2665 1962 2718 pcr-

380 2729 556 2786 ferens
584 2731 997 2803 Sytnplegadas,
1030 2751 1249 2791 necesse
1287 2744 1368 2790 est
1407 2749 1464 2790 ut
1505 2735 1644 2791 bona
1671 2737 1812 2792 dicta
1839 2739 1959 2808 qui-

379 2817 481 2873 bus
509 2820 773 2886 obrucris,
804 2832 892 2875 aut
923 2825 1186 2892 sequaris,
1217 2832 1310 2877 aut
1338 2823 1574 2878 laceres.'

451 2908 585 2962 Anc.
628 2907 742 2961 Non
782 2919 903 2961 sunt
941 2909 1079 2964 bona
1108 2910 1279 2971 dicta.
1308 2911 1516 2966 Iuliane
1537 2953 1552 2976 ,
1585 2927 1779 2982 negare
1807 2914 1992 2970 Chri-'

377 3005 517 3051 stum
562 2996 794 3065 parvulis
836 3013 955 3052 esse
980 2998 1160 3053 Iesum
1183 3040 1197 3064 ,
1228 3008 1318 3053 aut
1351 2999 1534 3055 Iesum
1555 3041 1569 3066 ,
1600 3001 1651 3055 id
1681 3012 1760 3056 est
1789 3003 1961 3058 salva-

378 3096 582 3154 torem,
635 3088 706 3141 ita
751 3103 870 3144 esse
911 3090 1143 3159 parvulis
1185 3089 1459 3156 conliteri,
1511 3091 1647 3146 sicut
1697 3093 1958 3149 universae

377 3180 590 3234 mortali
633 3180 654 3211 ³
693 3189 981 3248 creaturas,
1030 3180 1168 3235 unde
1214 3180 1414 3236 dictum
1463 3188 1579 3249 est,
1635 3180 1876 3237 Homines
1913 3193 1959 3238 et

374 3269 599 3344 iumenta
631 3274 795 3328 salvos
840 3273 1025 3344 facies,
1071 3273 1287 3329 Domine
1314 3272 1481 3346 (Psal.
1513 3291 1662 3328 xxxv
1683 3316 1697 3341 ,
1731 3276 1807 3347 7).
1840 3275 1957 3331 Non

375 3371 658 3431 propterea
705 3364 792 3418 ille
824 3365 1041 3418 veniens
1071 3365 1124 3418 in
1168 3364 1512 3419 similitudine
1539 3365 1716 3420 carnis
1755 3365 1956 3434 peccati

375 3452 482 3508 tale
509 3469 702 3508 nomen
730 3454 932 3524 accepit
967 3471 979 3506 :
1009 3454 1125 3521 sed,
1155 3453 1386 3518 Voccbis,
1415 3455 1489 3508 ait
1513 3454 1750 3524 angelus,
1777 3471 1957 3509 nomen

374 3541 484 3612 ejus
519 3540 734 3608 Iesum;
777 3545 884 3613 ipse
919 3544 1050 3596 cnim
1091 3545 1286 3597 salvum
1325 3544 1473 3616 faciet
1520 3545 1765 3614 populum
1809 3562 1956 3599 suum

378 3648 410 3684 a
438 3635 654 3702 peccatis
683 3649 855 3688 eorum
880 3633 1092 3704 (Matth.
1124 3649 1161 3696 ι,
1194 3634 1308 3704 2|).
1339 3634 1451 3688 Non
1480 3643 1603 3688 sunt
1633 3634 1766 3688 bona
1793 3634 1953 3701 dicta,

375 3725 444 3777 ab
475 3725 574 3778 hoc
618 3727 812 3793 populo
859 3726 1106 3794 parvulos
1133 3740 1413 3794 separare,
1447 3734 1502 3780 et
1541 3725 1660 3780 ideo
1688 3725 1954 3779 Christum

373 3813 551 3869 dicere
577 3814 736 3868 etiam
769 3815 873 3869 illis
915 3830 1032 3869 esse
1058 3815 1236 3869 Iesum
1259 3857 1274 3880 ,
1302 3817 1424 3884 quia
1453 3816 1629 3870 salvos
1673 3830 1766 3870 eos
1809 3815 1953 3884 facit,

374 3918 480 3958 non
519 3921 548 3959 a
594 3907 858 3974 peccatis,
904 3906 998 3960 sed
1044 3921 1073 3959 a
1114 3907 1365 3960 scabiolis
1408 3922 1614 3961 eorum.
1664 3906 1952 3975 liesipisce,

372 3994 602 4050 obsecro
632 4013 646 4048 :
683 4006 808 4065 puto
847 3997 985 4066 quod
1019 4012 1122 4050 non
1153 4012 1220 4050 ex
1251 3997 1555 4065 parentibus
1586 3996 1684 4050 ista
1723 3995 1952 4051 creden-

372 4087 516 4142 tibus
543 4098 696 4143 natus
721 4103 819 4154 es;
851 4097 904 4144 et
927 4098 1072 4144 certe
1095 4089 1145 4142 in
1169 4088 1406 4143 Ecclesia
1436 4103 1541 4143 non
1569 4087 1666 4143 ista
1691 4087 1953 4144 credente

371 4187 588 4233 renatus
612 4194 688 4234 es.

443 4266 582 4321 XIV.
637 4266 758 4323 IUL.
808 4267 1094 4323 Videamus
1145 4278 1320 4323 tamen
1393 4267 1516 4338 quid
1572 4269 1953 4323 sententiarum

372 4372 608 4412 mearum
636 4359 958 4428 arripueris,
1003 4359 1142 4429 quod
1190 4359 1407 4413 nomine
1454 4359 1652 4414 erroris
1697 4359 1952 4414 incessas.

379 4467 398 4499 s
436 4449 540 4504 Sed
571 4450 704 4513 iste,
741 4468 761 4501 ι
796 4450 971 4520 inquis
991 4490 1008 4515 ,
1041 4469 1060 4502 ι
1096 4451 1150 4504 in
1180 4451 1262 4504 his
1290 4451 1534 4505 omnibus
1561 4452 1832 4506 nominare
1862 4467 1957 4506 no-

380 4559 400 4592 ¢
436 4540 532 4593 luit
554 4541 1032 4608 concupiscentiam
1062 4541 1270 4605 carnis,
1297 4558 1416 4611 qua:
1440 4558 1546 4596 non
1583 4552 1665 4596 est
1701 4559 1730 4596 a
1762 4543 1952 4611 Patre,

381 4647 402 4680 s
437 4628 532 4683 sed
558 4644 624 4683 ex
654 4629 852 4682 mundo
875 4639 991 4693 est;
1021 4630 1172 4699 cujus
1201 4631 1381 4685 mundi
1406 4631 1648 4701 princeps
1676 4631 1848 4687 dictus
1874 4641 1958 4688 est

381 4737 400 4770 s
441 4717 683 4773 diabolus
713 4735 727 4772 :
759 4717 848 4788 qui
873 4733 990 4772 eam
1036 4718 1088 4773 in
1135 4720 1358 4774 Domino
1400 4736 1504 4774 nou
1551 4721 1782 4784 invenit,
1832 4723 1954 4790 quia

382 4828 402 4862 s
439 4809 694 4865 Dominus
720 4808 880 4864 homo
909 4823 1014 4864 non
1049 4825 1143 4878 per
1171 4810 1336 4879 ipsam
1365 4810 1431 4864 ad
1476 4810 1716 4865 homines
1754 4813 1899 4866 venit
1930 4831 1950 4868 ι

376 4899 479 4955 (De
522 4899 731 4970 Nuptiis
759 4909 804 4954 et
847 4898 1260 4966 Concupisceutia
1283 4940 1298 4964 ,
1332 4899 1419 4963 lib.
1449 4899 1505 4965 2,
1535 4916 1588 4954 η.
1619 4900 1730 4970 Η).
1773 4901 1957 4956 Dixisti

376 4998 522 5045 certe
546 5005 632 5044 me
657 4987 900 5044 ltzeresim
927 4989 1259 5044 introducere
1279 5030 1293 5055 ,
1334 4987 1400 5044 ad
1447 4989 1587 5059 quod
1631 4989 1956 5058 probandum

376 5081 519 5136 nulla
548 5095 664 5137 mea
690 5079 828 5136 dicta
855 5079 1147 5150 subjungis.

447 5173 584 5228 Avo.
615 5171 706 5228 Illa
730 5172 867 5228 dicta
897 5182 983 5228 tua
1031 5171 1289 5243 subjungo
1309 5213 1324 5237 ,
1355 5171 1547 5242 quibus
1588 5171 1954 5243 interrogasti,

383 5282 403 5316 ι
439 5264 564 5335 quid
595 5279 748 5320 suum
777 5263 1019 5319 diabolus
1041 5273 1328 5334 cognoscat
1354 5263 1404 5318 in
1442 5263 1674 5333 sexibus.
1714 5281 1734 5316 ι
1768 5262 1958 5319 Dolosa

378 5355 573 5424 quippe
597 5358 694 5409 ista
723 5353 936 5409 dicebas
954 5393 969 5417 ,
999 5354 1210 5423 quando
1233 5353 1715 5426 concupiscentiam
1745 5354 1921 5408 carnis
1939 5393 1955 5420 ,

378 5445 530 5515 cujus
553 5445 863 5516 plerumque
902 5445 1130 5499 motibus
1159 5459 1375 5500 necesse
1415 5453 1498 5499 est
1526 5445 1775 5500 resistere
1799 5443 1960 5499 etiam

498 5617 786 5679 vignierius,
801 5621 886 5679 est.
915 5621 969 5664 At
984 5623 1250 5679 siss.,gesse.

497 5675 578 5726 sic'
599 5685 701 5728 uss.
727 5675 776 5726 In
799 5677 956 5738 figo”
979 5675 1224 5726 insidiosa.

503 5745 616 5794 Vox.
636 5736 1055 5795 mortalifadditur
1075 5750 1136 5788 ex
1161 5737 1587 5798 manuscrlptorum
1611 5737 1721 5789 nde,

1749 337 1946 392 LIBER
1986 339 2119 406 QU.\
2132 341 2330 399 RTUS.

3532 370 3669 429 I3l6

2089 462 2230 508 easta
2258 456 2498 528 conjugis
2520 501 2532 523 ,
2570 460 2785 519 videbas
2805 503 2822 530 ,
2864 473 2916 520 ct
2942 468 3152 525 tacehas
3172 509 3186 535 ,
3233 481 3286 527 et
3329 490 3413 531 me
3440 478 3675 537 interro-

2086 545 2298 614 gatione
2341 549 2855 624 fraudulentissima,
2886 559 3035 626 quasi
3067 561 3197 615 nihil
3233 575 3373 620 esset
3415 569 3554 636 quod
3584 587 3672 626 rc-

2086 636 2336 728 sponderi
2381 651 2576 708 posset,
2611 645 2856 713 urgebas.
2887 649 2992 702 Aut
3020 649 3062 702 si
3106 666 3212 704 non
3241 653 3493 722 videbas,
3539 675 3667 728 pro-

2085 724 2222 780 fecto
2249 727 2492 784 haeresim
2524 742 2752 788 vestram
2785 735 2896 804 ipsa
2925 739 3160 794 creeitate
3186 724 3579 804 introducebas.

2153 817 2269 872 XV.
2308 819 2426 875 IUL.
2481 823 2586 878 Sed
2633 824 2712 880 ais
2760 842 2846 882 me
2901 829 3137 887 noluisse
3190 837 3668 906 concupiscentiam

2082 912 2258 966 carnis
2287 915 2579 970 nominare.
2613 917 2711 986 Qui
2743 921 2886 975 nolui
2914 925 3210 992 nominare,
3243 930 3412 994 tacui;
3441 941 3494 987 et
3523 934 3568 987 si
3593 943 3672 988 ta-

2082 1002 2165 1055 cui
2197 1004 2233 1067 ',
2287 1004 2415 1060 nihil
2441 1007 2582 1077 quod
2635 1011 3054 1080 reprehenderes
3099 1031 3216 1071 sum
3241 1019 3489 1076 locutus:
3547 1026 3667 1094 quis

2080 1107 2210 1162 ergo
2253 1110 2489 1150 errorem
2523 1102 2804 1168 persuadet
2834 1105 3100 1160 tacendo?
3141 1107 3186 1163 Ο
3225 1123 3359 1165 nova
3386 1114 3664 1170 criminum

2079 1190 2134 1236 et
2164 1181 2420 1240 hactenus
2446 1187 2676 1244 inaudita
2701 1201 2942 1260 portenta
2969 1197 2982 1251 !
3006 1196 3228 1254 Silentio
3257 1215 3376 1255 meo
3396 1203 3470 1256 ait
3499 1205 3519 1234 ¹
3546 1220 3663 1274 per-

2079 1287 2289 1329 versum
2320 1276 2509 1347 dogma
2538 1284 2781 1352 componi
2804 1285 2817 1338 Ξ

2149 1365 2284 1421 Avo.
2315 1366 2429 1422 Non
2456 1370 2692 1439 silentio,
2723 1374 2817 1428 sed
2847 1374 3028 1430 dolosa
3057 1376 3491 1452 interrogatione.
3525 1383 3662 1439 sicut

2077 1457 2322 1524 superius
2349 1458 2730 1517 demonstravi.
2760 1464 3069 1536 Quanquam
3095 1477 3149 1524 et
3173 1470 3439 1526 silentium
3471 1476 3664 1528 merito

2076 1546 2504 1614 reprehenditur,
2543 1552 2754 1621 quando
2781 1554 2832 1608 id
2874 1555 3016 1624 quod
3043 1557 3322 1614 dicendum
3363 1559 3495 1628 fuit,
3543 1562 3662 1618 ideo

2077 1648 2183 1688 non
2208 1635 2417 1702 dicitur,
2439 1655 2504 1694 nc
2527 1641 2922 1713 interrogationi
2947 1647 3254 1716 responderi
3277 1651 3512 1720 potuisse
3533 1667 3657 1706 cer-

2075 1736 2251 1781 natur.

2143 1816 2284 1877 XVI.
2313 1818 2430 1874 IUL.
2464 1821 2747 1892 Expendat
2774 1825 2876 1882 hoc
2915 1827 3188 1898 prudentia
3232 1832 3438 1898 omnis,
3485 1843 3538 1888 et
3581 1835 3656 1892 ri-

2073 1908 2195 1963 deat
2224 1910 2244 1941 ³
2273 1915 2526 1967 orationis
2557 1916 2802 1972 invidiam
2830 1921 3045 1976 nomine
3077 1923 3444 1980 taciturnitatis
3473 1936 3656 1983 osteno

2071 2015 2208 2055 sam.
2242 2003 2525 2060 Conliteris
2573 2007 2730 2078 igitur
2758 2025 2843 2064 me
2872 2011 3003 2066 nihil
3051 2012 3250 2071 dixisse
3292 2017 3433 2086 quod
3477 2020 3653 2088 possis

2071 2107 2316 2165 arguere.

2140 2187 2275 2242 Avo.
2308 2187 2418 2242 Iino
2457 2204 2618 2256 vero,
2650 2192 2945 2249 rectissime
2972 2196 3211 2266 arguitur
3236 2197 3376 2266 quod
3421 2199 3650 2256 interro-

2067 2275 2240 2344 gando
2267 2275 2464 2332 dixisti.
2497 2278 2565 2334 Ut
2588 2280 2730 2334 enim
2760 2283 2888 2338 nihil
2919 2298 3038 2338 esse
3068 2295 3359 2354 putaretur,
3387 2289 3526 2358 quod
3556 2291 3652 2346 tibi

2069 2365 2377 2433 responderi
2401 2377 2596 2436 posset,
2615 2369 2740 2424 illud
2755 2372 2892 2440 quod
2915 2385 3112 2442 posset,
3135 2383 3188 2430 tu
3209 2377 3386 2432 dicere
3412 2379 3648 2435 noluisti.

2066 2455 2175 2509 Aut
2198 2465 2343 2512 certe
2367 2457 2533 2528 ipsam
2581 2476 2677 2515 cur
2720 2477 2826 2516 non
2867 2477 3032 2534 arguo
3073 2466 3402 2535 carcitatem,
3449 2485 3553 2540 qua
3599 2471 3650 2527 id

2066 2559 2168 2599 nec
2191 2545 2371 2601 videre
2400 2549 2660 2616 potuisti?

2136 2631 2298 2686 XVII.
2338 2633 2456 2690 IUL.
2492 2637 2573 2690 'I‘u
2615 2653 2744 2694 sane
2777 2649 3017 2696 nostrum
3059 2645 3301 2701 vexando
3347 2647 3645 2715 silentium,

2064 2724 2324 2792 protulisti
2352 2728 2490 2795 quod
2519 2729 2644 2782 olim
2671 2730 2881 2800 quidem
2908 2733 3118 2790 defendi
3159 2753 3264 2792 non
3289 2741 3482 2809 potuit;
3504 2759 3647 2798 nunc

2064 2826 2194 2867 vero
2217 2822 2492 2883 postquam
2515 2817 2788 2874 Manichzni
2812 2822 3054 2891 epistola,
3086 2826 3237 2896 cujus
3261 2827 3313 2884 in
3338 2830 3471 2884 libro
3493 2835 3649 2888 tertio

2064 2905 2354 2958 sententias
2399 2908 2584 2976 posui,
2629 2911 2776 2965 venit
2800 2913 2866 2966 ad
2895 2915 3162 2984 publicum
3185 2959 3201 2984 ,
3233 2934 3331 2976 nec
3359 2923 3519 2978 celari
3550 2941 3647 2994 po-

2065 2997 2186 3046 test.
2798 3069 2802 3072 η

2133 3083 2270 3138 Anc.
2303 3083 2797 3155 Concupisccntiam
2827 3092 3002 3146 carnis
3026 3109 3124 3150 nec
3152 3096 3470 3154 Maniclnnus
3496 3119 3646 3158 vera-

2062 3170 2196 3226 citer
2228 3173 2490 3242 vituperat
2519 3174 2580 3242 ις
2613 3192 2710 3232 nec
2737 3187 2791 3232 tu
2823 3181 3082 3238 veraciter
3109 3184 3291 3242 laudas
3319 3205 3333 3239 :
3367 3189 3489 3257 ille,
3520 3194 3642 3262 quia

2064 3264 2233 3318 nescit
2264 3267 2406 3322 undc
2437 3269 2537 3323 hoc
2563 3269 2632 3324 sit
2659 3272 2887 3337 malum;
2919 3283 3004 3344 tu,
3053 3280 3172 3348 quia
3204 3297 3364 3352 negas
3394 3285 3588 3341 malum
3623 3307 3639 3340 :

2064 3354 2170 3419 ille,
2205 3357 2324 3424 quia
2352 3372 2468 3411 cam
2495 3361 2770 3429 permixtzc
2791 3361 2814 3394 τ
2830 3364 2981 3419 nobis
3004 3377 3204 3424 natura:
3233 3373 3412 3428 tribuit
3431 3375 3640 3443 alienae;

2062 3453 2116 3498 tu
2141 3485 2156 3507 ,
2202 3445 2323 3513 quia
2362 3462 2478 3501 eam
2510 3459 2704 3505 nostra:
2727 3467 2830 3507 non
2859 3453 2938 3508 vis
2963 3470 3081 3512 esse
3110 3459 3304 3516 vitiata:
3330 3480 3344 3517 :
3373 3464 3487 3529 ille,
3519 3467 3641 3536 quia

2061 3550 2156 3604 per
2183 3535 2326 3590 illam
2357 3538 2526 3592 credit
2550 3544 2814 3611 corrumpi
2844 3545 2932 3600 Dei
2965 3556 3166 3616 partem
3192 3550 3250 3615 ⁶;
3282 3560 3364 3618 ιιι,
3396 3555 3514 3624 quia
3548 3572 3644 3627 per

2059 3626 2202 3681 illam
2231 3627 2584 3686 dehonestare
2613 3634 2825 3690 conaris
2843 3637 3001 3692 etiam
3027 3641 3256 3708 paradisi
3287 3626 3612 3700 felicitatem.

2131 3717 2316 3772 XVIII.
2349 3719 2468 3775 IUL.
2504 3741 2522 3772 ι
2559 3722 2769 3789 Noluit,
2807 3744 2826 3778 ι
2880 3727 3076 3798 inquit,
3111 3748 3131 3782 ι
3189 3737 3466 3791 nominare
3509 3753 3642 3793 eon-

2059 3808 2436 3879 cupiscentiam
2473 3814 2676 3881 carnis,
2707 3829 2825 3885 qua:
2869 3832 2972 3872 non
3019 3829 3104 3875 est
3140 3836 3172 3875 a
3206 3822 3391 3891 Patre,
3437 3827 3528 3881 scd
3576 3843 3642 3884 ex

2058 3901 2258 3957 mundo
2283 3911 2396 3969 est;
2421 3904 2571 3975 cujus
2597 3906 2775 3961 mundi
2798 3907 3046 3979 princeps
3064 3910 3236 3967 dictus
3263 3923 3344 3968 est
3363 3914 3639 3972 diabolus:

2059 3991 2147 4062 qui
2175 4007 2292 4047 eam
2322 3993 2372 4048 iu
2407 3995 2628 4050 Domino
2657 4011 2761 4051 non
2792 3997 3021 4064 invenit,
3050 4002 3170 4070 quia
3198 4003 3452 4059 Dominus
3481 4005 3641 4063 homo

2059 4098 2164 4137 non
2187 4098 2282 4152 per
2308 4084 2472 4153 ipsam
2501 4085 2565 4139 ad
2589 4085 2831 4142 homines
2859 4090 3002 4143 venit
3027 4108 3045 4142 ι
3079 4090 3182 4162 (De
3204 4090 3410 4162 Nuptiis
3431 4105 3473 4149 et
3499 4096 3636 4151 Con-

2058 4174 2379 4244 cupisccntia,
2400 4175 2488 4231 lib.
2510 4177 2565 4243 2,
2596 4195 2649 4232 n.
2675 4178 2976 4250 I4).Verbis
2999 4197 3125 4250 ergo
3149 4183 3314 4252 ipsius
3336 4185 3638 4252 Manichaci,

2058 4266 2539 4335 concupiscentiam
2590 4268 2768 4322 carnis
2815 4283 2919 4322 non
2960 4284 2988 4322 a
3039 4271 3145 4326 Deo
3198 4271 3424 4338 factam,
3461 4275 3554 4329 sed
3611 4292 3642 4330 a

2057 4354 2290 4420 mundo,
2337 4356 2488 4425 cujus
2536 4365 2710 4411 tamen
2777 4357 2958 4412 mundi
3019 4359 3310 4430 principem
3372 4361 3641 4418 diabolum

2057 4445 2220 4510 dicis,
2273 4446 2538 4501 conditam
2583 4447 2869 4516 proﬁteris.

2129 4539 2264 4595 AUG.
2294 4537 2558 4608 Numquid
2575 4553 2674 4608 ego
2694 4539 2813 4594 dico
2832 4540 3100 4596 diabolum
3123 4541 3416 4610 principem
3433 4543 3639 4606 mundi,

2057 4637 2114 4684 et
2141 4627 2244 4684 hoc
2269 4629 2523 4684 Dominus
2565 4629 2679 4698 ipse
2722 4644 2826 4683 non
2868 4630 3039 4683 dicit?
3082 4630 3344 4701 Numquid
3392 4631 3494 4686 hoc
3540 4647 3640 4700 ego

2059 4719 2311 4773 dixissem
2339 4759 2352 4782 ,
2385 4719 2484 4774 nisi
2516 4718 2686 4788 ipsum
2712 4719 2910 4773 dixisse
2939 4718 3234 4787 legissem?
3262 4719 3403 4787 quod
3430 4735 3550 4774 cum
3582 4730 3641 4775 et

2059 4808 2174 4878 ipse
2195 4808 2411 4876 legeris,
2436 4823 2530 4863 cur
2548 4807 2902 4875 objiciendum
2927 4807 3052 4861 mihi
3075 4808 3264 4878 putasti
3287 4808 3310 4862 ?
3328 4807 3436 4864 Nec
3462 4817 3640 4865 tamen

2059 4897 2181 4952 ideo
2204 4896 2446 4953 diabolus
2487 4897 2731 4966 princeps
2767 4897 2994 4953 cstcoeli
3041 4905 3098 4952 et
3139 4906 3327 4963 terrm,
3372 4907 3426 4955 et
3467 4901 3640 4957 omnis

2059 4985 2294 5042 caelestis
2321 4986 2688 5056 terrestrisque
2727 4996 3018 5054 creatum,
3062 4988 3352 5044 secundum
3386 4989 3526 5060 quod
3554 4990 3640 5045 di-

2125 5122 2141 5184 ξ
2177 5119 2315 5184 editi,
2348 5117 2571 5184 etsignon
2613 5117 2758 5184 tacui.
2801 5120 2973 5181 Abest,
3012 5130 3135 5181 non,
3174 5130 3202 5169 a
3225 5123 3576 5184 mnusaiptis.

2124 5183 2145 5213 ί
2179 5181 2308 5243 Apud
2339 5180 2776 5243 vignierium,gais.
2841 5189 2897 5230 st.

2126 5243 2148 5275 ³
2178 5241 2251 5291 sic
2274 5251 2376 5291 Mss.
2392 5241 2457 5291 ’At
2475 5241 2610 5302 editi,
2634 5241 2807 5292 videat.

2123 5303 2146 5335 δ
2179 5303 2308 5366 apud
2347 5311 2462 5352 Mar.
2487 5303 2606 5366 clar.
2633 5312 2684 5366 et
2723 5303 3002 5366 editiones,
3036 5311 3150 5354 ante
3195 5305 3428 5366 verbum,
3453 5304 3637 5366 vitupe-

2061 5370 2165 5424 rat,
2190 5363 2465 5428 legebatur,
2486 5369 2532 5414 et
2569 5363 2872 5416 invictissime
2894 5371 3061 5428 eorum
3085 5363 3334 5428 mecm
3373 5374 3418 5416 et
3461 5363 3640 5426 t'clitqii

2061 5425 2332 5490 sectatores.
2377 5425 2618 5490 Glossema
2659 5440 2721 5476 ex
2756 5428 2974 5490 margine
3018 5427 3112 5476 huc
3153 5426 3458 5488 translatum,
3509 5425 3638 5490 quad

2060 5489 2343 5550 auctoritate
2373 5487 2549 5537 codicis
2570 5494 2810 5550 Portamm
2832 5487 3176 5550 expunximus.

2124 5552 2146 5618 ξ
2179 5549 2438 5618 Editiopes,
2477 5548 2782 5612 permixtam.
2828 5548 3146 5618 emendantur
3177 5561 3241 5598 ex
3265 5552 3632 5618 omanuscrtptis.

2126 5610 2149 5642 ⁸
2182 5618 2306 5660 Duos
2323 5610 2399 5660 hic
2422 5610 2610 5670 versus,
2639 5624 2817 5672 nempe
2841 5624 2867 5659 a
2890 5611 3070 5670 verbis,
3093 5617 3162 5669 tu,
3192 5610 3306 5672 quia
3327 5621 3448 5666 eam,
3476 5621 3635 5672 usque

2065 5672 2124 5722 ad
2149 5673 2371 5730 verbum,
2391 5679 2592 5732 partem,
2617 5673 2666 5721 in
2707 5669 2998 5735 cditionibus
3033 5669 3380 5735 pratertnissos
3419 5669 3632 5717 restitui-

2067 5747 2173 5783 mus
2198 5747 2260 5783 ex
2294 5735 2546 5794 manuscril
2565 5742 2724 5782 torum
2744 5734 2856 5779 tide.
