4124 6510
516 377 648 434 1517

511 503 651 547 ctum
682 494 784 550 est,
807 479 1030 536 Mundus
1055 491 1143 547 per
1162 489 1275 528 eum
1305 471 1469 540 {actus
1493 475 1563 522 est
1592 481 1610 519 :
1635 461 1729 519 sed
1755 458 1877 530 quia
1902 451 2090 512 mundi

511 581 729 638 nomine
755 573 1050 645 appellatus
1075 575 1160 624 est
1185 563 1329 619 orbis
1356 571 1510 616 terra:
1533 558 1584 612 in
1609 551 1906 610 hominibus
1925 587 1938 612 ,
1965 559 2095 616 qua-

512 673 651 728 libus
675 639 864 741 pletius
893 671 996 727 est,
1023 655 1315 715 secundum
1341 650 1482 723 quod
1505 647 1704 703 dictum
1731 650 1836 708 est,
1860 639 1926 692 Et
1953 652 2098 741 mun-

514 765 608 820 dus
620 729 732 816 cuin
758 775 856 812 non
873 753 1100 826 cognovit
1124 749 1175 822 (.I
1183 764 1298 803 oon.
1317 761 1357 813 ι,
1377 742 1464 814 10)
1483 759 1497 806 ;
1521 737 1811 796 secundum
1831 729 2098 826 quoddic-

502 865 600 911 tus
627 860 710 908 est
738 859 791 905 et
814 821 1056 904 diabolus
1081 821 1311 914 princeps
1333 833 1509 890 mundi
1531 831 1681 901 hujus
1710 827 1816 901 (Id.
1847 841 1942 892 xu,
1970 821 2096 894 3|);

515 941 806 1000 secundum
835 936 974 1008 quod
1002 935 1197 989 dictum
1225 939 1306 985 est
1326 969 1339 991 ,
1371 924 1594 980 Mundus
1623 922 1674 975 in
1704 919 1924 990 maligno
1954 914 2096 986 posi-

513 1043 595 1087 tus
623 1040 693 1085 est
721 1029 764 1099 (l
801 1027 957 1081 Joan.
985 1039 1048 1089 v,
1082 1021 1203 1092 l9);
1233 1013 1520 1072 secundum
1565 1009 1704 1081 quod
1749 1009 1946 1062 dictum
1989 1012 2096 1070 est,

523 1122 658 1190 Quia
684 1135 794 1174 vero
823 1117 885 1171 de
910 1113 1094 1168 mundo
1116 1126 1216 1164 non
1236 1107 1355 1163 estis
1379 1147 1392 1171 ,
1420 1113 1683 1174 propterea
1702 1099 1806 1152 odit
1837 1113 1923 1151 vos
1949 1111 2100 1148 mune

517 1187 613 1266 dits
647 1209 823 1281 (Joan.
849 1221 919 1262 xv
942 1247 957 1272 ,
991 1201 1076 1274 l9)
1101 1218 1116 1268 ;
1146 1209 1200 1256 et
1243 1192 1648 1253 innumerabilia
1696 1189 1842 1244 talia.
1887 1187 1964 1240 Ac
2009 1199 2102 1254 per

517 1275 953 1366 lme,‘mundum,
983 1291 1266 1362 Scripturis
1296 1287 1492 1366 sanctis
1512 1281 1848 1344 docentibus,
1879 1291 1974 1349 pro
1998 1275 2101 1330 dif-

518 1391 738 1447 ferentia
771 1386 1152 1442 sententiarum
1173 1422 1188 1448 ,
1212 1393 1352 1434 nunc
1375 1379 1426 1430 in
1448 1364 1587 1431 bona
1607 1370 1898 1442 accipimus
1916 1409 1932 1433 ,
1961 1382 2104 1422 nunc

524 1484 576 1536 in
606 1481 765 1536 malo‘.
811 1477 888 1532 Ad
921 1477 1052 1530 bona
1083 1473 1196 1544 ejus
1226 1469 1489 1541 pertinent
1513 1465 1705 1521 C(Billm
1749 1469 1803 1516 et
1849 1469 2018 1524 terra,
2050 1467 2105 1514 et

519 1573 692 1628 omnis
714 1571 765 1625 itt
791 1569 866 1623 eis
887 1567 976 1621 Dei
1005 1574 1242 1619 creatura
1275 1559 1369 1615 :ad
1395 1559 1530 1614 mala
1556 1557 1670 1626 ejus
1687 1553 1956 1626 pertinent
1980 1567 2103 1604 con-

520 1660 824 1732 cupiscentia
849 1657 1036 1723 carnis,
1055 1664 1101 1708 et
1115 1649 1516 1722 concupiscentia
1535 1645 1814 1709 oculorum,
1841 1651 1886 1698 et
1901 1641 2103 1696 ambitio

516 1752 722 1816 swculi,
769 1749 890 1814 vel,
933 1747 1068 1801 sicut
1113 1745 1224 1816 ipse
1249 1741 1494 1814 posuisti,
1537 1737 1772 1808 superbia
1797 1735 1927 1789 uiue.
1957 1732 2106 1789 Sicut

517 1858 644 1914 ergo
673 1855 813 1896 nunc
841 1840 894 1894 in
924 1838 1064 1893 bono
1088 1877 1102 1901 ,
1141 1849 1284 1890 nunc
1325 1833 1378 1886 in
1409 1831 1551 1886 malo
1595 1827 1788 1898 legitur
1826 1823 2053 1879 mundus
2088 1841 2102 1876 :

517 1935 594 1988 sic
620 1933 754 2002 lege,
784 1930 828 1986 si
874 1937 1046 2000 potes,
1079 1923 1364 1996 aliquando
1383 1963 1386 1966 .
1405 1922 1456 1976 in
1482 1921 1624 1976 bono
1653 1916 1876 1988 positam
1905 1929 2104 1968 concu-

517 2023 830 2094 piscentiam
875 2019 1073 2086 carnis,
1129 2016 1209 2071 vel
1259 2011 1742 2082 concupiscentiam
1788 2006 2103 2062 oculorum:

515 2117 608 2169 sed
645 2116 723 2169 sic
751 2128 856 2168 non
889 2111 1146 2176 invenies,
1171 2110 1306 2163 sicut
1329 2122 1429 2162 nec
1450 2105 1752 2176 superbiam
1772 2103 1894 2156 vita;
1919 2143 1932 2167 ,
1963 2098 2104 2170 quod

515 2205 619 2260 illis
639 2204 845 2258 duobus
872 2202 1026 2256 malis
1052 2201 1068 2232 ¹
1099 2199 1336 2253 additum
1367 2204 1450 2252 est
1479 2195 1710 2250 tertium.

586 2293 732 2348 XIX.
761 2293 878 2348 Jun.
902 2291 1027 2346 ideo
1053 2299 1228 2343 autem
1255 2287 1366 2342 dixi
1389 2285 1618 2356 eloquiis
1641 2295 1691 2338 te
1713 2297 1864 2338 usum
1887 2281 2104 2336 omnino

517 2384 828 2450 Manicltzni,
856 2382 978 2452 quia
1009 2380 1110 2435 etsi
1140 2381 1194 2434 in
1217 2377 1438 2448 apostoli
1467 2375 1685 2430 Joannis
1714 2372 1944 2444 Epistula
1971 2386 2107 2426 non.

517 2475 662 2530 nulla
691 2489 752 2528 ex
781 2472 865 2525 bis
896 2470 1052 2526 verba
1082 2477 1390 2532 teneantur;
1421 2475 1593 2518 tamen
1621 2463 1742 2533 quia
1771 2470 1973 2516 certum
2003 2469 2104 2525 est,

519 2580 629 2620 non
658 2562 732 2616 ibi
781 2561 930 2616 illum
961 2559 1217 2614 Ecclesiae
1245 2557 1558 2626 magistrum
1587 2562 1676 2607 aut
1705 2553 1772 2607 de
1797 2565 1990 2617 carne,
2018 2560 2108 2604 aut

520 2656 588 2710 de
616 2668 775 2710 sensu
803 2651 980 2708 carnis
999 2692 1014 2716 ,
1043 2658 1134 2703 aut
1153 2648 1219 2702 de
1240 2645 1666 2714 concupiscentia
1689 2641 1930 2712 nuptiali,
1953 2641 2108 2712 quid-

521 2763 681 2819 quam
709 2747 814 2800 tale
851 2745 1104 2810 sensisse,
1135 2743 1292 2812 quale
1335 2729 1964 2794 Manicltmus'verborum
1994 2735 2109 2805 ejus

521 2839 866 2910 usurpatione
891 2835 1200 2908 componit;
1233 2848 1336 2888 non
1386 2831 1574 2902 injuria
1620 2830 1736 2900 ejus
1783 2829 1946 2884 verba
1989 2842 2110 2884 esse

521 2929 666 2996 dixi,
693 2929 848 2999 cujus
873 2927 1053 2982 sensui
1099 2923 1424 2989 serviebant,
1457 2929 1515 2976 ut
1557 2920 1776 2995 eloquia.
1801 2919 2109 2974 intentionis

519 3036 633 3078 sua:
659 3021 848 3076 merito
877 3025 1196 3074 censeantur
1223 3030 1238 3069 :
1269 3022 1322 3070 et
1351 3015 1485 3070 sicut
1506 3011 1646 3082 apud
1671 3019 1913 3067 sanctum
1943 3009 2108 3066 Joan-

519 3129 642 3170 nem
685 3111 976 3182 apostolica
1024 3115 1150 3163 sunt
1177 3106 1433 3176 dignitate
1465 3103 1776 3170 reverenda,
1812 3101 1946 3173 "quia
1978 3102 2110 3156 insi-

524 3214 691 3260 uttant
723 3203 1003 3258 veritatem
1047 3241 1062 3266 ,
1096 3200 1166 3254 ita
1209 3197 1347 3267 apud
1399 3195 1750 3251 Mauieltarum
1799 3193 2112 3249 obumbrata

519 3295 732 3350 illorum
761 3293 910 3362 signa
939 3305 1046 3345 non
1075 3303 1328 3358 espressa
1358 3287 1656 3342 videantur.

535 3421 539 3424 -
590 3389 728 3440 Anc.
761 3358 896 3451 Quid
923 3379 1078 3436 addis
1112 3397 1132 3432 ι
1165 3377 1408 3449 nuptiali,
1449 3395 1468 3430 ι
1499 3386 1553 3432 et
1583 3375 1719 3430 dicis
1753 3391 1772 3426 ι
1809 3373 1878 3430 de
1912 3358 2110 3430 concu-

521 3476 775 3548 piseentia
805 3473 1046 3544 nuptiali,
1082 3489 1102 3524 ι
1139 3481 1198 3526 ut
1218 3471 1415 3526 vestias
1455 3467 1758 3540 pudendam
1802 3476 2109 3538 susceptam

527 3579 667 3624 tuam
696 3567 912 3622 nomine
953 3564 1180 3620 honesto
1225 3560 1578 3632 nuptiarum?
1621 3560 2113 3630 Coucupiscentiam

532 3661 711 3716 carnis
733 3659 875 3716 dixit
897 3657 1171 3728 apostolus
1199 3655 1468 3720 Joannes,
1496 3669 1602 3709 non
1630 3652 2116 3722 concupiscentiam

531 3751 848 3821 nuptialem;
867 3763 984 3820 qum
997 3755 1177 3818 posset
1199 3760 1318 3802 esse
1343 3746 1394 3800 in
1415 3744 1682 3815 paradiso,
1705 3743 1865 3798 etiam
1891 3743 1936 3798 si
1961 3759 2118 3798 nemo

527 3850 826 3913 peccasset,
861 3841 913 3894 in
941 3839 1179 3909 appetitu
1208 3835 1564 3900 fecunditatis,
1589 3850 1694 3889 non
1719 3835 1771 3888 in
1797 3834 2003 3904 pruritu
2027 3849 2120 3888 vo-

528 3933 776 4001 luptatis;
808 3938 901 3984 aut
927 3938 1074 3984 certe
1103 3927 1308 3998 spiritui
1340 3940 1552 3994 semper
1595 3924 1898 3994 subjacens,
1930 3933 1988 3978 ut
2014 3939 2119 3980 non

529 4023 634 4078 nisi
679 4021 868 4091 spiritu
919 4019 1128 4073 volente
1173 4025 1508 4080 moveretur;
1554 4030 1822 4086 nunquam
1867 4015 2122 4070 adversus

532 4114 778 4197 spiritum
818 4111 1225 4181 concupiscens,
1258 4115 1316 4163 ut
1356 4115 1413 4163 et
1456 4106 1673 4178 spiritus
1715 4106 1974 4162 adversus
2001 4121 2120 4161 eam

533 4205 914 4275 concupiscere
945 4210 1248 4274 cogeretur.
1280 4200 1433 4255 Absit
1459 4199 1602 4256 enim
1631 4206 1690 4254 ut
1728 4198 1781 4254 in
1811 4198 1930 4254 loco
1961 4207 2122 4255 tanta:

535 4296 822 4362 felicitatis,
872 4302 927 4349 et
967 4295 1018 4349 in
1047 4291 1352 4348 hominibus
1381 4290 1488 4345 illic
1516 4297 1662 4345 tanta
1709 4305 1839 4360 pace
1881 4287 2122 4345 felicibus

535 4397 676 4444 esset
704 4386 812 4441 ulla
841 4383 1104 4440 discordia
1127 4381 1304 4436 carnis
1331 4389 1385 4436 et
1413 4380 1650 4450 Spiritus.

611 4477 726 4532 XX.
753 4475 874 4531 Jun.
907 4473 1194 4543 Apostolus
1225 4471 1421 4542 quippe
1461 4469 1692 4526 Joannes
1716 4484 1836 4525 cum
1864 4469 1928 4524 ad
1955 4469 2120 4524 virtu-

453 4565 459 4570 ’
538 4577 649 4623 tum
673 4567 913 4622 omnium
945 4563 1213 4635 fastigium
1240 4573 1552 4632 provocaret
1579 4561 1780 4628 ﬁdeles,
1807 4571 1862 4616 et
1891 4560 2121 4616 studium

535 4657 829 4714 sanctitatis
875 4655 942 4712 ad
984 4655 1317 4710 altitudinem
1379 4653 1660 4709 dominica!
1703 4653 2123 4709 conversationis

534 4749 873 4816 extenderet,
914 4745 982 4802 ad
1029 4744 1426 4816 compendium,
1473 4743 1656 4799 mundi
1704 4744 1866 4800 totius
1905 4743 2123 4798 nemine

536 4842 780 4898 universa
808 4843 1146 4912 praesentium
1175 4841 1435 4895 bonorum
1465 4839 1486 4870 ¹
1505 4847 1558 4892 et
1581 4837 1972 4908 jucunditatum
2002 4837 2125 4891 irri-

537 4941 769 4988 tamenta
799 4930 1144 4994 concludens,
1181 4928 1372 4994 Nolite,
1404 4929 1596 4998 inquit,
1625 4928 1835 4996 diligere
1855 4928 2120 4993 mundum,

538 5041 692 5096 neque
719 5043 778 5081 ea
819 5039 931 5096 qua:
957 5024 1008 5078 in
1038 5023 1228 5077 mundo
1253 5031 1388 5076 sunt.
1430 5021 1492 5076 Si
1516 5021 1626 5092 quis
1651 5021 1816 5090 diligit
1846 5019 2088 5072 mundum
2106 5059 2121 5084 ,

539 5131 637 5170 non
660 5125 731 5171 est
758 5117 980 5170 charitas
1012 5113 1180 5167 Patris
1207 5113 1260 5166 in
1301 5127 1357 5165 eo
1393 5125 1411 5164 :
1435 5110 1672 5178 quoniam
1717 5125 1864 5163 omne
1889 5109 2026 5177 quod
2054 5115 2128 5162 est

539 5206 589 5257 in
611 5204 798 5258 mundo
818 5244 832 5268 ,
864 5202 1263 5273 concupiscentia
1282 5199 1452 5253 carnis
1477 5239 1490 5261 ,
1514 5208 1558 5252 et
1580 5199 1981 5268 concupiscentia
2005 5215 2128 5264 ocu-

543 5291 704 5345 lorum
731 5300 802 5346 est
829 5330 844 5356 ,
876 5299 923 5343 et
973 5290 1208 5359 superbia
1245 5289 1402 5350 uiue;
1446 5301 1558 5354 qua:
1596 5303 1696 5340 non
1735 5295 1806 5340 est
1844 5302 1908 5340 ea:
1951 5287 2126 5353 Patre,

544 5382 632 5436 scd
658 5399 720 5438 ea:
745 5380 934 5434 mundo
962 5389 1033 5434 est
1067 5395 1084 5433 :
1111 5390 1156 5434 et
1185 5377 1407 5432 mundus
1423 5378 1600 5431 transit
1619 5419 1634 5444 ,
1659 5386 1703 5432 et
1723 5378 2130 5447 concupiscentia

543 5475 684 5544 ejus;
712 5471 798 5542 qui
836 5479 1002 5524 autent
1046 5471 1166 5540 facit
1194 5469 1502 5523 voluntatem
1525 5465 1648 5534 Dei,
1675 5475 1841 5522 manet
1885 5484 1939 5522 in
1981 5485 2129 5522 (cter-

546 5579 664 5619 num
679 5562 892 5638 (lJoan.
909 5577 969 5626 ιι,
990 5561 1204 5630 15-17).
1227 5559 1498 5626 Quantum
1509 5558 1573 5614 ad
1596 5560 1929 5632 superﬁciem
1940 5561 2132 5618 verbo-

613 5721 632 5753 ι
666 5729 762 5770 Hoc
785 5719 931 5770 etiam
955 5716 1064 5766 ιοοο
1079 5751 1093 5774 ,
1120 5713 1280 5774 malis,
1302 5713 1643 5775 przeterierant
1665 5715 1922 5772 editiones.

617 5783 638 5814 ³
667 5788 718 5832 tu
752 5791 857 5831 uss.
880 5789 990 5831 star.
1017 5783 1162 5837 Port.,
1181 5775 1438 5828 honorum.

1205 353 1448 416 OPERIS
1487 342 1898 408 IMPERFECTI
1938 335 2204 398 CONTRA
2247 332 2604 397 JULIANUJI,
2646 333 2704 388 S.
2747 291 3112 388 AUGUSTINI

2215 5711 2220 5714 ’
2303 5713 2326 5745 ³
2357 5709 2506 5770 Editi,
2544 5709 2736 5770 modica
2780 5714 2886 5767 est;
2919 5713 2974 5756 et
3015 5701 3174 5770 paulo
3201 5706 3338 5765 post.

3637 325 3774 381 15ιὸ

2204 465 2320 504 runt
2351 448 2588 518 respicit,
2638 447 2816 502 odium
2861 444 3106 502 omnibus
3155 440 3335 497 Indicit
3372 440 3682 505 elementis,
3726 453 3780 496 et

2204 542 2457 597 mundum
2483 551 2534 596 et
2559 549 2746 596 cuncta
2767 555 2884 610 quae
2911 539 2962 592 in
3003 535 3200 592 mundo
3229 543 3385 600 sunt,
3413 547 3518 588 non
3559 547 3677 588 esse
3696 548 3776 589 .es

2205 633 2362 690 Patre
2379 675 2394 700 ,
2428 647 2599 703 neque
2625 631 2769 702 diligi
2797 631 2992 685 debere
3019 625 3314 682 denuntiat.

2277 746 2409 800 Ave.
2452 743 2684 798 lnaniter
2710 743 2806 798 ista
2829 741 2960 796 dicis
2991 759 3002 795 :
3031 739 3209 795 nullus
3237 738 3320 792 vel
3358 737 3518 792 idiota
3559 735 3786 790 catholi-

2204 849 2300 892 cus
2324 836 2401 890 sic
2439 837 2539 890 isto
2582 835 2701 890 loco
2735 834 2926 904 accipit
2951 832 3240 895 mundum,
3289 839 3347 884 ut
3392 829 3460 884 de
3506 829 3780 884 elementis

2203 927 2403 998 aliquid
2445 927 2658 996 cogitet.
2703 925 2885 996 Neque
2913 925 3053 980 enim
3084 932 3138 978 et
3165 923 3253 976 ubi
3297 921 3515 976 dicitde
3559 920 3778 974 Domino

2205 1017 2444 1081 Christo,
2499 1015 2618 1088 Ipse
2662 1027 2733 1072 est
2771 1015 3058 1087 propitiatio
3103 1022 3420 1084 peccatorum
3461 1021 3778 1066 nostrorum:

2205 1125 2306 1163 non
2329 1107 2493 1162 solum
2510 1116 2812 1171 nostrorum,
2834 1105 2923 1160 sed
2944 1115 2988 1160 et
3009 1104 3160 1159 totius
3183 1102 3357 1156 mundi
3377 1101 3414 1171 (I
3437 1099 3591 1154 Joan.
3615 1115 3672 1166 ιι,
3690 1098 3775 1170 2);

2206 1197 2276 1252 ita
2307 1199 2584 1269 quisquam
2613 1197 2827 1267 desipit,
2855 1197 3092 1251 utetiam
3117 1195 3500 1250 elementorum
3547 1191 3634 1246 ltic
3666 1191 3777 1246 exi«

2207 1290 2388 1344 stimet
2435 1289 2774 1360 intelligenda
2811 1304 2930 1344 esse
2977 1298 3213 1356 peccata.
3259 1286 3450 1340 Totum
3502 1283 3605 1339 ltoc
3655 1297 3778 1352 ergo

2207 1381 2348 1452 quod
2380 1381 2483 1436 isto
2511 1381 2671 1437 modo
2713 1381 2906 1458 dicitur
2935 1378 3194 1443 mundus,
3227 1392 3332 1458 non
3363 1375 3463 1430 nisi
3503 1377 3553 1430 in
3608 1373 3778 1428 [muti-

2209 1474 2364 1528 nibus
2393 1456 2722 1546 intelligitur,
2753 1474 2844 1542 qtti
2889 1479 3012 1526 sunt
3041 1486 3134 1540 per
3176 1452 3342 1524 totum
3388 1466 3641 1522 mundum
3663 1507 3677 1529 ,
3726 1463 3776 1519 id

2207 1575 2322 1632 est,
2371 1575 2514 1631 toto,
2561 1579 2979 1635 quaquaversum
3019 1561 3284 1626 ittCuiilUl‘,
3326 1559 3455 1614 orbe
3498 1567 3774 1610 terrarum.

2211 1657 2382 1726 Ipsam
2411 1655 2639 1726 denique
2671 1655 2954 1709 humanam
2985 1653 3178 1718 vitam,
3211 1666 3312 1721 qua
3341 1665 3444 1704 non
3487 1647 3776 1703 secundum

2210 1750 2398 1815 Deum,
2430 1747 2522 1802 sed
2551 1747 2840 1802 secundum
2866 1745 3135 1800 hominem
3165 1743 3376 1807 vivitur,
3407 1739 3658 1794 mundum
3682 1737 3780 1792 ltoc

2208 1843 2326 1897 loco
2351 1841 2636 1912 appellavit
2661 1837 2971 1910 Apostolus.
3005 1837 3130 1892 Ideo
3160 1835 3306 1906 diligi
3334 1840 3476 1888 vetat
3497 1873 3512 1898 ,
3545 1839 3598 1886 et
3623 1829 3777 1894 dicit,

2212 1932 2396 1986 Omnia
2419 1947 2533 2004 qua:
2573 1933 2626 1985 in
2654 1929 2844 1985 mundo
2872 1937 3024 1994 sunt,
3053 1924 3455 1996 concupiscentia
3484 1922 3648 1976 carnis
3673 1931 3742 1975 est
3759 1961 3775 1986 ,

2209 2033 2254 2080 et
2284 2023 2685 2094 concupiscentia
2711 2021 2970 2076 oculorum
2992 2059 3004 2083 ,
3037 2028 3083 2072 et
3107 2017 3312 2071 ambitio
3338 2013 3512 2069 sccculi
3531 2055 3544 2076 ,
3585 2013 3666 2068 vel
3690 2028 3780 2066 sn-

2208 2114 2378 2185 pcrbia
2407 2114 2550 2180 vita;
2571 2129 2684 2184 qute
2703 2128 2804 2166 non
2828 2119 2900 2166 est
2925 2127 2956 2163 a
2986 2109 3168 2173 Patre,
3203 2106 3290 2162 sed
3342 2121 3404 2160 ea:
3452 2103 3639 2157 unme
3687 2112 3777 2158 est.

2209 2203 2285 2258 Tu
2307 2243 2323 2269 ,
2369 2203 2412 2258 si
2443 2201 2570 2274 quid
2615 2213 2766 2272 potes
2789 2243 2804 2267 ,
2838 2201 2890 2256 in
2919 2201 3060 2254 bono
3087 2196 3370 2266 aliquando
3415 2194 3732 2247 nominatam
3765 2233 3780 2258 ,

2211 2293 2608 2364 Scripturarum
2651 2301 2955 2348 sanctarum
2986 2291 3105 2346 loco
3133 2291 3275 2353 ullo,
3303 2289 3780 2358 concupiscentiam

2209 2388 2384 2444 carnis
2409 2387 2630 2442 ostende
2665 2405 2678 2442 :
2709 2395 2764 2442 et
2809 2385 2918 2440 noli
2936 2384 3133 2455 apertis
3166 2381 3324 2438 rebus
3353 2382 3579 2436 nebulas
3601 2381 3784 2452 loqua-

2209 2478 2385 2533 citatis
2414 2477 2713 2532 oll'underc.

2283 2591 2424 2647 XXI.
2446 2591 2566 2647 ιω..
2593 2591 2747 2646 Certe
2763 2589 3034 2660 apostolus
3059 2599 3170 2655 εει,
3199 2595 3252 2642 et
3275 2585 3535 2657 praecipua
3566 2583 3785 2640 Domino

2209 2681 2338 2738 Jesu
2368 2681 2628 2737 cbaritate
2655 2681 2880 2737 dilectus
2911 2697 2926 2734 :
2957 2689 3134 2736 tamen
3161 2679 3263 2734 nisi
3285 2677 3628 2732 intentionem
3652 2677 3784 2746 ejus,

2211 2774 2296 2828 vel
2327 2773 2678 2844 Evangelium
2721 2772 2860 2843 quod
2900 2772 3136 2842 scripsit,
3164 2771 3246 2826 vel
3278 2769 3629 2840 Epistolarum
3667 2785 3785 2840 gra-

2213 2864 2350 2918 vitas
2376 2863 2662 2931 indicaret,
2691 2863 2851 2920 verba
2879 2864 2982 2918 ista
3015 2878 3134 2933 qua:
3159 2862 3432 2932 posuimus
3450 2901 3464 2927 ,
3495 2860 3564 2916 ita
3593 2861 3787 2916 nullum

2215 2962 2438 3025 possent
2461 2953 2622 3010 rebus
2645 2953 2838 3010 all‘erre
2861 2953 3223 3025 prarjudicium
3243 2995 3258 3020 ,
3286 2961 3345 3008 ut
3371 2951 3652 3022 Scripturis
3671 2967 3787 3007 om-

2213 3047 2399 3114 nibus,
2430 3061 2550 3117 qua:
2575 3046 2832 3102 mundum
2859 3061 2890 3101 a
2917 3047 3026 3101 Deo
3046 3043 3241 3100 factum
3262 3055 3540 3110 asserunt,
3562 3043 3750 3100 cedere
3771 3045 3787 3076 ¹

2215 3145 2552 3210 cogerentur.
2587 3137 2780 3193 Verum
2811 3137 2928 3208 ipse
2970 3136 3239 3208 Evangelii
3278 3135 3418 3208 quod
3459 3135 3790 3205 conscripsit,

2213 3230 2512 3288 rever-endo
2551 3245 2610 3286 se
2637 3229 2988 3286 communivit
3034 3228 3256 3285 exordio
3285 3229 3327 3282 ².
3377 3227 3544 3293 Deus,
3595 3225 3790 3296 inquit,

2179 3328 2185 3333 ’
2216 3333 2324 3380 erat
2360 3323 2616 3387 Verbum;
2639 3339 2727 3394 per
2752 3322 2920 3394 ipsunt
2944 3326 3080 3394 facta
3099 3331 3215 3376 sunt
3239 3320 3441 3387 omnia,
3486 3329 3532 3374 et
3559 3319 3666 3374 sine
3685 3319 3792 3389 ipso

2217 3419 2410 3488 factum
2435 3425 2508 3468 est
2535 3414 2686 3470 nihil.
2729 3414 2809 3469 Ac
2859 3413 3152 3484 deinceps:
3206 3413 3332 3468 Erat
3377 3412 3546 3467 lumen
3593 3427 3791 3475 verum,

2217 3507 2356 3576 quod
2398 3507 2655 3562 illuminat
2705 3522 2903 3562 omnem
2947 3505 3200 3561 hominem
3249 3505 3523 3559 venientem
3569 3504 3621 3558 in
3666 3503 3796 3556 hunc

2219 3598 2505 3652 mundum:
2533 3599 2586 3652 in
2615 3599 2710 3653 hoc
2753 3598 2943 3653 mundo
2985 3607 3126 3664 erat,
3165 3605 3213 3651 et
3251 3611 3467 3650 munaus
3508 3610 3597 3666 per
3634 3595 3796 3664 ipsum

2221 3695 2387 3762 {actus
2412 3699 2505 3746 est.
2533 3689 2769 3762 Itemque
2799 3709 2812 3746 :
2864 3689 3082 3745 Verbum
3118 3705 3237 3744 caro
3265 3692 3454 3760 factum
3479 3695 3582 3752 est,
3621 3695 3675 3739 ut
3701 3687 3796 3739 Ita-

2219 3783 2399 3839 bitaret
2423 3785 2476 3839 in
2503 3785 2644 3840 nobis
2667 3785 2844 3856 (Joan.
2877 3799 2916 3850 ι,
2948 3785 3008 3851 l,
3036 3784 3091 3850 ὅ,
3119 3781 3182 3850 9,
3218 3781 3318 3850 10,
3352 3781 3464 3851 l4).
3491 3779 3691 3846 Quibus
3716 3785 3796 3832 te-

2222 3877 2490 3932 stimoniis
2519 3875 2649 3931 nihil
2678 3877 2730 3931 in
2773 3877 3020 3932 sensibus
3039 3875 3151 3930 suis
3179 3872 3518 3929 obscuritatis
3547 3869 3756 3940 reliquit
3781 3887 3796 3924 :

2223 3969 2318 4026 sed
2346 3970 2582 4025 ostendit
2603 3971 2769 4025 Deum
2793 3985 2852 4025 se
2885 3984 3046 4024 nosse
3073 3976 3128 4024 et
3148 3981 3392 4022 asserere
3413 3965 3572 4020 totius
3595 3961 3796 4028 mundi,

2223 4069 2384 4133 atque
2407 4076 2590 4118 eorum
2609 4077 2727 4132 qum
2747 4061 2799 4116 in
2826 4059 3026 4116 mundo
3051 4067 3176 4114 sunt
3197 4056 3433 4112 omnium
3453 4052 3796 4116 conditorem,

2224 4151 2636 4222 Manichoaisque
2683 4151 2889 4207 nullum
2939 4151 3008 4206 ad
3054 4149 3344 4206 sententias
3388 4161 3509 4203 suas
3533 4157 3800 4200 accessum

2167 4284 2170 4288 .
2224 4251 2410 4314 patere
2454 4242 2754 4313 perdocuit.
2786 4241 3048 4310 Quoniam
3090 4241 3180 4312 qui
3217 4241 3454 4296 omnium
3499 4246 3804 4292 naturarum

2228 4335 2396 4391 Deum
2427 4335 2622 4388 asserit
2647 4343 2943 4389 creatorem
2965 4373 2978 4398 ,
3006 4333 3260 4396 abutitur,
3288 4330 3405 4385 sine
3437 4327 3557 4384 ﬁdei
3587 4327 3802 4396 dispen-

2226 4427 2350 4490 dio,
2395 4425 2812 4480 substantiarum
2876 4422 3209 4488 nominibus,
3257 4420 3324 4476 ad
3370 4417 3801 4492 significationem

2225 4516 2529 4588 cupiditatis
2557 4515 2874 4572 immodicas.

2301 4634 2436 4690 Ave.
2465 4631 2571 4688 Sed
2600 4643 2655 4687 tu
2684 4629 3172 4700 concupiscentiam
3217 4625 3395 4682 carnis
3415 4666 3430 4691 ,
3476 4637 3574 4678 nec
3600 4617 3807 4690 quando

2228 4727 2512 4785 immodica
2543 4735 2627 4781 est
2641 4724 2684 4792 ³,
2705 4725 2786 4780 vis
2805 4722 3027 4793 intelligi
3050 4720 3249 4778 malum
3275 4733 3395 4774 esse
3415 4759 3431 4786 ,
3453 4714 3549 4772 sed
3572 4715 3806 4776 bonum,

2229 4836 2432 4895 eosque
2461 4821 2638 4892 potius
2664 4819 2806 4874 bono
2835 4815 2976 4872 male
3000 4813 3078 4868 uti
3096 4855 3111 4880 ,
3137 4813 3227 4884 qtti
3257 4827 3320 4866 ea
3350 4806 3592 4864 utuntur
3615 4805 3808 4860 immo-

2229 4915 2369 4972 dice.
2394 4915 2470 4968 Ac
2491 4927 2586 4984 per
2605 4910 2708 4965 hoc
2727 4951 2742 4976 ,
2774 4907 2820 4964 si
2839 4903 3268 4976 concupiscentia
3286 4899 3464 4956 carnis
3479 4899 3674 4976 bonum
3694 4901 3772 4948 est
3790 4907 3807 4957 ;

2230 5008 2468 5082 profecto
2489 5012 2545 5060 et
2582 5003 2790 5059 modica
2808 5001 3006 5056 bonum
3021 5005 3104 5054 est
3127 4995 3417 5058 modicum,
3449 4999 3504 5046 et
3534 4985 3813 5044 immodica

2233 5102 2430 5156 bonum
2457 5085 2550 5154 est
2586 5095 2928 5151 immodicum
2959 5110 2974 5144 :
3009 5090 3102 5146 sed
3133 5088 3339 5144 modica
3370 5086 3466 5146 uti.
3499 5083 3602 5138 hoc
3629 5086 3730 5144 est,
3755 5085 3816 5130 ut

2232 5192 2387 5258 dicis,
2415 5191 2555 5245 bono
2582 5188 2718 5242 bene
2752 5186 2861 5250 uti;
2894 5181 3180 5238 immodica
3205 5193 3334 5234 vero
3363 5175 3459 5240 uti,
3490 5174 3591 5228 hoc
3627 5177 3728 5232 est,
3755 5175 3816 5221 ut

2233 5282 2388 5348 dicis,
2420 5280 2560 5336 bono
2584 5277 2724 5332 male
2762 5275 2860 5330 uti.
2891 5274 3039 5330 Sicut
3065 5273 3244 5326 vinum
3289 5267 3478 5341 procul
3519 5263 3680 5320 dubio
3719 5259 3816 5315 bo-

2236 5393 2360 5432 num
2389 5383 2506 5440 est;
2553 5371 2726 5426 omnis
2752 5370 2892 5426 enim
2919 5377 3161 5425 creatura
3194 5363 3286 5420 Dei
3316 5363 3453 5418 bona
3477 5366 3558 5413 est
3595 5354 3653 5426 (l
3681 5351 3813 5408 Tim.

2302 5529 2318 5560 ί
2355 5525 2492 5583 Fditi,
2519 5523 2736 5574 credere.
2760 5521 2930 5572 Melius
2949 5517 3262 5583 manuscripti
3279 5551 3294 5575 ,
3319 5513 3510 5583 cedere.
3535 5569 3546 5580 ,

2300 5590 2322 5621 ²
2353 5567 2559 5638 sicis;
2575 5567 3337 5645 iuiti'iara‘,'guasgetmquaa
3361 5567 3664 5635 conscripsit,
3689 5576 3819 5617 reve-

2238 5649 2391 5701 renda
2418 5644 2720 5698 communivit
2741 5643 2961 5696 exordio.

3383 5693 3466 5810 ﬂ
3513 5707 3572 5745 ea
3613 5693 3823 5766 _utuntur

3457 5769 3486 5810 θ
3508 5757 3820 5810 castigatius.

2241 5755 2694 5836 manifétiaiiia
2709 5755 2906 5823 Iocone}
2930 5755 3370 5828 imaituscrip'torunt
3391 5755 3486 5810 ﬁde
3508 5755 3820 5818 ωειὶεδηωτο
