  <div class='ocr_page' id='page_1' title='image "/cluster/home/n/w/nwhite01/storage/ocr_20150623/44-45/uc1.31175026792435/684.png"; bbox 0 0 4124 6512; ppageno 0'>
   <div class='ocr_carea' id='block_1_1' title="bbox 346 360 481 415">
    <p class='ocr_par' dir='ltr' id='par_1_1' title="bbox 346 360 481 415">
     <span class='ocr_line' id='line_1_1' title="bbox 346 360 481 415; baseline -0.015 0"><span class='ocrx_word' id='word_1_1' title='bbox 346 360 481 415; x_wconf 64' lang='lat'><strong>1559</strong></span> 
     </span>
    </p>
   </div>
   <div class='ocr_carea' id='block_1_2' title="bbox 336 467 1911 543">
    <p class='ocr_par' dir='ltr' id='par_1_2' title="bbox 336 467 1911 543">
     <span class='ocr_line' id='line_1_2' title="bbox 336 467 1911 543; baseline -0.004 -15"><span class='ocrx_word' id='word_1_2' title='bbox 336 489 412 538; x_wconf 84' lang='lat' dir='ltr'><strong>tv,</strong></span> <span class='ocrx_word' id='word_1_3' title='bbox 440 472 508 543; x_wconf 71' lang='grc'><strong>4)</strong></span> <span class='ocrx_word' id='word_1_4' title='bbox 539 489 551 524; x_wconf 95' lang='lat'>:</span> <span class='ocrx_word' id='word_1_5' title='bbox 578 479 632 526; x_wconf 89' lang='lat' dir='ltr'><strong>et</strong></span> <span class='ocrx_word' id='word_1_6' title='bbox 655 471 743 541; x_wconf 99' lang='lat' dir='ltr'><strong>qui</strong></span> <span class='ocrx_word' id='word_1_7' title='bbox 774 469 984 525; x_wconf 91' lang='lat' dir='ltr'><strong>modico</strong></span> <span class='ocrx_word' id='word_1_8' title='bbox 1014 468 1137 523; x_wconf 91' lang='lat' dir='ltr'><strong>vino</strong></span> <span class='ocrx_word' id='word_1_9' title='bbox 1161 467 1342 533; x_wconf 91' lang='lat' dir='ltr'><strong>utitur,</strong></span> <span class='ocrx_word' id='word_1_10' title='bbox 1371 467 1511 521; x_wconf 91' lang='lat' dir='ltr'><strong>bono</strong></span> <span class='ocrx_word' id='word_1_11' title='bbox 1550 467 1684 522; x_wconf 98' lang='lat' dir='ltr'><strong>bene</strong></span> <span class='ocrx_word' id='word_1_12' title='bbox 1714 470 1911 532; x_wconf 90' lang='lat' dir='ltr'><strong>utitur;</strong></span> 
     </span>
    </p>
   </div>
   <div class='ocr_carea' id='block_1_3' title="bbox 335 557 1917 633">
    <p class='ocr_par' dir='ltr' id='par_1_3' title="bbox 335 557 1917 633">
     <span class='ocr_line' id='line_1_3' title="bbox 335 557 1917 633; baseline -0.004 -15"><span class='ocrx_word' id='word_1_13' title='bbox 335 564 422 633; x_wconf 88' lang='lat' dir='ltr'><strong>qui</strong></span> <span class='ocrx_word' id='word_1_14' title='bbox 446 576 570 616; x_wconf 86' lang='lat' dir='ltr'><strong>vero</strong></span> <span class='ocrx_word' id='word_1_15' title='bbox 602 560 886 615; x_wconf 88' lang='lat' dir='ltr'><strong>immodico</strong></span> <span class='ocrx_word' id='word_1_16' title='bbox 915 559 1039 613; x_wconf 89' lang='lat' dir='ltr'><strong>vino</strong></span> <span class='ocrx_word' id='word_1_17' title='bbox 1068 558 1250 625; x_wconf 87' lang='lat' dir='ltr'><strong>utitur,</strong></span> <span class='ocrx_word' id='word_1_18' title='bbox 1280 558 1419 613; x_wconf 91' lang='lat' dir='ltr'><strong>bono</strong></span> <span class='ocrx_word' id='word_1_19' title='bbox 1440 557 1577 612; x_wconf 89' lang='lat' dir='ltr'><strong>male</strong></span> <span class='ocrx_word' id='word_1_20' title='bbox 1598 558 1779 612; x_wconf 85' lang='lat' dir='ltr'><strong>utitur.</strong></span> <span class='ocrx_word' id='word_1_21' title='bbox 1813 558 1917 613; x_wconf 79' lang='lat' dir='ltr'><strong>Sed</strong></span> 
     </span>
    </p>
   </div>
   <div class='ocr_carea' id='block_1_4' title="bbox 333 647 1915 720">
    <p class='ocr_par' dir='ltr' id='par_1_4' title="bbox 333 647 1915 720">
     <span class='ocr_line' id='line_1_4' title="bbox 333 647 1915 720; baseline -0.004 -11"><span class='ocrx_word' id='word_1_22' title='bbox 333 654 565 709; x_wconf 82' lang='lat' dir='ltr'><strong>Joannes</strong></span> <span class='ocrx_word' id='word_1_23' title='bbox 592 666 858 720; x_wconf 83' lang='lat' dir='ltr'><strong>nunquam</strong></span> <span class='ocrx_word' id='word_1_24' title='bbox 888 649 1088 704; x_wconf 83' lang='lat' dir='ltr'><strong>diceret</strong></span> <span class='ocrx_word' id='word_1_25' title='bbox 1128 649 1307 702; x_wconf 87' lang='lat' dir='ltr'><strong>vinum</strong></span> <span class='ocrx_word' id='word_1_26' title='bbox 1342 663 1372 701; x_wconf 91' lang='lat' dir='ltr'><strong>a</strong></span> <span class='ocrx_word' id='word_1_27' title='bbox 1416 647 1568 702; x_wconf 81' lang='lat' dir='ltr'><strong>Patre</strong></span> <span class='ocrx_word' id='word_1_28' title='bbox 1606 662 1711 702; x_wconf 88' lang='lat' dir='ltr'><strong>non</strong></span> <span class='ocrx_word' id='word_1_29' title='bbox 1756 662 1874 703; x_wconf 86' lang='lat' dir='ltr'><strong>esse</strong></span> <span class='ocrx_word' id='word_1_30' title='bbox 1899 689 1915 711; x_wconf 89' lang='lat'><strong>,</strong></span> 
     </span>
    </p>
   </div>
   <div class='ocr_carea' id='block_1_5' title="bbox 332 738 1913 812">
    <p class='ocr_par' dir='ltr' id='par_1_5' title="bbox 332 738 1913 812">
     <span class='ocr_line' id='line_1_5' title="bbox 332 738 1913 812; baseline -0.001 -15"><span class='ocrx_word' id='word_1_31' title='bbox 332 744 470 797; x_wconf 88' lang='lat' dir='ltr'><strong>sicut</strong></span> <span class='ocrx_word' id='word_1_32' title='bbox 497 741 980 812; x_wconf 82' lang='lat' dir='ltr'><strong>concupiscentiam</strong></span> <span class='ocrx_word' id='word_1_33' title='bbox 1009 740 1187 794; x_wconf 89' lang='lat' dir='ltr'><strong>carnis</strong></span> <span class='ocrx_word' id='word_1_34' title='bbox 1215 738 1348 792; x_wconf 76' lang='lat' dir='ltr'><strong>dixit</strong></span> <span class='ocrx_word' id='word_1_35' title='bbox 1388 754 1417 790; x_wconf 90' lang='lat' dir='ltr'><strong>a</strong></span> <span class='ocrx_word' id='word_1_36' title='bbox 1459 739 1613 795; x_wconf 80' lang='lat' dir='ltr'><strong>Patre</strong></span> <span class='ocrx_word' id='word_1_37' title='bbox 1639 754 1747 794; x_wconf 91' lang='lat' dir='ltr'><strong>non</strong></span> <span class='ocrx_word' id='word_1_38' title='bbox 1774 755 1913 795; x_wconf 88' lang='lat' dir='ltr'><strong>esse.</strong></span> 
     </span>
    </p>
   </div>
   <div class='ocr_carea' id='block_1_6' title="bbox 331 831 1918 906">
    <p class='ocr_par' dir='ltr' id='par_1_6' title="bbox 331 831 1918 906">
     <span class='ocr_line' id='line_1_6' title="bbox 331 831 1918 906; baseline -0.003 -16"><span class='ocrx_word' id='word_1_39' title='bbox 331 835 446 892; x_wconf 81' lang='lat' dir='ltr'><strong>Non</strong></span> <span class='ocrx_word' id='word_1_40' title='bbox 474 835 630 906; x_wconf 80' lang='lat' dir='ltr'><strong>igitur</strong></span> <span class='ocrx_word' id='word_1_41' title='bbox 655 835 881 898; x_wconf 88' lang='lat' dir='ltr'><strong>invenis,</strong></span> <span class='ocrx_word' id='word_1_42' title='bbox 919 848 1037 902; x_wconf 63' lang='lat' dir='ltr'><strong>quae</strong></span> <span class='ocrx_word' id='word_1_43' title='bbox 1064 831 1491 900; x_wconf 78' lang='lat' dir='ltr'><strong>concupiscentia</strong></span> <span class='ocrx_word' id='word_1_44' title='bbox 1517 831 1692 886; x_wconf 88' lang='lat' dir='ltr'><strong>carnis</strong></span> <span class='ocrx_word' id='word_1_45' title='bbox 1718 847 1823 885; x_wconf 91' lang='lat' dir='ltr'><strong>non</strong></span> <span class='ocrx_word' id='word_1_46' title='bbox 1849 831 1918 885; x_wconf 89' lang='lat' dir='ltr'><strong>sit</strong></span> 
     </span>
    </p>
   </div>
   <div class='ocr_carea' id='block_1_7' title="bbox 330 921 1918 996">
    <p class='ocr_par' dir='ltr' id='par_1_7' title="bbox 330 921 1918 996">
     <span class='ocr_line' id='line_1_7' title="bbox 330 921 1918 996; baseline -0.004 -13"><span class='ocrx_word' id='word_1_47' title='bbox 330 946 360 983; x_wconf 91' lang='lat' dir='ltr'><strong>a</strong></span> <span class='ocrx_word' id='word_1_48' title='bbox 390 929 545 983; x_wconf 88' lang='lat' dir='ltr'><strong>Patre</strong></span> <span class='ocrx_word' id='word_1_49' title='bbox 577 945 591 981; x_wconf 87' lang='lat'><strong>:</strong></span> <span class='ocrx_word' id='word_1_50' title='bbox 620 927 741 996; x_wconf 83' lang='lat' dir='ltr'><strong>quia</strong></span> <span class='ocrx_word' id='word_1_51' title='bbox 765 935 816 980; x_wconf 87' lang='lat' dir='ltr'><strong>ct</strong></span> <span class='ocrx_word' id='word_1_52' title='bbox 840 924 1117 979; x_wconf 89' lang='lat' dir='ltr'><strong>immodica</strong></span> <span class='ocrx_word' id='word_1_53' title='bbox 1143 923 1342 978; x_wconf 88' lang='lat' dir='ltr'><strong>bonum</strong></span> <span class='ocrx_word' id='word_1_54' title='bbox 1371 931 1452 976; x_wconf 86' lang='lat' dir='ltr'><strong>est</strong></span> <span class='ocrx_word' id='word_1_55' title='bbox 1472 921 1612 992; x_wconf 91' lang='lat' dir='ltr'><strong>apud</strong></span> <span class='ocrx_word' id='word_1_56' title='bbox 1640 931 1725 988; x_wconf 90' lang='lat' dir='ltr'><strong>te;</strong></span> <span class='ocrx_word' id='word_1_57' title='bbox 1752 934 1805 976; x_wconf 89' lang='lat' dir='ltr'><strong>et</strong></span> <span class='ocrx_word' id='word_1_58' title='bbox 1831 922 1918 976; x_wconf 90' lang='lat' dir='ltr'><strong>ille</strong></span> 
     </span>
    </p>
   </div>
   <div class='ocr_carea' id='block_1_8' title="bbox 333 1012 1917 1088">
    <p class='ocr_par' dir='ltr' id='par_1_8' title="bbox 333 1012 1917 1088">
     <span class='ocr_line' id='line_1_8' title="bbox 333 1012 1917 1088; baseline -0.004 -16"><span class='ocrx_word' id='word_1_59' title='bbox 333 1020 506 1088; x_wconf 86' lang='lat' dir='ltr'><strong>potius</strong></span> <span class='ocrx_word' id='word_1_60' title='bbox 549 1033 652 1071; x_wconf 88' lang='lat' dir='ltr'><strong>non</strong></span> <span class='ocrx_word' id='word_1_61' title='bbox 699 1026 778 1071; x_wconf 88' lang='lat' dir='ltr'><strong>est</strong></span> <span class='ocrx_word' id='word_1_62' title='bbox 808 1016 997 1079; x_wconf 90' lang='lat' dir='ltr'><strong>bonus,</strong></span> <span class='ocrx_word' id='word_1_63' title='bbox 1042 1015 1130 1084; x_wconf 88' lang='lat' dir='ltr'><strong>qui</strong></span> <span class='ocrx_word' id='word_1_64' title='bbox 1156 1015 1296 1069; x_wconf 88' lang='lat' dir='ltr'><strong>bono</strong></span> <span class='ocrx_word' id='word_1_65' title='bbox 1335 1014 1621 1067; x_wconf 89' lang='lat' dir='ltr'><strong>immodico</strong></span> <span class='ocrx_word' id='word_1_66' title='bbox 1650 1014 1831 1077; x_wconf 89' lang='lat' dir='ltr'><strong>utitur,</strong></span> <span class='ocrx_word' id='word_1_67' title='bbox 1864 1012 1917 1067; x_wconf 90' lang='lat' dir='ltr'><strong>id</strong></span> 
     </span>
    </p>
   </div>
   <div class='ocr_carea' id='block_1_9' title="bbox 328 1104 1918 1179">
    <p class='ocr_par' dir='ltr' id='par_1_9' title="bbox 328 1104 1918 1179">
     <span class='ocr_line' id='line_1_9' title="bbox 328 1104 1918 1179; baseline -0.003 -16"><span class='ocrx_word' id='word_1_68' title='bbox 328 1120 431 1173; x_wconf 89' lang='lat' dir='ltr'><strong>est,</strong></span> <span class='ocrx_word' id='word_1_69' title='bbox 462 1108 549 1179; x_wconf 91' lang='lat' dir='ltr'><strong>qui</strong></span> <span class='ocrx_word' id='word_1_70' title='bbox 581 1109 720 1162; x_wconf 88' lang='lat' dir='ltr'><strong>bono</strong></span> <span class='ocrx_word' id='word_1_71' title='bbox 749 1107 885 1161; x_wconf 89' lang='lat' dir='ltr'><strong>male</strong></span> <span class='ocrx_word' id='word_1_72' title='bbox 913 1106 1092 1159; x_wconf 90' lang='lat' dir='ltr'><strong>utitur.</strong></span> <span class='ocrx_word' id='word_1_73' title='bbox 1127 1104 1260 1173; x_wconf 84' lang='lat' dir='ltr'><strong>Quid</strong></span> <span class='ocrx_word' id='word_1_74' title='bbox 1304 1119 1430 1173; x_wconf 80' lang='lat' dir='ltr'><strong>ergo</strong></span> <span class='ocrx_word' id='word_1_75' title='bbox 1450 1104 1658 1159; x_wconf 86' lang='lat' dir='ltr'><strong>dubitas</strong></span> <span class='ocrx_word' id='word_1_76' title='bbox 1684 1104 1918 1159; x_wconf 88' lang='lat' dir='ltr'><strong>breviter</strong></span> 
     </span>
    </p>
   </div>
   <div class='ocr_carea' id='block_1_10' title="bbox 329 1193 1917 1268">
    <p class='ocr_par' dir='ltr' id='par_1_10' title="bbox 329 1193 1917 1268">
     <span class='ocr_line' id='line_1_10' title="bbox 329 1193 1917 1268; baseline -0.002 -16"><span class='ocrx_word' id='word_1_77' title='bbox 329 1210 619 1268; x_wconf 85' lang='lat' dir='ltr'><strong>aperteque</strong></span> <span class='ocrx_word' id='word_1_78' title='bbox 666 1197 862 1260; x_wconf 88' lang='lat' dir='ltr'><strong>dicere,</strong></span> <span class='ocrx_word' id='word_1_79' title='bbox 911 1195 1051 1265; x_wconf 89' lang='lat' dir='ltr'><strong>quod</strong></span> <span class='ocrx_word' id='word_1_80' title='bbox 1101 1195 1327 1249; x_wconf 86' lang='lat' dir='ltr'><strong>obscure</strong></span> <span class='ocrx_word' id='word_1_81' title='bbox 1374 1194 1545 1264; x_wconf 79' lang='lat' dir='ltr'><strong>longis</strong></span> <span class='ocrx_word' id='word_1_82' title='bbox 1588 1193 1917 1249; x_wconf 82' lang='lat' dir='ltr'><strong>anfractibus</strong></span> 
     </span>
    </p>
   </div>
   <div class='ocr_carea' id='block_1_11' title="bbox 329 1284 1914 1357">
    <p class='ocr_par' dir='ltr' id='par_1_11' title="bbox 329 1284 1914 1357">
     <span class='ocr_line' id='line_1_11' title="bbox 329 1284 1914 1357; baseline -0.004 -14"><span class='ocrx_word' id='word_1_83' title='bbox 329 1289 482 1354; x_wconf 86' lang='lat' dir='ltr'><strong>dicis,</strong></span> <span class='ocrx_word' id='word_1_84' title='bbox 511 1287 651 1357; x_wconf 88' lang='lat' dir='ltr'><strong>quod</strong></span> <span class='ocrx_word' id='word_1_85' title='bbox 673 1286 1055 1340; x_wconf 72' lang='lat' dir='ltr'><strong>dixit‘Joannes</strong></span> <span class='ocrx_word' id='word_1_86' title='bbox 1084 1285 1268 1338; x_wconf 80' lang='lat' dir='ltr'><strong>falsum</strong></span> <span class='ocrx_word' id='word_1_87' title='bbox 1301 1300 1440 1350; x_wconf 90' lang='lat' dir='ltr'><strong>esse,</strong></span> <span class='ocrx_word' id='word_1_88' title='bbox 1469 1292 1522 1338; x_wconf 91' lang='lat' dir='ltr'><strong>et</strong></span> <span class='ocrx_word' id='word_1_89' title='bbox 1544 1292 1594 1338; x_wconf 91' lang='lat' dir='ltr'><strong>te</strong></span> <span class='ocrx_word' id='word_1_90' title='bbox 1620 1299 1803 1338; x_wconf 89' lang='lat' dir='ltr'><strong>vermn</strong></span> <span class='ocrx_word' id='word_1_91' title='bbox 1830 1284 1914 1337; x_wconf 85' lang='lat' dir='ltr'><strong>di-</strong></span> 
     </span>
    </p>
   </div>
   <div class='ocr_carea' id='block_1_12' title="bbox 328 1375 1914 1447">
    <p class='ocr_par' dir='ltr' id='par_1_12' title="bbox 328 1375 1914 1447">
     <span class='ocr_line' id='line_1_12' title="bbox 328 1375 1914 1447; baseline -0.003 -12"><span class='ocrx_word' id='word_1_92' title='bbox 328 1379 489 1434; x_wconf 89' lang='lat' dir='ltr'><strong>cere?</strong></span> <span class='ocrx_word' id='word_1_93' title='bbox 518 1378 731 1432; x_wconf 61' lang='lat' dir='ltr'><strong>Falsum</strong></span> <span class='ocrx_word' id='word_1_94' title='bbox 759 1386 840 1431; x_wconf 85' lang='lat' dir='ltr'><strong>est</strong></span> <span class='ocrx_word' id='word_1_95' title='bbox 877 1378 1017 1431; x_wconf 90' lang='lat' dir='ltr'><strong>enim</strong></span> <span class='ocrx_word' id='word_1_96' title='bbox 1048 1375 1188 1447; x_wconf 84' lang='lat' dir='ltr'><strong>quod</strong></span> <span class='ocrx_word' id='word_1_97' title='bbox 1221 1376 1308 1429; x_wconf 90' lang='lat' dir='ltr'><strong>ille</strong></span> <span class='ocrx_word' id='word_1_98' title='bbox 1350 1375 1441 1441; x_wconf 90' lang='lat' dir='ltr'><strong>ait,</strong></span> <span class='ocrx_word' id='word_1_99' title='bbox 1474 1376 1914 1444; x_wconf 84' lang='lat' dir='ltr'><strong>Concupiseentia</strong></span> 
     </span>
    </p>
   </div>
   <div class='ocr_carea' id='block_1_13' title="bbox 328 1467 1914 1537">
    <p class='ocr_par' dir='ltr' id='par_1_13' title="bbox 328 1467 1914 1537">
     <span class='ocr_line' id='line_1_13' title="bbox 328 1467 1914 1537; baseline -0.003 -11"><span class='ocrx_word' id='word_1_100' title='bbox 328 1471 503 1527; x_wconf 89' lang='lat' dir='ltr'><strong>carnis</strong></span> <span class='ocrx_word' id='word_1_101' title='bbox 547 1484 651 1523; x_wconf 89' lang='lat' dir='ltr'><strong>non</strong></span> <span class='ocrx_word' id='word_1_102' title='bbox 680 1478 763 1523; x_wconf 84' lang='lat' dir='ltr'><strong>est</strong></span> <span class='ocrx_word' id='word_1_103' title='bbox 806 1486 833 1521; x_wconf 92' lang='lat' dir='ltr'><strong>a</strong></span> <span class='ocrx_word' id='word_1_104' title='bbox 866 1468 1057 1533; x_wconf 88' lang='lat' dir='ltr'><strong>Patre;</strong></span> <span class='ocrx_word' id='word_1_105' title='bbox 1091 1482 1119 1522; x_wconf 87' lang='lat' dir='ltr'><strong>a</strong></span> <span class='ocrx_word' id='word_1_106' title='bbox 1149 1482 1254 1537; x_wconf 90' lang='lat' dir='ltr'><strong>quo</strong></span> <span class='ocrx_word' id='word_1_107' title='bbox 1283 1477 1407 1521; x_wconf 92' lang='lat' dir='ltr'><strong>sunt</strong></span> <span class='ocrx_word' id='word_1_108' title='bbox 1449 1467 1626 1520; x_wconf 88' lang='lat' dir='ltr'><strong>omnia</strong></span> <span class='ocrx_word' id='word_1_109' title='bbox 1657 1468 1914 1522; x_wconf 85' lang='lat' dir='ltr'><strong>naturalia</strong></span> 
     </span>
    </p>
   </div>
   <div class='ocr_carea' id='block_1_14' title="bbox 329 1556 1915 1626">
    <p class='ocr_par' dir='ltr' id='par_1_14' title="bbox 329 1556 1915 1626">
     <span class='ocr_line' id='line_1_14' title="bbox 329 1556 1915 1626; baseline -0.003 -12"><span class='ocrx_word' id='word_1_110' title='bbox 329 1559 466 1614; x_wconf 89' lang='lat' dir='ltr'><strong>bona</strong></span> <span class='ocrx_word' id='word_1_111' title='bbox 500 1577 512 1613; x_wconf 94' lang='lat'><strong>:</strong></span> <span class='ocrx_word' id='word_1_112' title='bbox 542 1559 583 1612; x_wconf 84' lang='lat' dir='ltr'><strong>si</strong></span> <span class='ocrx_word' id='word_1_113' title='bbox 628 1558 1058 1626; x_wconf 79' lang='lat' dir='ltr'><strong>concupiscentia</strong></span> <span class='ocrx_word' id='word_1_114' title='bbox 1097 1558 1273 1611; x_wconf 90' lang='lat' dir='ltr'><strong>carnis</strong></span> <span class='ocrx_word' id='word_1_115' title='bbox 1300 1558 1340 1623; x_wconf 77' lang='grc' dir='ltr'><strong>ί,</strong></span> <span class='ocrx_word' id='word_1_116' title='bbox 1374 1566 1426 1609; x_wconf 85' lang='grc' dir='ltr'><strong>ιιι</strong></span> <span class='ocrx_word' id='word_1_117' title='bbox 1467 1556 1659 1622; x_wconf 86' lang='lat' dir='ltr'><strong>dicitis,</strong></span> <span class='ocrx_word' id='word_1_118' title='bbox 1695 1565 1748 1611; x_wconf 90' lang='lat' dir='ltr'><strong>et</strong></span> <span class='ocrx_word' id='word_1_119' title='bbox 1790 1566 1915 1610; x_wconf 86' lang='lat' dir='ltr'><strong>tunc</strong></span> 
     </span>
    </p>
   </div>
   <div class='ocr_carea' id='block_1_15' title="bbox 328 1642 1914 1718">
    <p class='ocr_par' dir='ltr' id='par_1_15' title="bbox 328 1642 1914 1718">
     <span class='ocr_line' id='line_1_15' title="bbox 328 1642 1914 1718; baseline -0.003 -12"><span class='ocrx_word' id='word_1_120' title='bbox 328 1652 463 1706; x_wconf 89' lang='lat' dir='ltr'><strong>bona</strong></span> <span class='ocrx_word' id='word_1_121' title='bbox 494 1658 594 1713; x_wconf 87' lang='lat' dir='ltr'><strong>est,</strong></span> <span class='ocrx_word' id='word_1_122' title='bbox 630 1664 749 1702; x_wconf 89' lang='lat' dir='ltr'><strong>cum</strong></span> <span class='ocrx_word' id='word_1_123' title='bbox 781 1664 842 1703; x_wconf 87' lang='lat' dir='ltr'><strong>ea</strong></span> <span class='ocrx_word' id='word_1_124' title='bbox 882 1648 1105 1718; x_wconf 90' lang='lat' dir='ltr'><strong>quisque</strong></span> <span class='ocrx_word' id='word_1_125' title='bbox 1147 1646 1428 1703; x_wconf 90' lang='lat' dir='ltr'><strong>immodica</strong></span> <span class='ocrx_word' id='word_1_126' title='bbox 1473 1642 1655 1713; x_wconf 81' lang='lat' dir='ltr'><strong>utt&#39;tur;</strong></span> <span class='ocrx_word' id='word_1_127' title='bbox 1702 1646 1795 1702; x_wconf 88' lang='lat' dir='ltr'><strong>sed</strong></span> <span class='ocrx_word' id='word_1_128' title='bbox 1827 1648 1914 1702; x_wconf 93' lang='lat' dir='ltr'><strong>ille</strong></span> 
     </span>
    </p>
   </div>
   <div class='ocr_carea' id='block_1_16' title="bbox 328 1740 1311 1809">
    <p class='ocr_par' dir='ltr' id='par_1_16' title="bbox 328 1740 1311 1809">
     <span class='ocr_line' id='line_1_16' title="bbox 328 1740 1311 1809; baseline -0.004 -12"><span class='ocrx_word' id='word_1_129' title='bbox 328 1743 499 1798; x_wconf 87' lang='lat' dir='ltr'><strong>malus</strong></span> <span class='ocrx_word' id='word_1_130' title='bbox 526 1752 605 1797; x_wconf 89' lang='lat' dir='ltr'><strong>est</strong></span> <span class='ocrx_word' id='word_1_131' title='bbox 630 1741 717 1809; x_wconf 88' lang='lat' dir='ltr'><strong>qui</strong></span> <span class='ocrx_word' id='word_1_132' title='bbox 747 1741 886 1794; x_wconf 90' lang='lat' dir='ltr'><strong>bono</strong></span> <span class='ocrx_word' id='word_1_133' title='bbox 914 1741 934 1771; x_wconf 78' lang='grc'>³</span> <span class='ocrx_word' id='word_1_134' title='bbox 958 1741 1096 1794; x_wconf 86' lang='lat' dir='ltr'><strong>male</strong></span> <span class='ocrx_word' id='word_1_135' title='bbox 1126 1740 1311 1794; x_wconf 90' lang='lat' dir='ltr'><strong>utitur.</strong></span> 
     </span>
    </p>
   </div>
   <div class='ocr_carea' id='block_1_17' title="bbox 396 1828 1910 1899">
    <p class='ocr_par' dir='ltr' id='par_1_17' title="bbox 396 1828 1910 1899">
     <span class='ocr_line' id='line_1_17' title="bbox 396 1828 1910 1899; baseline -0.003 -12"><span class='ocrx_word' id='word_1_136' title='bbox 396 1832 561 1887; x_wconf 82' lang='lat' dir='ltr'><strong>XXII.</strong></span> <span class='ocrx_word' id='word_1_137' title='bbox 592 1831 708 1885; x_wconf 69' lang='lat' dir='ltr'><strong>Jun.</strong></span> <span class='ocrx_word' id='word_1_138' title='bbox 750 1830 996 1899; x_wconf 73' lang='lat' dir='ltr'><strong>Prazcipit</strong></span> <span class='ocrx_word' id='word_1_139' title='bbox 1019 1846 1146 1899; x_wconf 85' lang='lat' dir='ltr'><strong>ergo</strong></span> <span class='ocrx_word' id='word_1_140' title='bbox 1172 1845 1278 1883; x_wconf 91' lang='lat' dir='ltr'><strong>non</strong></span> <span class='ocrx_word' id='word_1_141' title='bbox 1308 1829 1451 1898; x_wconf 83' lang='lat' dir='ltr'><strong>diligi</strong></span> <span class='ocrx_word' id='word_1_142' title='bbox 1497 1828 1772 1894; x_wconf 89' lang='lat' dir='ltr'><strong>mundum,</strong></span> <span class='ocrx_word' id='word_1_143' title='bbox 1811 1843 1910 1882; x_wconf 89' lang='lat' dir='ltr'><strong>nc-</strong></span> 
     </span>
    </p>
   </div>
   <div class='ocr_carea' id='block_1_18' title="bbox 332 1915 1913 1993">
    <p class='ocr_par' dir='ltr' id='par_1_18' title="bbox 332 1915 1913 1993">
     <span class='ocr_line' id='line_1_18' title="bbox 332 1915 1913 1993; baseline -0.005 -15"><span class='ocrx_word' id='word_1_144' title='bbox 332 1939 437 1993; x_wconf 87' lang='lat' dir='ltr'><strong>que</strong></span> <span class='ocrx_word' id='word_1_145' title='bbox 461 1937 520 1977; x_wconf 92' lang='lat' dir='ltr'><strong>ea</strong></span> <span class='ocrx_word' id='word_1_146' title='bbox 543 1937 660 1991; x_wconf 72' lang='lat' dir='ltr'><strong>qua:</strong></span> <span class='ocrx_word' id='word_1_147' title='bbox 706 1919 757 1972; x_wconf 92' lang='lat' dir='ltr'><strong>in</strong></span> <span class='ocrx_word' id='word_1_148' title='bbox 804 1918 1002 1972; x_wconf 87' lang='lat' dir='ltr'><strong>mundo</strong></span> <span class='ocrx_word' id='word_1_149' title='bbox 1043 1928 1200 1983; x_wconf 88' lang='lat' dir='ltr'><strong>sunt;</strong></span> <span class='ocrx_word' id='word_1_150' title='bbox 1241 1926 1294 1971; x_wconf 84' lang='lat' dir='ltr'><strong>et</strong></span> <span class='ocrx_word' id='word_1_151' title='bbox 1332 1916 1459 1971; x_wconf 91' lang='lat' dir='ltr'><strong>dicit</strong></span> <span class='ocrx_word' id='word_1_152' title='bbox 1505 1917 1752 1986; x_wconf 88' lang='lat' dir='ltr'><strong>quoniam</strong></span> <span class='ocrx_word' id='word_1_153' title='bbox 1780 1915 1913 1971; x_wconf 88' lang='lat' dir='ltr'><strong>dile-</strong></span> 
     </span>
    </p>
   </div>
   <div class='ocr_carea' id='block_1_19' title="bbox 325 2006 1911 2075">
    <p class='ocr_par' dir='ltr' id='par_1_19' title="bbox 325 2006 1911 2075">
     <span class='ocr_line' id='line_1_19' title="bbox 325 2006 1911 2075; baseline -0.004 -7"><span class='ocrx_word' id='word_1_154' title='bbox 325 2013 563 2068; x_wconf 89' lang='lat' dir='ltr'><strong>ctoribus</strong></span> <span class='ocrx_word' id='word_1_155' title='bbox 603 2009 783 2066; x_wconf 63' lang='lat' dir='ltr'><strong>saeculi</strong></span> <span class='ocrx_word' id='word_1_156' title='bbox 826 2010 917 2063; x_wconf 87' lang='lat' dir='ltr'><strong>Dei</strong></span> <span class='ocrx_word' id='word_1_157' title='bbox 962 2009 1192 2062; x_wconf 90' lang='lat' dir='ltr'><strong>charitas</strong></span> <span class='ocrx_word' id='word_1_158' title='bbox 1240 2009 1415 2062; x_wconf 88' lang='lat' dir='ltr'><strong>inesse</strong></span> <span class='ocrx_word' id='word_1_159' title='bbox 1458 2023 1562 2061; x_wconf 86' lang='lat' dir='ltr'><strong>non</strong></span> <span class='ocrx_word' id='word_1_160' title='bbox 1604 2006 1911 2075; x_wconf 88' lang='lat' dir='ltr'><strong>possit:scd</strong></span> 
     </span>
    </p>
   </div>
   <div class='ocr_carea' id='block_1_20' title="bbox 329 2092 1907 2165">
    <p class='ocr_par' dir='ltr' id='par_1_20' title="bbox 329 2092 1907 2165">
     <span class='ocr_line' id='line_1_20' title="bbox 329 2092 1907 2165; baseline -0.004 -6"><span class='ocrx_word' id='word_1_161' title='bbox 329 2120 433 2160; x_wconf 89' lang='lat' dir='ltr'><strong>non</strong></span> <span class='ocrx_word' id='word_1_162' title='bbox 462 2112 518 2159; x_wconf 89' lang='grc' dir='ltr'><strong>ιιι</strong></span> <span class='ocrx_word' id='word_1_163' title='bbox 546 2106 647 2159; x_wconf 91' lang='lat' dir='ltr'><strong>hoc</strong></span> <span class='ocrx_word' id='word_1_164' title='bbox 669 2103 883 2157; x_wconf 86' lang='lat' dir='ltr'><strong>nomine</strong></span> <span class='ocrx_word' id='word_1_165' title='bbox 908 2102 1208 2157; x_wconf 88' lang='lat' dir='ltr'><strong>dilectionis</strong></span> <span class='ocrx_word' id='word_1_166' title='bbox 1232 2116 1262 2155; x_wconf 88' lang='lat' dir='ltr'><strong>a</strong></span> <span class='ocrx_word' id='word_1_167' title='bbox 1285 2100 1480 2155; x_wconf 68' lang='lat' dir='ltr'><strong>saeculo</strong></span> <span class='ocrx_word' id='word_1_168' title='bbox 1505 2092 1907 2165; x_wconf 60' lang='lat' dir='ltr'><strong>submovenda},</strong></span> 
     </span>
    </p>
   </div>
   <div class='ocr_carea' id='block_1_21' title="bbox 326 2187 1911 2263">
    <p class='ocr_par' dir='ltr' id='par_1_21' title="bbox 326 2187 1911 2263">
     <span class='ocr_line' id='line_1_21' title="bbox 326 2187 1911 2263; baseline -0.006 -13"><span class='ocrx_word' id='word_1_169' title='bbox 326 2196 550 2250; x_wconf 89' lang='lat' dir='ltr'><strong>alterum</strong></span> <span class='ocrx_word' id='word_1_170' title='bbox 572 2194 686 2263; x_wconf 86' lang='lat' dir='ltr'><strong>ejus</strong></span> <span class='ocrx_word' id='word_1_171' title='bbox 707 2208 863 2263; x_wconf 89' lang='lat' dir='ltr'><strong>quam</strong></span> <span class='ocrx_word' id='word_1_172' title='bbox 888 2193 1050 2246; x_wconf 91' lang='lat' dir='ltr'><strong>Deum</strong></span> <span class='ocrx_word' id='word_1_173' title='bbox 1079 2206 1258 2245; x_wconf 90' lang='lat' dir='ltr'><strong>verum</strong></span> <span class='ocrx_word' id='word_1_174' title='bbox 1293 2188 1510 2259; x_wconf 81' lang='lat' dir='ltr'><strong>intelligi</strong></span> <span class='ocrx_word' id='word_1_175' title='bbox 1540 2187 1698 2243; x_wconf 82' lang='lat' dir='ltr'><strong>faciat</strong></span> <span class='ocrx_word' id='word_1_176' title='bbox 1726 2187 1911 2242; x_wconf 85' lang='lat' dir='ltr'><strong>condi-</strong></span> 
     </span>
    </p>
   </div>
   <div class='ocr_carea' id='block_1_22' title="bbox 328 2278 1912 2353">
    <p class='ocr_par' dir='ltr' id='par_1_22' title="bbox 328 2278 1912 2353">
     <span class='ocr_line' id='line_1_22' title="bbox 328 2278 1912 2353; baseline -0.005 -12"><span class='ocrx_word' id='word_1_177' title='bbox 328 2294 530 2351; x_wconf 89' lang='lat' dir='ltr'><strong>torem;</strong></span> <span class='ocrx_word' id='word_1_178' title='bbox 563 2299 747 2340; x_wconf 86' lang='lat' dir='ltr'><strong>verum</strong></span> <span class='ocrx_word' id='word_1_179' title='bbox 778 2292 833 2338; x_wconf 91' lang='lat' dir='ltr'><strong>ut</strong></span> <span class='ocrx_word' id='word_1_180' title='bbox 861 2290 1151 2353; x_wconf 80' lang='lat' dir='ltr'><strong>agnoscant</strong></span> <span class='ocrx_word' id='word_1_181' title='bbox 1195 2281 1401 2347; x_wconf 94' lang='lat' dir='ltr'><strong>ﬁdeles,</strong></span> <span class='ocrx_word' id='word_1_182' title='bbox 1436 2279 1605 2334; x_wconf 89' lang='lat' dir='ltr'><strong>nullas</strong></span> <span class='ocrx_word' id='word_1_183' title='bbox 1635 2278 1912 2349; x_wconf 66' lang='lat' dir='ltr'><strong>praesentis</strong></span> 
     </span>
    </p>
   </div>
   <div class='ocr_carea' id='block_1_23' title="bbox 324 2368 1911 2445">
    <p class='ocr_par' dir='ltr' id='par_1_23' title="bbox 324 2368 1911 2445">
     <span class='ocr_line' id='line_1_23' title="bbox 324 2368 1911 2445; baseline -0.004 -15"><span class='ocrx_word' id='word_1_184' title='bbox 324 2377 446 2430; x_wconf 71' lang='lat' dir='ltr'><strong>vita:</strong></span> <span class='ocrx_word' id='word_1_185' title='bbox 473 2374 790 2445; x_wconf 89' lang='lat' dir='ltr'><strong>cupiditates</strong></span> <span class='ocrx_word' id='word_1_186' title='bbox 819 2370 1180 2443; x_wconf 64' lang='lat' dir='ltr'><strong>praeferendas</strong></span> <span class='ocrx_word' id='word_1_187' title='bbox 1200 2385 1319 2425; x_wconf 90' lang='lat' dir='ltr'><strong>esse</strong></span> <span class='ocrx_word' id='word_1_188' title='bbox 1340 2368 1640 2433; x_wconf 83' lang='lat' dir='ltr'><strong>virtutibus,</strong></span> <span class='ocrx_word' id='word_1_189' title='bbox 1670 2383 1737 2422; x_wconf 89' lang='lat' dir='ltr'><strong>ne</strong></span> <span class='ocrx_word' id='word_1_190' title='bbox 1759 2382 1911 2423; x_wconf 89' lang='lat' dir='ltr'><strong>mens</strong></span> 
     </span>
    </p>
   </div>
   <div class='ocr_carea' id='block_1_24' title="bbox 324 2457 1909 2533">
    <p class='ocr_par' dir='ltr' id='par_1_24' title="bbox 324 2457 1909 2533">
     <span class='ocr_line' id='line_1_24' title="bbox 324 2457 1909 2533; baseline -0.006 -13"><span class='ocrx_word' id='word_1_191' title='bbox 324 2481 509 2521; x_wconf 90' lang='lat' dir='ltr'><strong>eorum</strong></span> <span class='ocrx_word' id='word_1_192' title='bbox 539 2474 629 2519; x_wconf 90' lang='lat' dir='ltr'><strong>aut</strong></span> <span class='ocrx_word' id='word_1_193' title='bbox 656 2462 1028 2533; x_wconf 87' lang='lat' dir='ltr'><strong>comparandis</strong></span> <span class='ocrx_word' id='word_1_194' title='bbox 1066 2461 1275 2531; x_wconf 89' lang='lat' dir='ltr'><strong>opibus,</strong></span> <span class='ocrx_word' id='word_1_195' title='bbox 1302 2468 1394 2514; x_wconf 88' lang='lat' dir='ltr'><strong>aut</strong></span> <span class='ocrx_word' id='word_1_196' title='bbox 1413 2457 1788 2527; x_wconf 87' lang='lat' dir='ltr'><strong>conquirendis</strong></span> <span class='ocrx_word' id='word_1_197' title='bbox 1814 2472 1909 2511; x_wconf 87' lang='lat' dir='ltr'><strong>vo-</strong></span> 
     </span>
    </p>
   </div>
   <div class='ocr_carea' id='block_1_25' title="bbox 323 2545 1904 2626">
    <p class='ocr_par' dir='ltr' id='par_1_25' title="bbox 323 2545 1904 2626">
     <span class='ocr_line' id='line_1_25' title="bbox 323 2545 1904 2626; baseline -0.008 -15"><span class='ocrx_word' id='word_1_198' title='bbox 323 2556 610 2626; x_wconf 89' lang='lat' dir='ltr'><strong>luptatibus</strong></span> <span class='ocrx_word' id='word_1_199' title='bbox 637 2562 913 2624; x_wconf 88' lang='lat' dir='ltr'><strong>occupata,</strong></span> <span class='ocrx_word' id='word_1_200' title='bbox 940 2567 970 2606; x_wconf 92' lang='lat' dir='ltr'><strong>a</strong></span> <span class='ocrx_word' id='word_1_201' title='bbox 1008 2551 1330 2615; x_wconf 63' lang='lat' dir='ltr'><strong>christianae,</strong></span> <span class='ocrx_word' id='word_1_202' title='bbox 1361 2564 1477 2618; x_wconf 77' lang='lat' dir='ltr'><strong>qua:</strong></span> <span class='ocrx_word' id='word_1_203' title='bbox 1507 2562 1629 2602; x_wconf 90' lang='lat' dir='ltr'><strong>vera</strong></span> <span class='ocrx_word' id='word_1_204' title='bbox 1656 2555 1758 2612; x_wconf 91' lang='lat' dir='ltr'><strong>est,</strong></span> <span class='ocrx_word' id='word_1_205' title='bbox 1791 2545 1904 2614; x_wconf 84' lang='lat' dir='ltr'><strong>phi-</strong></span> 
     </span>
    </p>
   </div>
   <div class='ocr_carea' id='block_1_26' title="bbox 322 2638 1910 2717">
    <p class='ocr_par' dir='ltr' id='par_1_26' title="bbox 322 2638 1910 2717">
     <span class='ocr_line' id='line_1_26' title="bbox 322 2638 1910 2717; baseline -0.007 -15"><span class='ocrx_word' id='word_1_206' title='bbox 322 2647 583 2717; x_wconf 74' lang='lat' dir='ltr'><strong>losophia:</strong></span> <span class='ocrx_word' id='word_1_207' title='bbox 608 2646 900 2701; x_wconf 86' lang='lat' dir='ltr'><strong>deducatur</strong></span> <span class='ocrx_word' id='word_1_208' title='bbox 923 2644 1121 2713; x_wconf 89' lang='lat' dir='ltr'><strong>vigore.</strong></span> <span class='ocrx_word' id='word_1_209' title='bbox 1152 2641 1403 2707; x_wconf 80' lang='lat' dir='ltr'><strong>Quoniam</strong></span> <span class='ocrx_word' id='word_1_210' title='bbox 1430 2655 1575 2693; x_wconf 89' lang='lat' dir='ltr'><strong>omne</strong></span> <span class='ocrx_word' id='word_1_211' title='bbox 1606 2639 1741 2709; x_wconf 82' lang='lat' dir='ltr'><strong>quod</strong></span> <span class='ocrx_word' id='word_1_212' title='bbox 1760 2646 1834 2692; x_wconf 86' lang='lat' dir='ltr'><strong>est</strong></span> <span class='ocrx_word' id='word_1_213' title='bbox 1858 2638 1910 2691; x_wconf 87' lang='lat' dir='ltr'><strong>in</strong></span> 
     </span>
    </p>
   </div>
   <div class='ocr_carea' id='block_1_27' title="bbox 323 2731 1913 2809">
    <p class='ocr_par' dir='ltr' id='par_1_27' title="bbox 323 2731 1913 2809">
     <span class='ocr_line' id='line_1_27' title="bbox 323 2731 1913 2809; baseline -0.004 -18"><span class='ocrx_word' id='word_1_214' title='bbox 323 2738 534 2804; x_wconf 86' lang='lat' dir='ltr'><strong>mundo,</strong></span> <span class='ocrx_word' id='word_1_215' title='bbox 561 2737 960 2809; x_wconf 83' lang='lat' dir='ltr'><strong>concupiscentia</strong></span> <span class='ocrx_word' id='word_1_216' title='bbox 999 2736 1186 2801; x_wconf 85' lang='lat' dir='ltr'><strong>carnis,</strong></span> <span class='ocrx_word' id='word_1_217' title='bbox 1231 2743 1279 2787; x_wconf 87' lang='lat' dir='ltr'><strong>et</strong></span> <span class='ocrx_word' id='word_1_218' title='bbox 1306 2732 1713 2803; x_wconf 79' lang='lat' dir='ltr'><strong>concupiscentia</strong></span> <span class='ocrx_word' id='word_1_219' title='bbox 1739 2731 1913 2785; x_wconf 84' lang='lat' dir='ltr'><strong>oculo-</strong></span> 
     </span>
    </p>
   </div>
   <div class='ocr_carea' id='block_1_28' title="bbox 321 2818 1913 2896">
    <p class='ocr_par' dir='ltr' id='par_1_28' title="bbox 321 2818 1913 2896">
     <span class='ocr_line' id='line_1_28' title="bbox 321 2818 1913 2896; baseline -0.005 -13"><span class='ocrx_word' id='word_1_220' title='bbox 321 2846 436 2883; x_wconf 85' lang='lat' dir='ltr'><strong>rum</strong></span> <span class='ocrx_word' id='word_1_221' title='bbox 463 2837 552 2895; x_wconf 85' lang='lat' dir='ltr'><strong>est,</strong></span> <span class='ocrx_word' id='word_1_222' title='bbox 579 2838 625 2882; x_wconf 86' lang='lat' dir='ltr'><strong>et</strong></span> <span class='ocrx_word' id='word_1_223' title='bbox 652 2827 883 2896; x_wconf 79' lang='lat' dir='ltr'><strong>superbia</strong></span> <span class='ocrx_word' id='word_1_224' title='bbox 906 2826 1019 2878; x_wconf 78' lang='lat' dir='ltr'><strong>vita:</strong></span> <span class='ocrx_word' id='word_1_225' title='bbox 1039 2841 1053 2890; x_wconf 93' lang='lat'><strong>;</strong></span> <span class='ocrx_word' id='word_1_226' title='bbox 1077 2840 1191 2891; x_wconf 82' lang='lat' dir='ltr'><strong>qua:</strong></span> <span class='ocrx_word' id='word_1_227' title='bbox 1218 2840 1318 2877; x_wconf 88' lang='lat' dir='ltr'><strong>non</strong></span> <span class='ocrx_word' id='word_1_228' title='bbox 1342 2831 1414 2876; x_wconf 87' lang='lat' dir='ltr'><strong>est</strong></span> <span class='ocrx_word' id='word_1_229' title='bbox 1438 2838 1501 2875; x_wconf 80' lang='lat' dir='ltr'><strong>ea:</strong></span> <span class='ocrx_word' id='word_1_230' title='bbox 1534 2818 1711 2882; x_wconf 82' lang='lat' dir='ltr'><strong>Patre,</strong></span> <span class='ocrx_word' id='word_1_231' title='bbox 1739 2820 1828 2875; x_wconf 74' lang='lat' dir='ltr'><strong>sed</strong></span> <span class='ocrx_word' id='word_1_232' title='bbox 1849 2837 1913 2875; x_wconf 78' lang='lat' dir='ltr'><strong>ea:</strong></span> 
     </span>
    </p>
   </div>
   <div class='ocr_carea' id='block_1_29' title="bbox 322 2911 1911 2982">
    <p class='ocr_par' dir='ltr' id='par_1_29' title="bbox 322 2911 1911 2982">
     <span class='ocr_line' id='line_1_29' title="bbox 322 2911 1911 2982; baseline -0.008 -6"><span class='ocrx_word' id='word_1_233' title='bbox 322 2922 513 2975; x_wconf 89' lang='lat' dir='ltr'><strong>mundo</strong></span> <span class='ocrx_word' id='word_1_234' title='bbox 537 2928 607 2973; x_wconf 90' lang='lat' dir='ltr'><strong>est</strong></span> <span class='ocrx_word' id='word_1_235' title='bbox 635 2934 654 2972; x_wconf 92' lang='lat'><strong><em>:</em></strong></span> <span class='ocrx_word' id='word_1_236' title='bbox 682 2927 727 2972; x_wconf 92' lang='lat' dir='ltr'><strong>et</strong></span> <span class='ocrx_word' id='word_1_237' title='bbox 767 2915 988 2969; x_wconf 87' lang='lat' dir='ltr'><strong>mundus</strong></span> <span class='ocrx_word' id='word_1_238' title='bbox 1026 2914 1224 2979; x_wconf 80' lang='lat' dir='ltr'><strong>transit,</strong></span> <span class='ocrx_word' id='word_1_239' title='bbox 1255 2922 1302 2966; x_wconf 88' lang='lat' dir='ltr'><strong>et</strong></span> <span class='ocrx_word' id='word_1_240' title='bbox 1331 2911 1735 2981; x_wconf 76' lang='lat' dir='ltr'><strong>concupiscentia</strong></span> <span class='ocrx_word' id='word_1_241' title='bbox 1763 2912 1911 2982; x_wconf 62' lang='lat' dir='ltr'><strong>eius;</strong></span> 
     </span>
    </p>
   </div>
   <div class='ocr_carea' id='block_1_30' title="bbox 321 3001 1910 3083">
    <p class='ocr_par' dir='ltr' id='par_1_30' title="bbox 321 3001 1910 3083">
     <span class='ocr_line' id='line_1_30' title="bbox 321 3001 1910 3083; baseline -0.008 -15"><span class='ocrx_word' id='word_1_242' title='bbox 321 3014 408 3083; x_wconf 86' lang='lat' dir='ltr'><strong>qui</strong></span> <span class='ocrx_word' id='word_1_243' title='bbox 453 3020 619 3066; x_wconf 83' lang='lat' dir='ltr'><strong>autent</strong></span> <span class='ocrx_word' id='word_1_244' title='bbox 664 3008 787 3080; x_wconf 78' lang='lat' dir='ltr'><strong>facit</strong></span> <span class='ocrx_word' id='word_1_245' title='bbox 834 3006 1138 3060; x_wconf 75' lang='lat' dir='ltr'><strong>voluntatem</strong></span> <span class='ocrx_word' id='word_1_246' title='bbox 1175 3001 1292 3067; x_wconf 85' lang='lat' dir='ltr'><strong>Dei,</strong></span> <span class='ocrx_word' id='word_1_247' title='bbox 1344 3011 1510 3055; x_wconf 87' lang='lat' dir='ltr'><strong>manet</strong></span> <span class='ocrx_word' id='word_1_248' title='bbox 1549 3003 1602 3054; x_wconf 88' lang='lat' dir='ltr'><strong>in</strong></span> <span class='ocrx_word' id='word_1_249' title='bbox 1647 3010 1910 3055; x_wconf 72' lang='lat' dir='ltr'><strong>retentum.</strong></span> 
     </span>
    </p>
   </div>
   <div class='ocr_carea' id='block_1_31' title="bbox 323 3092 1910 3172">
    <p class='ocr_par' dir='ltr' id='par_1_31' title="bbox 323 3092 1910 3172">
     <span class='ocr_line' id='line_1_31' title="bbox 323 3092 1910 3172; baseline -0.007 -13"><span class='ocrx_word' id='word_1_250' title='bbox 323 3103 506 3159; x_wconf 79' lang='lat' dir='ltr'><strong>Mundi</strong></span> <span class='ocrx_word' id='word_1_251' title='bbox 527 3116 654 3172; x_wconf 83' lang='lat' dir='ltr'><strong>ergo</strong></span> <span class='ocrx_word' id='word_1_252' title='bbox 680 3099 914 3163; x_wconf 90' lang='lat' dir='ltr'><strong>nomine,</strong></span> <span class='ocrx_word' id='word_1_253' title='bbox 947 3112 1124 3152; x_wconf 84' lang='lat' dir='ltr'><strong>mores</strong></span> <span class='ocrx_word' id='word_1_254' title='bbox 1153 3096 1426 3151; x_wconf 86' lang='lat' dir='ltr'><strong>hominum</strong></span> <span class='ocrx_word' id='word_1_255' title='bbox 1464 3094 1594 3148; x_wconf 91' lang='lat' dir='ltr'><strong>nihil</strong></span> <span class='ocrx_word' id='word_1_256' title='bbox 1625 3102 1743 3163; x_wconf 90' lang='lat' dir='ltr'><strong>post</strong></span> <span class='ocrx_word' id='word_1_257' title='bbox 1770 3092 1910 3148; x_wconf 83' lang='lat' dir='ltr'><strong>hanc</strong></span> 
     </span>
    </p>
   </div>
   <div class='ocr_carea' id='block_1_32' title="bbox 323 3182 1908 3257">
    <p class='ocr_par' dir='ltr' id='par_1_32' title="bbox 323 3182 1908 3257">
     <span class='ocr_line' id='line_1_32' title="bbox 323 3182 1908 3257; baseline -0.007 -9"><span class='ocrx_word' id='word_1_258' title='bbox 323 3196 488 3250; x_wconf 89' lang='lat' dir='ltr'><strong>vitam</strong></span> <span class='ocrx_word' id='word_1_259' title='bbox 516 3207 636 3249; x_wconf 89' lang='lat' dir='ltr'><strong>esse</strong></span> <span class='ocrx_word' id='word_1_260' title='bbox 659 3188 1065 3252; x_wconf 89' lang='lat' dir='ltr'><strong>autumantium,</strong></span> <span class='ocrx_word' id='word_1_261' title='bbox 1095 3186 1437 3257; x_wconf 80' lang='lat' dir='ltr'><strong>diversasque</strong></span> <span class='ocrx_word' id='word_1_262' title='bbox 1474 3182 1775 3240; x_wconf 88' lang='lat' dir='ltr'><strong>mortalium</strong></span> <span class='ocrx_word' id='word_1_263' title='bbox 1803 3193 1908 3238; x_wconf 87' lang='lat' dir='ltr'><strong>tam</strong></span> 
     </span>
    </p>
   </div>
   <div class='ocr_carea' id='block_1_33' title="bbox 322 3277 1288 3358">
    <p class='ocr_par' dir='ltr' id='par_1_33' title="bbox 322 3277 1288 3358">
     <span class='ocr_line' id='line_1_33' title="bbox 322 3277 1288 3358; baseline -0.01 -18"><span class='ocrx_word' id='word_1_264' title='bbox 322 3299 545 3358; x_wconf 85' lang='lat' dir='ltr'><strong>pompas</strong></span> <span class='ocrx_word' id='word_1_265' title='bbox 571 3298 725 3349; x_wconf 92' lang='lat' dir='ltr'><strong>quam</strong></span> <span class='ocrx_word' id='word_1_266' title='bbox 753 3280 989 3335; x_wconf 79' lang='lat' dir='ltr'><strong>luxurias</strong></span> <span class='ocrx_word' id='word_1_267' title='bbox 1018 3277 1288 3333; x_wconf 83' lang='lat' dir='ltr'><strong>indicavit.</strong></span> 
     </span>
    </p>
   </div>
   <div class='ocr_carea' id='block_1_34' title="bbox 395 3365 1908 3441">
    <p class='ocr_par' dir='ltr' id='par_1_34' title="bbox 395 3365 1908 3441">
     <span class='ocr_line' id='line_1_34' title="bbox 395 3365 1908 3441; baseline -0.005 -13"><span class='ocrx_word' id='word_1_268' title='bbox 395 3375 530 3429; x_wconf 79' lang='lat' dir='ltr'><strong>Anc.</strong></span> <span class='ocrx_word' id='word_1_269' title='bbox 573 3372 711 3441; x_wconf 83' lang='lat' dir='ltr'><strong>Ergo</strong></span> <span class='ocrx_word' id='word_1_270' title='bbox 752 3371 860 3437; x_wconf 49' lang='lat' dir='ltr'><strong>si}</strong></span> <span class='ocrx_word' id='word_1_271' title='bbox 909 3367 1091 3423; x_wconf 91' lang='lat' dir='ltr'><strong>mundi</strong></span> <span class='ocrx_word' id='word_1_272' title='bbox 1132 3366 1369 3431; x_wconf 88' lang='lat' dir='ltr'><strong>nomine,</strong></span> <span class='ocrx_word' id='word_1_273' title='bbox 1414 3380 1592 3421; x_wconf 89' lang='lat' dir='ltr'><strong>mores</strong></span> <span class='ocrx_word' id='word_1_274' title='bbox 1635 3365 1908 3421; x_wconf 91' lang='lat' dir='ltr'><strong>hominum</strong></span> 
     </span>
    </p>
   </div>
   <div class='ocr_carea' id='block_1_35' title="bbox 322 3455 1910 3534">
    <p class='ocr_par' dir='ltr' id='par_1_35' title="bbox 322 3455 1910 3534">
     <span class='ocr_line' id='line_1_35' title="bbox 322 3455 1910 3534; baseline -0.005 -15"><span class='ocrx_word' id='word_1_275' title='bbox 322 3463 455 3519; x_wconf 88' lang='lat' dir='ltr'><strong>nihil</strong></span> <span class='ocrx_word' id='word_1_276' title='bbox 480 3470 601 3534; x_wconf 87' lang='lat' dir='ltr'><strong>post</strong></span> <span class='ocrx_word' id='word_1_277' title='bbox 631 3461 767 3516; x_wconf 90' lang='lat' dir='ltr'><strong>hanc</strong></span> <span class='ocrx_word' id='word_1_278' title='bbox 794 3460 955 3513; x_wconf 89' lang='lat' dir='ltr'><strong>vitam</strong></span> <span class='ocrx_word' id='word_1_279' title='bbox 981 3473 1104 3513; x_wconf 91' lang='lat' dir='ltr'><strong>esse</strong></span> <span class='ocrx_word' id='word_1_280' title='bbox 1131 3456 1535 3522; x_wconf 89' lang='lat' dir='ltr'><strong>autumantium,</strong></span> <span class='ocrx_word' id='word_1_281' title='bbox 1567 3455 1910 3527; x_wconf 87' lang='lat' dir='ltr'><strong>diversasque</strong></span> 
     </span>
    </p>
   </div>
   <div class='ocr_carea' id='block_1_36' title="bbox 322 3545 1903 3620">
    <p class='ocr_par' dir='ltr' id='par_1_36' title="bbox 322 3545 1903 3620">
     <span class='ocr_line' id='line_1_36' title="bbox 322 3545 1903 3620; baseline -0.006 -11"><span class='ocrx_word' id='word_1_282' title='bbox 322 3553 626 3609; x_wconf 86' lang='lat' dir='ltr'><strong>mortalium</strong></span> <span class='ocrx_word' id='word_1_283' title='bbox 672 3559 777 3605; x_wconf 93' lang='lat' dir='ltr'><strong>tam</strong></span> <span class='ocrx_word' id='word_1_284' title='bbox 821 3563 1042 3620; x_wconf 84' lang='lat' dir='ltr'><strong>pompas</strong></span> <span class='ocrx_word' id='word_1_285' title='bbox 1083 3563 1241 3618; x_wconf 89' lang='lat' dir='ltr'><strong>quam</strong></span> <span class='ocrx_word' id='word_1_286' title='bbox 1275 3546 1512 3602; x_wconf 78' lang='lat' dir='ltr'><strong>luxurias</strong></span> <span class='ocrx_word' id='word_1_287' title='bbox 1559 3545 1848 3611; x_wconf 79' lang='lat' dir='ltr'><strong>indicavit;</strong></span> <span class='ocrx_word' id='word_1_288' title='bbox 1883 3566 1903 3600; x_wconf 70' lang='grc' dir='ltr'><strong>ι</strong></span> 
     </span>
    </p>
   </div>
   <div class='ocr_carea' id='block_1_37' title="bbox 321 3636 1910 3710">
    <p class='ocr_par' dir='ltr' id='par_1_37' title="bbox 321 3636 1910 3710">
     <span class='ocr_line' id='line_1_37' title="bbox 321 3636 1910 3710; baseline -0.006 -9"><span class='ocrx_word' id='word_1_289' title='bbox 321 3646 378 3701; x_wconf 84' lang='grc' dir='ltr'><strong>ἱιι</strong></span> <span class='ocrx_word' id='word_1_290' title='bbox 408 3643 494 3700; x_wconf 82' lang='lat' dir='ltr'><strong>his</strong></span> <span class='ocrx_word' id='word_1_291' title='bbox 530 3650 657 3697; x_wconf 90' lang='lat' dir='ltr'><strong>sunt</strong></span> <span class='ocrx_word' id='word_1_292' title='bbox 692 3640 779 3695; x_wconf 90' lang='lat' dir='ltr'><strong>illa</strong></span> <span class='ocrx_word' id='word_1_293' title='bbox 808 3654 929 3710; x_wconf 65' lang='lat' dir='ltr'><strong>qua:</strong></span> <span class='ocrx_word' id='word_1_294' title='bbox 964 3653 1083 3695; x_wconf 92' lang='lat' dir='ltr'><strong>esse</strong></span> <span class='ocrx_word' id='word_1_295' title='bbox 1111 3638 1244 3693; x_wconf 83' lang='lat' dir='ltr'><strong>dixit</strong></span> <span class='ocrx_word' id='word_1_296' title='bbox 1274 3636 1327 3691; x_wconf 92' lang='lat' dir='ltr'><strong>in</strong></span> <span class='ocrx_word' id='word_1_297' title='bbox 1355 3637 1571 3701; x_wconf 90' lang='lat' dir='ltr'><strong>mundo,</strong></span> <span class='ocrx_word' id='word_1_298' title='bbox 1612 3646 1668 3692; x_wconf 91' lang='lat' dir='ltr'><strong>et</strong></span> <span class='ocrx_word' id='word_1_299' title='bbox 1691 3651 1720 3689; x_wconf 71' lang='grc' dir='ltr'>τι</span> <span class='ocrx_word' id='word_1_300' title='bbox 1749 3637 1910 3693; x_wconf 85' lang='lat' dir='ltr'><strong>Patre</strong></span> 
     </span>
    </p>
   </div>
   <div class='ocr_carea' id='block_1_38' title="bbox 322 3726 1911 3802">
    <p class='ocr_par' dir='ltr' id='par_1_38' title="bbox 322 3726 1911 3802">
     <span class='ocr_line' id='line_1_38' title="bbox 322 3726 1911 3802; baseline -0.007 -10"><span class='ocrx_word' id='word_1_301' title='bbox 322 3751 430 3791; x_wconf 89' lang='lat' dir='ltr'><strong>non</strong></span> <span class='ocrx_word' id='word_1_302' title='bbox 452 3750 608 3797; x_wconf 89' lang='lat' dir='ltr'><strong>esse;</strong></span> <span class='ocrx_word' id='word_1_303' title='bbox 636 3733 689 3787; x_wconf 92' lang='lat' dir='ltr'><strong>in</strong></span> <span class='ocrx_word' id='word_1_304' title='bbox 715 3731 906 3802; x_wconf 88' lang='lat' dir='ltr'><strong>quibus</strong></span> <span class='ocrx_word' id='word_1_305' title='bbox 929 3729 1155 3800; x_wconf 90' lang='lat' dir='ltr'><strong>primum</strong></span> <span class='ocrx_word' id='word_1_306' title='bbox 1187 3728 1363 3783; x_wconf 89' lang='lat' dir='ltr'><strong>locum</strong></span> <span class='ocrx_word' id='word_1_307' title='bbox 1389 3736 1537 3783; x_wconf 86' lang='lat' dir='ltr'><strong>tenet</strong></span> <span class='ocrx_word' id='word_1_308' title='bbox 1561 3736 1645 3781; x_wconf 90' lang='lat' dir='ltr'><strong>tua</strong></span> <span class='ocrx_word' id='word_1_309' title='bbox 1677 3726 1766 3781; x_wconf 90' lang='lat' dir='ltr'><strong>illa</strong></span> <span class='ocrx_word' id='word_1_310' title='bbox 1795 3728 1911 3796; x_wconf 88' lang='lat' dir='ltr'><strong>pul-</strong></span> 
     </span>
    </p>
   </div>
   <div class='ocr_carea' id='block_1_39' title="bbox 322 3816 1972 3893">
    <p class='ocr_par' dir='ltr' id='par_1_39' title="bbox 322 3816 1972 3893">
     <span class='ocr_line' id='line_1_39' title="bbox 322 3816 1972 3893; baseline -0.006 -11"><span class='ocrx_word' id='word_1_311' title='bbox 322 3827 454 3882; x_wconf 88' lang='lat' dir='ltr'><strong>chra</strong></span> <span class='ocrx_word' id='word_1_312' title='bbox 477 3831 743 3893; x_wconf 88' lang='lat' dir='ltr'><strong>suscepta,</strong></span> <span class='ocrx_word' id='word_1_313' title='bbox 772 3820 1198 3890; x_wconf 89' lang='lat' dir='ltr'><strong>concupiscentia</strong></span> <span class='ocrx_word' id='word_1_314' title='bbox 1243 3818 1447 3874; x_wconf 89' lang='lat' dir='ltr'><strong>scilicet</strong></span> <span class='ocrx_word' id='word_1_315' title='bbox 1482 3817 1676 3872; x_wconf 89' lang='lat' dir='ltr'><strong>carnis.</strong></span> <span class='ocrx_word' id='word_1_316' title='bbox 1717 3816 1823 3872; x_wconf 89' lang='lat' dir='ltr'><strong>Sed</strong></span> <span class='ocrx_word' id='word_1_317' title='bbox 1855 3828 1910 3873; x_wconf 92' lang='lat' dir='ltr'><strong>tu</strong></span> <span class='ocrx_word' id='word_1_318' title='bbox 1969 3831 1972 3835; x_wconf 74' lang='lat'>‘</span> 
     </span>
    </p>
   </div>
   <div class='ocr_carea' id='block_1_40' title="bbox 322 3902 1909 3991">
    <p class='ocr_par' dir='ltr' id='par_1_40' title="bbox 322 3902 1909 3991">
     <span class='ocr_line' id='line_1_40' title="bbox 322 3902 1909 3991; baseline -0.006 -17"><span class='ocrx_word' id='word_1_319' title='bbox 322 3918 539 3983; x_wconf 79' lang='lat' dir='ltr'><strong>videris,</strong></span> <span class='ocrx_word' id='word_1_320' title='bbox 574 3918 627 3970; x_wconf 91' lang='lat' dir='ltr'><strong>in</strong></span> <span class='ocrx_word' id='word_1_321' title='bbox 665 3915 903 3970; x_wconf 88' lang='lat' dir='ltr'><strong>moribus</strong></span> <span class='ocrx_word' id='word_1_322' title='bbox 944 3902 1218 3967; x_wconf 83' lang='lat' dir='ltr'><strong>hominum</strong></span> <span class='ocrx_word' id='word_1_323' title='bbox 1263 3911 1393 3965; x_wconf 90' lang='lat' dir='ltr'><strong>nihil</strong></span> <span class='ocrx_word' id='word_1_324' title='bbox 1421 3917 1559 3991; x_wconf 63' lang='lat' dir='ltr'><strong>post~</strong></span> <span class='ocrx_word' id='word_1_325' title='bbox 1582 3909 1718 3964; x_wconf 88' lang='lat' dir='ltr'><strong>hanc</strong></span> <span class='ocrx_word' id='word_1_326' title='bbox 1747 3908 1909 3964; x_wconf 89' lang='lat' dir='ltr'><strong>vitam</strong></span> 
     </span>
    </p>
   </div>
   <div class='ocr_carea' id='block_1_41' title="bbox 324 4000 1908 4077">
    <p class='ocr_par' dir='ltr' id='par_1_41' title="bbox 324 4000 1908 4077">
     <span class='ocr_line' id='line_1_41' title="bbox 324 4000 1908 4077; baseline -0.008 -12"><span class='ocrx_word' id='word_1_327' title='bbox 324 4024 443 4065; x_wconf 90' lang='lat' dir='ltr'><strong>esse</strong></span> <span class='ocrx_word' id='word_1_328' title='bbox 472 4006 823 4077; x_wconf 83' lang='lat' dir='ltr'><strong>Opinantium,</strong></span> <span class='ocrx_word' id='word_1_329' title='bbox 870 4003 1105 4057; x_wconf 89' lang='lat' dir='ltr'><strong>voluisse</strong></span> <span class='ocrx_word' id='word_1_330' title='bbox 1135 4000 1357 4072; x_wconf 82' lang='lat' dir='ltr'><strong>intelligi</strong></span> <span class='ocrx_word' id='word_1_331' title='bbox 1402 4000 1677 4055; x_wconf 91' lang='lat' dir='ltr'><strong>oculorum</strong></span> <span class='ocrx_word' id='word_1_332' title='bbox 1705 4013 1908 4053; x_wconf 91' lang='lat' dir='ltr'><strong>concu-</strong></span> 
     </span>
    </p>
   </div>
   <div class='ocr_carea' id='block_1_42' title="bbox 321 4090 1904 4172">
    <p class='ocr_par' dir='ltr' id='par_1_42' title="bbox 321 4090 1904 4172">
     <span class='ocr_line' id='line_1_42' title="bbox 321 4090 1904 4172; baseline -0.007 -16"><span class='ocrx_word' id='word_1_333' title='bbox 321 4100 654 4172; x_wconf 80' lang='lat' dir='ltr'><strong>piscentiam,</strong></span> <span class='ocrx_word' id='word_1_334' title='bbox 676 4096 924 4167; x_wconf 88' lang='lat' dir='ltr'><strong>quoniam</strong></span> <span class='ocrx_word' id='word_1_335' title='bbox 948 4094 1030 4149; x_wconf 90' lang='lat' dir='ltr'><strong>his</strong></span> <span class='ocrx_word' id='word_1_336' title='bbox 1049 4094 1209 4149; x_wconf 87' lang='lat' dir='ltr'><strong>rebus</strong></span> <span class='ocrx_word' id='word_1_337' title='bbox 1225 4107 1356 4162; x_wconf 88' lang='lat' dir='ltr'><strong>quas</strong></span> <span class='ocrx_word' id='word_1_338' title='bbox 1374 4090 1554 4146; x_wconf 87' lang='lat' dir='ltr'><strong>vident</strong></span> <span class='ocrx_word' id='word_1_339' title='bbox 1571 4090 1904 4157; x_wconf 69' lang='lat' dir='ltr'><strong>inhterendo,</strong></span> 
     </span>
    </p>
   </div>
   <div class='ocr_carea' id='block_1_43' title="bbox 321 4183 1906 4261">
    <p class='ocr_par' dir='ltr' id='par_1_43' title="bbox 321 4183 1906 4261">
     <span class='ocr_line' id='line_1_43' title="bbox 321 4183 1906 4261; baseline -0.007 -13"><span class='ocrx_word' id='word_1_340' title='bbox 321 4193 510 4248; x_wconf 88' lang='lat' dir='ltr'><strong>nolunt</strong></span> <span class='ocrx_word' id='word_1_341' title='bbox 538 4207 599 4247; x_wconf 89' lang='lat' dir='ltr'><strong>ca</strong></span> <span class='ocrx_word' id='word_1_342' title='bbox 626 4205 743 4261; x_wconf 77' lang='lat' dir='ltr'><strong>qua:</strong></span> <span class='ocrx_word' id='word_1_343' title='bbox 772 4204 877 4243; x_wconf 91' lang='lat' dir='ltr'><strong>non</strong></span> <span class='ocrx_word' id='word_1_344' title='bbox 906 4186 1090 4242; x_wconf 90' lang='lat' dir='ltr'><strong>vident</strong></span> <span class='ocrx_word' id='word_1_345' title='bbox 1114 4186 1369 4249; x_wconf 86' lang='lat' dir='ltr'><strong>credere;</strong></span> <span class='ocrx_word' id='word_1_346' title='bbox 1400 4185 1452 4239; x_wconf 91' lang='lat' dir='ltr'><strong>in</strong></span> <span class='ocrx_word' id='word_1_347' title='bbox 1495 4183 1701 4254; x_wconf 89' lang='lat' dir='ltr'><strong>pompis</strong></span> <span class='ocrx_word' id='word_1_348' title='bbox 1729 4191 1906 4238; x_wconf 87' lang='lat' dir='ltr'><strong>autem</strong></span> 
     </span>
    </p>
   </div>
   <div class='ocr_carea' id='block_1_44' title="bbox 274 4273 1904 4348">
    <p class='ocr_par' dir='ltr' id='par_1_44' title="bbox 274 4273 1904 4348">
     <span class='ocr_line' id='line_1_44' title="bbox 274 4273 1904 4348; baseline -0.009 -8"><span class='ocrx_word' id='word_1_349' title='bbox 274 4274 286 4305; x_wconf 75' lang='lat'><strong>‘</strong></span> <span class='ocrx_word' id='word_1_350' title='bbox 322 4284 648 4348; x_wconf 88' lang='lat' dir='ltr'><strong>mortalium,</strong></span> <span class='ocrx_word' id='word_1_351' title='bbox 695 4278 1038 4334; x_wconf 88' lang='lat' dir='ltr'><strong>ambitionem</strong></span> <span class='ocrx_word' id='word_1_352' title='bbox 1068 4276 1245 4330; x_wconf 71' lang='lat' dir='ltr'><strong>stcculi</strong></span> <span class='ocrx_word' id='word_1_353' title='bbox 1288 4274 1371 4329; x_wconf 90' lang='lat' dir='ltr'><strong>vel</strong></span> <span class='ocrx_word' id='word_1_354' title='bbox 1410 4274 1712 4344; x_wconf 87' lang='lat' dir='ltr'><strong>superbiam</strong></span> <span class='ocrx_word' id='word_1_355' title='bbox 1742 4273 1904 4339; x_wconf 65' lang='lat' dir='ltr'><strong>vitie;</strong></span> 
     </span>
    </p>
   </div>
   <div class='ocr_carea' id='block_1_45' title="bbox 282 4359 1906 4442">
    <p class='ocr_par' dir='ltr' id='par_1_45' title="bbox 282 4359 1906 4442">
     <span class='ocr_line' id='line_1_45' title="bbox 282 4359 1906 4442; baseline -0.01 -4"><span class='ocrx_word' id='word_1_356' title='bbox 282 4359 295 4371; x_wconf 38' lang='lat'><strong>‘</strong></span> <span class='ocrx_word' id='word_1_357' title='bbox 322 4383 376 4438; x_wconf 89' lang='lat' dir='ltr'><strong>in</strong></span> <span class='ocrx_word' id='word_1_358' title='bbox 408 4379 630 4436; x_wconf 83' lang='lat' dir='ltr'><strong>luxuriis</strong></span> <span class='ocrx_word' id='word_1_359' title='bbox 655 4392 799 4442; x_wconf 89' lang='lat' dir='ltr'><strong>vero,</strong></span> <span class='ocrx_word' id='word_1_360' title='bbox 848 4371 1330 4442; x_wconf 84' lang='lat' dir='ltr'><strong>concupiscentiam</strong></span> <span class='ocrx_word' id='word_1_361' title='bbox 1374 4370 1584 4436; x_wconf 90' lang='lat' dir='ltr'><strong>carnis;</strong></span> <span class='ocrx_word' id='word_1_362' title='bbox 1629 4377 1688 4423; x_wconf 90' lang='lat' dir='ltr'><strong>ut</strong></span> <span class='ocrx_word' id='word_1_363' title='bbox 1729 4367 1906 4422; x_wconf 86' lang='lat' dir='ltr'><strong>omnia</strong></span> 
     </span>
    </p>
   </div>
   <div class='ocr_carea' id='block_1_46' title="bbox 323 4458 1902 4541">
    <p class='ocr_par' dir='ltr' id='par_1_46' title="bbox 323 4458 1902 4541">
     <span class='ocr_line' id='line_1_46' title="bbox 323 4458 1902 4541; baseline -0.011 -13"><span class='ocrx_word' id='word_1_364' title='bbox 323 4472 422 4528; x_wconf 89' lang='lat' dir='ltr'><strong>tria</strong></span> <span class='ocrx_word' id='word_1_365' title='bbox 467 4486 586 4541; x_wconf 79' lang='lat' dir='ltr'><strong>qua:</strong></span> <span class='ocrx_word' id='word_1_366' title='bbox 614 4468 846 4523; x_wconf 90' lang='lat' dir='ltr'><strong>Joannes</strong></span> <span class='ocrx_word' id='word_1_367' title='bbox 894 4464 1087 4535; x_wconf 85' lang='lat' dir='ltr'><strong>posuit,</strong></span> <span class='ocrx_word' id='word_1_368' title='bbox 1132 4460 1440 4531; x_wconf 62' lang='lat' dir='ltr'><strong>complexus</strong></span> <span class='ocrx_word' id='word_1_369' title='bbox 1470 4475 1587 4514; x_wconf 90' lang='lat' dir='ltr'><strong>esse</strong></span> <span class='ocrx_word' id='word_1_370' title='bbox 1631 4458 1902 4514; x_wconf 86' lang='lat' dir='ltr'><strong>videaris:</strong></span> 
     </span>
    </p>
   </div>
   <div class='ocr_carea' id='block_1_47' title="bbox 321 4548 1908 4631">
    <p class='ocr_par' dir='ltr' id='par_1_47' title="bbox 321 4548 1908 4631">
     <span class='ocr_line' id='line_1_47' title="bbox 321 4548 1908 4631; baseline -0.01 -14"><span class='ocrx_word' id='word_1_371' title='bbox 321 4561 472 4631; x_wconf 85' lang='lat' dir='ltr'><strong>quasi</strong></span> <span class='ocrx_word' id='word_1_372' title='bbox 515 4558 677 4629; x_wconf 91' lang='lat' dir='ltr'><strong>possit</strong></span> <span class='ocrx_word' id='word_1_373' title='bbox 705 4556 725 4587; x_wconf 85' lang='grc'><em>³</em></span> <span class='ocrx_word' id='word_1_374' title='bbox 751 4570 871 4610; x_wconf 86' lang='lat' dir='ltr'><strong>esse</strong></span> <span class='ocrx_word' id='word_1_375' title='bbox 915 4553 1120 4607; x_wconf 79' lang='lat' dir='ltr'><strong>luxuria</strong></span> <span class='ocrx_word' id='word_1_376' title='bbox 1148 4566 1306 4621; x_wconf 87' lang='lat' dir='ltr'><strong>quam</strong></span> <span class='ocrx_word' id='word_1_377' title='bbox 1337 4551 1626 4618; x_wconf 88' lang='lat' dir='ltr'><strong>vituperas,</strong></span> <span class='ocrx_word' id='word_1_378' title='bbox 1656 4548 1755 4602; x_wconf 90' lang='lat' dir='ltr'><strong>nisi</strong></span> <span class='ocrx_word' id='word_1_379' title='bbox 1782 4562 1908 4602; x_wconf 86' lang='lat' dir='ltr'><strong>con-</strong></span> 
     </span>
    </p>
   </div>
   <div class='ocr_carea' id='block_1_48' title="bbox 323 4636 1904 4715">
    <p class='ocr_par' dir='ltr' id='par_1_48' title="bbox 323 4636 1904 4715">
     <span class='ocr_line' id='line_1_48' title="bbox 323 4636 1904 4715; baseline -0.01 -8"><span class='ocrx_word' id='word_1_380' title='bbox 323 4652 580 4707; x_wconf 89' lang='lat' dir='ltr'><strong>sentiatur</strong></span> <span class='ocrx_word' id='word_1_381' title='bbox 621 4643 1060 4715; x_wconf 73' lang='lat' dir='ltr'><strong>concupiscentiae</strong></span> <span class='ocrx_word' id='word_1_382' title='bbox 1098 4641 1274 4696; x_wconf 87' lang='lat' dir='ltr'><strong>carnis</strong></span> <span class='ocrx_word' id='word_1_383' title='bbox 1316 4654 1474 4709; x_wconf 89' lang='lat' dir='ltr'><strong>quam</strong></span> <span class='ocrx_word' id='word_1_384' title='bbox 1504 4636 1904 4708; x_wconf 88' lang='lat' dir='ltr'><strong>vituperandam</strong></span> 
     </span>
    </p>
   </div>
   <div class='ocr_carea' id='block_1_49' title="bbox 322 4729 1901 4811">
    <p class='ocr_par' dir='ltr' id='par_1_49' title="bbox 322 4729 1901 4811">
     <span class='ocr_line' id='line_1_49' title="bbox 322 4729 1901 4811; baseline -0.011 -11"><span class='ocrx_word' id='word_1_385' title='bbox 322 4758 443 4800; x_wconf 89' lang='lat' dir='ltr'><strong>esse</strong></span> <span class='ocrx_word' id='word_1_386' title='bbox 472 4758 576 4797; x_wconf 91' lang='lat' dir='ltr'><strong>non</strong></span> <span class='ocrx_word' id='word_1_387' title='bbox 605 4748 777 4811; x_wconf 87' lang='lat' dir='ltr'><strong>putas,</strong></span> <span class='ocrx_word' id='word_1_388' title='bbox 807 4748 861 4792; x_wconf 88' lang='lat' dir='ltr'><strong>et</strong></span> <span class='ocrx_word' id='word_1_389' title='bbox 886 4736 1082 4791; x_wconf 91' lang='lat' dir='ltr'><strong>bonum</strong></span> <span class='ocrx_word' id='word_1_390' title='bbox 1111 4731 1427 4802; x_wconf 90' lang='lat' dir='ltr'><strong>appellando</strong></span> <span class='ocrx_word' id='word_1_391' title='bbox 1452 4732 1670 4799; x_wconf 90' lang='lat' dir='ltr'><strong>insuper</strong></span> <span class='ocrx_word' id='word_1_392' title='bbox 1698 4729 1901 4784; x_wconf 88' lang='lat' dir='ltr'><strong>laudas.</strong></span> 
     </span>
    </p>
   </div>
   <div class='ocr_carea' id='block_1_50' title="bbox 323 4821 1906 4904">
    <p class='ocr_par' dir='ltr' id='par_1_50' title="bbox 323 4821 1906 4904">
     <span class='ocr_line' id='line_1_50' title="bbox 323 4821 1906 4904; baseline -0.011 -11"><span class='ocrx_word' id='word_1_393' title='bbox 323 4836 460 4904; x_wconf 81' lang='lat' dir='ltr'><strong>Quid</strong></span> <span class='ocrx_word' id='word_1_394' title='bbox 499 4843 584 4891; x_wconf 91' lang='lat' dir='ltr'><strong>est</strong></span> <span class='ocrx_word' id='word_1_395' title='bbox 622 4841 798 4888; x_wconf 87' lang='lat' dir='ltr'><strong>autem</strong></span> <span class='ocrx_word' id='word_1_396' title='bbox 829 4828 1082 4892; x_wconf 89' lang='lat' dir='ltr'><strong>insanius,</strong></span> <span class='ocrx_word' id='word_1_397' title='bbox 1113 4840 1268 4895; x_wconf 89' lang='lat' dir='ltr'><strong>quam</strong></span> <span class='ocrx_word' id='word_1_398' title='bbox 1311 4823 1570 4877; x_wconf 84' lang='lat' dir='ltr'><strong>luxuriam</strong></span> <span class='ocrx_word' id='word_1_399' title='bbox 1603 4821 1823 4887; x_wconf 90' lang='lat' dir='ltr'><strong>malum,</strong></span> <span class='ocrx_word' id='word_1_400' title='bbox 1852 4829 1906 4875; x_wconf 90' lang='lat' dir='ltr'><strong>et</strong></span> 
     </span>
    </p>
   </div>
   <div class='ocr_carea' id='block_1_51' title="bbox 321 4914 1903 4997">
    <p class='ocr_par' dir='ltr' id='par_1_51' title="bbox 321 4914 1903 4997">
     <span class='ocr_line' id='line_1_51' title="bbox 321 4914 1903 4997; baseline -0.011 -13"><span class='ocrx_word' id='word_1_401' title='bbox 321 4926 800 4997; x_wconf 86' lang='lat' dir='ltr'><strong>concupiscentiam</strong></span> <span class='ocrx_word' id='word_1_402' title='bbox 847 4920 1067 4975; x_wconf 72' lang='lat' dir='ltr'><strong>luxuria:</strong></span> <span class='ocrx_word' id='word_1_403' title='bbox 1117 4918 1313 4971; x_wconf 90' lang='lat' dir='ltr'><strong>bonum</strong></span> <span class='ocrx_word' id='word_1_404' title='bbox 1356 4914 1576 4970; x_wconf 89' lang='lat' dir='ltr'><strong>dicere?</strong></span> <span class='ocrx_word' id='word_1_405' title='bbox 1618 4922 1673 4969; x_wconf 91' lang='lat' dir='ltr'><strong>et</strong></span> <span class='ocrx_word' id='word_1_406' title='bbox 1718 4924 1903 4982; x_wconf 87' lang='lat' dir='ltr'><strong>putare</strong></span> 
     </span>
    </p>
   </div>
   <div class='ocr_carea' id='block_1_52' title="bbox 324 5004 1903 5089">
    <p class='ocr_par' dir='ltr' id='par_1_52' title="bbox 324 5004 1903 5089">
     <span class='ocr_line' id='line_1_52' title="bbox 324 5004 1903 5089; baseline -0.009 -17"><span class='ocrx_word' id='word_1_407' title='bbox 324 5017 618 5089; x_wconf 85' lang='lat' dir='ltr'><strong>apostolum</strong></span> <span class='ocrx_word' id='word_1_408' title='bbox 647 5008 839 5069; x_wconf 88' lang='lat' dir='ltr'><strong>Christi</strong></span> <span class='ocrx_word' id='word_1_409' title='bbox 861 5010 1075 5065; x_wconf 88' lang='lat' dir='ltr'><strong>nomine</strong></span> <span class='ocrx_word' id='word_1_410' title='bbox 1102 5004 1542 5075; x_wconf 76' lang='lat' dir='ltr'><strong>concupiscentia:</strong></span> <span class='ocrx_word' id='word_1_411' title='bbox 1572 5004 1768 5067; x_wconf 90' lang='lat' dir='ltr'><strong>carnis,</strong></span> <span class='ocrx_word' id='word_1_412' title='bbox 1795 5017 1903 5057; x_wconf 81' lang='lat' dir='ltr'><strong>non</strong></span> 
     </span>
    </p>
   </div>
   <div class='ocr_carea' id='block_1_53' title="bbox 326 5096 1903 5179">
    <p class='ocr_par' dir='ltr' id='par_1_53' title="bbox 326 5096 1903 5179">
     <span class='ocr_line' id='line_1_53' title="bbox 326 5096 1903 5179; baseline -0.01 -15"><span class='ocrx_word' id='word_1_413' title='bbox 326 5111 489 5179; x_wconf 90' lang='lat' dir='ltr'><strong>ipsam</strong></span> <span class='ocrx_word' id='word_1_414' title='bbox 536 5102 1015 5175; x_wconf 86' lang='lat' dir='ltr'><strong>concupiscentiam</strong></span> <span class='ocrx_word' id='word_1_415' title='bbox 1060 5099 1256 5160; x_wconf 78' lang='lat' dir='ltr'><strong>carnis,</strong></span> <span class='ocrx_word' id='word_1_416' title='bbox 1300 5096 1392 5152; x_wconf 91' lang='lat' dir='ltr'><strong>sed</strong></span> <span class='ocrx_word' id='word_1_417' title='bbox 1423 5097 1596 5166; x_wconf 90' lang='lat' dir='ltr'><strong>potius</strong></span> <span class='ocrx_word' id='word_1_418' title='bbox 1625 5107 1903 5163; x_wconf 80' lang='lat' dir='ltr'><strong>accusasse</strong></span> 
     </span>
    </p>
   </div>
   <div class='ocr_carea' id='block_1_54' title="bbox 325 5184 1903 5266">
    <p class='ocr_par' dir='ltr' id='par_1_54' title="bbox 325 5184 1903 5266">
     <span class='ocr_line' id='line_1_54' title="bbox 325 5184 1903 5266; baseline -0.013 -10"><span class='ocrx_word' id='word_1_419' title='bbox 325 5200 610 5263; x_wconf 78' lang='lat' dir='ltr'><strong>luxuriam,</strong></span> <span class='ocrx_word' id='word_1_420' title='bbox 650 5211 766 5266; x_wconf 65' lang='lat' dir='ltr'><strong>quae</strong></span> <span class='ocrx_word' id='word_1_421' title='bbox 803 5192 1020 5246; x_wconf 88' lang='lat' dir='ltr'><strong>omnino</strong></span> <span class='ocrx_word' id='word_1_422' title='bbox 1062 5190 1203 5243; x_wconf 89' lang='lat' dir='ltr'><strong>nulla</strong></span> <span class='ocrx_word' id='word_1_423' title='bbox 1232 5196 1333 5255; x_wconf 90' lang='lat' dir='ltr'><strong>est,</strong></span> <span class='ocrx_word' id='word_1_424' title='bbox 1379 5187 1480 5241; x_wconf 85' lang='lat' dir='ltr'><strong>nisi</strong></span> <span class='ocrx_word' id='word_1_425' title='bbox 1519 5200 1638 5240; x_wconf 88' lang='lat' dir='ltr'><strong>cum</strong></span> <span class='ocrx_word' id='word_1_426' title='bbox 1681 5184 1903 5253; x_wconf 87' lang='lat' dir='ltr'><strong>quisque</strong></span> 
     </span>
    </p>
   </div>
   <div class='ocr_carea' id='block_1_55' title="bbox 318 5275 1902 5362">
    <p class='ocr_par' dir='ltr' id='par_1_55' title="bbox 318 5275 1902 5362">
     <span class='ocr_line' id='line_1_55' title="bbox 318 5275 1902 5362; baseline -0.011 -14"><span class='ocrx_word' id='word_1_427' title='bbox 318 5286 749 5362; x_wconf 81' lang='lat' dir='ltr'><strong>concupiscentia</strong></span> <span class='ocrx_word' id='word_1_428' title='bbox 791 5283 969 5339; x_wconf 92' lang='lat' dir='ltr'><strong>carnis</strong></span> <span class='ocrx_word' id='word_1_429' title='bbox 1008 5282 1238 5347; x_wconf 89' lang='lat' dir='ltr'><strong>illicitur,</strong></span> <span class='ocrx_word' id='word_1_430' title='bbox 1272 5279 1511 5344; x_wconf 91' lang='lat' dir='ltr'><strong>trahitur,</strong></span> <span class='ocrx_word' id='word_1_431' title='bbox 1563 5275 1902 5347; x_wconf 85' lang='lat' dir='ltr'><strong>possidetur?</strong></span> 
     </span>
    </p>
   </div>
   <div class='ocr_carea' id='block_1_56' title="bbox 958 5424 969 5445">
    <p class='ocr_par' dir='ltr' id='par_1_56' title="bbox 958 5424 969 5445">
     <span class='ocr_line' id='line_1_56' title="bbox 958 5424 969 5445; baseline 0 0"><span class='ocrx_word' id='word_1_432' title='bbox 958 5424 969 5445; x_wconf 87' lang='lat' dir='ltr'><strong><em>I</em></strong></span> 
     </span>
    </p>
   </div>
   <div class='ocr_carea' id='block_1_57' title="bbox 389 5451 1899 5529">
    <p class='ocr_par' dir='ltr' id='par_1_57' title="bbox 389 5451 1899 5529">
     <span class='ocr_line' id='line_1_57' title="bbox 389 5451 1899 5529; baseline -0.011 -13"><span class='ocrx_word' id='word_1_433' title='bbox 389 5465 721 5529; x_wconf 65' lang='lat' dir='ltr'><strong>‘__vignierius,</strong></span> <span class='ocrx_word' id='word_1_434' title='bbox 743 5459 827 5512; x_wconf 85' lang='lat' dir='ltr'><strong>sed</strong></span> <span class='ocrx_word' id='word_1_435' title='bbox 871 5455 1249 5529; x_wconf 70' lang='lat' dir='ltr'><strong>concupiscentia</strong></span> <span class='ocrx_word' id='word_1_436' title='bbox 1274 5453 1483 5529; x_wconf 57' lang='lat' dir='ltr'><strong>carnis;</strong></span> <span class='ocrx_word' id='word_1_437' title='bbox 1511 5462 1583 5529; x_wconf 34' lang='lat' dir='ltr'><strong>et-</strong></span> <span class='ocrx_word' id='word_1_438' title='bbox 1604 5451 1755 5529; x_wconf 58' lang='lat' dir='ltr'><strong>patilo</strong></span> <span class='ocrx_word' id='word_1_439' title='bbox 1771 5457 1899 5529; x_wconf 65' lang='lat' dir='ltr'><strong>post,</strong></span> 
     </span>
    </p>
   </div>
   <div class='ocr_carea' id='block_1_58' title="bbox 322 5516 1897 5583">
    <p class='ocr_par' dir='ltr' id='par_1_58' title="bbox 322 5516 1897 5583">
     <span class='ocr_line' id='line_1_58' title="bbox 322 5516 1897 5583; baseline -0.01 -6"><span class='ocrx_word' id='word_1_440' title='bbox 322 5525 369 5577; x_wconf 77' lang='lat' dir='ltr'><strong>si</strong></span> <span class='ocrx_word' id='word_1_441' title='bbox 394 5516 661 5577; x_wconf 46' lang='lat' dir='ltr'><strong>itie‘r’natus.</strong></span> <span class='ocrx_word' id='word_1_442' title='bbox 686 5516 739 5573; x_wconf 76' lang='lat' dir='ltr'><strong>At</strong></span> <span class='ocrx_word' id='word_1_443' title='bbox 761 5516 1066 5583; x_wconf 73' lang='lat' dir='ltr'><strong>mnuscripti</strong></span> <span class='ocrx_word' id='word_1_444' title='bbox 1090 5521 1251 5582; x_wconf 85' lang='lat' dir='ltr'><strong>priore</strong></span> <span class='ocrx_word' id='word_1_445' title='bbox 1274 5516 1381 5566; x_wconf 89' lang='lat' dir='ltr'><strong>loco</strong></span> <span class='ocrx_word' id='word_1_446' title='bbox 1409 5516 1606 5577; x_wconf 75' lang='lat' dir='ltr'><strong>habent,</strong></span> <span class='ocrx_word' id='word_1_447' title='bbox 1632 5516 1711 5576; x_wconf 85' lang='lat' dir='ltr'><strong>si;</strong></span> <span class='ocrx_word' id='word_1_448' title='bbox 1736 5521 1897 5576; x_wconf 89' lang='lat' dir='ltr'><strong>poste-</strong></span> 
     </span>
    </p>
   </div>
   <div class='ocr_carea' id='block_1_59' title="bbox 323 5586 687 5643">
    <p class='ocr_par' dir='ltr' id='par_1_59' title="bbox 323 5586 687 5643">
     <span class='ocr_line' id='line_1_59' title="bbox 323 5586 687 5643; baseline -0.011 -6"><span class='ocrx_word' id='word_1_449' title='bbox 323 5589 475 5643; x_wconf 86' lang='lat' dir='ltr'><strong>riore.</strong></span> <span class='ocrx_word' id='word_1_450' title='bbox 493 5586 598 5637; x_wconf 83' lang='lat' dir='ltr'><strong>sed.</strong></span> <span class='ocrx_word' id='word_1_451' title='bbox 682 5592 687 5597; x_wconf 75' lang='lat'>‘</span> 
     </span>
    </p>
   </div>
   <div class='ocr_carea' id='block_1_60' title="bbox 389 5643 910 5702">
    <p class='ocr_par' dir='ltr' id='par_1_60' title="bbox 389 5643 910 5702">
     <span class='ocr_line' id='line_1_60' title="bbox 389 5643 910 5702; baseline -0.01 -5"><span class='ocrx_word' id='word_1_452' title='bbox 389 5650 410 5680; x_wconf 75' lang='grc'>⁸</span> <span class='ocrx_word' id='word_1_453' title='bbox 440 5648 602 5697; x_wconf 85' lang='lat' dir='ltr'><strong>codex</strong></span> <span class='ocrx_word' id='word_1_454' title='bbox 620 5653 749 5702; x_wconf 60' lang='lat' dir='ltr'><strong>Man,</strong></span> <span class='ocrx_word' id='word_1_455' title='bbox 774 5643 910 5693; x_wconf 89' lang='lat' dir='ltr'><strong>bona.</strong></span> 
     </span>
    </p>
   </div>
   <div class='ocr_carea' id='block_1_61' title="bbox 390 5701 1896 5766">
    <p class='ocr_par' dir='ltr' id='par_1_61' title="bbox 390 5701 1896 5766">
     <span class='ocr_line' id='line_1_61' title="bbox 390 5701 1896 5766; baseline -0.008 -8"><span class='ocrx_word' id='word_1_456' title='bbox 390 5709 414 5743; x_wconf 80' lang='grc'><strong><em>³</em></strong></span> <span class='ocrx_word' id='word_1_457' title='bbox 442 5709 579 5765; x_wconf 75' lang='grc' dir='ltr'>εόὶιὶ,</span> <span class='ocrx_word' id='word_1_458' title='bbox 617 5718 711 5754; x_wconf 88' lang='lat' dir='ltr'><strong>non</strong></span> <span class='ocrx_word' id='word_1_459' title='bbox 730 5701 889 5766; x_wconf 76' lang='lat' dir='ltr'><strong>possit.</strong></span> <span class='ocrx_word' id='word_1_460' title='bbox 917 5701 1145 5754; x_wconf 80' lang='lat' dir='ltr'><strong>Particula</strong></span> <span class='ocrx_word' id='word_1_461' title='bbox 1175 5711 1363 5764; x_wconf 79' lang='lat' dir='ltr'><strong>negans</strong></span> <span class='ocrx_word' id='word_1_462' title='bbox 1400 5704 1683 5748; x_wconf 78' lang='lat' dir='ltr'><strong>auctoritate</strong></span> <span class='ocrx_word' id='word_1_463' title='bbox 1729 5708 1896 5747; x_wconf 77' lang='lat' dir='ltr'><strong>manu-</strong></span> 
     </span>
    </p>
   </div>
   <div class='ocr_carea' id='block_1_62' title="bbox 323 5767 945 5835">
    <p class='ocr_par' dir='ltr' id='par_1_62' title="bbox 323 5767 945 5835">
     <span class='ocr_line' id='line_1_62' title="bbox 323 5767 945 5835; baseline -0.008 -16"><span class='ocrx_word' id='word_1_464' title='bbox 323 5771 613 5835; x_wconf 73' lang='lat' dir='ltr'><strong>scriptomm</strong></span> <span class='ocrx_word' id='word_1_465' title='bbox 636 5767 945 5830; x_wconf 75' lang='lat' dir='ltr'><strong>expungitur.</strong></span> 
     </span>
    </p>
   </div>
   <div class='ocr_carea' id='block_1_63' title="bbox 1690 351 2267 421">
    <p class='ocr_par' dir='ltr' id='par_1_63' title="bbox 1690 351 2267 421">
     <span class='ocr_line' id='line_1_63' title="bbox 1690 351 2267 421; baseline 0.003 -12"><span class='ocrx_word' id='word_1_466' title='bbox 1690 354 1888 410; x_wconf 78' lang='lat' dir='ltr'><strong>LIBER</strong></span> <span class='ocrx_word' id='word_1_467' title='bbox 1926 351 2267 421; x_wconf 69' lang='lat' dir='ltr'><strong>QUARTUS.</strong></span> 
     </span>
    </p>
   </div>
   <div class='ocr_carea' id='block_1_64' title="bbox 3467 377 3602 434">
    <p class='ocr_par' dir='ltr' id='par_1_64' title="bbox 3467 377 3602 434">
     <span class='ocr_line' id='line_1_64' title="bbox 3467 377 3602 434; baseline 0.015 -2"><span class='ocrx_word' id='word_1_468' title='bbox 3467 377 3602 434; x_wconf 66' lang='lat'><strong>£530</strong></span> 
     </span>
    </p>
   </div>
   <div class='ocr_carea' id='block_1_65' title="bbox 2028 468 3602 556">
    <p class='ocr_par' dir='ltr' id='par_1_65' title="bbox 2028 468 3602 556">
     <span class='ocr_line' id='line_1_65' title="bbox 2028 468 3602 556; baseline 0.017 -34"><span class='ocrx_word' id='word_1_469' title='bbox 2028 468 2187 535; x_wconf 87' lang='lat' dir='ltr'><strong>Quasi</strong></span> <span class='ocrx_word' id='word_1_470' title='bbox 2219 486 2321 526; x_wconf 92' lang='lat' dir='ltr'><strong>non</strong></span> <span class='ocrx_word' id='word_1_471' title='bbox 2369 472 2629 531; x_wconf 85' lang='lat' dir='ltr'><strong>invenerit</strong></span> <span class='ocrx_word' id='word_1_472' title='bbox 2676 486 2849 534; x_wconf 89' lang='lat' dir='ltr'><strong>tantus</strong></span> <span class='ocrx_word' id='word_1_473' title='bbox 2893 480 3076 536; x_wconf 88' lang='lat' dir='ltr'><strong>doctor</strong></span> <span class='ocrx_word' id='word_1_474' title='bbox 3114 485 3259 541; x_wconf 85' lang='lat' dir='ltr'><strong>unde</strong></span> <span class='ocrx_word' id='word_1_475' title='bbox 3301 487 3463 556; x_wconf 87' lang='lat' dir='ltr'><strong>illam,</strong></span> <span class='ocrx_word' id='word_1_476' title='bbox 3509 491 3602 547; x_wconf 85' lang='lat' dir='ltr'><strong>sed</strong></span> 
     </span>
    </p>
   </div>
   <div class='ocr_carea' id='block_1_66' title="bbox 2028 560 3604 643">
    <p class='ocr_par' dir='ltr' id='par_1_66' title="bbox 2028 560 3604 643">
     <span class='ocr_line' id='line_1_66' title="bbox 2028 560 3604 643; baseline 0.016 -30"><span class='ocrx_word' id='word_1_477' title='bbox 2028 560 2166 615; x_wconf 90' lang='lat' dir='ltr'><strong>unde</strong></span> <span class='ocrx_word' id='word_1_478' title='bbox 2210 562 2534 620; x_wconf 88' lang='lat' dir='ltr'><strong>luxuriosum</strong></span> <span class='ocrx_word' id='word_1_479' title='bbox 2581 568 2795 623; x_wconf 89' lang='lat' dir='ltr'><strong>nomine</strong></span> <span class='ocrx_word' id='word_1_480' title='bbox 2837 570 2952 639; x_wconf 84' lang='lat' dir='ltr'><strong>ejus</strong></span> <span class='ocrx_word' id='word_1_481' title='bbox 2992 586 3266 643; x_wconf 81' lang='lat' dir='ltr'><strong>argueret;</strong></span> <span class='ocrx_word' id='word_1_482' title='bbox 3297 593 3417 634; x_wconf 89' lang='lat' dir='ltr'><strong>cum</strong></span> <span class='ocrx_word' id='word_1_483' title='bbox 3446 580 3604 638; x_wconf 84' lang='lat' dir='ltr'><strong>luxu-</strong></span> 
     </span>
    </p>
   </div>
   <div class='ocr_carea' id='block_1_67' title="bbox 2025 652 3605 732">
    <p class='ocr_par' dir='ltr' id='par_1_67' title="bbox 2025 652 3605 732">
     <span class='ocr_line' id='line_1_67' title="bbox 2025 652 3605 732; baseline 0.016 -29"><span class='ocrx_word' id='word_1_484' title='bbox 2025 652 2197 705; x_wconf 89' lang='lat' dir='ltr'><strong>riosus</strong></span> <span class='ocrx_word' id='word_1_485' title='bbox 2233 669 2339 708; x_wconf 90' lang='lat' dir='ltr'><strong>non</strong></span> <span class='ocrx_word' id='word_1_486' title='bbox 2376 665 2516 711; x_wconf 84' lang='lat' dir='ltr'><strong>esset</strong></span> <span class='ocrx_word' id='word_1_487' title='bbox 2538 659 2858 729; x_wconf 80' lang='lat' dir='ltr'><strong>arguendos,</strong></span> <span class='ocrx_word' id='word_1_488' title='bbox 2892 661 2990 716; x_wconf 90' lang='lat' dir='ltr'><strong>nisi</strong></span> <span class='ocrx_word' id='word_1_489' title='bbox 3029 663 3146 732; x_wconf 86' lang='lat' dir='ltr'><strong>ejus</strong></span> <span class='ocrx_word' id='word_1_490' title='bbox 3174 667 3449 724; x_wconf 90' lang='lat' dir='ltr'><strong>desideriis</strong></span> <span class='ocrx_word' id='word_1_491' title='bbox 3473 672 3605 728; x_wconf 87' lang='lat' dir='ltr'><strong>obe-</strong></span> 
     </span>
    </p>
   </div>
   <div class='ocr_carea' id='block_1_68' title="bbox 2023 740 3605 826">
    <p class='ocr_par' dir='ltr' id='par_1_68' title="bbox 2023 740 3605 826">
     <span class='ocr_line' id='line_1_68' title="bbox 2023 740 3605 826; baseline 0.015 -33"><span class='ocrx_word' id='word_1_492' title='bbox 2023 740 2178 795; x_wconf 90' lang='lat' dir='ltr'><strong>diret.</strong></span> <span class='ocrx_word' id='word_1_493' title='bbox 2218 743 2409 800; x_wconf 89' lang='lat' dir='ltr'><strong>Desine</strong></span> <span class='ocrx_word' id='word_1_494' title='bbox 2435 747 2655 802; x_wconf 91' lang='lat' dir='ltr'><strong>multum</strong></span> <span class='ocrx_word' id='word_1_495' title='bbox 2685 748 2883 816; x_wconf 90' lang='lat' dir='ltr'><strong>dicere,</strong></span> <span class='ocrx_word' id='word_1_496' title='bbox 2910 760 2963 805; x_wconf 89' lang='lat' dir='ltr'><strong>et</strong></span> <span class='ocrx_word' id='word_1_497' title='bbox 2989 767 3173 820; x_wconf 88' lang='lat' dir='ltr'><strong>parum</strong></span> <span class='ocrx_word' id='word_1_498' title='bbox 3204 770 3410 826; x_wconf 89' lang='lat' dir='ltr'><strong>sapere.</strong></span> <span class='ocrx_word' id='word_1_499' title='bbox 3458 760 3605 816; x_wconf 86' lang='lat' dir='ltr'><strong>Nun-</strong></span> 
     </span>
    </p>
   </div>
   <div class='ocr_carea' id='block_1_69' title="bbox 2023 836 3605 923">
    <p class='ocr_par' dir='ltr' id='par_1_69' title="bbox 2023 836 3605 923">
     <span class='ocr_line' id='line_1_69' title="bbox 2023 836 3605 923; baseline 0.014 -37"><span class='ocrx_word' id='word_1_500' title='bbox 2023 850 2180 903; x_wconf 91' lang='lat' dir='ltr'><strong>quam</strong></span> <span class='ocrx_word' id='word_1_501' title='bbox 2196 836 2412 903; x_wconf 73' lang='lat' dir='ltr'><strong>etﬁcies,</strong></span> <span class='ocrx_word' id='word_1_502' title='bbox 2431 841 2758 908; x_wconf 87' lang='lat' dir='ltr'><strong>quantolibet</strong></span> <span class='ocrx_word' id='word_1_503' title='bbox 2775 842 3104 913; x_wconf 89' lang='lat' dir='ltr'><strong>loquacitatis</strong></span> <span class='ocrx_word' id='word_1_504' title='bbox 3122 854 3225 901; x_wconf 85' lang='lat' dir='ltr'><strong>tuae</strong></span> <span class='ocrx_word' id='word_1_505' title='bbox 3243 848 3480 918; x_wconf 90' lang='lat' dir='ltr'><strong>Ilumine,</strong></span> <span class='ocrx_word' id='word_1_506' title='bbox 3498 869 3605 923; x_wconf 87' lang='lat' dir='ltr'><strong>quo</strong></span> 
     </span>
    </p>
   </div>
   <div class='ocr_carea' id='block_1_70' title="bbox 2023 924 3603 1009">
    <p class='ocr_par' dir='ltr' id='par_1_70' title="bbox 2023 924 3603 1009">
     <span class='ocr_line' id='line_1_70' title="bbox 2023 924 3603 1009; baseline 0.013 -30"><span class='ocrx_word' id='word_1_507' title='bbox 2023 924 2075 979; x_wconf 88' lang='lat' dir='ltr'><strong>in</strong></span> <span class='ocrx_word' id='word_1_508' title='bbox 2115 927 2374 996; x_wconf 81' lang='lat' dir='ltr'><strong>profunda</strong></span> <span class='ocrx_word' id='word_1_509' title='bbox 2418 933 2675 999; x_wconf 87' lang='lat' dir='ltr'><strong>raptaris;</strong></span> <span class='ocrx_word' id='word_1_510' title='bbox 2708 949 2924 1003; x_wconf 91' lang='lat' dir='ltr'><strong>prorsus</strong></span> <span class='ocrx_word' id='word_1_511' title='bbox 2971 952 3236 1007; x_wconf 81' lang='lat' dir='ltr'><strong>nunquam</strong></span> <span class='ocrx_word' id='word_1_512' title='bbox 3281 940 3499 1009; x_wconf 75' lang='lat' dir='ltr'><strong>efﬁcies,</strong></span> <span class='ocrx_word' id='word_1_513' title='bbox 3547 954 3603 1000; x_wconf 86' lang='lat' dir='ltr'><strong>ut</strong></span> 
     </span>
    </p>
   </div>
   <div class='ocr_carea' id='block_1_71' title="bbox 2025 1015 3596 1096">
    <p class='ocr_par' dir='ltr' id='par_1_71' title="bbox 2025 1015 3596 1096">
     <span class='ocr_line' id='line_1_71' title="bbox 2025 1015 3596 1096; baseline 0.012 -27"><span class='ocrx_word' id='word_1_514' title='bbox 2025 1015 2226 1070; x_wconf 88' lang='lat' dir='ltr'><strong>luxuria</strong></span> <span class='ocrx_word' id='word_1_515' title='bbox 2253 1018 2321 1072; x_wconf 91' lang='lat' dir='ltr'><strong>sit</strong></span> <span class='ocrx_word' id='word_1_516' title='bbox 2348 1021 2563 1085; x_wconf 91' lang='lat' dir='ltr'><strong>malum,</strong></span> <span class='ocrx_word' id='word_1_517' title='bbox 2596 1031 2650 1077; x_wconf 91' lang='lat' dir='ltr'><strong>et</strong></span> <span class='ocrx_word' id='word_1_518' title='bbox 2678 1027 3052 1094; x_wconf 88' lang='lat' dir='ltr'><strong>concupiscere</strong></span> <span class='ocrx_word' id='word_1_519' title='bbox 3077 1042 3195 1096; x_wconf 72' lang='lat' dir='ltr'><strong>qum</strong></span> <span class='ocrx_word' id='word_1_520' title='bbox 3223 1029 3289 1083; x_wconf 90' lang='lat' dir='ltr'><strong>ad</strong></span> <span class='ocrx_word' id='word_1_521' title='bbox 3337 1030 3596 1088; x_wconf 83' lang='lat' dir='ltr'><strong>luxuriam</strong></span> 
     </span>
    </p>
   </div>
   <div class='ocr_carea' id='block_1_72' title="bbox 2024 1106 3600 1192">
    <p class='ocr_par' dir='ltr' id='par_1_72' title="bbox 2024 1106 3600 1192">
     <span class='ocr_line' id='line_1_72' title="bbox 2024 1106 3600 1192; baseline 0.013 -34"><span class='ocrx_word' id='word_1_522' title='bbox 2024 1106 2287 1173; x_wconf 89' lang='lat' dir='ltr'><strong>pertinent</strong></span> <span class='ocrx_word' id='word_1_523' title='bbox 2318 1125 2419 1164; x_wconf 91' lang='lat' dir='ltr'><strong>non</strong></span> <span class='ocrx_word' id='word_1_524' title='bbox 2461 1111 2530 1164; x_wconf 91' lang='lat' dir='ltr'><strong>sit</strong></span> <span class='ocrx_word' id='word_1_525' title='bbox 2556 1113 2774 1180; x_wconf 89' lang='lat' dir='ltr'><strong>malum,</strong></span> <span class='ocrx_word' id='word_1_526' title='bbox 2807 1116 3011 1171; x_wconf 86' lang='lat' dir='ltr'><strong>etiamsi</strong></span> <span class='ocrx_word' id='word_1_527' title='bbox 3054 1120 3143 1173; x_wconf 87' lang='lat' dir='ltr'><strong>tali</strong></span> <span class='ocrx_word' id='word_1_528' title='bbox 3174 1122 3189 1152; x_wconf 78' lang='grc' dir='ltr'>ί</span> <span class='ocrx_word' id='word_1_529' title='bbox 3220 1122 3600 1192; x_wconf 52' lang='lat' dir='ltr'><strong>concupiscet»</strong></span> 
     </span>
    </p>
   </div>
   <div class='ocr_carea' id='block_1_73' title="bbox 2024 1199 3358 1280">
    <p class='ocr_par' dir='ltr' id='par_1_73' title="bbox 2024 1199 3358 1280">
     <span class='ocr_line' id='line_1_73' title="bbox 2024 1199 3358 1280; baseline 0.011 -28"><span class='ocrx_word' id='word_1_530' title='bbox 2024 1199 2108 1252; x_wconf 75' lang='lat' dir='ltr'><strong>tia:</strong></span> <span class='ocrx_word' id='word_1_531' title='bbox 2139 1217 2242 1254; x_wconf 90' lang='lat' dir='ltr'><strong>non</strong></span> <span class='ocrx_word' id='word_1_532' title='bbox 2281 1206 2657 1266; x_wconf 89' lang='lat' dir='ltr'><strong>consentiatur.</strong></span> <span class='ocrx_word' id='word_1_533' title='bbox 2689 1222 2755 1262; x_wconf 90' lang='lat' dir='ltr'><strong>nc</strong></span> <span class='ocrx_word' id='word_1_534' title='bbox 2785 1207 2979 1263; x_wconf 90' lang='lat' dir='ltr'><strong>malum</strong></span> <span class='ocrx_word' id='word_1_535' title='bbox 3008 1222 3358 1280; x_wconf 89' lang='lat' dir='ltr'><strong>perpetretur.</strong></span> 
     </span>
    </p>
   </div>
   <div class='ocr_carea' id='block_1_74' title="bbox 2092 1289 3593 1370">
    <p class='ocr_par' dir='ltr' id='par_1_74' title="bbox 2092 1289 3593 1370">
     <span class='ocr_line' id='line_1_74' title="bbox 2092 1289 3593 1370; baseline 0.012 -28"><span class='ocrx_word' id='word_1_536' title='bbox 2092 1289 2278 1345; x_wconf 76' lang='lat' dir='ltr'><strong>XXIII.</strong></span> <span class='ocrx_word' id='word_1_537' title='bbox 2314 1292 2431 1347; x_wconf 65' lang='lat' dir='ltr'><strong>Jun.</strong></span> <span class='ocrx_word' id='word_1_538' title='bbox 2472 1294 2559 1349; x_wconf 93' lang='lat' dir='ltr'><strong>Sic</strong></span> <span class='ocrx_word' id='word_1_539' title='bbox 2585 1296 2727 1350; x_wconf 88' lang='lat' dir='ltr'><strong>enim</strong></span> <span class='ocrx_word' id='word_1_540' title='bbox 2752 1306 2805 1351; x_wconf 89' lang='lat' dir='ltr'><strong>et</strong></span> <span class='ocrx_word' id='word_1_541' title='bbox 2834 1299 2883 1351; x_wconf 92' lang='lat' dir='ltr'><strong>in</strong></span> <span class='ocrx_word' id='word_1_542' title='bbox 2918 1299 3205 1370; x_wconf 81' lang='lat' dir='ltr'><strong>Evangelia</strong></span> <span class='ocrx_word' id='word_1_543' title='bbox 3231 1317 3328 1357; x_wconf 91' lang='lat' dir='ltr'><strong>suo</strong></span> <span class='ocrx_word' id='word_1_544' title='bbox 3357 1303 3593 1360; x_wconf 81' lang='lat' dir='ltr'><strong>dixerat:</strong></span> 
     </span>
    </p>
   </div>
   <div class='ocr_carea' id='block_1_75' title="bbox 2022 1380 3598 1457">
    <p class='ocr_par' dir='ltr' id='par_1_75' title="bbox 2022 1380 3598 1457">
     <span class='ocr_line' id='line_1_75' title="bbox 2022 1380 3598 1457; baseline 0.011 -23"><span class='ocrx_word' id='word_1_545' title='bbox 2022 1380 2246 1437; x_wconf 78' lang='lat' dir='ltr'><strong>Mundus</strong></span> <span class='ocrx_word' id='word_1_546' title='bbox 2282 1402 2371 1455; x_wconf 84' lang='lat' dir='ltr'><strong>per</strong></span> <span class='ocrx_word' id='word_1_547' title='bbox 2399 1387 2563 1455; x_wconf 85' lang='lat' dir='ltr'><strong>ipsum</strong></span> <span class='ocrx_word' id='word_1_548' title='bbox 2598 1388 2762 1457; x_wconf 79' lang='lat' dir='ltr'><strong>[actus</strong></span> <span class='ocrx_word' id='word_1_549' title='bbox 2790 1400 2881 1453; x_wconf 85' lang='lat' dir='ltr'><strong>est,</strong></span> <span class='ocrx_word' id='word_1_550' title='bbox 2913 1402 2958 1444; x_wconf 89' lang='lat' dir='ltr'><strong>et</strong></span> <span class='ocrx_word' id='word_1_551' title='bbox 2989 1394 3206 1447; x_wconf 86' lang='lat' dir='ltr'><strong>mundus</strong></span> <span class='ocrx_word' id='word_1_552' title='bbox 3246 1411 3359 1448; x_wconf 85' lang='lat' dir='ltr'><strong>eum</strong></span> <span class='ocrx_word' id='word_1_553' title='bbox 3385 1413 3485 1450; x_wconf 87' lang='lat' dir='ltr'><strong>non</strong></span> <span class='ocrx_word' id='word_1_554' title='bbox 3513 1412 3598 1451; x_wconf 83' lang='lat' dir='ltr'><strong>co-</strong></span> 
     </span>
    </p>
   </div>
   <div class='ocr_carea' id='block_1_76' title="bbox 2019 1475 3594 1552">
    <p class='ocr_par' dir='ltr' id='par_1_76' title="bbox 2019 1475 3594 1552">
     <span class='ocr_line' id='line_1_76' title="bbox 2019 1475 3594 1552; baseline 0.011 -26"><span class='ocrx_word' id='word_1_555' title='bbox 2019 1476 2187 1545; x_wconf 86' lang='lat' dir='ltr'><strong>gnovit</strong></span> <span class='ocrx_word' id='word_1_556' title='bbox 2216 1475 2394 1546; x_wconf 82' lang='lat' dir='ltr'><strong>(Joan.</strong></span> <span class='ocrx_word' id='word_1_557' title='bbox 2439 1494 2475 1542; x_wconf 89' lang='lat' dir='ltr'><strong>t,</strong></span> <span class='ocrx_word' id='word_1_558' title='bbox 2512 1479 2597 1549; x_wconf 77' lang='grc'><strong>10)</strong></span> <span class='ocrx_word' id='word_1_559' title='bbox 2635 1498 2647 1531; x_wconf 90' lang='lat'><strong><em>:</em></strong></span> <span class='ocrx_word' id='word_1_560' title='bbox 2681 1496 2783 1534; x_wconf 89' lang='lat' dir='ltr'><strong>non</strong></span> <span class='ocrx_word' id='word_1_561' title='bbox 2826 1483 3005 1552; x_wconf 88' lang='lat' dir='ltr'><strong>utique</strong></span> <span class='ocrx_word' id='word_1_562' title='bbox 3048 1494 3104 1537; x_wconf 91' lang='lat' dir='ltr'><strong>ut</strong></span> <span class='ocrx_word' id='word_1_563' title='bbox 3132 1484 3394 1541; x_wconf 88' lang='lat' dir='ltr'><strong>elementa</strong></span> <span class='ocrx_word' id='word_1_564' title='bbox 3439 1487 3594 1542; x_wconf 87' lang='lat' dir='ltr'><strong>Chri-</strong></span> 
     </span>
    </p>
   </div>
   <div class='ocr_carea' id='block_1_77' title="bbox 2020 1567 3593 1646">
    <p class='ocr_par' dir='ltr' id='par_1_77' title="bbox 2020 1567 3593 1646">
     <span class='ocr_line' id='line_1_77' title="bbox 2020 1567 3593 1646; baseline 0.01 -29"><span class='ocrx_word' id='word_1_565' title='bbox 2020 1572 2160 1619; x_wconf 89' lang='lat' dir='ltr'><strong>stum</strong></span> <span class='ocrx_word' id='word_1_566' title='bbox 2191 1567 2392 1621; x_wconf 89' lang='lat' dir='ltr'><strong>ratione</strong></span> <span class='ocrx_word' id='word_1_567' title='bbox 2425 1571 2655 1624; x_wconf 86' lang='lat' dir='ltr'><strong>carentia</strong></span> <span class='ocrx_word' id='word_1_568' title='bbox 2696 1573 2930 1640; x_wconf 89' lang='lat' dir='ltr'><strong>potuissc</strong></span> <span class='ocrx_word' id='word_1_569' title='bbox 2958 1573 3260 1628; x_wconf 89' lang='lat' dir='ltr'><strong>viderentur</strong></span> <span class='ocrx_word' id='word_1_570' title='bbox 3286 1576 3366 1630; x_wconf 85' lang='lat' dir='ltr'><strong>vel</strong></span> <span class='ocrx_word' id='word_1_571' title='bbox 3395 1592 3593 1646; x_wconf 87' lang='lat' dir='ltr'><strong>cogno-</strong></span> 
     </span>
    </p>
   </div>
   <div class='ocr_carea' id='block_1_78' title="bbox 2018 1658 3591 1735">
    <p class='ocr_par' dir='ltr' id='par_1_78' title="bbox 2018 1658 3591 1735">
     <span class='ocr_line' id='line_1_78' title="bbox 2018 1658 3591 1735; baseline 0.008 -26"><span class='ocrx_word' id='word_1_572' title='bbox 2018 1670 2170 1711; x_wconf 88' lang='lat' dir='ltr'><strong>scere</strong></span> <span class='ocrx_word' id='word_1_573' title='bbox 2210 1658 2289 1711; x_wconf 87' lang='lat' dir='ltr'><strong>vel</strong></span> <span class='ocrx_word' id='word_1_574' title='bbox 2334 1674 2561 1728; x_wconf 78' lang='lat' dir='ltr'><strong>negare;</strong></span> <span class='ocrx_word' id='word_1_575' title='bbox 2606 1661 2697 1715; x_wconf 88' lang='lat' dir='ltr'><strong>sed</strong></span> <span class='ocrx_word' id='word_1_576' title='bbox 2728 1670 2786 1716; x_wconf 88' lang='lat' dir='ltr'><strong>ut</strong></span> <span class='ocrx_word' id='word_1_577' title='bbox 2826 1665 3005 1717; x_wconf 91' lang='lat' dir='ltr'><strong>mundi</strong></span> <span class='ocrx_word' id='word_1_578' title='bbox 3047 1666 3399 1735; x_wconf 87' lang='lat' dir='ltr'><strong>appellatione</strong></span> <span class='ocrx_word' id='word_1_579' title='bbox 3444 1669 3591 1722; x_wconf 87' lang='lat' dir='ltr'><strong>turba</strong></span> 
     </span>
    </p>
   </div>
   <div class='ocr_carea' id='block_1_79' title="bbox 2018 1744 3595 1825">
    <p class='ocr_par' dir='ltr' id='par_1_79' title="bbox 2018 1744 3595 1825">
     <span class='ocr_line' id='line_1_79' title="bbox 2018 1744 3595 1825; baseline 0.008 -26"><span class='ocrx_word' id='word_1_580' title='bbox 2018 1744 2309 1801; x_wconf 87' lang='lat' dir='ltr'><strong>inﬁdelium</strong></span> <span class='ocrx_word' id='word_1_581' title='bbox 2339 1748 2653 1818; x_wconf 83' lang='lat' dir='ltr'><strong>signaretur.</strong></span> <span class='ocrx_word' id='word_1_582' title='bbox 2695 1752 2892 1807; x_wconf 85' lang='lat' dir='ltr'><strong>Eodem</strong></span> <span class='ocrx_word' id='word_1_583' title='bbox 2923 1769 3050 1823; x_wconf 88' lang='lat' dir='ltr'><strong>ergo</strong></span> <span class='ocrx_word' id='word_1_584' title='bbox 3082 1770 3232 1810; x_wconf 88' lang='lat' dir='ltr'><strong>more</strong></span> <span class='ocrx_word' id='word_1_585' title='bbox 3264 1756 3313 1809; x_wconf 88' lang='lat' dir='ltr'><strong>in</strong></span> <span class='ocrx_word' id='word_1_586' title='bbox 3348 1759 3595 1825; x_wconf 69' lang='lat' dir='ltr'><strong>priesenti</strong></span> 
     </span>
    </p>
   </div>
   <div class='ocr_carea' id='block_1_80' title="bbox 2016 1839 3591 1915">
    <p class='ocr_par' dir='ltr' id='par_1_80' title="bbox 2016 1839 3591 1915">
     <span class='ocr_line' id='line_1_80' title="bbox 2016 1839 3591 1915; baseline 0.008 -28"><span class='ocrx_word' id='word_1_587' title='bbox 2016 1849 2246 1904; x_wconf 87' lang='lat' dir='ltr'><strong>quoque,</strong></span> <span class='ocrx_word' id='word_1_588' title='bbox 2278 1851 2435 1892; x_wconf 89' lang='lat' dir='ltr'><strong>omne</strong></span> <span class='ocrx_word' id='word_1_589' title='bbox 2476 1839 2615 1908; x_wconf 91' lang='lat' dir='ltr'><strong>quod</strong></span> <span class='ocrx_word' id='word_1_590' title='bbox 2644 1841 2695 1893; x_wconf 92' lang='lat' dir='ltr'><strong>in</strong></span> <span class='ocrx_word' id='word_1_591' title='bbox 2727 1841 2924 1896; x_wconf 91' lang='lat' dir='ltr'><strong>mundo</strong></span> <span class='ocrx_word' id='word_1_592' title='bbox 2949 1854 3048 1904; x_wconf 90' lang='lat' dir='ltr'><strong>est,</strong></span> <span class='ocrx_word' id='word_1_593' title='bbox 3082 1843 3132 1897; x_wconf 93' lang='lat' dir='ltr'><strong>id</strong></span> <span class='ocrx_word' id='word_1_594' title='bbox 3160 1855 3258 1909; x_wconf 85' lang='lat' dir='ltr'><strong>est,</strong></span> <span class='ocrx_word' id='word_1_595' title='bbox 3283 1846 3459 1899; x_wconf 82' lang='lat' dir='ltr'><strong>omnia</strong></span> <span class='ocrx_word' id='word_1_596' title='bbox 3497 1862 3591 1915; x_wconf 81' lang='lat' dir='ltr'><strong>ge-</strong></span> 
     </span>
    </p>
   </div>
   <div class='ocr_carea' id='block_1_81' title="bbox 2015 1925 3593 2002">
    <p class='ocr_par' dir='ltr' id='par_1_81' title="bbox 2015 1925 3593 2002">
     <span class='ocr_line' id='line_1_81' title="bbox 2015 1925 3593 2002; baseline 0.01 -24"><span class='ocrx_word' id='word_1_597' title='bbox 2015 1940 2143 1979; x_wconf 90' lang='lat' dir='ltr'><strong>nera</strong></span> <span class='ocrx_word' id='word_1_598' title='bbox 2187 1925 2460 1983; x_wconf 86' lang='lat' dir='ltr'><strong>hominum</strong></span> <span class='ocrx_word' id='word_1_599' title='bbox 2488 1929 2556 1982; x_wconf 89' lang='lat' dir='ltr'><strong>ita</strong></span> <span class='ocrx_word' id='word_1_600' title='bbox 2602 1932 2957 2002; x_wconf 87' lang='lat' dir='ltr'><strong>voluptatibus</strong></span> <span class='ocrx_word' id='word_1_601' title='bbox 2999 1933 3330 2002; x_wconf 59' lang='lat' dir='ltr'><strong>inharrcntia,</strong></span> <span class='ocrx_word' id='word_1_602' title='bbox 3365 1946 3418 1990; x_wconf 93' lang='lat' dir='ltr'><strong>ut</strong></span> <span class='ocrx_word' id='word_1_603' title='bbox 3458 1938 3593 1993; x_wconf 71' lang='lat' dir='ltr'><strong>bona</strong></span> 
     </span>
    </p>
   </div>
   <div class='ocr_carea' id='block_1_82' title="bbox 2015 2018 3589 2096">
    <p class='ocr_par' dir='ltr' id='par_1_82' title="bbox 2015 2018 3589 2096">
     <span class='ocr_line' id='line_1_82' title="bbox 2015 2018 3589 2096; baseline 0.007 -26"><span class='ocrx_word' id='word_1_604' title='bbox 2015 2026 2202 2071; x_wconf 84' lang='lat' dir='ltr'><strong>cuncta</strong></span> <span class='ocrx_word' id='word_1_605' title='bbox 2234 2018 2561 2075; x_wconf 84' lang='lat' dir='ltr'><strong>rationabilis</strong></span> <span class='ocrx_word' id='word_1_606' title='bbox 2575 2023 2856 2077; x_wconf 88' lang='lat' dir='ltr'><strong>animantis</strong></span> <span class='ocrx_word' id='word_1_607' title='bbox 2878 2034 2967 2078; x_wconf 93' lang='lat' dir='ltr'><strong>aut</strong></span> <span class='ocrx_word' id='word_1_608' title='bbox 2994 2034 3312 2093; x_wconf 88' lang='lat' dir='ltr'><strong>potestatum</strong></span> <span class='ocrx_word' id='word_1_609' title='bbox 3338 2027 3589 2096; x_wconf 81' lang='lat' dir='ltr'><strong>phaleris,</strong></span> 
     </span>
    </p>
   </div>
   <div class='ocr_carea' id='block_1_83' title="bbox 2014 2112 3594 2182">
    <p class='ocr_par' dir='ltr' id='par_1_83' title="bbox 2014 2112 3594 2182">
     <span class='ocr_line' id='line_1_83' title="bbox 2014 2112 3594 2182; baseline 0.007 -20"><span class='ocrx_word' id='word_1_610' title='bbox 2014 2118 2105 2162; x_wconf 89' lang='lat' dir='ltr'><strong>aut</strong></span> <span class='ocrx_word' id='word_1_611' title='bbox 2147 2125 2305 2179; x_wconf 91' lang='lat' dir='ltr'><strong>opum</strong></span> <span class='ocrx_word' id='word_1_612' title='bbox 2335 2112 2577 2180; x_wconf 87' lang='lat' dir='ltr'><strong>sarcinis,</strong></span> <span class='ocrx_word' id='word_1_613' title='bbox 2608 2115 2853 2169; x_wconf 89' lang='lat' dir='ltr'><strong>sensibus</strong></span> <span class='ocrx_word' id='word_1_614' title='bbox 2881 2117 3181 2182; x_wconf 82' lang='lat' dir='ltr'><strong>metiantur,</strong></span> <span class='ocrx_word' id='word_1_615' title='bbox 3215 2134 3374 2171; x_wconf 84' lang='lat' dir='ltr'><strong>exosa</strong></span> <span class='ocrx_word' id='word_1_616' title='bbox 3402 2119 3477 2172; x_wconf 89' lang='lat' dir='ltr'><strong>ait</strong></span> <span class='ocrx_word' id='word_1_617' title='bbox 3500 2135 3594 2173; x_wconf 91' lang='lat' dir='ltr'><strong>su-</strong></span> 
     </span>
    </p>
   </div>
   <div class='ocr_carea' id='block_1_84' title="bbox 2016 2198 3592 2274">
    <p class='ocr_par' dir='ltr' id='par_1_84' title="bbox 2016 2198 3592 2274">
     <span class='ocr_line' id='line_1_84' title="bbox 2016 2198 3592 2274; baseline 0.008 -22"><span class='ocrx_word' id='word_1_618' title='bbox 2016 2198 2193 2268; x_wconf 89' lang='lat' dir='ltr'><strong>perbia</strong></span> <span class='ocrx_word' id='word_1_619' title='bbox 2224 2203 2503 2271; x_wconf 82' lang='lat' dir='ltr'><strong>turguissc,</strong></span> <span class='ocrx_word' id='word_1_620' title='bbox 2531 2221 2648 2273; x_wconf 68' lang='lat' dir='ltr'><strong>qute</strong></span> <span class='ocrx_word' id='word_1_621' title='bbox 2677 2220 2743 2260; x_wconf 88' lang='lat' dir='ltr'><strong>ex</strong></span> <span class='ocrx_word' id='word_1_622' title='bbox 2765 2206 2874 2261; x_wconf 91' lang='lat' dir='ltr'><strong>Deo</strong></span> <span class='ocrx_word' id='word_1_623' title='bbox 2891 2221 2994 2261; x_wconf 92' lang='lat' dir='ltr'><strong>non</strong></span> <span class='ocrx_word' id='word_1_624' title='bbox 3018 2216 3120 2271; x_wconf 89' lang='lat' dir='ltr'><strong>est,</strong></span> <span class='ocrx_word' id='word_1_625' title='bbox 3152 2208 3201 2261; x_wconf 89' lang='lat' dir='ltr'><strong>id</strong></span> <span class='ocrx_word' id='word_1_626' title='bbox 3227 2218 3329 2274; x_wconf 91' lang='lat' dir='ltr'><strong>est,</strong></span> <span class='ocrx_word' id='word_1_627' title='bbox 3360 2209 3468 2264; x_wconf 89' lang='lat' dir='ltr'><strong>Deo</strong></span> <span class='ocrx_word' id='word_1_628' title='bbox 3489 2225 3592 2264; x_wconf 86' lang='lat' dir='ltr'><strong>non</strong></span> 
     </span>
    </p>
   </div>
   <div class='ocr_carea' id='block_1_85' title="bbox 2014 2287 3593 2357">
    <p class='ocr_par' dir='ltr' id='par_1_85' title="bbox 2014 2287 3593 2357">
     <span class='ocr_line' id='line_1_85' title="bbox 2014 2287 3593 2357; baseline 0.009 -16"><span class='ocrx_word' id='word_1_629' title='bbox 2014 2287 2205 2357; x_wconf 88' lang='lat' dir='ltr'><strong>placet,</strong></span> <span class='ocrx_word' id='word_1_630' title='bbox 2240 2292 2335 2345; x_wconf 87' lang='lat' dir='ltr'><strong>sed</strong></span> <span class='ocrx_word' id='word_1_631' title='bbox 2361 2306 2422 2346; x_wconf 84' lang='lat' dir='ltr'><strong>ex</strong></span> <span class='ocrx_word' id='word_1_632' title='bbox 2455 2294 2653 2347; x_wconf 88' lang='lat' dir='ltr'><strong>mundo</strong></span> <span class='ocrx_word' id='word_1_633' title='bbox 2682 2304 2781 2357; x_wconf 88' lang='lat' dir='ltr'><strong>est,</strong></span> <span class='ocrx_word' id='word_1_634' title='bbox 2811 2296 3093 2351; x_wconf 75' lang='lat' dir='ltr'><strong>Voluntatis</strong></span> <span class='ocrx_word' id='word_1_635' title='bbox 3120 2299 3320 2353; x_wconf 85' lang='lat' dir='ltr'><strong>scilicet</strong></span> <span class='ocrx_word' id='word_1_636' title='bbox 3349 2299 3593 2355; x_wconf 79' lang='lat' dir='ltr'><strong>humana:</strong></span> 
     </span>
    </p>
   </div>
   <div class='ocr_carea' id='block_1_86' title="bbox 2014 2380 3593 2456">
    <p class='ocr_par' dir='ltr' id='par_1_86' title="bbox 2014 2380 3593 2456">
     <span class='ocr_line' id='line_1_86' title="bbox 2014 2380 3593 2456; baseline 0.009 -25"><span class='ocrx_word' id='word_1_637' title='bbox 2014 2380 2271 2447; x_wconf 75' lang='lat' dir='ltr'><strong>pravitate</strong></span> <span class='ocrx_word' id='word_1_638' title='bbox 2296 2392 2570 2451; x_wconf 87' lang='lat' dir='ltr'><strong>concepta.</strong></span> <span class='ocrx_word' id='word_1_639' title='bbox 2599 2384 2666 2437; x_wconf 88' lang='lat' dir='ltr'><strong>Et</strong></span> <span class='ocrx_word' id='word_1_640' title='bbox 2690 2384 2809 2438; x_wconf 90' lang='lat' dir='ltr'><strong>ideo</strong></span> <span class='ocrx_word' id='word_1_641' title='bbox 2833 2401 2946 2450; x_wconf 89' lang='lat' dir='ltr'><strong>vos,</strong></span> <span class='ocrx_word' id='word_1_642' title='bbox 2972 2387 3159 2456; x_wconf 88' lang='lat' dir='ltr'><strong>inquit,</strong></span> <span class='ocrx_word' id='word_1_643' title='bbox 3186 2403 3281 2442; x_wconf 88' lang='lat' dir='ltr'><strong>sua</strong></span> <span class='ocrx_word' id='word_1_644' title='bbox 3305 2406 3408 2443; x_wconf 91' lang='lat' dir='ltr'><strong>non</strong></span> <span class='ocrx_word' id='word_1_645' title='bbox 3434 2390 3593 2446; x_wconf 87' lang='lat' dir='ltr'><strong>debet</strong></span> 
     </span>
    </p>
   </div>
   <div class='ocr_carea' id='block_1_87' title="bbox 2014 2470 3589 2545">
    <p class='ocr_par' dir='ltr' id='par_1_87' title="bbox 2014 2470 3589 2545">
     <span class='ocr_line' id='line_1_87' title="bbox 2014 2470 3589 2545; baseline 0.008 -23"><span class='ocrx_word' id='word_1_646' title='bbox 2014 2470 2348 2525; x_wconf 79' lang='lat' dir='ltr'><strong>:ctnulationc</strong></span> <span class='ocrx_word' id='word_1_647' title='bbox 2392 2487 2731 2543; x_wconf 87' lang='lat' dir='ltr'><strong>corrumpere</strong></span> <span class='ocrx_word' id='word_1_648' title='bbox 2763 2492 2777 2527; x_wconf 89' lang='lat'><strong>:</strong></span> <span class='ocrx_word' id='word_1_649' title='bbox 2808 2477 2929 2545; x_wconf 84' lang='lat' dir='ltr'><strong>quia</strong></span> <span class='ocrx_word' id='word_1_650' title='bbox 2969 2476 3057 2543; x_wconf 91' lang='lat' dir='ltr'><strong>qui</strong></span> <span class='ocrx_word' id='word_1_651' title='bbox 3098 2477 3219 2531; x_wconf 81' lang='lat' dir='ltr'><strong>facit</strong></span> <span class='ocrx_word' id='word_1_652' title='bbox 3266 2478 3589 2535; x_wconf 84' lang='lat' dir='ltr'><strong>voluntatem</strong></span> 
     </span>
    </p>
   </div>
   <div class='ocr_carea' id='block_1_88' title="bbox 2015 2560 3591 2638">
    <p class='ocr_par' dir='ltr' id='par_1_88' title="bbox 2015 2560 3591 2638">
     <span class='ocr_line' id='line_1_88' title="bbox 2015 2560 3591 2638; baseline 0.004 -24"><span class='ocrx_word' id='word_1_653' title='bbox 2015 2560 2130 2627; x_wconf 88' lang='lat' dir='ltr'><strong>Dei,</strong></span> <span class='ocrx_word' id='word_1_654' title='bbox 2156 2570 2368 2616; x_wconf 70' lang='lat' dir='ltr'><strong>teterna:</strong></span> <span class='ocrx_word' id='word_1_655' title='bbox 2395 2563 2451 2617; x_wconf 88' lang='lat' dir='ltr'><strong>Iit</strong></span> <span class='ocrx_word' id='word_1_656' title='bbox 2477 2563 2816 2619; x_wconf 88' lang='lat' dir='ltr'><strong>beatitudinis</strong></span> <span class='ocrx_word' id='word_1_657' title='bbox 2834 2580 3070 2635; x_wconf 88' lang='lat' dir='ltr'><strong>compos,</strong></span> <span class='ocrx_word' id='word_1_658' title='bbox 3091 2583 3188 2621; x_wconf 90' lang='lat' dir='ltr'><strong>nec</strong></span> <span class='ocrx_word' id='word_1_659' title='bbox 3208 2583 3326 2621; x_wconf 91' lang='lat' dir='ltr'><strong>cum</strong></span> <span class='ocrx_word' id='word_1_660' title='bbox 3353 2584 3591 2638; x_wconf 70' lang='lat' dir='ltr'><strong>pra&#39;sen-</strong></span> 
     </span>
    </p>
   </div>
   <div class='ocr_carea' id='block_1_89' title="bbox 2017 2650 3593 2728">
    <p class='ocr_par' dir='ltr' id='par_1_89' title="bbox 2017 2650 3593 2728">
     <span class='ocr_line' id='line_1_89' title="bbox 2017 2650 3593 2728; baseline 0.008 -24"><span class='ocrx_word' id='word_1_661' title='bbox 2017 2650 2145 2706; x_wconf 92' lang='lat' dir='ltr'><strong>tium</strong></span> <span class='ocrx_word' id='word_1_662' title='bbox 2184 2651 2467 2723; x_wconf 81' lang='lat' dir='ltr'><strong>fragilitate</strong></span> <span class='ocrx_word' id='word_1_663' title='bbox 2492 2656 2844 2724; x_wconf 71' lang='lat' dir='ltr'><strong>prmtervolat.</strong></span> <span class='ocrx_word' id='word_1_664' title='bbox 2881 2657 3017 2727; x_wconf 84' lang='lat' dir='ltr'><strong>Ergo</strong></span> <span class='ocrx_word' id='word_1_665' title='bbox 3050 2656 3284 2712; x_wconf 90' lang='lat' dir='ltr'><strong>Joannes</strong></span> <span class='ocrx_word' id='word_1_666' title='bbox 3324 2661 3593 2728; x_wconf 90' lang='lat' dir='ltr'><strong>apostolus</strong></span> 
     </span>
    </p>
   </div>
   <div class='ocr_carea' id='block_1_90' title="bbox 2014 2742 3592 2819">
    <p class='ocr_par' dir='ltr' id='par_1_90' title="bbox 2014 2742 3592 2819">
     <span class='ocr_line' id='line_1_90' title="bbox 2014 2742 3592 2819; baseline 0.006 -22"><span class='ocrx_word' id='word_1_667' title='bbox 2014 2742 2136 2797; x_wconf 90' lang='lat' dir='ltr'><strong>odio</strong></span> <span class='ocrx_word' id='word_1_668' title='bbox 2167 2743 2349 2799; x_wconf 90' lang='lat' dir='ltr'><strong>haberi</strong></span> <span class='ocrx_word' id='word_1_669' title='bbox 2379 2746 2633 2801; x_wconf 89' lang='lat' dir='ltr'><strong>mundum</strong></span> <span class='ocrx_word' id='word_1_670' title='bbox 2663 2749 2931 2818; x_wconf 63' lang='lat' dir='ltr'><strong>prmccpit,</strong></span> <span class='ocrx_word' id='word_1_671' title='bbox 2961 2749 3229 2819; x_wconf 91' lang='lat' dir='ltr'><strong>quomodo</strong></span> <span class='ocrx_word' id='word_1_672' title='bbox 3255 2759 3307 2804; x_wconf 90' lang='lat' dir='ltr'><strong>et</strong></span> <span class='ocrx_word' id='word_1_673' title='bbox 3338 2752 3592 2807; x_wconf 85' lang='lat' dir='ltr'><strong>Dominus</strong></span> 
     </span>
    </p>
   </div>
   <div class='ocr_carea' id='block_1_91' title="bbox 2015 2833 3591 2909">
    <p class='ocr_par' dir='ltr' id='par_1_91' title="bbox 2015 2833 3591 2909">
     <span class='ocr_line' id='line_1_91' title="bbox 2015 2833 3591 2909; baseline 0.008 -22"><span class='ocrx_word' id='word_1_674' title='bbox 2015 2833 2068 2887; x_wconf 88' lang='lat' dir='ltr'><strong>in</strong></span> <span class='ocrx_word' id='word_1_675' title='bbox 2108 2834 2412 2905; x_wconf 87' lang='lat' dir='ltr'><strong>Evangelio,</strong></span> <span class='ocrx_word' id='word_1_676' title='bbox 2450 2854 2553 2891; x_wconf 86' lang='lat' dir='ltr'><strong>non</strong></span> <span class='ocrx_word' id='word_1_677' title='bbox 2583 2838 2753 2892; x_wconf 90' lang='lat' dir='ltr'><strong>solum</strong></span> <span class='ocrx_word' id='word_1_678' title='bbox 2793 2853 3007 2909; x_wconf 89' lang='lat' dir='ltr'><strong>corpus,</strong></span> <span class='ocrx_word' id='word_1_679' title='bbox 3039 2841 3134 2895; x_wconf 90' lang='lat' dir='ltr'><strong>sed</strong></span> <span class='ocrx_word' id='word_1_680' title='bbox 3159 2842 3316 2896; x_wconf 90' lang='lat' dir='ltr'><strong>etiam</strong></span> <span class='ocrx_word' id='word_1_681' title='bbox 3361 2845 3591 2900; x_wconf 90' lang='lat' dir='ltr'><strong>animam</strong></span> 
     </span>
    </p>
   </div>
   <div class='ocr_carea' id='block_1_92' title="bbox 2014 2920 3588 3002">
    <p class='ocr_par' dir='ltr' id='par_1_92' title="bbox 2014 2920 3588 3002">
     <span class='ocr_line' id='line_1_92' title="bbox 2014 2920 3588 3002; baseline 0.008 -27"><span class='ocrx_word' id='word_1_682' title='bbox 2014 2920 2185 2992; x_wconf 86' lang='lat' dir='ltr'><strong>ipsam</strong></span> <span class='ocrx_word' id='word_1_683' title='bbox 2210 2933 2443 2979; x_wconf 89' lang='lat' dir='ltr'><strong>nostram</strong></span> <span class='ocrx_word' id='word_1_684' title='bbox 2471 2926 2593 2981; x_wconf 93' lang='lat' dir='ltr'><strong>odio</strong></span> <span class='ocrx_word' id='word_1_685' title='bbox 2619 2927 2913 2982; x_wconf 88' lang='lat' dir='ltr'><strong>habendam</strong></span> <span class='ocrx_word' id='word_1_686' title='bbox 2940 2943 3060 2985; x_wconf 89' lang='lat' dir='ltr'><strong>esse</strong></span> <span class='ocrx_word' id='word_1_687' title='bbox 3091 2933 3403 2988; x_wconf 87' lang='lat' dir='ltr'><strong>monstravit</strong></span> <span class='ocrx_word' id='word_1_688' title='bbox 3428 2951 3439 2986; x_wconf 93' lang='lat'>:</span> <span class='ocrx_word' id='word_1_689' title='bbox 3467 2934 3588 3002; x_wconf 83' lang='lat' dir='ltr'><strong>Qui,</strong></span> 
     </span>
    </p>
   </div>
   <div class='ocr_carea' id='block_1_93' title="bbox 2014 3013 3590 3096">
    <p class='ocr_par' dir='ltr' id='par_1_93' title="bbox 2014 3013 3590 3096">
     <span class='ocr_line' id='line_1_93' title="bbox 2014 3013 3590 3096; baseline 0.011 -30"><span class='ocrx_word' id='word_1_690' title='bbox 2014 3013 2202 3084; x_wconf 88' lang='lat' dir='ltr'><strong>inquit,</strong></span> <span class='ocrx_word' id='word_1_691' title='bbox 2249 3032 2348 3069; x_wconf 77' lang='lat' dir='ltr'><strong>non</strong></span> <span class='ocrx_word' id='word_1_692' title='bbox 2391 3018 2496 3070; x_wconf 78' lang='lat' dir='ltr'><strong>odit</strong></span> <span class='ocrx_word' id='word_1_693' title='bbox 2537 3029 2750 3087; x_wconf 82' lang='lat' dir='ltr'><strong>patrem,</strong></span> <span class='ocrx_word' id='word_1_694' title='bbox 2799 3030 2887 3074; x_wconf 88' lang='lat' dir='ltr'><strong>aut</strong></span> <span class='ocrx_word' id='word_1_695' title='bbox 2930 3022 3159 3091; x_wconf 77' lang='lat' dir='ltr'><strong>fratrem,</strong></span> <span class='ocrx_word' id='word_1_696' title='bbox 3202 3025 3406 3096; x_wconf 87' lang='lat' dir='ltr'><strong>insuper</strong></span> <span class='ocrx_word' id='word_1_697' title='bbox 3442 3030 3590 3083; x_wconf 84' lang='lat' dir='ltr'><strong>etiam</strong></span> 
     </span>
    </p>
   </div>
   <div class='ocr_carea' id='block_1_94' title="bbox 2013 3106 3588 3186">
    <p class='ocr_par' dir='ltr' id='par_1_94' title="bbox 2013 3106 3588 3186">
     <span class='ocr_line' id='line_1_94' title="bbox 2013 3106 3588 3186; baseline 0.009 -28"><span class='ocrx_word' id='word_1_698' title='bbox 2013 3106 2234 3160; x_wconf 87' lang='lat' dir='ltr'><strong>animam</strong></span> <span class='ocrx_word' id='word_1_699' title='bbox 2261 3124 2423 3175; x_wconf 84' lang='lat' dir='ltr'><strong>suam,</strong></span> <span class='ocrx_word' id='word_1_700' title='bbox 2456 3126 2555 3163; x_wconf 86' lang='lat' dir='ltr'><strong>non</strong></span> <span class='ocrx_word' id='word_1_701' title='bbox 2586 3122 2656 3164; x_wconf 85' lang='lat' dir='ltr'><strong>est</strong></span> <span class='ocrx_word' id='word_1_702' title='bbox 2685 3128 2761 3165; x_wconf 89' lang='lat' dir='ltr'><strong>me</strong></span> <span class='ocrx_word' id='word_1_703' title='bbox 2787 3112 2967 3181; x_wconf 83' lang='lat' dir='ltr'><strong>dignus</strong></span> <span class='ocrx_word' id='word_1_704' title='bbox 2994 3112 3141 3184; x_wconf 88' lang='lat' dir='ltr'><strong>(Luc.</strong></span> <span class='ocrx_word' id='word_1_705' title='bbox 3169 3131 3274 3181; x_wconf 91' lang='lat' dir='ltr'><strong>xtv,</strong></span> <span class='ocrx_word' id='word_1_706' title='bbox 3309 3116 3423 3186; x_wconf 68' lang='grc'><strong>26).</strong></span> <span class='ocrx_word' id='word_1_707' title='bbox 3456 3119 3588 3174; x_wconf 90' lang='lat' dir='ltr'><strong>Cum</strong></span> 
     </span>
    </p>
   </div>
   <div class='ocr_carea' id='block_1_95' title="bbox 2012 3197 3591 3277">
    <p class='ocr_par' dir='ltr' id='par_1_95' title="bbox 2012 3197 3591 3277">
     <span class='ocr_line' id='line_1_95' title="bbox 2012 3197 3591 3277; baseline 0.009 -26"><span class='ocrx_word' id='word_1_708' title='bbox 2012 3205 2157 3253; x_wconf 88' lang='lat' dir='ltr'><strong>certe</strong></span> <span class='ocrx_word' id='word_1_709' title='bbox 2184 3197 2413 3253; x_wconf 88' lang='lat' dir='ltr'><strong>ﬁdelium</strong></span> <span class='ocrx_word' id='word_1_710' title='bbox 2437 3202 2644 3257; x_wconf 88' lang='lat' dir='ltr'><strong>animus</strong></span> <span class='ocrx_word' id='word_1_711' title='bbox 2671 3217 2728 3257; x_wconf 91' lang='lat' dir='ltr'><strong>se</strong></span> <span class='ocrx_word' id='word_1_712' title='bbox 2754 3204 2927 3258; x_wconf 84' lang='lat' dir='ltr'><strong>odisse</strong></span> <span class='ocrx_word' id='word_1_713' title='bbox 2953 3219 3056 3258; x_wconf 93' lang='lat' dir='ltr'><strong>non</strong></span> <span class='ocrx_word' id='word_1_714' title='bbox 3090 3208 3272 3273; x_wconf 88' lang='lat' dir='ltr'><strong>possit,</strong></span> <span class='ocrx_word' id='word_1_715' title='bbox 3303 3208 3388 3277; x_wconf 81' lang='lat' dir='ltr'><strong>qui</strong></span> <span class='ocrx_word' id='word_1_716' title='bbox 3411 3225 3591 3265; x_wconf 86' lang='lat' dir='ltr'><strong>amore</strong></span> 
     </span>
    </p>
   </div>
   <div class='ocr_carea' id='block_1_96' title="bbox 2011 3290 3592 3356">
    <p class='ocr_par' dir='ltr' id='par_1_96' title="bbox 2011 3290 3592 3356">
     <span class='ocr_line' id='line_1_96' title="bbox 2011 3290 3592 3356; baseline 0.006 -9"><span class='ocrx_word' id='word_1_717' title='bbox 2011 3290 2405 3347; x_wconf 86' lang='lat' dir='ltr'><strong>consultissimo</strong></span> <span class='ocrx_word' id='word_1_718' title='bbox 2452 3291 2757 3348; x_wconf 82' lang='lat' dir='ltr'><strong>felicitatem</strong></span> <span class='ocrx_word' id='word_1_719' title='bbox 2805 3310 2953 3350; x_wconf 91' lang='lat' dir='ltr'><strong>suam</strong></span> <span class='ocrx_word' id='word_1_720' title='bbox 3007 3295 3278 3353; x_wconf 87' lang='lat' dir='ltr'><strong>doloribus</strong></span> <span class='ocrx_word' id='word_1_721' title='bbox 3326 3300 3485 3355; x_wconf 85' lang='lat' dir='ltr'><strong>etiam</strong></span> <span class='ocrx_word' id='word_1_722' title='bbox 3539 3312 3592 3356; x_wconf 89' lang='lat' dir='ltr'><strong>et</strong></span> 
     </span>
    </p>
   </div>
   <div class='ocr_carea' id='block_1_97' title="bbox 2014 3383 3590 3460">
    <p class='ocr_par' dir='ltr' id='par_1_97' title="bbox 2014 3383 3590 3460">
     <span class='ocr_line' id='line_1_97' title="bbox 2014 3383 3590 3460; baseline 0.007 -24"><span class='ocrx_word' id='word_1_723' title='bbox 2014 3383 2259 3454; x_wconf 88' lang='lat' dir='ltr'><strong>periculis</strong></span> <span class='ocrx_word' id='word_1_724' title='bbox 2279 3392 2561 3439; x_wconf 87' lang='lat' dir='ltr'><strong>mercatur.</strong></span> <span class='ocrx_word' id='word_1_725' title='bbox 2584 3385 2722 3452; x_wconf 85' lang='lat' dir='ltr'><strong>Quid</strong></span> <span class='ocrx_word' id='word_1_726' title='bbox 2739 3388 2894 3457; x_wconf 85' lang='lat' dir='ltr'><strong>igitur</strong></span> <span class='ocrx_word' id='word_1_727' title='bbox 2907 3388 3149 3458; x_wconf 83' lang='lat' dir='ltr'><strong>egimus?</strong></span> <span class='ocrx_word' id='word_1_728' title='bbox 3177 3392 3216 3444; x_wconf 88' lang='lat' dir='ltr'><strong>A</strong></span> <span class='ocrx_word' id='word_1_729' title='bbox 3226 3392 3485 3460; x_wconf 80' lang='lat' dir='ltr'><strong>postulunt</strong></span> <span class='ocrx_word' id='word_1_730' title='bbox 3511 3395 3590 3447; x_wconf 89' lang='lat' dir='ltr'><strong>vi-</strong></span> 
     </span>
    </p>
   </div>
   <div class='ocr_carea' id='block_1_98' title="bbox 2012 3473 3593 3548">
    <p class='ocr_par' dir='ltr' id='par_1_98' title="bbox 2012 3473 3593 3548">
     <span class='ocr_line' id='line_1_98' title="bbox 2012 3473 3593 3548; baseline 0.007 -21"><span class='ocrx_word' id='word_1_731' title='bbox 2012 3473 2207 3529; x_wconf 88' lang='lat' dir='ltr'><strong>delicet</strong></span> <span class='ocrx_word' id='word_1_732' title='bbox 2231 3474 2510 3542; x_wconf 81' lang='lat' dir='ltr'><strong>Joannem,</strong></span> <span class='ocrx_word' id='word_1_733' title='bbox 2539 3492 2604 3532; x_wconf 88' lang='lat' dir='ltr'><strong>ex</strong></span> <span class='ocrx_word' id='word_1_734' title='bbox 2629 3492 2778 3533; x_wconf 90' lang='lat' dir='ltr'><strong>more</strong></span> <span class='ocrx_word' id='word_1_735' title='bbox 2803 3477 3190 3548; x_wconf 85' lang='lat' dir='ltr'><strong>Scripturarum</strong></span> <span class='ocrx_word' id='word_1_736' title='bbox 3230 3483 3407 3536; x_wconf 91' lang='lat' dir='ltr'><strong>mundi</strong></span> <span class='ocrx_word' id='word_1_737' title='bbox 3437 3500 3593 3539; x_wconf 87' lang='lat' dir='ltr'><strong>voea-</strong></span> 
     </span>
    </p>
   </div>
   <div class='ocr_carea' id='block_1_99' title="bbox 2012 3563 3592 3637">
    <p class='ocr_par' dir='ltr' id='par_1_99' title="bbox 2012 3563 3592 3637">
     <span class='ocr_line' id='line_1_99' title="bbox 2012 3563 3592 3637; baseline 0.006 -18"><span class='ocrx_word' id='word_1_738' title='bbox 2012 3563 2139 3619; x_wconf 90' lang='lat' dir='ltr'><strong>hulo</strong></span> <span class='ocrx_word' id='word_1_739' title='bbox 2164 3580 2268 3618; x_wconf 91' lang='lat' dir='ltr'><strong>non</strong></span> <span class='ocrx_word' id='word_1_740' title='bbox 2297 3575 2538 3620; x_wconf 89' lang='lat' dir='ltr'><strong>naturam</strong></span> <span class='ocrx_word' id='word_1_741' title='bbox 2566 3569 2853 3637; x_wconf 83' lang='lat' dir='ltr'><strong>perculisse</strong></span> <span class='ocrx_word' id='word_1_742' title='bbox 2877 3584 3075 3633; x_wconf 89' lang='lat' dir='ltr'><strong>rerum,</strong></span> <span class='ocrx_word' id='word_1_743' title='bbox 3120 3570 3213 3624; x_wconf 90' lang='lat' dir='ltr'><strong>sed</strong></span> <span class='ocrx_word' id='word_1_744' title='bbox 3241 3572 3362 3625; x_wconf 87' lang='lat' dir='ltr'><strong>vitia</strong></span> <span class='ocrx_word' id='word_1_745' title='bbox 3400 3574 3558 3628; x_wconf 89' lang='lat' dir='ltr'><strong>volun</strong></span> <span class='ocrx_word' id='word_1_746' title='bbox 3588 3604 3592 3609; x_wconf 86' lang='grc'><strong>-</strong></span> 
     </span>
    </p>
   </div>
   <div class='ocr_carea' id='block_1_100' title="bbox 2013 3656 3588 3732">
    <p class='ocr_par' dir='ltr' id='par_1_100' title="bbox 2013 3656 3588 3732">
     <span class='ocr_line' id='line_1_100' title="bbox 2013 3656 3588 3732; baseline 0.011 -26"><span class='ocrx_word' id='word_1_747' title='bbox 2013 3661 2178 3707; x_wconf 84' lang='lat' dir='ltr'><strong>talum</strong></span> <span class='ocrx_word' id='word_1_748' title='bbox 2212 3672 2224 3707; x_wconf 93' lang='lat'>:</span> <span class='ocrx_word' id='word_1_749' title='bbox 2253 3664 2411 3725; x_wconf 89' lang='lat' dir='ltr'><strong>atque</strong></span> <span class='ocrx_word' id='word_1_750' title='bbox 2436 3656 2507 3709; x_wconf 89' lang='lat' dir='ltr'><strong>ita</strong></span> <span class='ocrx_word' id='word_1_751' title='bbox 2546 3658 3026 3726; x_wconf 89' lang='lat' dir='ltr'><strong>concupiscentiam</strong></span> <span class='ocrx_word' id='word_1_752' title='bbox 3068 3661 3242 3715; x_wconf 87' lang='lat' dir='ltr'><strong>carnis</strong></span> <span class='ocrx_word' id='word_1_753' title='bbox 3271 3678 3496 3732; x_wconf 70' lang='lat' dir='ltr'><strong>negaSse</strong></span> <span class='ocrx_word' id='word_1_754' title='bbox 3523 3682 3588 3723; x_wconf 75' lang='lat' dir='ltr'><strong>ex</strong></span> 
     </span>
    </p>
   </div>
   <div class='ocr_carea' id='block_1_101' title="bbox 2014 3742 3587 3819">
    <p class='ocr_par' dir='ltr' id='par_1_101' title="bbox 2014 3742 3587 3819">
     <span class='ocr_line' id='line_1_101' title="bbox 2014 3742 3587 3819; baseline 0.007 -23"><span class='ocrx_word' id='word_1_755' title='bbox 2014 3742 2124 3797; x_wconf 91' lang='lat' dir='ltr'><strong>Deo</strong></span> <span class='ocrx_word' id='word_1_756' title='bbox 2166 3758 2305 3809; x_wconf 88' lang='lat' dir='ltr'><strong>esse,</strong></span> <span class='ocrx_word' id='word_1_757' title='bbox 2354 3744 2489 3799; x_wconf 86' lang='lat' dir='ltr'><strong>sicut</strong></span> <span class='ocrx_word' id='word_1_758' title='bbox 2532 3745 2709 3800; x_wconf 89' lang='lat' dir='ltr'><strong>omnia</strong></span> <span class='ocrx_word' id='word_1_759' title='bbox 2753 3762 2869 3817; x_wconf 74' lang='lat' dir='ltr'><strong>qua:</strong></span> <span class='ocrx_word' id='word_1_760' title='bbox 2917 3747 2969 3801; x_wconf 91' lang='lat' dir='ltr'><strong>in</strong></span> <span class='ocrx_word' id='word_1_761' title='bbox 3017 3749 3212 3803; x_wconf 87' lang='lat' dir='ltr'><strong>mundo</strong></span> <span class='ocrx_word' id='word_1_762' title='bbox 3257 3760 3398 3805; x_wconf 91' lang='lat' dir='ltr'><strong>sunt.</strong></span> <span class='ocrx_word' id='word_1_763' title='bbox 3439 3753 3587 3819; x_wconf 90' lang='lat' dir='ltr'><strong>Quod</strong></span> 
     </span>
    </p>
   </div>
   <div class='ocr_carea' id='block_1_102' title="bbox 2011 3833 3590 3906">
    <p class='ocr_par' dir='ltr' id='par_1_102' title="bbox 2011 3833 3590 3906">
     <span class='ocr_line' id='line_1_102' title="bbox 2011 3833 3590 3906; baseline 0.006 -19"><span class='ocrx_word' id='word_1_764' title='bbox 2011 3833 2329 3889; x_wconf 66' lang='lat' dir='ltr'><strong>Manichacus</strong></span> <span class='ocrx_word' id='word_1_765' title='bbox 2369 3850 2475 3890; x_wconf 91' lang='lat' dir='ltr'><strong>non</strong></span> <span class='ocrx_word' id='word_1_766' title='bbox 2502 3836 2789 3891; x_wconf 89' lang='lat' dir='ltr'><strong>secundum</strong></span> <span class='ocrx_word' id='word_1_767' title='bbox 2820 3838 3057 3906; x_wconf 81' lang='lat' dir='ltr'><strong>Apostoli</strong></span> <span class='ocrx_word' id='word_1_768' title='bbox 3088 3854 3326 3906; x_wconf 88' lang='lat' dir='ltr'><strong>sensum,</strong></span> <span class='ocrx_word' id='word_1_769' title='bbox 3370 3841 3464 3895; x_wconf 90' lang='lat' dir='ltr'><strong>sed</strong></span> <span class='ocrx_word' id='word_1_770' title='bbox 3503 3858 3590 3896; x_wconf 88' lang='lat' dir='ltr'><strong>se-</strong></span> 
     </span>
    </p>
   </div>
   <div class='ocr_carea' id='block_1_103' title="bbox 2012 3925 3587 4001">
    <p class='ocr_par' dir='ltr' id='par_1_103' title="bbox 2012 3925 3587 4001">
     <span class='ocr_line' id='line_1_103' title="bbox 2012 3925 3587 4001; baseline 0.004 -21"><span class='ocrx_word' id='word_1_771' title='bbox 2012 3925 2243 3980; x_wconf 89' lang='lat' dir='ltr'><strong>cundum</strong></span> <span class='ocrx_word' id='word_1_772' title='bbox 2274 3926 2544 3995; x_wconf 88' lang='lat' dir='ltr'><strong>perﬁdiam</strong></span> <span class='ocrx_word' id='word_1_773' title='bbox 2566 3943 2714 3984; x_wconf 90' lang='lat' dir='ltr'><strong>suam</strong></span> <span class='ocrx_word' id='word_1_774' title='bbox 2739 3929 2879 3982; x_wconf 90' lang='lat' dir='ltr'><strong>velut</strong></span> <span class='ocrx_word' id='word_1_775' title='bbox 2898 3939 3284 4000; x_wconf 87' lang='lat' dir='ltr'><strong>consequenter</strong></span> <span class='ocrx_word' id='word_1_776' title='bbox 3307 3933 3587 4001; x_wconf 84' lang='lat' dir='ltr'><strong>arripiens,</strong></span> 
     </span>
    </p>
   </div>
   <div class='ocr_carea' id='block_1_104' title="bbox 2010 4023 3591 4092">
    <p class='ocr_par' dir='ltr' id='par_1_104' title="bbox 2010 4023 3591 4092">
     <span class='ocr_line' id='line_1_104' title="bbox 2010 4023 3591 4092; baseline 0.003 -17"><span class='ocrx_word' id='word_1_777' title='bbox 2010 4036 2110 4076; x_wconf 89' lang='lat' dir='ltr'><strong>nec</strong></span> <span class='ocrx_word' id='word_1_778' title='bbox 2133 4023 2615 4092; x_wconf 89' lang='lat' dir='ltr'><strong>concupiscentiam</strong></span> <span class='ocrx_word' id='word_1_779' title='bbox 2652 4023 2845 4089; x_wconf 86' lang='lat' dir='ltr'><strong>carnis,</strong></span> <span class='ocrx_word' id='word_1_780' title='bbox 2888 4038 2983 4078; x_wconf 89' lang='lat' dir='ltr'><strong>nec</strong></span> <span class='ocrx_word' id='word_1_781' title='bbox 3011 4024 3176 4092; x_wconf 88' lang='lat' dir='ltr'><strong>ipsam</strong></span> <span class='ocrx_word' id='word_1_782' title='bbox 3221 4039 3454 4090; x_wconf 90' lang='lat' dir='ltr'><strong>carnem,</strong></span> <span class='ocrx_word' id='word_1_783' title='bbox 3492 4041 3591 4080; x_wconf 86' lang='lat' dir='ltr'><strong>nec</strong></span> 
     </span>
    </p>
   </div>
   <div class='ocr_carea' id='block_1_105' title="bbox 2013 4114 3587 4184">
    <p class='ocr_par' dir='ltr' id='par_1_105' title="bbox 2013 4114 3587 4184">
     <span class='ocr_line' id='line_1_105' title="bbox 2013 4114 3587 4184; baseline 0.003 -17"><span class='ocrx_word' id='word_1_784' title='bbox 2013 4122 2178 4168; x_wconf 89' lang='lat' dir='ltr'><strong>totum</strong></span> <span class='ocrx_word' id='word_1_785' title='bbox 2211 4123 2478 4184; x_wconf 70' lang='lat' dir='ltr'><strong>postremo</strong></span> <span class='ocrx_word' id='word_1_786' title='bbox 2521 4115 2773 4169; x_wconf 91' lang='lat' dir='ltr'><strong>mundum</strong></span> <span class='ocrx_word' id='word_1_787' title='bbox 2801 4130 2831 4168; x_wconf 90' lang='lat' dir='ltr'><strong>a</strong></span> <span class='ocrx_word' id='word_1_788' title='bbox 2861 4114 2968 4169; x_wconf 90' lang='lat' dir='ltr'><strong>Deo</strong></span> <span class='ocrx_word' id='word_1_789' title='bbox 2996 4116 3272 4169; x_wconf 87' lang='lat' dir='ltr'><strong>conﬁrmat</strong></span> <span class='ocrx_word' id='word_1_790' title='bbox 3298 4115 3541 4172; x_wconf 78' lang='lat' dir='ltr'><strong>eIIectum</strong></span> <span class='ocrx_word' id='word_1_791' title='bbox 3574 4135 3587 4172; x_wconf 90' lang='lat'><strong>:</strong></span> 
     </span>
    </p>
   </div>
   <div class='ocr_carea' id='block_1_106' title="bbox 2012 4205 3589 4277">
    <p class='ocr_par' dir='ltr' id='par_1_106' title="bbox 2012 4205 3589 4277">
     <span class='ocr_line' id='line_1_106' title="bbox 2012 4205 3589 4277; baseline 0.003 -18"><span class='ocrx_word' id='word_1_792' title='bbox 2012 4221 2169 4275; x_wconf 89' lang='lat' dir='ltr'><strong>quem</strong></span> <span class='ocrx_word' id='word_1_793' title='bbox 2197 4214 2249 4259; x_wconf 92' lang='lat' dir='ltr'><strong>tu</strong></span> <span class='ocrx_word' id='word_1_794' title='bbox 2277 4216 2508 4269; x_wconf 88' lang='lat' dir='ltr'><strong>secutus,</strong></span> <span class='ocrx_word' id='word_1_795' title='bbox 2537 4206 3017 4275; x_wconf 86' lang='lat' dir='ltr'><strong>concupiscentiam</strong></span> <span class='ocrx_word' id='word_1_796' title='bbox 3043 4205 3238 4273; x_wconf 90' lang='lat' dir='ltr'><strong>carnis,</strong></span> <span class='ocrx_word' id='word_1_797' title='bbox 3267 4222 3370 4262; x_wconf 93' lang='lat' dir='ltr'><strong>non</strong></span> <span class='ocrx_word' id='word_1_798' title='bbox 3398 4223 3427 4261; x_wconf 89' lang='lat' dir='ltr'><strong>a</strong></span> <span class='ocrx_word' id='word_1_799' title='bbox 3460 4210 3589 4277; x_wconf 89' lang='lat' dir='ltr'><strong>Deo,</strong></span> 
     </span>
    </p>
   </div>
   <div class='ocr_carea' id='block_1_107' title="bbox 2012 4297 2920 4353">
    <p class='ocr_par' dir='ltr' id='par_1_107' title="bbox 2012 4297 2920 4353">
     <span class='ocr_line' id='line_1_107' title="bbox 2012 4297 2920 4353; baseline -0.001 0"><span class='ocrx_word' id='word_1_800' title='bbox 2012 4297 2104 4353; x_wconf 90' lang='lat' dir='ltr'><strong>sed</strong></span> <span class='ocrx_word' id='word_1_801' title='bbox 2136 4313 2164 4351; x_wconf 92' lang='lat' dir='ltr'><strong>a</strong></span> <span class='ocrx_word' id='word_1_802' title='bbox 2191 4297 2402 4351; x_wconf 91' lang='lat' dir='ltr'><strong>diabolo</strong></span> <span class='ocrx_word' id='word_1_803' title='bbox 2428 4297 2695 4351; x_wconf 90' lang='lat' dir='ltr'><strong>conditam</strong></span> <span class='ocrx_word' id='word_1_804' title='bbox 2726 4297 2920 4352; x_wconf 88' lang='lat' dir='ltr'><strong>credis.</strong></span> 
     </span>
    </p>
   </div>
   <div class='ocr_carea' id='block_1_108' title="bbox 2082 4387 3593 4459">
    <p class='ocr_par' dir='ltr' id='par_1_108' title="bbox 2082 4387 3593 4459">
     <span class='ocr_line' id='line_1_108' title="bbox 2082 4387 3593 4459; baseline -0.001 -15"><span class='ocrx_word' id='word_1_805' title='bbox 2082 4390 2215 4444; x_wconf 83' lang='lat' dir='ltr'><strong>Auc.</strong></span> <span class='ocrx_word' id='word_1_806' title='bbox 2259 4389 2405 4443; x_wconf 87' lang='lat' dir='ltr'><strong>Hanc</strong></span> <span class='ocrx_word' id='word_1_807' title='bbox 2429 4404 2526 4458; x_wconf 84' lang='lat' dir='ltr'><strong>ego</strong></span> <span class='ocrx_word' id='word_1_808' title='bbox 2548 4387 3025 4459; x_wconf 88' lang='lat' dir='ltr'><strong>concupiscentiam</strong></span> <span class='ocrx_word' id='word_1_809' title='bbox 3045 4388 3218 4442; x_wconf 92' lang='lat' dir='ltr'><strong>carnis</strong></span> <span class='ocrx_word' id='word_1_810' title='bbox 3244 4389 3437 4443; x_wconf 90' lang='lat' dir='ltr'><strong>malum</strong></span> <span class='ocrx_word' id='word_1_811' title='bbox 3470 4390 3593 4445; x_wconf 90' lang='lat' dir='ltr'><strong>dico</strong></span> 
     </span>
    </p>
   </div>
   <div class='ocr_carea' id='block_1_109' title="bbox 2011 4478 3590 4551">
    <p class='ocr_par' dir='ltr' id='par_1_109' title="bbox 2011 4478 3590 4551">
     <span class='ocr_line' id='line_1_109' title="bbox 2011 4478 3590 4551; baseline -0.001 -15"><span class='ocrx_word' id='word_1_812' title='bbox 2011 4495 2149 4544; x_wconf 89' lang='lat' dir='ltr'><strong>esse,</strong></span> <span class='ocrx_word' id='word_1_813' title='bbox 2179 4494 2337 4551; x_wconf 84' lang='lat' dir='ltr'><strong>quam</strong></span> <span class='ocrx_word' id='word_1_814' title='bbox 2363 4479 2492 4534; x_wconf 90' lang='lat' dir='ltr'><strong>dicit</strong></span> <span class='ocrx_word' id='word_1_815' title='bbox 2515 4478 2747 4534; x_wconf 91' lang='lat' dir='ltr'><strong>Joannes</strong></span> <span class='ocrx_word' id='word_1_816' title='bbox 2772 4493 2802 4532; x_wconf 91' lang='lat' dir='ltr'><strong>a</strong></span> <span class='ocrx_word' id='word_1_817' title='bbox 2835 4478 2988 4533; x_wconf 84' lang='lat' dir='ltr'><strong>Patre</strong></span> <span class='ocrx_word' id='word_1_818' title='bbox 3017 4495 3119 4532; x_wconf 90' lang='lat' dir='ltr'><strong>non</strong></span> <span class='ocrx_word' id='word_1_819' title='bbox 3166 4494 3306 4541; x_wconf 87' lang='lat' dir='ltr'><strong>esse.</strong></span> <span class='ocrx_word' id='word_1_820' title='bbox 3340 4489 3393 4534; x_wconf 90' lang='lat' dir='ltr'><strong>et</strong></span> <span class='ocrx_word' id='word_1_821' title='bbox 3433 4484 3590 4551; x_wconf 81' lang='lat' dir='ltr'><strong>quam</strong></span> 
     </span>
    </p>
   </div>
   <div class='ocr_carea' id='block_1_110' title="bbox 2009 4569 3590 4636">
    <p class='ocr_par' dir='ltr' id='par_1_110' title="bbox 2009 4569 3590 4636">
     <span class='ocr_line' id='line_1_110' title="bbox 2009 4569 3590 4636; baseline -0.004 -8"><span class='ocrx_word' id='word_1_822' title='bbox 2009 4571 2138 4629; x_wconf 87' lang='lat' dir='ltr'><strong>dicit</strong></span> <span class='ocrx_word' id='word_1_823' title='bbox 2160 4571 2472 4626; x_wconf 81' lang='lat' dir='ltr'><strong>Ambrosius</strong></span> <span class='ocrx_word' id='word_1_824' title='bbox 2500 4570 2553 4623; x_wconf 92' lang='lat' dir='ltr'><strong>in</strong></span> <span class='ocrx_word' id='word_1_825' title='bbox 2601 4578 2840 4622; x_wconf 88' lang='lat' dir='ltr'><strong>naturam</strong></span> <span class='ocrx_word' id='word_1_826' title='bbox 2866 4580 3101 4622; x_wconf 90' lang='lat' dir='ltr'><strong>nostram</strong></span> <span class='ocrx_word' id='word_1_827' title='bbox 3136 4583 3203 4623; x_wconf 82' lang='lat' dir='ltr'><strong>ex</strong></span> <span class='ocrx_word' id='word_1_828' title='bbox 3235 4569 3386 4636; x_wconf 91' lang='lat' dir='ltr'><strong>primi</strong></span> <span class='ocrx_word' id='word_1_829' title='bbox 3420 4569 3590 4623; x_wconf 78' lang='lat' dir='ltr'><strong>homi-</strong></span> 
     </span>
    </p>
   </div>
   <div class='ocr_carea' id='block_1_111' title="bbox 2011 4657 3589 4730">
    <p class='ocr_par' dir='ltr' id='par_1_111' title="bbox 2011 4657 3589 4730">
     <span class='ocr_line' id='line_1_111' title="bbox 2011 4657 3589 4730; baseline -0.001 -15"><span class='ocrx_word' id='word_1_830' title='bbox 2011 4662 2093 4715; x_wconf 91' lang='lat' dir='ltr'><strong>nis</strong></span> <span class='ocrx_word' id='word_1_831' title='bbox 2121 4661 2550 4730; x_wconf 71' lang='lat' dir='ltr'><strong>prmvaricatioue</strong></span> <span class='ocrx_word' id='word_1_832' title='bbox 2573 4658 2797 4713; x_wconf 89' lang='lat' dir='ltr'><strong>vertisse</strong></span> <span class='ocrx_word' id='word_1_833' title='bbox 2821 4658 2953 4729; x_wconf 86' lang='lat' dir='ltr'><strong>(Lib.</strong></span> <span class='ocrx_word' id='word_1_834' title='bbox 2984 4660 3014 4712; x_wconf 88' lang='lat'>7</span> <span class='ocrx_word' id='word_1_835' title='bbox 3045 4658 3097 4711; x_wconf 88' lang='lat' dir='ltr'><strong>in</strong></span> <span class='ocrx_word' id='word_1_836' title='bbox 3117 4657 3241 4710; x_wconf 85' lang='lat' dir='ltr'><strong>Luc.</strong></span> <span class='ocrx_word' id='word_1_837' title='bbox 3274 4657 3371 4727; x_wconf 82' lang='lat' dir='ltr'><strong>xu)</strong></span> <span class='ocrx_word' id='word_1_838' title='bbox 3399 4673 3414 4721; x_wconf 96' lang='lat'><strong>;</strong></span> <span class='ocrx_word' id='word_1_839' title='bbox 3449 4658 3589 4713; x_wconf 87' lang='lat' dir='ltr'><strong>unde</strong></span> 
     </span>
    </p>
   </div>
   <div class='ocr_carea' id='block_1_112' title="bbox 2008 4748 3589 4818">
    <p class='ocr_par' dir='ltr' id='par_1_112' title="bbox 2008 4748 3589 4818">
     <span class='ocr_line' id='line_1_112' title="bbox 2008 4748 3589 4818; baseline -0.004 -10"><span class='ocrx_word' id='word_1_840' title='bbox 2008 4753 2238 4808; x_wconf 83' lang='lat' dir='ltr'><strong>Joannes</strong></span> <span class='ocrx_word' id='word_1_841' title='bbox 2264 4754 2446 4806; x_wconf 89' lang='lat' dir='ltr'><strong>volens</strong></span> <span class='ocrx_word' id='word_1_842' title='bbox 2473 4748 2711 4804; x_wconf 90' lang='lat' dir='ltr'><strong>homines</strong></span> <span class='ocrx_word' id='word_1_843' title='bbox 2739 4748 2979 4818; x_wconf 85' lang='lat' dir='ltr'><strong>intelligi,</strong></span> <span class='ocrx_word' id='word_1_844' title='bbox 3007 4763 3123 4803; x_wconf 91' lang='lat' dir='ltr'><strong>eam</strong></span> <span class='ocrx_word' id='word_1_845' title='bbox 3152 4748 3279 4801; x_wconf 90' lang='lat' dir='ltr'><strong>dicit</strong></span> <span class='ocrx_word' id='word_1_846' title='bbox 3302 4764 3366 4801; x_wconf 83' lang='lat' dir='ltr'><strong>ex</strong></span> <span class='ocrx_word' id='word_1_847' title='bbox 3394 4749 3589 4803; x_wconf 83' lang='lat' dir='ltr'><strong>tnuitdo</strong></span> 
     </span>
    </p>
   </div>
   <div class='ocr_carea' id='block_1_113' title="bbox 2009 4838 3588 4908">
    <p class='ocr_par' dir='ltr' id='par_1_113' title="bbox 2009 4838 3588 4908">
     <span class='ocr_line' id='line_1_113' title="bbox 2009 4838 3588 4908; baseline -0.002 -11"><span class='ocrx_word' id='word_1_848' title='bbox 2009 4857 2146 4897; x_wconf 90' lang='lat' dir='ltr'><strong>esse.</strong></span> <span class='ocrx_word' id='word_1_849' title='bbox 2189 4842 2333 4896; x_wconf 81' lang='lat' dir='ltr'><strong>Hanc</strong></span> <span class='ocrx_word' id='word_1_850' title='bbox 2357 4838 2831 4908; x_wconf 90' lang='lat' dir='ltr'><strong>concupiscentiam</strong></span> <span class='ocrx_word' id='word_1_851' title='bbox 2858 4839 3033 4893; x_wconf 90' lang='lat' dir='ltr'><strong>carnis</strong></span> <span class='ocrx_word' id='word_1_852' title='bbox 3053 4849 3107 4892; x_wconf 90' lang='lat' dir='ltr'><strong>et</strong></span> <span class='ocrx_word' id='word_1_853' title='bbox 3131 4838 3448 4894; x_wconf 83' lang='lat' dir='ltr'><strong>Manich:eus</strong></span> <span class='ocrx_word' id='word_1_854' title='bbox 3477 4857 3588 4894; x_wconf 89' lang='lat' dir='ltr'><strong>ma-</strong></span> 
     </span>
    </p>
   </div>
   <div class='ocr_carea' id='block_1_114' title="bbox 2008 4930 3588 4999">
    <p class='ocr_par' dir='ltr' id='par_1_114' title="bbox 2008 4930 3588 4999">
     <span class='ocr_line' id='line_1_114' title="bbox 2008 4930 3588 4999; baseline -0.003 -9"><span class='ocrx_word' id='word_1_855' title='bbox 2008 4936 2116 4990; x_wconf 90' lang='lat' dir='ltr'><strong>lmn</strong></span> <span class='ocrx_word' id='word_1_856' title='bbox 2146 4933 2304 4999; x_wconf 90' lang='lat' dir='ltr'><strong>dicit;</strong></span> <span class='ocrx_word' id='word_1_857' title='bbox 2337 4932 2428 4987; x_wconf 93' lang='lat' dir='ltr'><strong>sed</strong></span> <span class='ocrx_word' id='word_1_858' title='bbox 2467 4930 2605 4986; x_wconf 90' lang='lat' dir='ltr'><strong>unde</strong></span> <span class='ocrx_word' id='word_1_859' title='bbox 2632 4932 2700 4985; x_wconf 93' lang='lat' dir='ltr'><strong>sit</strong></span> <span class='ocrx_word' id='word_1_860' title='bbox 2727 4930 2896 4985; x_wconf 91' lang='lat' dir='ltr'><strong>nescit</strong></span> <span class='ocrx_word' id='word_1_861' title='bbox 2928 4948 2940 4983; x_wconf 89' lang='lat'><strong>:</strong></span> <span class='ocrx_word' id='word_1_862' title='bbox 2983 4940 3037 4984; x_wconf 90' lang='lat' dir='ltr'><strong>tu</strong></span> <span class='ocrx_word' id='word_1_863' title='bbox 3081 4939 3257 4984; x_wconf 85' lang='lat' dir='ltr'><strong>autem</strong></span> <span class='ocrx_word' id='word_1_864' title='bbox 3287 4930 3478 4985; x_wconf 90' lang='lat' dir='ltr'><strong>bonum</strong></span> <span class='ocrx_word' id='word_1_865' title='bbox 3507 4933 3588 4987; x_wconf 88' lang='lat' dir='ltr'><strong>di-</strong></span> 
     </span>
    </p>
   </div>
   <div class='ocr_carea' id='block_1_115' title="bbox 2008 5024 3588 5097">
    <p class='ocr_par' dir='ltr' id='par_1_115' title="bbox 2008 5024 3588 5097">
     <span class='ocr_line' id='line_1_115' title="bbox 2008 5024 3588 5097; baseline -0.002 -13"><span class='ocrx_word' id='word_1_866' title='bbox 2008 5029 2100 5093; x_wconf 91' lang='lat' dir='ltr'><strong>cis,</strong></span> <span class='ocrx_word' id='word_1_867' title='bbox 2133 5027 2252 5097; x_wconf 91' lang='lat' dir='ltr'><strong>quia</strong></span> <span class='ocrx_word' id='word_1_868' title='bbox 2292 5034 2347 5082; x_wconf 90' lang='lat' dir='ltr'><strong>et</strong></span> <span class='ocrx_word' id='word_1_869' title='bbox 2375 5035 2429 5080; x_wconf 91' lang='lat' dir='ltr'><strong>tu</strong></span> <span class='ocrx_word' id='word_1_870' title='bbox 2469 5024 2608 5079; x_wconf 90' lang='lat' dir='ltr'><strong>unde</strong></span> <span class='ocrx_word' id='word_1_871' title='bbox 2636 5026 2708 5078; x_wconf 85' lang='lat' dir='ltr'><strong>sit</strong></span> <span class='ocrx_word' id='word_1_872' title='bbox 2735 5024 2947 5088; x_wconf 87' lang='lat' dir='ltr'><strong>nescis;</strong></span> <span class='ocrx_word' id='word_1_873' title='bbox 2978 5033 3030 5078; x_wconf 91' lang='lat' dir='ltr'><strong>et</strong></span> <span class='ocrx_word' id='word_1_874' title='bbox 3058 5039 3173 5077; x_wconf 91' lang='lat' dir='ltr'><strong>eam</strong></span> <span class='ocrx_word' id='word_1_875' title='bbox 3206 5024 3443 5093; x_wconf 88' lang='lat' dir='ltr'><strong>negando</strong></span> <span class='ocrx_word' id='word_1_876' title='bbox 3469 5041 3588 5082; x_wconf 88' lang='lat' dir='ltr'><strong>esse</strong></span> 
     </span>
    </p>
   </div>
   <div class='ocr_carea' id='block_1_116' title="bbox 2008 5112 3610 5180">
    <p class='ocr_par' dir='ltr' id='par_1_116' title="bbox 2008 5112 3610 5180">
     <span class='ocr_line' id='line_1_116' title="bbox 2008 5112 3610 5180; baseline -0.004 -5"><span class='ocrx_word' id='word_1_877' title='bbox 2008 5119 2150 5175; x_wconf 91' lang='lat' dir='ltr'><strong>unde</strong></span> <span class='ocrx_word' id='word_1_878' title='bbox 2170 5119 2309 5172; x_wconf 88' lang='lat' dir='ltr'><strong>illam</strong></span> <span class='ocrx_word' id='word_1_879' title='bbox 2337 5131 2456 5172; x_wconf 91' lang='lat' dir='ltr'><strong>esse</strong></span> <span class='ocrx_word' id='word_1_880' title='bbox 2479 5115 2605 5170; x_wconf 91' lang='lat' dir='ltr'><strong>dicit</strong></span> <span class='ocrx_word' id='word_1_881' title='bbox 2624 5114 2954 5177; x_wconf 84' lang='lat' dir='ltr'><strong>Ambrosius,</strong></span> <span class='ocrx_word' id='word_1_882' title='bbox 2984 5112 3110 5167; x_wconf 85' lang='lat' dir='ltr'><strong>I&#39;acis</strong></span> <span class='ocrx_word' id='word_1_883' title='bbox 3140 5122 3193 5166; x_wconf 84' lang='lat' dir='ltr'><strong>ut</strong></span> <span class='ocrx_word' id='word_1_884' title='bbox 3216 5124 3414 5169; x_wconf 76' lang='lat' dir='ltr'><strong>natura:</strong></span> <span class='ocrx_word' id='word_1_885' title='bbox 3440 5116 3610 5180; x_wconf 80' lang='lat' dir='ltr'><strong>ntali,-</strong></span> 
     </span>
    </p>
   </div>
   <div class='ocr_carea' id='block_1_117' title="bbox 2007 5206 3587 5284">
    <p class='ocr_par' dir='ltr' id='par_1_117' title="bbox 2007 5206 3587 5284">
     <span class='ocr_line' id='line_1_117' title="bbox 2007 5206 3587 5284; baseline -0.003 -18"><span class='ocrx_word' id='word_1_886' title='bbox 2007 5227 2164 5284; x_wconf 90' lang='lat' dir='ltr'><strong>quam</strong></span> <span class='ocrx_word' id='word_1_887' title='bbox 2191 5212 2298 5266; x_wconf 90' lang='lat' dir='ltr'><strong>Deo</strong></span> <span class='ocrx_word' id='word_1_888' title='bbox 2325 5218 2640 5265; x_wconf 71' lang='lat' dir='ltr'><strong>comtcrnam</strong></span> <span class='ocrx_word' id='word_1_889' title='bbox 2667 5207 2878 5276; x_wconf 90' lang='lat' dir='ltr'><strong>desipit,</strong></span> <span class='ocrx_word' id='word_1_890' title='bbox 2902 5214 3046 5261; x_wconf 91' lang='lat' dir='ltr'><strong>recte</strong></span> <span class='ocrx_word' id='word_1_891' title='bbox 3077 5206 3173 5261; x_wconf 88' lang='lat' dir='ltr'><strong>sibi</strong></span> <span class='ocrx_word' id='word_1_892' title='bbox 3203 5221 3320 5262; x_wconf 89' lang='lat' dir='ltr'><strong>eam</strong></span> <span class='ocrx_word' id='word_1_893' title='bbox 3347 5207 3587 5262; x_wconf 88' lang='lat' dir='ltr'><strong>videatur</strong></span> 
     </span>
    </p>
   </div>
   <div class='ocr_carea' id='block_1_118' title="bbox 2009 5296 3586 5367">
    <p class='ocr_par' dir='ltr' id='par_1_118' title="bbox 2009 5296 3586 5367">
     <span class='ocr_line' id='line_1_118' title="bbox 2009 5296 3586 5367; baseline -0.004 -11"><span class='ocrx_word' id='word_1_894' title='bbox 2009 5302 2240 5357; x_wconf 90' lang='lat' dir='ltr'><strong>tribuere</strong></span> <span class='ocrx_word' id='word_1_895' title='bbox 2284 5298 2622 5353; x_wconf 82' lang='lat' dir='ltr'><strong>Manichacus.</strong></span> <span class='ocrx_word' id='word_1_896' title='bbox 2666 5297 2802 5367; x_wconf 82' lang='lat' dir='ltr'><strong>Ergo</strong></span> <span class='ocrx_word' id='word_1_897' title='bbox 2849 5305 2906 5350; x_wconf 93' lang='lat' dir='ltr'><strong>ut</strong></span> <span class='ocrx_word' id='word_1_898' title='bbox 2952 5306 3004 5350; x_wconf 88' lang='lat' dir='ltr'><strong>et</strong></span> <span class='ocrx_word' id='word_1_899' title='bbox 3052 5303 3106 5350; x_wconf 92' lang='lat' dir='ltr'><strong>tu</strong></span> <span class='ocrx_word' id='word_1_900' title='bbox 3155 5296 3488 5366; x_wconf 86' lang='lat' dir='ltr'><strong>redarguaris</strong></span> <span class='ocrx_word' id='word_1_901' title='bbox 3531 5306 3586 5352; x_wconf 92' lang='lat' dir='ltr'><strong>et</strong></span> 
     </span>
    </p>
   </div>
   <div class='ocr_carea' id='block_1_119' title="bbox 2008 5386 3586 5458">
    <p class='ocr_par' dir='ltr' id='par_1_119' title="bbox 2008 5386 3586 5458">
     <span class='ocr_line' id='line_1_119' title="bbox 2008 5386 3586 5458; baseline -0.004 -11"><span class='ocrx_word' id='word_1_902' title='bbox 2008 5391 2343 5457; x_wconf 72' lang='lat' dir='ltr'><strong>Manichmus,</strong></span> <span class='ocrx_word' id='word_1_903' title='bbox 2388 5388 2515 5442; x_wconf 92' lang='lat' dir='ltr'><strong>illud</strong></span> <span class='ocrx_word' id='word_1_904' title='bbox 2553 5387 2694 5458; x_wconf 85' lang='lat' dir='ltr'><strong>quod</strong></span> <span class='ocrx_word' id='word_1_905' title='bbox 2722 5387 2847 5441; x_wconf 89' lang='lat' dir='ltr'><strong>dicit</strong></span> <span class='ocrx_word' id='word_1_906' title='bbox 2884 5386 3115 5441; x_wconf 87' lang='lat' dir='ltr'><strong>Joannes</strong></span> <span class='ocrx_word' id='word_1_907' title='bbox 3152 5388 3440 5451; x_wconf 71' lang='lat' dir='ltr'><strong>apostolus,</strong></span> <span class='ocrx_word' id='word_1_908' title='bbox 3473 5387 3586 5455; x_wconf 88' lang='lat' dir='ltr'><strong>epi-</strong></span> 
     </span>
    </p>
   </div>
   <div class='ocr_carea' id='block_1_120' title="bbox 2009 5475 3583 5554">
    <p class='ocr_par' dir='ltr' id='par_1_120' title="bbox 2009 5475 3583 5554">
     <span class='ocr_line' id='line_1_120' title="bbox 2009 5475 3583 5554; baseline -0.008 -15"><span class='ocrx_word' id='word_1_909' title='bbox 2009 5498 2200 5554; x_wconf 88' lang='lat' dir='ltr'><strong>scopus</strong></span> <span class='ocrx_word' id='word_1_910' title='bbox 2234 5481 2450 5551; x_wconf 84' lang='lat' dir='ltr'><strong>exponit</strong></span> <span class='ocrx_word' id='word_1_911' title='bbox 2478 5479 2806 5534; x_wconf 83' lang='lat' dir='ltr'><strong>Ambrosius.</strong></span> <span class='ocrx_word' id='word_1_912' title='bbox 2847 5478 2997 5545; x_wconf 86' lang='lat' dir='ltr'><strong>Quod</strong></span> <span class='ocrx_word' id='word_1_913' title='bbox 3027 5478 3167 5533; x_wconf 91' lang='lat' dir='ltr'><strong>enim</strong></span> <span class='ocrx_word' id='word_1_914' title='bbox 3201 5492 3295 5546; x_wconf 89' lang='lat' dir='ltr'><strong>per</strong></span> <span class='ocrx_word' id='word_1_915' title='bbox 3334 5475 3583 5546; x_wconf 64' lang='lat' dir='ltr'><strong>praevari-</strong></span> 
     </span>
    </p>
   </div>
   <div class='ocr_carea' id='block_1_121' title="bbox 2009 5568 3585 5641">
    <p class='ocr_par' dir='ltr' id='par_1_121' title="bbox 2009 5568 3585 5641">
     <span class='ocr_line' id='line_1_121' title="bbox 2009 5568 3585 5641; baseline -0.003 -11"><span class='ocrx_word' id='word_1_916' title='bbox 2009 5576 2268 5630; x_wconf 89' lang='lat' dir='ltr'><strong>cationem</strong></span> <span class='ocrx_word' id='word_1_917' title='bbox 2300 5572 2453 5641; x_wconf 88' lang='lat' dir='ltr'><strong>primi</strong></span> <span class='ocrx_word' id='word_1_918' title='bbox 2484 5571 2708 5625; x_wconf 81' lang='lat' dir='ltr'><strong>Ito-.ninis</strong></span> <span class='ocrx_word' id='word_1_919' title='bbox 2736 5572 2786 5625; x_wconf 91' lang='lat' dir='ltr'><strong>in</strong></span> <span class='ocrx_word' id='word_1_920' title='bbox 2806 5579 3044 5625; x_wconf 80' lang='lat' dir='ltr'><strong>naturam</strong></span> <span class='ocrx_word' id='word_1_921' title='bbox 3073 5570 3247 5633; x_wconf 80' lang='lat' dir='ltr'><strong>vertit,</strong></span> <span class='ocrx_word' id='word_1_922' title='bbox 3271 5581 3374 5623; x_wconf 75' lang='lat' dir='ltr'><strong>non</strong></span> <span class='ocrx_word' id='word_1_923' title='bbox 3399 5568 3585 5638; x_wconf 89' lang='lat' dir='ltr'><strong>utique</strong></span> 
     </span>
    </p>
   </div>
   <div class='ocr_carea' id='block_1_122' title="bbox 2073 5676 3597 5756">
    <p class='ocr_par' dir='ltr' id='par_1_122' title="bbox 2073 5676 3597 5756">
     <span class='ocr_line' id='line_1_122' title="bbox 2073 5676 3597 5756; baseline -0.002 -22"><span class='ocrx_word' id='word_1_924' title='bbox 2073 5691 2089 5721; x_wconf 81' lang='grc' dir='ltr'><strong>ι</strong></span> <span class='ocrx_word' id='word_1_925' title='bbox 2116 5686 2408 5756; x_wconf 78' lang='lat' dir='ltr'><strong>_vi_gnicrius,</strong></span> <span class='ocrx_word' id='word_1_926' title='bbox 2453 5683 2647 5756; x_wconf 64' lang='lat' dir='ltr'><strong>etiamsi</strong></span> <span class='ocrx_word' id='word_1_927' title='bbox 2673 5681 3065 5755; x_wconf 73' lang='lat' dir='ltr'><strong>concitpiscemite</strong></span> <span class='ocrx_word' id='word_1_928' title='bbox 3086 5713 3102 5730; x_wconf 94' lang='lat'><strong>.</strong></span> <span class='ocrx_word' id='word_1_929' title='bbox 3125 5679 3315 5739; x_wconf 81' lang='lat' dir='ltr'><strong>omisso,</strong></span> <span class='ocrx_word' id='word_1_930' title='bbox 3346 5676 3430 5729; x_wconf 84' lang='lat' dir='ltr'><strong>tali</strong></span> <span class='ocrx_word' id='word_1_931' title='bbox 3444 5690 3465 5739; x_wconf 88' lang='lat'><strong>;</strong></span> <span class='ocrx_word' id='word_1_932' title='bbox 3487 5695 3541 5731; x_wconf 88' lang='lat' dir='ltr'><strong>se</strong></span> <span class='ocrx_word' id='word_1_933' title='bbox 3565 5678 3597 5710; x_wconf 77' lang='grc'>⁶</span> 
     </span>
    </p>
   </div>
   <div class='ocr_carea' id='block_1_123' title="bbox 2010 5751 2767 5809">
    <p class='ocr_par' dir='ltr' id='par_1_123' title="bbox 2010 5751 2767 5809">
     <span class='ocr_line' id='line_1_123' title="bbox 2010 5751 2767 5809; baseline -0.011 -8"><span class='ocrx_word' id='word_1_934' title='bbox 2010 5751 2276 5801; x_wconf 80' lang='lat' dir='ltr'><strong>restituitur</strong></span> <span class='ocrx_word' id='word_1_935' title='bbox 2311 5762 2370 5797; x_wconf 77' lang='lat' dir='ltr'><strong>cx</strong></span> <span class='ocrx_word' id='word_1_936' title='bbox 2418 5751 2767 5809; x_wconf 69' lang='lat' dir='ltr'><strong>manuscripiis.</strong></span> 
     </span>
    </p>
   </div>
  </div>
