4124 6506
593 379 724 436 I35!

588 492 701 546 Deo
724 496 1045 545 comternum
1075 484 1269 541 malum
1296 496 1378 541 est
1403 503 1417 549 ;
1446 492 1617 540 taceat
1643 499 1769 553 ergo
1808 480 2161 537 Manichmus:

585 588 641 637 et
668 591 844 633 tamen
871 578 1069 632 malum
1096 585 1214 635 est;
1245 585 1415 630 taceat
1439 590 1565 643 ergo
1593 575 1751 629 etiam
1777 572 2033 627 Julianus.

657 668 848 725 XXIV.
874 668 994 723 ιω..
1021 666 1240 722 Constat
1258 666 1431 735 itaque
1455 664 1664 718 beatum
1680 662 1937 717 Joannem
1962 660 2162 716 nullam

593 760 680 816 tibi
727 758 928 814 erroris
974 756 1303 813 occasionem
1345 754 1598 810 dedisse:
1632 762 1683 809 te
1728 767 1885 823 porro
1932 751 1982 805 id
2025 750 2168 821 quod

591 851 907 909 Ilanichaeus
936 849 1151 920 protulit
1178 847 1468 903 imbibisse.
1508 847 1681 915 Atque
1711 853 1769 899 ut
1806 842 2033 913 apostoli
2055 843 2167 911 jam

585 942 977 998 existimatione
1004 939 1243 1004 defensa,
1272 952 1483 994 manum
1508 952 1670 1008 super
1699 936 1801 991 hoc
1824 936 1909 991 vel
1938 935 2169 990 breviter

587 1041 950 1087 eonstruamus
976 1047 989 1084 :
1017 1029 1143 1101 quid
1187 1028 1273 1084 hic
1312 1036 1551 1083 sanctum
1592 1026 1851 1083 Joannem
1895 1025 2167 1081 existimas

583 1122 846 1188 intimare,
872 1135 992 1175 cum
1017 1118 1499 1189 concupiscentiam
1519 1117 1695 1173 carnis
1720 1117 2166 1185 etconcupiscen-

580 1213 705 1268 tiam
732 1212 1005 1269 oculorum
1034 1226 1100 1267 ex
1118 1211 1230 1266 Deo
1256 1225 1361 1265 non
1390 1224 1511 1265 esse
1539 1208 1886 1279 pronuntiat?
1914 1207 2166 1263 Gcnusne

581 1305 754 1375 ipsum
770 1305 1232 1375 concupiscentiae,
1247 1319 1364 1375 qum
1382 1319 1485 1358 non
1509 1302 1874 1359 mediocritate
1891 1316 2163 1367 concessa,

578 1395 675 1451 sed
722 1397 994 1452 nimietate
1031 1395 1295 1466 prohibita
1342 1397 1392 1450 in
1423 1395 1608 1450 vitium
1656 1394 1830 1459 cadit;
1879 1408 1946 1447 an
1990 1392 2163 1448 solum

581 1500 881 1552 excessum,
924 1486 1013 1557 qui
1044 1502 1149 1540 non
1180 1485 1454 1551 naturalis,
1493 1483 1588 1539 sed
1617 1483 1945 1538 voluntarius
1970 1481 2163 1551 depre-

584 1575 830 1631 henditur
843 1577 868 1629 7

651 1667 786 1723 Anc.
826 1666 880 1722 Si
924 1666 977 1721 iu
1024 1666 1206 1721 vitium
1232 1665 1393 1732 cadit,
1434 1674 1557 1720 tunc
1585 1680 1703 1721 eam
1747 1663 1935 1719 saltem
1966 1662 2162 1716 malum

579 1772 697 1812 esse
721 1757 953 1813 concede
987 1778 1002 1812 :
1033 1757 1125 1813 sed
1155 1772 1252 1811 cur
1277 1772 1393 1811 eam
1424 1764 1548 1810 tunc
1575 1770 1789 1825 quoque
1820 1755 2012 1807 bonum
2040 1767 2159 1808 esse

577 1846 876 1914 contendis,
900 1856 953 1902 et
976 1863 1099 1901 eum
1130 1847 1270 1902 bono
1300 1846 1435 1900 male
1460 1847 1533 1899 uti
1559 1845 1712 1910 dicis,
1740 1844 1827 1914 qui
1852 1858 2162 1898 concessum

576 1937 692 2005 ejus
723 1936 934 1992 modum
964 1937 1216 1992 excedit?
1245 1937 1333 1992 Sic
1360 1936 1501 1990 enim
1531 1951 1636 1989 non
1667 1935 1796 2004 ipsa,
1825 1932 1919 1988 sed
1953 1932 2040 1987 illc
2067 1946 2160 1986 ca-

575 2026 651 2080 dit
675 2027 728 2080 in
745 2027 950 2093 vitium,
974 2026 1061 2097 qui
1079 2042 1140 2081 ea
1163 2027 1301 2081 male
1323 2028 1505 2081 utitur.
1533 2025 1760 2080 Videsne
1775 2040 1931 2093 quam
1955 2023 2162 2078 nescias

575 2119 698 2189 quid
736 2119 990 2190 loquaris,
1032 2118 1245 2189 quando
1290 2134 1389 2174 nec
1438 2118 1491 2173 in
1545 2128 1630 2172 tua
1674 2116 1982 2171 definitione
2028 2130 2161 2171 con-

574 2210 717 2264 sistis
740 2208 765 2261 ’ἒ

642 2317 812 2371 XXV.
858 2318 976 2372 Jun.
1027 2318 1084 2373 Si
1131 2317 1363 2384 dixeris,
1411 2317 1623 2372 nomine
1673 2316 2156 2387 concupiscentiae,

574 2407 733 2460 etiam
761 2406 907 2461 illum
935 2408 1106 2476 ipsqu
1147 2406 1383 2470 modum,
1414 2421 1519 2476 quo
1550 2406 1692 2459 licita
1733 2422 1909 2461 rerum
1941 2413 2157 2459 natura-

577 2496 701 2549 lium
739 2494 969 2549 afficitur
1015 2496 1301 2564 voluptate,
1352 2503 1408 2549 ut
1434 2496 1858 2564 concupiscentia
1902 2495 2077 2549 carnis
2107 2495 2159 2549 in

577 2587 879 2642 imivcrsum
907 2586 1186 2657 reprobata
1233 2585 1469 2641 videatur
1501 2604 1514 2640 :
1543 2602 1669 2656 ergo
1698 2595 1752 2640 et
1776 2601 1990 2642 sensum
2036 2601 2163 2641 ocu-

574 2676 774 2741 lorum,
804 2683 858 2730 et
878 2674 1132 2729 mundum
1163 2675 1356 2744 ipsum,
1382 2684 1435 2729 et
1475 2674 1728 2745 quidquid
1753 2676 1803 2729 in
1836 2675 2031 2729 mundo
2055 2684 2157 2740 est,

572 2779 603 2817 a
632 2764 848 2819 diabolo
875 2763 1146 2819 conditum
1179 2764 1463 2833 profitere;
1495 2765 1616 2835 quia
1645 2765 1819 2819 omnia
1867 2765 2063 2835 pariter
2090 2781 2156 2819 ex

572 2855 684 2910 Deo
725 2869 829 2910 non
858 2868 977 2911 esse
1014 2853 1279 2909 dicuntur.
1309 2852 1456 2922 Quod
1483 2864 1627 2910 certe
1656 2856 1701 2910 si
1730 2853 2005 2922 annueris,
2052 2867 2157 2909 non

570 2945 817 3002 efficieris
839 2945 1195 3011 Manichacus;
1226 2960 1285 3001 es
1328 2946 1471 3001 enim
1517 2947 1676 3002 etiam
1718 2961 1861 3002 nunc
1888 2963 1903 3001 :
1932 2944 2026 3001 sed
2058 2945 2160 3002 hoc

572 3047 625 3093 te
649 3052 792 3104 esse,
817 3046 874 3093 ut
913 3038 1241 3109 argumentis
1272 3038 1374 3093 tuis
1401 3038 1552 3106 olim,
1583 3038 1656 3093 ita
1698 3054 1908 3111 quoque
1949 3037 2158 3109 profes-

566 3130 718 3185 sione
747 3130 1068 3186 monstrabis
1128 3128 1185 3185 Si
1214 3139 1392 3185 autem
1431 3129 1683 3185 nudatum
1713 3145 1948 3185 errorem
1996 3145 2157 3200 pave-

566 3233 739 3280 sceus.
796 3218 995 3275 dixeris
1057 3218 1370 3289 Apostolum
1435 3220 1651 3275 nomine
1713 3219 2156 3291 concupiscentia

565 3310 741 3366 carnis
760 3320 814 3366 et
837 3310 1110 3366 oculorum
1132 3311 1596 3380 concupiscentiae,
1622 3319 1676 3367 et
1700 3312 1915 3366 nomine
1940 3309 2148 3377 mundi,

566 3416 669 3454 non
700 3415 790 3456 res
817 3400 979 3469 ipsas,
1010 3415 1129 3470 quae
1165 3414 1285 3455 cum
1313 3401 1448 3454 intra
1483 3414 1769 3456 concessos
1806 3399 1940 3455 fines
1967 3408 2156 3455 tenen-

564 3498 671 3556 tur,
705 3491 950 3546 iunocua:
972 3498 1135 3556 sunt;
1165 3504 1285 3546 cum
1314 3498 1490 3545 autem
1520 3489 1572 3545 in
1601 3489 1778 3544 illicita
1811 3497 2152 3559 procurrunt,

563 3578 695 3635 fiunt
737 3570 1204 3651 reprchensibiles,
1250 3579 1535 3635 adnotasse
1569 3597 1583 3633 :
1614 3579 1871 3647 clarebit,
1916 3578 2059 3650 quod
2101 3579 2155 3634 in

564 3671 736 3740 primo
778 3686 941 3741 opere
985 3671 1211 3741 egimus,
1259 3670 1705 3741 concupiscentiae
1749 3658 2019 3724 naturalis
2046 3683 2154 3724 non

560 3777 749 3832 genus,
778 3776 884 3815 non
923 3760 1176 3831 speciem,
1210 3777 1316 3815 non
1348 3760 1583 3822 modum,
1613 3759 1705 3814 sed
1733 3774 2011 3835 excessum
2041 3767 2156 3812 tau—

562 3853 755 3907 tumin
794 3852 1003 3921 culpam
1030 3852 1233 3906 venire.
1275 3852 1446 3920 Atque
1487 3850 1609 3905 ideo
1650 3850 1753 3904 hoc
1794 3849 2154 3904 testimonium

564 3944 805 4013 Apostoli
846 3944 898 3997 in
930 3943 1189 4013 reliquum
1222 3942 1480 4012 pudenter
1506 3950 1711 4006 caveto,
1744 3956 1812 3996 ne
1838 3941 1966 3995 illud
1992 3940 2036 3995 si
2070 3942 2155 3997 vel

564 4033 665 4088 levi
682 4034 1186 4089 commemoratione
1209 4033 1480 4103 pollueris,
1499 4033 1746 4088 defensus
1765 4032 1976 4104 quidem
1995 4032 2150 4101 nihil,

567 4125 836 4194 propalam
867 4138 996 4179 vero
1037 4123 1277 4195 proditus
1319 4124 1630 4194 approberis
1656 4126 1698 4178 ⁸.
1738 4162 1755 4171 -
2092 4116 2095 4117 ⁷

634 4218 771 4272 Auc.
812 4214 943 4282 Sed,
989 4215 1148 4271 homo
1173 4216 1524 4280 contentiose,
1558 4215 1745 4270 modus
1773 4215 2153 4285 concupiscen-

509 4327 520 4343 ί
562 4307 673 4371 tim,
704 4321 862 4375 quem
888 4305 1022 4360 dicis
1050 4320 1168 4360 ease
1196 4320 1532 4371 concessum,
1562 4314 1690 4360 tunc
1730 4321 1835 4359 non
1864 4313 2107 4359 servatur
2133 4345 2148 4370 ,

563 4399 775 4471 quando
802 4376 875 4454 illi
902 4398 1192 4468 impellenti
1222 4399 1554 4453 consentitur
1602 4408 1694 4453 aut
1717 4398 1943 4465 ceditur,
1971 4406 2026 4452 et
2049 4397 2155 4452 itur

564 4489 618 4544 in
644 4494 758 4558 ejus
783 4501 1061 4543 excessum
1095 4503 1110 4539 :
1140 4501 1245 4557 quo
1272 4494 1329 4541 ut
1356 4501 1461 4541 non
1487 4495 1661 4553 eatur,
1700 4486 1965 4541 resistitur
1988 4485 2149 4541 malo.

561 4578 691 4646 Quis
715 4578 857 4632 enim
896 4575 1102 4631 dubitet
1128 4574 1320 4630 malum
1349 4590 1467 4631 esse
1493 4577 1537 4640 ³,
1570 4576 1653 4631 cui
1693 4575 1736 4631 si
1765 4575 2005 4642 obedias,
2035 4589 2150 4629 ma-

560 4663 669 4717 lum
701 4661 864 4727 facis;
898 4660 943 4715 si
967 4674 1250 4732 repugnes,
1280 4662 1472 4716 bonum
1495 4658 1519 4714 ἲ
1542 4659 1643 4728 Qui
1669 4674 1797 4731 ergo
1818 4659 1928 4715 vult
1949 4668 2151 4730 tempe-

560 4763 739 4809 ranter
779 4752 985 4818 vivere,
1029 4766 1133 4806 non
1177 4751 1476 4807 consentiat
1500 4750 1642 4805 malo
1679 4750 1819 4821 quod
1848 4749 2066 4815 laudas;
2096 4757 2151 4805 et

558 4846 647 4913 qui
681 4844 795 4899 vult
825 4842 1050 4899 tidcliter
1072 4843 1267 4909 vivere,
1299 4856 1403 4899 non
1444 4842 1537 4898 tibi
1564 4842 1859 4899 consentiat
1882 4858 2002 4899 cum
2034 4856 2150 4898 ma-

561 4933 669 4988 lum
696 4934 917 4989 laudas:
948 4932 1171 5004 proinde
1197 4940 1255 4988 ut
1286 4946 1382 4988 vos
1423 4940 1628 4999 caveat,
1658 4931 2146 5003 concupiscentiam

559 5023 971 5078 carnismalum
1017 5037 1137 5078 esse
1165 5021 1333 5090 sciat;
1365 5032 1423 5077 ut
1465 5030 1642 5078 autem
1683 5031 1739 5078 et
1761 5037 1857 5078 vos
1901 5032 1958 5078 et
1982 5020 2151 5076 Mani-

562 5112 767 5180 clueos,
795 5113 938 5169 unde
963 5114 1033 5168 sit
1058 5113 1212 5170 sciat.

636 5220 827 5276 XXVI.
867 5221 989 5278 Jun.
1030 5220 1256 5279 Exercui
1296 5223 1438 5278 hunc
1463 5222 1637 5278 locum
1662 5223 1719 5279 in
1744 5223 1977 5280 secundo
2004 5223 2147 5297 prio-

562 5312 638 5367 ris
685 5312 863 5381 operis
907 5310 1108 5378 libello,
1158 5320 1320 5384 atque
1366 5312 1598 5379 ostendi,
1642 5313 1793 5385 prius
1837 5314 1888 5369 in
1932 5314 2147 5372 homine

560 5402 1043 5473 concupiscentiam
1071 5403 1246 5458 carnis
1272 5418 1390 5474 quae
1434 5403 1666 5473 speciem
1692 5405 1714 5438 ³
1742 5405 1915 5461 irritat
1940 5408 2145 5477 saporis

627 5538 643 5569 ι
679 5534 815 5595 Edili,
838 5546 925 5597 per
968 5531 1132 5605 palam
1159 5532 1828 5605 veronperditurapparebis.
1866 5539 2145 5589 Concinnior

562 5607 743 5656 nostra,
782 5592 893 5669 qua;
917 5592 1142 5645 veterum
1165 5601 1243 5645 est
1262 5592 1513 5664 lilii-0mm,
1536 5592 1695 5650 lectio.

627 5661 645 5689 '
677 5658 981 5725 yigmertus:
1033 5654 1159 5725 ouis
1181 5654 1308 5725 enirn
1331 5654 1516 5707 dabunt
1556 5672 1686 5725 esse;
1729 5660 1904 5712 ornisso
1941 5658 2139 5724 malum,

564 5718 694 5779 quod
718 5717 825 5768 érat
848 5718 897 5767 in
921 5717 1274 5779 manuscriptis.

624 5782 646 5812 ³
678 5786 729 5829 In
751 5784 879 5841 δίει,
902 5790 1055 5843 spem.
1084 5774 1230 5828 Locus
1252 5774 1519 5841 perplexus
1542 5789 1592 5833 et
1614 5782 1922 5850 depravatus.

1302 372 1547 430 OPERIS
1586 370 1994 431 lMPERFECTl
2032 325 2305 424 CONTRA
2340 368 2697 435 JUUANUM,
2738 370 2795 426 S.
2837 370 3197 429 AUGUSTINI

2221 467 2226 471 ’
2276 490 2328 537 ct
2354 482 2624 537 oculorum
2666 483 2847 549 fuisse,
2878 501 3032 554 quam
3060 487 3288 557 culpam.

3714 384 3845 443 {352

2344 575 2477 630 Anc.
2520 574 2650 628 Iluic
2675 576 2809 630 libro
2836 587 2923 631 tuo
2951 578 3202 640 secundo.
3228 579 3356 636 satis
3384 584 3632 652 respondi
3660 602 3845 658 quarto

2274 678 2413 717 meo.
2444 663 2574 718 Nam
2619 667 2754 721 sicut
2797 667 2888 730 ibi,
2929 668 2999 723 ita
3027 680 3079 723 ct
3123 669 3208 725 hic
3255 672 3423 741 garris
3467 673 3664 732 inania.
3692 680 3844 739 Nullo

2273 753 2412 807 enim
2456 761 2614 809 modo
2655 756 2952 820 ostendisti,
2990 760 3472 828 concupiscentiam
3517 769 3713 835 carnis,
3744 788 3841 842 qua

2271 858 2395 899 caro
2423 846 2745 916 concupiscit
2774 847 3030 903 adversus
3058 850 3319 920 Spiritum,
3366 854 3509 922 prius
3535 855 3586 911 in
3634 858 3843 918 homine

2272 953 2390 994 esse
2409 942 2655 1010 cmpisse,
2687 957 2844 1012 quam
2872 943 3099 1013 culpam.
3131 943 3394 1017 Quidquid
3417 948 3544 1004 illud
3574 962 3676 1019 est,
3703 958 3841 1025 quod

2270 1030 2376 1086 duo
2406 1032 2477 1087 illi
2508 1032 2749 1088 homines
2777 1044 2895 1104 post
2922 1040 3196 1105 peCcatum
3230 1037 3279 1091 in
3308 1040 3561 1096 membris
3586 1045 3696 1105 suis
3724 1062 3843 1100 sen-

2270 1133 2453 1179 serunt
2497 1141 2714 1191 novum,
2743 1126 2882 1182 unde
2911 1127 3081 1197 pudor
3116 1144 3298 1184 eorum
3342 1131 3583 1201 pudenda
3611 1139 3841 1193 contexit

2274 1213 2421 1284 (Gen.
2447 1231 2521 1274 III.
2553 1217 2638 1286 7),
2668 1218 2847 1286 procul
2875 1216 3038 1271 dubio
3062 1219 3213 1288 culpa
3242 1223 3527 1276 contraxit.

2344 1304 2550 1359 XXVII.
2581 1306 2695 1361 Jun.
2733 1306 2829 1361 Hic
2867 1317 3041 1361 tamen
3081 1310 3379 1364 necessario
3423 1312 3609 1382 exigo,
3648 1315 3836 1385 quibus

2271 1394 2362 1449 tibi
2386 1394 2607 1450 somniis
2633 1396 2919 1451 revelatum
2947 1397 3033 1462 sit,
3062 1405 3119 1451 ut
3138 1399 3351 1454 nomine
3369 1403 3837 1472 concupiscentia,

2267 1486 2571 1540 coeuntium
2618 1487 2890 1542 libidinem
2930 1486 3213 1543 indicatam
3245 1500 3478 1560 putares.
3507 1491 3677 1548 Salvis
3702 1496 3836 1551 enim

2267 1577 2495 1646 opibus‘
2537 1578 2808 1646 veritatis,
2857 1593 2988 1650 quas
3032 1579 3317 1650 disputatio
3361 1582 3517 1653 longa
3564 1572 3834 1655 patefecit,

2269 1673 2514 1736 putemus
2538 1667 2761 1723 necdum
2793 1668 3069 1735 claruisse,
3098 1669 3165 1724 ad
3193 1669 3437 1726 eumdem
3467 1683 3732 1731 auctorem
3756 1684 3835 1732 at-

2267 1758 2437 1813 tiner'c
2465 1768 2652 1814 sensus
2679 1761 2855 1816 carnis
2878 1802 2893 1829 ,
2943 1761 3009 1817 ad
3035 1777 3192 1834 quem
3221 1763 3337 1832 ejus
3365 1763 3533 1821 forma
3564 1770 3831 1838 pertineat.

2335 1850 2468 1905 Auc.
2489 1850 2592 1905 Alii
2613 1859 2736 1907 sunt
2761 1852 2938 1907 carnis
2967 1868 3179 1920 sensus,
3201 1855 3393 1925 quibus
3412 1871 3536 1911 caro
3557 1862 3829 1929 praesentia

2264 1941 2558 2010 corporalia
2588 1942 2794 2012 spiritui
2821 1943 3047 2015 quodam
3073 1946 3231 2001 modo
3260 1947 3495 2012 nuntiat;
3527 1956 3580 2004 et
3604 1950 3690 2005 alii
3718 1962 3834 2007 sunt

2263 2031 2493 2087 carnalis
2518 2033 2961 2104 concupiscentia:
2986 2044 3188 2101 motus,
3225 2036 3414 2106 quibus
3439 2052 3565 2093 caro
3588 2039 3835 2095 adversus

2263 2122 2507 2191 spiritum
2537 2126 2918 2196 concupiscens
2957 2127 3009 2181 in
3026 2133 3261 2198 qumque
3294 2129 3474 2184 illicita
3503 2142 3657 2202 atque
3686 2132 3835 2187 inbo-

2264 2222 2413 2267 nesta
2443 2215 2754 2286 praecipitat,
2781 2216 2882 2271 nisi
2903 2216 3160 2272 adversus
3178 2233 3294 2273 eam
3315 2220 3470 2274 etiam
3493 2225 3603 2291 ipse
3627 2223 3835 2293 spiritus

2262 2304 2602 2374 concupiscat
2632 2324 2645 2359 :
2680 2321 2799 2375 qua:
2844 2306 3107 2362 discordia
3149 2308 3326 2364 carnis
3370 2319 3423 2364 et
3460 2311 3701 2381 spiritus,
3731 2315 3833 2369 neu

2262 2398 2487 2451 creatori
2517 2400 2692 2452 carnis
2721 2407 2811 2453 aut
2844 2414 3032 2454 sensus
3052 2439 3068 2467 ,
3115 2400 3207 2455 sed
3240 2401 3377 2455 malo
3406 2403 3608 2457 suasori
3646 2413 3698 2459 et
3737 2404 3831 2458 ho-

2263 2487 2390 2539 mini
2423 2488 2811 2556 prmvarieatori
2842 2489 3089 2545 tribuitur
3112 2489 3178 2546 ab
3205 2491 3304 2558 eis,
3336 2507 3557 2561 quorum
3584 2492 3687 2550 fide
3710 2510 3830 2551 sana

2262 2591 2414 2631 error
2442 2577 2656 2633 insanus
2676 2579 3074 2652 Pelagianorum
3096 2588 3150 2635 et
3176 2580 3584 2637 Munichuzorum
3609 2583 3826 2640 damna-

2264 2673 2370 2721 tur.

2332 2755 2570 2812 XXVIII.
2612 2757 2732 2813 Jun.
2774 2757 2878 2814 Sed
2920 2760 2965 2814 si
3012 2760 3113 2816 hoc
3152 2761 3379 2832 fingatur
3413 2761 3744 2833 ambiguum,
3784 2773 3832 2820 te

2259 2847 2512 2902 continuo
2536 2848 2862 2904 crassissima
2884 2848 3027 2905 dubii
3054 2850 3221 2907 nubes
3243 2851 3494 2907 involvet.
3516 2852 3626 2908 liae
3644 2854 3832 2925 quippe

2258 2937 2687 3008 concupiscentia
2742 2939 2920 2994 carnis
2976 2941 3176 2996 nullum
3233 2942 3473 2998 absolute
3524 2945 3828 3014 genitalium

2260 3033 2471 3084 tenetur
2506 3028 2821 3084 indicium'.
2857 3032 3034 3086 Dicam
3074 3044 3201 3102 ergo
3241 3045 3398 3088 aures
3435 3030 3537 3088 hoc
3582 3034 3832 3091 vocabulo

2257 3118 2527 3174 variorum
2554 3119 2795 3176 sitientes
2822 3121 3115 3176 carminum
3140 3120 3443 3191 verberari,
3471 3121 3642 3178 dicam
3670 3125 3830 3180 casti-

2255 3208 2371 3281 gari
2399 3223 2430 3264 a
2458 3219 2642 3265 sancto
2667 3209 2872 3266 Joanne
2896 3211 3204 3267 helluonum
3235 3213 3466 3284 palatum
3488 3254 3504 3282 ,
3534 3214 3701 3270 dicam
3721 3216 3831 3272 cul-

2258 3302 2373 3373 pari
2412 3302 2815 3358 immorientes'
2840 3303 3092 3360 odoribus
3134 3319 3319 3371 nares;
3365 3313 3530 3360 totum
3569 3315 3831 3376 postremo

2259 3404 2453 3464 prmter
2478 3393 2530 3449 id
2567 3393 2709 3464 quod
2741 3402 2797 3449 tu
2830 3394 3103 3450 arbitraris
3130 3411 3144 3448 :
3170 3393 3337 3450 libera
3366 3404 3449 3450 est
3485 3395 3707 3461 electio,
3741 3396 3830 3452 ubi

2257 3481 2504 3552 specialis
2533 3483 2677 3538 verbi
2708 3483 2853 3538 nulla
2882 3498 3130 3555 pressura
3160 3491 3267 3539 est.
3297 3486 3400 3539 Aut
3427 3499 3554 3556 ergo
3587 3500 3717 3557 nega
3741 3486 3830 3541 illa

2256 3589 2376 3644 quae
2394 3574 2622 3630 diximus
2640 3575 2970 3646 concupisci;
2994 3586 3047 3631 et
3060 3574 3319 3644 inficiarc,
3342 3585 3401 3631 ut
3420 3576 3579 3645 soles,
3597 3578 3829 3633 omnium

2256 3667 2596 3722 conscientia:
2620 3686 2633 3721 :
2655 3676 2745 3722 aut
2772 3667 2818 3721 si
2848 3667 3072 3723 necdum
3117 3681 3182 3723 co
3208 3682 3375 3738 usque
3404 3667 3719 3738 impudentia
3747 3668 3829 3724 in-

2257 3756 2459 3824 ealluit,
2491 3766 2548 3812 ut
2575 3758 2659 3812 his
2684 3766 2909 3813 conetur
2936 3757 3125 3823 obniti,
3156 3758 3419 3813 assentire
3443 3757 3828 3814 damnationem

2255 3847 2872 3918 genitalis-iucunditatis
2897 3862 2997 3903 nec
3022 3848 3075 3903 in
3105 3848 3440 3904 sermonibus
3467 3848 3708 3904 inveniri.

2328 3938 2460 3994 Anc.
2485 3937 2561 3993 Ita
2580 3938 2681 3993 huc
2700 3937 2854 4004 dicis,
2872 3938 3024 4009 quasi
3049 3952 3147 3992 nos
3166 3938 3640 4009 concupiscentiam
3658 3936 3831 3993 carnis

2257 4030 2311 4086 in
2355 4030 2522 4086 solam
2571 4030 2896 4100 voluptatem
2942 4029 3251 4102 genitalium
3302 4030 3539 4086 dicamus
3586 4038 3825 4085 mstuare.

2256 4121 2482 4177 Prorsus
2524 4122 2576 4177 in
2619 4136 2952 4192 quocumque
2998 4123 3237 4192 corporis
3283 4136 3443 4177 sensu
3485 4136 3609 4178 caro
3648 4131 3828 4177 contra

2256 4212 2503 4282 spiritum
2550 4211 2905 4282 concupiscit,
2948 4212 3061 4282 ipsa
3105 4212 3555 4282 cognosciturzet
3584 4212 3828 4281 quoniam

2257 4302 2302 4356 si
2345 4316 2450 4356 non
2491 4301 2746 4356 adversus
2774 4317 2890 4356 eam
2920 4303 3137 4371 spiritus
3165 4300 3350 4356 fortius
3377 4302 3737 4372 concupiscat,
3762 4302 3827 4357 ad

2257 4389 2394 4445 mala
2447 4390 2768 4463 pertrahit,‘
2801 4392 2996 4446 malum
3047 4406 3167 4446 esse
3213 4392 3560 4446 convincitur.
3614 4392 3829 4463 Propter

2258 4481 2428 4551 ipsam
2472 4481 2745 4550 Scriptura
2787 4481 2914 4536 dicit
2948 4499 2962 4535 :
2997 4481 3228 4552 Nequius
3274 4483 3417 4537 oculo
3458 4483 3578 4553 quid
3614 4492 3829 4537 creatum

2253 4581 2327 4626 est
2352 4569 2538 4645 (Eccli.
2570 4589 2701 4628 χχχι
2725 4615 2739 4638 ,
2772 4572 2904 4647 15)ἳ
2932 4575 2997 4630 Εῑ
3023 4575 3204 4645 utique
3233 4575 3443 4630 oculum
3464 4617 3481 4643 ,
3508 4591 3613 4631 non
3640 4576 3825 4647 nequi-

2256 4662 2416 4728 tiam,
2447 4664 2648 4720 creavit
2680 4664 2917 4720 omnium
2948 4674 3158 4720 creator
3200 4665 3338 4721 Deus
3378 4674 3433 4721 et
3470 4680 3746 4738 corporum
3775 4674 3828 4720 et

2254 4770 2526 4811 sensuum.
2546 4755 2685 4813 Ecce
2704 4756 2842 4812 unde
2873 4757 3132 4827 intelligas
3157 4755 3222 4829 (si
3244 4757 3448 4813 veritati
3468 4773 3572 4814 non
3595 4757 3826 4827 resistas)

2254 4846 2428 4905 inesse
2473 4848 2674 4904 malum
2720 4858 2921 4905 naturae
2958 4858 3178 4916 nostrae,
3222 4850 3381 4905 etiam
3424 4859 3546 4906 cum
3589 4859 3823 4915 creatur,

2251 4937 2492 5009 quamvis
2517 4948 2729 4994 creetur
2766 4954 2797 4994 a
2835 4938 2977 4996 bono
3005 4938 3142 4995 bene
3171 4937 3393 4995 bonum.
3436 4938 3541 4996 Sed
3589 4938 3724 4995 unde
3760 4940 3828 4994 sit

2254 5028 2357 5086 hoc
2386 5030 2603 5097 malum,
2633 5030 2781 5087 disce
2805 5031 2874 5086 ab
2899 5030 3209 5098 Ambrosio,
3239 5046 3307 5087 ne
3333 5030 3400 5087 ad
3427 5031 3605 5098 aliam,
3637 5029 3687 5086 id
3715 5040 3824 5095 est,

2251 5122 2375 5176 mali
2403 5132 2642 5178 naturam
2670 5122 3105 5179 introducendam
3134 5122 3245 5180 Deo
3270 5131 3614 5198 maternam,
3642 5121 3828 5178 suffra-

2250 5213 2391 5284 gium
2413 5214 2652 5283 praebeas
2674 5213 2984 5270 Manichteo.

2320 5303 2512 5359 XIIX.
2538 5302 2657 5359 JUL.
2676 5302 2813 5371 Quid
2837 5319 2965 5376 ergo
2981 5304 3073 5360 tibi
3089 5303 3337 5376 opitulari
3358 5312 3549 5376 potest,
3573 5302 3709 5374 quod
3731 5317 3829 5373 ego

2250 5394 2387 5450 inter
2424 5395 2855 5452 commixtionem
2904 5411 3164 5464 sexuum,
3210 5395 3584 5453 fecunditatem
3626 5409 3825 5451 coeun-

2251 5486 2404 5552 tium,
2427 5486 2570 5540 nolui
2586 5486 3029 5557 concupiscentiae
3057 5487 3270 5545 nomine
3292 5487 3547 5556 lacerare,
3570 5500 3688 5544 cum
3709 5504 3828 5548 eam

2314 5662 2331 5734 Ξ
2365 5660 2439 5734 ξίο
2455 5665 2565 5734 ἔξει
2591 5659 3174 5734 φίιίβειιρωιρρενδθω·

2310 5723 2331 5754 ¹
2362 5727 2436 5770 Stc
2455 5727 2562 5772 Ilss.
2584 5728 2638 5772 At
2659 5723 2797 5779 editi,
2820 5723 3072 5777 iudicium.

2314 5785 2334 5817 ³
2358 5790 2511 5845 Forte,
2530 5781 2851 5835 immerentes.
