4124 6514
235 419 238 426 ι
298 375 436 438 1353

297 509 396 550 nec
419 500 473 546 tu
491 505 612 546 cum
641 486 931 544 Manichaee
953 480 1268 540 diabolicam
1293 475 1526 549 potueris
1545 471 1872 543 approbare;

296 595 352 642 et
373 587 482 654 jam
508 582 622 654 ipsa
651 579 942 652 praemissae
966 572 1334 645 disputationis
1363 563 1739 637 consequentia
1767 561 1879 614 ela-

298 679 515 743 ruisset,
537 675 604 730 ad
629 671 868 744 ejusdem
897 683 1111 740 operam
1140 677 1419 720 recurrere
1447 673 1661 716 sensum
1694 654 1841 708 illum
1862 693 1878 718 ,

299 785 406 843 quo
432 768 841 824 commixtorum
872 775 1066 832 corpus
1093 757 1352 843 afficitur,
1395 753 1460 808 ad
1485 751 1638 821 cujus
1663 745 1881 803 institu-

241 907 254 923 κ
302 841 502 920 tionem
523 874 769 930 corpora,
797 854 1040 925 eonjugia
1067 841 1268 906 semina
1289 843 1648 903 referrentur?
1844 926 1858 940 .

372 956 508 1009 Aac.
536 953 652 1007 Alia
682 957 765 1003 est
789 947 869 1002 vis
896 942 1191 1006 sentiendi,
1239 939 1380 994 aliud
1422 936 1606 991 vitium
1635 936 1889 999 concupi-

303 1044 486 1101 scendi
515 1062 528 1098 :
552 1043 800 1097 discerne
827 1037 934 1093 duo
961 1037 1058 1090 ista
1084 1033 1366 1103 diligenter
1384 1070 1400 1095 ,
1443 1027 1548 1082 noli
1586 1039 1766 1079 errare
1795 1020 1891 1076 de-

304 1136 566 1191 formiter.
593 1133 704 1185 Alia
724 1138 828 1192 est,
849 1129 1087 1198 inquam,
1111 1124 1188 1178 vis
1215 1119 1501 1184 sentiendi,
1531 1114 1676 1170 aliud
1704 1112 1889 1167 vitium

305 1223 735 1296 concupiscendi.
766 1221 908 1291 Lege
934 1216 1310 1288 Evangelium:
1337 1212 1439 1277 Qui
1462 1209 1660 1273 viderit,
1688 1203 1890 1275 inquit,

308 1320 568 1374 mulierem
603 1315 670 1368 ad
705 1311 1158 1383 concupiscendum
1185 1323 1326 1373 eam,
1360 1305 1475 1374 jam
1518 1299 1792 1354 mmcltatus
1819 1305 1894 1349 est

307 1428 416 1466 eam
442 1411 495 1464 in
520 1409 670 1463 corde
694 1423 786 1462 sua
813 1404 1024 1478 (Matth.
1054 1419 1104 1467 v,
1139 1400 1232 1473 28)
1255 1418 1268 1452 :
1305 1415 1410 1453 non
1433 1395 1592 1460 dixit,
1618 1392 1718 1460 Qui
1744 1388 1894 1444 vide-

307 1503 397 1569 rit,
442 1500 582 1572 quod
620 1509 704 1555 est
740 1498 938 1552 sentire
983 1511 1076 1562 per
1115 1508 1239 1548 eum
1286 1503 1501 1545 sensum
1541 1482 1779 1555 corporis
1807 1478 1896 1550 qui

308 1595 504 1648 dicitur
527 1592 696 1656 visus;
728 1588 844 1653 sed,
875 1587 962 1659 qui
985 1585 1184 1650 viderit,
1215 1581 1406 1652 inquit,
1439 1578 1506 1631 ad
1529 1575 1897 1646 concupiscen-

311 1685 432 1739 dum
452 1725 466 1748 ,
509 1683 650 1754 quod
681 1689 763 1737 est
793 1679 973 1734 videre
1006 1676 1072 1730 ad
1110 1675 1328 1739 malum.
1371 1672 1528 1729 Visus
1553 1682 1681 1738 ergo
1710 1679 1900 1722 sensus

312 1777 489 1831 carnis
527 1784 609 1830 est
653 1767 1304 1839 bannszconcupiseentia
1333 1779 1462 1819 vero
1505 1762 1682 1818 carnis
1725 1768 1902 1815 motus

316 1877 402 1923 est
445 1866 638 1921 malus.
670 1864 787 1933 Quo
816 1864 958 1918 malo
987 1862 1031 1917 si
1059 1861 1194 1916 bene
1221 1859 1386 1914 utitur
1410 1855 1752 1926 conjugatus,
1796 1868 1902 1908 non

319 1975 442 2014 eum
482 1959 683 2013 bonum
723 1955 882 2020 facit;
909 1953 1002 2008 sed
1041 1951 1189 2022 operi
1218 1951 1359 2006 bono
1385 1947 1587 2003 servire
1610 1944 1901 2014 compellit.

323 2051 471 2106 Facit
495 2048 637 2104 enim
669 2045 882 2102 nonnisi
907 2043 1033 2101 boni
1056 2042 1252 2115 aliquid
1278 2051 1334 2097 et
1356 2056 1452 2112 per
1481 2040 1674 2110 ipsum,
1701 2038 1746 2092 si
1772 2036 1905 2092 nihil

320 2141 478 2196 faciat
507 2148 725 2209 propter
751 2138 922 2208 ipsum
948 2153 961 2188 :
983 2135 1028 2190 si
1056 2144 1233 2189 autem
1265 2132 1424 2187 faciat
1448 2129 1667 2202 aliquid,
1699 2128 1793 2184 sed
1821 2137 1905 2183 ta-

324 2245 446 2284 men
473 2231 524 2283 in
554 2227 811 2299 conjuge,
841 2234 1056 2297 prapter
1083 2224 1253 2294 ipsum
1274 2264 1290 2290 ,
1319 2237 1425 2276 non
1447 2220 1496 2276 ei
1523 2220 1730 2275 veniam
1757 2219 1909 2274 daret

320 2320 608 2391 Apostolus
644 2319 812 2390 gratia
857 2317 1158 2388 nuptiarutn
1205 2313 1262 2386 (l
1295 2312 1415 2370 Car.
1456 2327 1552 2379 vn,
1600 2310 1680 2384 6),
1713 2309 1760 2366 si
1801 2323 1906 2364 non

319 2421 634 2482 agnosceret
657 2427 776 2466 CSSO
803 2421 1100 2480 peccatum.

393 2500 564 2558 XXX.
605 2503 724 2558 Jun.
766 2502 1050 2572 Oporteret
1085 2497 1303 2570 quidem
1347 2495 1479 2552 nihil
1522 2502 1643 2566 post
1678 2491 1908 2564 primum

322 2611 478 2666 apns,
507 2596 646 2666 quod
673 2594 740 2648 ad
771 2599 1015 2648 sanctum
1051 2591 1398 2648 Turbantium
1433 2587 1606 2653 edidi,
1635 2600 1800 2656 super
1821 2599 1914 2639 nc-

323 2690 556 2744 cessat-io
601 2686 922 2743 naturalium
972 2683 1176 2755 pudore
1216 2681 1512 2744 disserere;
1557 2677 1679 2748 quia
1722 2675 1793 2732 ibi
1839 2675 1912 2729 ita

327 2780 480 2849 plene
503 2787 677 2832 actum
705 2786 784 2831 est
803 2817 819 2842 ,
869 2784 927 2830 nt
953 2775 1053 2829 nisi
1079 2773 1336 2843 depositis
1361 2770 1581 2825 omnino
1609 2766 1911 2834 mentibus,

326 2867 459 2924 nihil
490 2869 613 2924 hinc
638 2868 805 2937 possit
829 2864 1187 2934 ambiguitatis
1210 2861 1432 2916 aboriri.

395 2963 534 3016 Aac.
556 2959 783 3014 Sanctus
799 2956 934 3009 forte
952 2951 1296 3016 Turbantius,
1319 2951 1435 3020 ipso
1454 2964 1618 3019 opere
1640 2957 1731 3003 tuo
1751 2948 1913 3013 lecto,

324 3051 468 3121 quod
500 3049 565 3103 ad
593 3063 713 3103 eum
743 3054 795 3101 te
821 3045 1100 3114 scripsisse
1139 3056 1548 3106 commemoras,
1595 3041 1760 3095 etiam
1786 3053 1914 3110 pro-

327 3151 510 3212 pterea
541 3141 592 3194 in
623 3137 938 3193 catholicam
979 3133 1136 3189 fidem
1169 3131 1476 3203 respiravit,
1503 3132 1755 3202 quoniam
1781 3139 1836 3186 te
1860 3129 1914 3185 in

327 3231 418 3287 tali
445 3246 602 3288 causa
627 3228 888 3285 defecisse
917 3227 1185 3298 cognovit.

398 3321 593 3379 XXXI.
620 3321 741 3377 Jun.
767 3320 969 3375 Tamen
995 3333 1118 3374 cum
1143 3316 1394 3373 defensor
1417 3313 1649 3371 traducis
1673 3329 1741 3370 ne
1770 3310 1917 3370 tenui

327 3415 544 3487 quidem
567 3409 734 3483 possit
757 3411 826 3466 ab
851 3426 917 3465 eo
946 3425 1121 3481 ungue
1147 3407 1451 3474 deﬂectere,
1481 3421 1765 3478 meumque
1792 3403 1919 3461 rhe-

332 3506 496 3562 torica
523 3502 785 3574 elegantia
813 3501 996 3572 fatiget
1022 3500 1278 3572 pudorem
1299 3541 1316 3565 ,
1358 3515 1454 3554 cur
1476 3498 1705 3555 diversis
1744 3499 1922 3555 homi-

331 3598 521 3654 nibus‘
555 3596 826 3666 negotium
873 3594 1044 3664 ipsum
1088 3592 1482 3648 commixtionis
1507 3591 1658 3662 juvat
1699 3591 1824 3646 hinc
1857 3605 1920 3647 ea

332 3705 450 3760 qua:
480 3688 641 3744 rebus
667 3687 802 3742 actis
826 3686 1096 3751 convenit,
1128 3682 1383 3756 parcitate
1411 3683 1744 3739 decernere?
1769 3684 1836 3738 Et
1869 3684 1921 3745 in

334 3781 433 3835 hoc
458 3795 585 3851 ergo
609 3780 744 3845 loco,
773 3787 828 3834 et
853 3777 905 3833 in
933 3774 1293 3841 inferioribus,
1322 3776 1409 3830 ubi
1437 3792 1535 3847 ego
1560 3774 1670 3831 dixi
1692 3819 1706 3842 ,
1743 3794 1762 3828 ι
1787 3776 1920 3830 Pra-

333 3882 442 3940 pter
465 3870 560 3925 hoc
586 3870 830 3941 relinquet
859 3870 1009 3923 homo
1050 3879 1243 3939 patrem
1279 3877 1327 3921 et
1357 3877 1587 3934 matrem,
1616 3877 1659 3921 et
1689 3869 1922 3922 adharre-

334 3971 434 4016 scet
465 3959 642 4024 uxori;
673 3971 719 4014 et
747 3970 894 4015 erunt
935 3964 1036 4014 duo
1080 3959 1131 4013 in
1175 3976 1328 4013 carne
1370 3976 1472 4013 una
1499 3956 1650 4030 (Gen.
1686 3976 1744 4026 ιι,
1790 3959 1923 4028 2b):

337 4064 394 4107 ιιι
427 4053 754 4124 exprimeret
779 4051 935 4107 fidem
976 4067 1198 4121 apernm
1225 4049 1484 4122 propheta
1515 4066 1684 4121 prope
1711 4051 1924 4120 pericu-

336 4145 444 4199 lum
478 4144 694 4214 pudoris
719 4143 973 4208 accessit;
1003 4161 1022 4195 ι
1073 4143 1223 4214 quasi
1269 4142 1500 4212 praedam
1539 4141 1813 4196 inveniens
1837 4157 1928 4212 ge-

337 4237 452 4302 stit,
475 4235 725 4298 exsultat.
747 4244 802 4290 et
833 4235 1028 4290 clamat
1053 4251 1066 4286 :
1091 4234 1277 4303 Aperta
1296 4250 1525 4304 prorsus,
1551 4243 1598 4288 et
1618 4235 1665 4287 vi
1685 4234 1924 4299 veritatis,

336 4326 542 4396 inquit,
577 4334 768 4379 extorta
804 4322 1091 4394 confessio!
1118 4321 1332 4378 Dicatur
1359 4342 1533 4391 causa,
1565 4342 1654 4378 cur
1677 4326 1730 4378 in
1756 4326 1928 4394 expri-

337 4416 534 4470 mendis
559 4415 788 4487 operibus
816 4416 931 4483 Dei,
957 4418 1207 4489 propheta
1235 4434 1391 4488 prope
1415 4419 1694 4489 periculum
1723 4419 1931 4491 pudoris

337 4513 620 4567 accesserit.
657 4511 804 4566 ltane
835 4528 951 4567 vero
991 4513 1214 4566 humana
1242 4527 1394 4582 Opera
1421 4512 1658 4582 pudenda
1692 4529 1798 4566 esse
1831 4530 1932 4566 non

340 4604 551 4669 debent,
596 4603 684 4658 sed
711 4604 864 4676 plane
887 4595 1184 4676 glorianda,
1226 4614 1272 4658 et
1310 4604 1479 4657 divina
1509 4605 1745 4674 pudenda
1778 4607 1934 4660 sunt?

342 4695 492 4751 Itane
521 4714 635 4752 cera
661 4695 715 4751 in
743 4696 1030 4767 eloquendis
1070 4706 1118 4750 et
1146 4697 1484 4766 exprimendis
1521 4697 1752 4768 operibus
1799 4697 1931 4764 Dei,

343 4806 444 4844 non
467 4790 746 4842 honoratur
770 4789 1030 4858 propheta:
1058 4786 1136 4841 vel
1156 4805 1298 4841 amor
1319 4789 1396 4842 vel
1425 4789 1586 4854 labor,
1613 4789 1701 4842 sed
1727 4791 1933 4859 pericli-

344 4892 481 4935 tatur
505 4879 706 4950 pudar?
749 4880 884 4948 Quid
913 4880 1044 4934 enim
1074 4879 1231 4950 patuit
1272 4879 1407 4932 Deus
1446 4881 1630 4952 facere,
1660 4881 1797 4949 quod
1823 4882 1934 4949 ejus

346 4972 726 5042 praedicatorem
768 4971 956 5043 pudeat
985 4971 1190 5026 dicere?
1220 4968 1285 5024 Et
1309 4971 1445 5041 quod
1473 4979 1544 5024 cst
1576 4971 1798 5040 gravius,
1837 4988 1934 5040 pu-

344 5067 459 5121 deat
482 5067 732 5120 hominem
759 5066 979 5137 alicujus
1006 5065 1191 5136 aperis,
1214 5065 1468 5135 quad-nan
1496 5065 1665 5129 hama,
1695 5065 1782 5117 sed
1799 5061 1938 5118 Deus

348 5161 465 5232 fecit
490 5160 543 5212 in
573 5158 776 5228 homine
802 5173 953 5213 :cum
982 5173 1155 5212 omnes
1183 5157 1392 5227 opiﬁces
1415 5157 1696 5225 quantum’
1727 5166 1937 5227 possunt

349 5253 521 5306 labore
543 5261 590 5306 et
617 5250 869 5306 industria
897 5249 951 5304 id
979 5259 1162 5322 agant,
1190 5265 1253 5303 ne
1277 5249 1339 5302 de
1375 5248 1479 5303 suis
1509 5248 1740 5318 operibus
1767 5250 1940 5303 erube-

349 5345 530 5398 scant?
555 5344 660 5400 Sed
685 5347 911 5417 profecta
930 5341 1063 5397 illud
1083 5359 1174 5397 nos
1196 5341 1366 5412 pudet,
1389 5340 1524 5406 quod
1540 5341 1720 5412 puduit
1750 5341 1940 5411 primos

348 5439 468 5492 illas
492 5439 716 5493 homines
735 5480 750 5506 ,
789 5435 994 5510 quando
1019 5435 1257 5508 pudenda
1287 5442 1557 5489 texerunt:
1576 5434 1666 5489 illa
1697 5444 1766 5488 cst
1792 5451 1940 5505 poma

415 5554 433 5585 ί
458 5559 626 5612 Forte,
649 5550 933 5602 nominibus.

413 5615 436 5648 ³
469 5622 598 5678 Mss,
613 5610 813 5678 quanta.
829 5638 893 5650 -—
908 5613 1048 5662 Liber
1072 5610 1315 5664 secundus
1334 5611 1399 5678 de
1415 5611 1596 5674 Nuptiis
1632 5619 1684 5660 et
1715 5611 1943 5674 Concupi-

348 5677 556 5736 scenu'a,
583 5671 645 5724 ης
667 5675 748 5734 22,
773 5675 886 5732 fert,
926 5686 1038 5724 cum
1073 5686 1234 5725 omnes
1285 5671 1500 5736 opiﬁces
1527 5680 1703 5736 quanta
1747 5671 1941 5736 possunt

351 5735 668 5793 laboremus:
693 5737 783 5787 hac
819 5743 983 5786 tamen
1019 5744 1170 5797 nota:
1205 5751 1227 5781 ι
1248 5735 1465 5784 Patiares
1485 5741 1614 5797 Mss,
1631 5735 1755 5785 cum
1780 5747 1942 5788 omnes

351 5811 370 5844 ι
401 5797 598 5861 opiﬁces
613 5804 842 5861 quantum
863 5803 1055 5860 possunt
1077 5795 1256 5846 labare.
1294 5812 1316 5840 υ
1388 5803 1441 5843 Μ.

595 5889 862 5952 Psrnoe.
903 5893 1084 5954 XLV.

1643 351 1840 410 unm
1881 347 2222 420 QUARTUS.

3435 346 3571 401 1354

1989 465 2200 534 peccati,
2243 462 2335 517 illa
2371 463 2522 536 plaga
2562 463 2918 534 vestigiumqne
2956 464 3165 535 peccati,
3208 460 3300 516 illa
3336 462 3570 517 illecebra

1987 561 2239 630 famesque
2279 559 2500 630 peccati,
2548 559 2639 612 illa
2681 559 2763 612 lea:
2802 559 2853 612 in
2891 557 3121 612 membris
3156 573 3445 628 repugnans
3470 560 3574 628 legi

1987 654 2186 708 mentis.
2217 651 2387 726 Hujus
2413 653 2584 723 pudet,
2618 661 2664 706 et
2700 653 2876 706 merita
2905 651 3077 721 pudet.
3112 648 3250 704 Nam
3274 651 3318 704 si
3344 653 3439 704 hac
3471 665 3572 703 non

1989 756 2136 810 esset,
2163 745 2286 816 quid
2309 745 2451 800 nabis
2477 755 2602 799 esset
2623 744 2893 816 ingratius,
2922 743 3044 808 quid
3072 741 3420 813 irreligiosius,
3450 743 3495 796 si
3520 742 3575 796 in

1991 837 2226 892 membris
2261 838 2446 892 nostris
2463 877 2479 902 ,
2521 853 2622 891 nan
2647 837 2710 890 de
2736 837 2855 891 uitia
2880 834 2957 890 vel
2982 851 3128 905 paena
3153 843 3323 888 nostra
3343 875 3358 896 ,
3398 833 3487 886 sed
3516 834 3580 887 de

1993 925 2090 982 Dei
2115 927 2539 999 canfunderemur
2566 927 2798 997 operibus
2839 926 2954 993 (De
2991 924 3200 995 Nuptiis
3241 933 3285 978 et
3329 923 3584 992 Concupi-

1994 1023 2202 1085 scentia,
2235 1020 2323 1075 lib.
2363 1021 2419 1087 2,
2449 1038 2501 1074 n.
2531 1019 2661 1088 2'2)?
2689 1019 2889 1075 Claruit
2915 1027 3062 1074 certe
3091 1018 3319 1088 qualiter
3349 1015 3580 1086 geStiat:

1995 1111 2187 1182 gaudio
2228 1124 2327 1166 suo
2352 1126 2456 1166 non
2487 1119 2662 1181 potest
2684 1110 2940 1166 adhibere
2973 1108 3191 1174 frenos;
3232 1117 3380 1163 tenet
3408 1123 3585 1162 meam

1996 1202 2338 1267 sententiam,
2383 1217 2487 1273 qua
2525 1201 3011 1272 concupiscentiam
3052 1199 3348 1255 naturalem
3387 1198 3583 1252 malam

2000 1295 2168 1366 possit
2195 1293 2500 1360 ostendere,
2531 1305 2587 1350 et
2613 1294 2806 1350 diaboli
2833 1283 3088 1364 operibus
3113 1293 3404 1363 deputare:
3427 1307 3586 1360 quam

2000 1387 2316 1443 sententiam
2361 1387 2427 1442 de
2467 1403 2563 1442 ore
2603 1402 2726 1442 meo
2763 1385 2894 1442 dicit
2933 1387 2982 1441 vi
3020 1386 3262 1442 veritatis
3286 1393 3586 1449 extortam,

2001 1478 2453 1548 concionaturque
2479 1477 2915 1534 scelestissitnum
2957 1486 3117 1548 atque
3159 1476 3590 1548 profanissitnum

2002 1585 2158 1635 esse,
2203 1570 2248 1624 si
2286 1585 2348 1624 ea
2377 1587 2495 1640 qum
2524 1586 2553 1624 a
2589 1571 2696 1626 Deo
2733 1570 2867 1625 facta
2894 1570 3168 1636 dicamus,
3215 1570 3420 1639 pudore
3461 1584 3593 1638 ope-

2005 1663 2186 1718 rienda
2215 1661 2499 1717 fateamur.
2524 1661 2632 1718 Sed
2653 1661 2928 1717 alacritate
2949 1662 3266 1717 commotior
3288 1676 3394 1716 non
3423 1661 3594 1730 potuit

2009 1753 2306 1824 ponderare
2351 1753 2478 1823 quid
2507 1752 2753 1808 diceret:
2782 1768 3031 1809 asserens
3068 1754 3214 1808 enim
3255 1753 3308 1807 in
3343 1753 3594 1824 aperibus

2009 1846 2104 1902 Dei
2151 1845 2456 1916 pudendum
2483 1845 2615 1901 nihil
2641 1861 2761 1902 esse
2782 1887 2800 1916 ,
2831 1861 3052 1917 operam
3080 1855 3258 1902 autem
3283 1845 3592 1916 genitalium

2011 1938 2312 2009 pudendam
2347 1954 2495 2003 esse,
2541 1947 2597 1994 et
2641 1938 2763 1995 ideo
2799 1953 2908 1994 non
2953 1954 3110 2010 posse
3148 1955 3266 1995 eam
3295 1938 3596 1994 Conditoris

2009 2031 2264 2100 aperibus
2305 2030 2572 2097 adscribi;
2621 2031 2800 2086 subito
2840 2032 3118 2088 confessus
3163 2042 3246 2086 est
3299 2031 3445 2086 illam
3490 2040 3595 2084 non

2011 2123 2184 2178 solum
2238 2121 2555 2190 honestam,
2612 2123 2708 2178 sed
2763 2123 2924 2178 etiam
2970 2123 3198 2194 justam;
3259 2139 3365 2178 non
3420 2123 3595 2178 solum

2013 2223 2230 2270 creante
2261 2213 2389 2282 Deo,
2419 2229 2604 2269 verum
2627 2216 2788 2271 etiam
2811 2215 3105 2286 judicante,
3140 2217 3336 2271 nostris
3361 2217 3601 2285 corpori-

2013 2306 2116 2362 bus
2132 2309 2149 2340 ¹
2177 2309 2506 2364 attributam.
2526 2308 2746 2366 Ostendi
2768 2310 2820 2363 in
2845 2310 3004 2364 tertio
3022 2309 3216 2378 prioris
3239 2309 3416 2379 operis
3442 2309 3598 2371 libro,

2015 2412 2124 2453 non
2147 2413 2307 2470 posse
2335 2397 2475 2454 idem
2507 2415 2720 2470 pmnam
2747 2414 2867 2454 esse
2895 2399 3038 2470 quod
3064 2401 3293 2470 culpam.

2085 2489 2224 2546 Anc.
2255 2489 2370 2544 Non
2397 2490 2715 2552 ostendisti,
2756 2490 2898 2562 quod
2952 2501 3004 2546 te
3047 2491 3347 2547 ostendisse
3377 2491 3606 2546 inaniter

2014 2580 2186 2650 jactas
2203 2599 2219 2636 :
2238 2581 2345 2636 imo
2370 2582 2533 2637 etiam
2562 2583 2675 2653 ipse
2699 2583 2928 2654 quodam
2957 2583 3074 2640 loco
3100 2584 3298 2640 oblitus
3325 2585 3452 2656 quid
3482 2595 3608 2640 ante

2019 2675 2265 2741 dixisses,
2291 2677 2566 2732 confessus
2589 2692 2650 2732 es
2674 2677 2884 2747 culpam
2911 2677 3070 2732 etiam
3101 2693 3311 2748 pinnam
3338 2694 3458 2734 esse
3484 2694 3608 2749 pec-

2019 2765 2209 2820 cautis.
2225 2766 2376 2834 Quod
2396 2783 2496 2837 ego
2517 2782 2638 2822 cum
2665 2767 2758 2822 tibi
2779 2769 3021 2838 superius
3046 2768 3426 2839 reSponderem
3451 2769 3611 2841 (Can-

2020 2863 2100 2910 tra
2123 2855 2422 2924 lulianum,
2453 2857 2542 2911 lib.
2574 2859 2636 2923 5,
2665 2875 2718 2912 n.
2754 2859 2865 2929 l0),
2895 2861 3024 2914 satis
3052 2861 3328 2917 evidenter
3355 2863 3608 2919 ostende-

2021 2961 2173 3014 ram,
2214 2946 2374 3001 etiam
2421 2961 2516 3017 per
2552 2949 2866 3018 Apostolum
2912 2951 3142 3020 probans
3181 2953 3353 3021 puniri
3394 2964 3609 3022 peccata

2022 3039 2400 3110 peccatiszqui
2427 3055 2546 3095 cum
2587 3041 2655 3096 de
2681 3041 2998 3112 quihusdam
3029 3043 3284 3107 dixisset,
3327 3045 3468 3115 quod
3505 3047 3608 3100 im-

2023 3130 2346 3186 mutaverint
2383 3131 2608 3202 gloriam
2645 3131 3060 3204 incorruptibilis
3089 3135 3179 3189 Dei
3212 3135 3264 3189 in
3303 3136 3610 3191 similitudi-

2023 3237 2146 3278 nem
2179 3223 2423 3293 imaginis
2451 3224 2814 3294 corruptibilis
2843 3225 3106 3293 hominis,
3137 3236 3191 3281 et
3219 3226 3492 3282 volucrum
3512 3270 3528 3294 ,
3558 3239 3614 3284 et

2024 3313 2448 3386 quadrupedum,
2473 3324 2525 3371 et
2551 3316 2908 3387 serpentium;
2937 3319 3179 3388 protinus
3208 3318 3309 3375 hoc
3337 3327 3613 3390 peccatum

2026 3407 2145 3462 aliis
2173 3407 2403 3478 peccatis
2429 3408 2718 3464 ostendens
2741 3424 2864 3465 esse
2891 3411 3134 3480 punitum
3155 3453 3170 3478 ,
3202 3410 3500 3482 Propterea,
3529 3413 3614 3468 in-

2029 3498 2176 3568 quit,
2208 3498 2417 3552 tradidit
2446 3499 2562 3554 illas
2588 3499 2728 3555 Deus
2753 3501 2806 3554 in
2835 3501 3084 3556 desideria
3109 3502 3278 3556 cordis
3301 3503 3534 3570 illarum,
3561 3504 3615 3557 in

2027 3591 2433 3658 immunditiam;
2469 3603 2524 3646 ut
2565 3593 2882 3649 contumeliis
2923 3595 3141 3666 a/ﬁciant
3178 3611 3392 3667 corpora
3433 3612 3527 3650 sua
3564 3597 3617 3649 in

2027 3684 2308 3754 semetipsis
2350 3682 2528 3754 (Rom.
2558 3699 2610 3749 ι,
2653 3683 2760 3752 25,
2800 3684 2914 3755 24),
2946 3694 3000 3740 et
3027 3695 3219 3741 caetera
3244 3701 3362 3756 qua:
3388 3687 3457 3742 ibi
3483 3703 3617 3742 con-

2031 3776 2216 3830 texuit.
2250 3774 2360 3830 Nec
2395 3775 2450 3829 in
2486 3775 2699 3831 Psalmo
2737 3777 3035 3841 diceretur,
3078 3779 3285 3848 Appone
3307 3779 3618 3850 iniquitatem

2029 3883 2184 3939 super
2205 3867 2518 3938 iniquitatem
2544 3884 2737 3934 eorum,
2763 3879 2814 3924 et
2836 3871 2858 3901 ³
2887 3886 2988 3924 non
3011 3871 3198 3925 intrent
3226 3872 3276 3924 in
3303 3881 3440 3925 tuam
3463 3873 3605 3944 iusti-

2031 3957 2154 4010 tiam
2202 3955 2384 4030 (I’sal.
2412 3971 2608 4024 vant,
2635 3957 2767 4029 ‘38);
2799 3959 2900 4014 nisi
2928 3959 3075 4029 justo
3099 3959 3300 4030 judicio
3339 3961 3432 4016 Dei
3465 3962 3608 4032 puni-

2033 4058 2221 4104 rentur
2246 4049 2438 4106 additis
2469 4049 2822 4120 prmcedentia
2859 4061 3075 4122 peccata
3105 4053 3357 4123 peccatis.

2106 4143 2323 4200 XXXII.
2354 4143 2470 4200 Jan.
2504 4143 2575 4200 Et
2613 4145 2734 4201 ideo
2772 4160 2935 4216 super
2974 4145 3077 4202 hoc
3122 4145 3472 4202 laborandum
3516 4162 3622 4205 non

2034 4244 2148 4290 est:
2173 4236 2492 4292 commendo
2520 4245 2698 4292 tamen
2722 4236 3068 4307 disputatoris
3092 4237 3436 4292 acrimoniam
3458 4237 3502 4303 ³,
3531 4239 3623 4308 qui

2035 4342 2194 4398 quam
2223 4326 2352 4382 dicit
2375 4342 2405 4382 a
2433 4328 2543 4383 Deo
2566 4327 2852 4394 redditam,
2877 4343 2984 4383 non
3005 4327 3165 4382 vulta
3191 4329 3301 4384 Deo
3324 4329 3623 4394 conditam;

1987 4436 2002 4453 -
2036 4419 2390 4488 pronuntians
2420 4419 2512 4474 Dei
2543 4435 2651 4474 non
2681 4420 2969 4476 convenire
2995 4419 3252 4491 operibus
3276 4461 3292 4488 ,
3336 4420 3478 4492 quod
3515 4421 3629 4476 vult

2037 4511 2153 4581 ejus
2179 4512 2467 4567 convenire
2490 4511 2724 4580 judiciis.

2108 4604 2244 4659 Aac.
2283 4605 2518 4674 Apparet
2561 4613 2612 4659 te
2651 4619 2756 4660 non
2801 4605 3098 4675 intelligere
3127 4605 3394 4676 quomodo
3424 4605 3624 4661 dictum

2038 4695 2126 4761 sit,
2156 4695 2298 4750 Deus
2325 4706 2535 4749 mortem
2563 4713 2664 4750 non
2689 4697 2808 4765 fecit
2841 4698 2996 4769 (Sap.
3030 4714 3078 4762 ι,
3120 4699 3213 4769 l3)
3232 4715 3246 4750 :
3264 4697 3415 4766 cujus
3444 4705 3627 4753 tamen

2035 4787 2234 4858 judicro
2253 4788 2343 4859 qui
2368 4797 2552 4858 peccat
2579 4787 2823 4843 moritur.
2847 4788 3109 4844 Convenit
3133 4803 3261 4860 ergo
3281 4787 3484 4858 judicio
3507 4788 3626 4857 ejus

2041 4887 2099 4933 ut
2124 4879 2381 4933 moriatur
2406 4887 2683 4948 peccator;
2731 4894 2831 4934 nec
2860 4889 3035 4936 tamen
3061 4880 3210 4950 operi
3237 4881 3352 4952 ejus
3379 4883 3632 4937 convenit

2043 4985 2208 5034 mors,
2233 4971 2356 5041 quia
2385 4969 2525 5025 Deus
2550 4981 2759 5026 mortem
2781 4988 2882 5026 non
2903 4972 3038 5042 fecit.
3064 4973 3191 5044 Ejus
3210 4974 3405 5045 quippe
3422 4974 3627 5045 justum

2042 5074 2124 5120 est
2165 5064 2461 5135 judicium,
2504 5073 2564 5120 ut
2607 5075 2824 5136 peccato
2854 5081 2951 5120 suo
2988 5066 3213 5138 quisque
3241 5079 3460 5139 pereat,
3506 5085 3627 5124 cum

2044 5166 2316 5229 peccatum
2357 5159 2498 5214 Deus
2542 5175 2646 5213 non
2689 5159 2845 5213 faciat
2871 5176 2884 5212 :
2909 5159 3048 5213 sicut
3077 5167 3303 5214 mortem
3332 5176 3438 5215 non
3470 5160 3628 5226 fecit,

2044 5259 2099 5305 et
2124 5258 2300 5306 tamen
2329 5265 2487 5320 quem
2519 5259 2689 5304 morte
2719 5250 2934 5319 dignum
2978 5259 3197 5317 censet,
3229 5249 3442 5306 occidit.
3473 5251 3628 5308 Unde

2046 5343 2260 5415 legitur.
2288 5343 2426 5398 Dens
2449 5353 2655 5398 mortem
2682 5360 2782 5397 nan
2812 5343 2964 5414 fecit;
2988 5344 3204 5415 legitur,
3233 5343 3376 5398 Mars
3406 5353 3452 5399 et
3481 5345 3580 5397 vita
3600 5361 3632 5396 η

2046 5435 2265 5490 Domina
2293 5434 2402 5489 Dea
2429 5446 2501 5490 est
2527 5433 2714 5506 (Eccli.
2747 5451 2821 5498 ιι,
2848 5434 2938 5504 ﬂ)
2963 5453 2978 5490 :
3001 5451 3120 5507 qua:
3145 5436 3252 5492 duo
3276 5437 3417 5492 inter
3437 5449 3497 5491 se
3526 5451 3630 5491 non

2045 5543 2167 5586 esse
2199 5528 2464 5586 contraria
2503 5527 2742 5600 profecto
2782 5527 2962 5596 videt,
3007 5529 3245 5600 quisquis
3279 5527 3348 5582 ah
3383 5525 3633 5597 operibus

2114 5693 2127 5723 ¹
2166 5690 2284 5740 mliti
2301 5725 2316 5748 ,
2355 5687 2595 5750 operibus.
2619 5687 2789 5739 Melius
2813 5695 2942 5749 uss,
2965 5685 3259 5750 corporibus.

2111 5757 2131 5822 ξ
2171 5754 2443 5822 Vignietius
2461 5753 2658 5822 omittit,
2682 5758 2746 5822 et.

2115 5818 2134 5846 ε
2168 5816 2238 5862 cie
2259 5823 2356 5863 \zsp.
2389 5822 2434 5862 tn
2459 5817 2616 5877 \‘ign.,
2638 5816 2940 5863 acimarn'am.
3620 5829 3646 5848 ’

2737 5888 3334 5974 (Quarcntc-trais.)
