4124 6506
530 349 551 402 Ι
563 349 668 408 555

521 461 927 538 divinisjndiela
949 463 1129 522 divitia
1152 463 1448 520 discernit‘
1476 480 1487 515 :
1508 461 1649 534 quod
1673 471 1728 517 tu
1750 461 1796 516 si
1818 459 2080 531 potuisses
2099 499 2112 524 ,

529 575 639 617 non
667 561 853 631 utique
882 559 983 614 ista
1017 572 1153 614 vana
1183 557 1438 613 dixisses.

595 649 840 708 XXXIII.
883 649 1003 706 Jun.
1045 651 1187 721 Ergo
1213 649 1266 704 in
1296 647 1549 718 operibus
1575 645 1694 718 ejus
1734 644 1913 704 nullus
1947 641 2123 715 pudor

522 755 644 811 est;
692 745 746 800 in
789 743 1072 800 sententiis
1098 751 1276 798 autem
1305 755 1512 796 summa
1540 738 1872 796 deformitas.
1903 736 2122 794 Certum

523 849 612 898 est
639 855 831 911 nempe
849 879 866 908 ,
910 839 1051 911 quod
1084 848 1295 910 prauam
1324 843 1590 892 mereatur
1613 841 1825 890 reatus:
1846 842 1973 887 num
1999 830 2122 886 ideo

529 944 711 990 tamen
736 932 981 990 confusio
1005 933 1174 1003 culpat
1203 932 1401 1000 debita,
1433 931 1486 986 in
1517 929 1746 984 vindicta
1773 927 2032 993 recurrit,
2063 929 2124 980 ut

529 1026 831 1097 appelletur
868 1025 988 1082 sine
1033 1025 1239 1097 pudore
1283 1019 1425 1094 quod
1479 1022 1604 1078 fecit
1645 1027 1770 1076 reus
1794 1061 1810 1083 ,
1867 1016 1962 1074 sed
2013 1027 2122 1071 non

532 1120 698 1190 possit
727 1118 845 1175 sine
869 1117 1156 1189 ignominia
1185 1116 1290 1173 dici
1315 1116 1458 1187 quod
1483 1114 1772 1186 iudicando
1799 1111 1923 1169 fecit
1948 1109 2122 1167 Deus?

599 1213 738 1270 Atro.
765 1212 901 1280 Quid
927 1212 1186 1281 explicata
1214 1211 1476 1282 implica‘s,
1505 1217 1561 1265 et
1585 1209 1798 1264 evoluta
1824 1203 2115 1270 convolvis,

522 1313 590 1361 nt
635 1305 862 1376 ingeniis
904 1304 1260 1367 tardioribus,
1303 1303 1479 1374 qualia
1525 1303 1578 1356 in
1624 1299 1930 1356 hominibus
1968 1296 2121 1368 plura

522 1403 684 1464 sunt,
711 1395 941 1452 videaris
967 1395 1150 1450 dicere
1175 1393 1397 1465 aliquid,
1423 1408 1545 1448 cum
1574 1391 1722 1448 dicas
1752 1389 1914 1446 nihil?
1947 1387 2123 1445 Homo

525 1486 776 1555 esenim,
805 1488 894 1559 qui
927 1486 1106 1558 potius
1141 1484 1513 1542 inverecundis
1539 1497 1698 1555 quam
1729 1481 1971 1537 facundia
2001 1495 2122 1551 per-

528 1579 756 1636 suadere
783 1579 1017 1642 conaris,
1040 1578 1180 1649 quod
1205 1576 1516 1634 deformitas
1541 1576 1624 1632 vel
1654 1574 1818 1640 nulla,
1846 1572 1928 1629 vel
1959 1581 2120 1644 parva

527 1670 618 1736 sit,
649 1679 708 1726 ut
735 1681 854 1726 cum
884 1669 1124 1739 subjecta
1151 1683 1272 1725 esse
1298 1681 1426 1723 caro
1451 1667 1658 1738 spiritui
1687 1665 1900 1733 debeat,
1927 1657 2122 1719 advera

525 1774 618 1815 sus
642 1760 888 1832 spiritum
933 1761 1312 1831 concupiscat;
1356 1767 1450 1815 aut
1486 1757 1626 1831 quod
1665 1769 1773 1815 non
1812 1757 1882 1812 sit
1916 1755 2120 1827 justum

528 1851 621 1908 Dei
643 1851 940 1924 judicium,
982 1852 1288 1924 relinquere
1329 1851 1760 1923 delinquentetn,
1794 1856 1853 1905 ut
1877 1845 1993 1919 ipse
2019 1839 2122 1904 sibi

522 1941 596 1998 sit
627 1957 806 2013 pinna,
832 1943 918 2000 cui
949 1943 1092 2000 Deus
1117 1942 1291 2000 fuerat
1316 1951 1441 2000 tera
1475 1942 1733 2009 felicitas;
1763 1947 1854 1998 aut
1879 1939 2022 2013 quod
2051 1939 2122 1997 de

527 2045 748 2103 pecctuo
775 2035 1000 2103 debeat,
1041 2049 1146 2092 non
1172 2035 1243 2092 de
1267 2049 1428 2107 pinna
1455 2047 1553 2091 sua
1581 2035 1808 2106 quiane
1832 2030 2119 2098 confundi;

521 2139 647 2183 cum
679 2126 916 2198 plerique
939 2127 1010 2184 de
1031 2127 1263 2198 peccatis
1281 2128 1392 2185 suis
1417 2141 1525 2184 non
1549 2127 1887 2190 erubescant,
1907 2126 1952 2180 si
1973 2123 2120 2180 nulla

527 2233 686 2288 perna
731 2219 892 2276 fuerit
932 2220 1220 2276 subsecuta
1263 2227 1425 2292 quam
1468 2218 1736 2286 sentiant,
1761 2226 1817 2274 et
1842 2231 1939 2274 eos
1962 2215 2122 2272 faciat

528 2325 684 2379 [mna
730 2309 985 2367 confundi
1008 2349 1026 2378 ,
1069 2311 1214 2383 quod
1259 2323 1366 2385 non
1410 2307 1634 2367 fecisset
1661 2309 1969 2382 impunitas.
2011 2299 2120 2363 Sed

527 2409 717 2456 contra
747 2415 836 2457 res
859 2400 1227 2473 apertissinias
1252 2416 1412 2474 quem
1449 2401 1642 2459 liberet
1678 2413 1800 2458 esse
1823 2401 2081 2458 disertum
2099 2440 2118 2468 ,

527 2491 634 2548 nisi
659 2507 694 2547 e
715 2492 937 2550 veritate
962 2491 1275 2549 desertum?
1299 2491 1601 2564 Utrumque
1627 2501 1806 2548 autem
1831 2506 1932 2548 nos
1954 2491 2122 2547 libere

528 2582 793 2652 dicimus,
817 2591 878 2641 et
902 2583 1046 2655 quod
1074 2582 1201 2640 fecit
1237 2584 1402 2641 homo
1428 2567 1650 2654 volens,
1688 2585 1905 2657 etquod
1933 2597 2124 2657 passus

527 2684 609 2728 est
628 2673 852 2741 nolens;
879 2675 934 2731 id
957 2683 1061 2742 est,
1082 2683 1139 2733 et
1159 2675 1385 2746 spiritus
1411 2675 1848 2743 inobedientiam,
1870 2681 1925 2733 et
1941 2676 2122 2732 carnis

524 2772 714 2822 contra
751 2764 1000 2838 spiritum
1037 2765 1530 2839 concupiscentiam
1556 2767 1689 2825 :scd
1719 2781 1882 2823 unum
1929 2767 2119 2823 horum

526 2856 709 2914 dicere
737 2865 792 2914 tu
819 2857 1197 2926 erubescebas,
1222 2872 1295 2915 ne
1323 2870 1424 2915 nos
1451 2857 1773 2916 admoneres
1802 2858 1944 2916 unde
1972 2867 2119 2915 tuum

527 2949 965 3008 convinceremus
993 2965 1257 3008 errorem.
1284 2951 1353 3006 Et
1377 2963 1520 3006 nunc
1546 2949 1760 3021 quando
1779 2950 1890 3022 jam
1915 2961 2120 3007 concu-

528 3039 839 3111 piscentiam
876 3041 1061 3098 carnis
1087 3051 1143 3098 et
1167 3040 1444 3098 libidinem
1487 3041 1766 3106 nominas,
1809 3051 1877 3098 ne
1917 3039 1986 3097 de
2015 3048 2122 3096 tua:

525 3141 792 3204 suscepta:
815 3133 1035 3190 nomine
1058 3131 1379 3189 erubescere
1398 3131 1598 3190 dicaris
1613 3171 1632 3203 ,
1660 3133 1777 3205 plus
1803 3133 2123 3190 erubescere

526 3222 706 3290 times,
736 3231 794 3278 et
822 3237 1009 3280 errare
1035 3233 1142 3280 non
1175 3225 1351 3280 times.

595 3311 839 3370 XXXIV.
865 3313 985 3371 Jun.
1012 3315 1236 3372 Constat
1261 3325 1438 3372 tamen
1465 3322 1831 3371 accusatorem
1878 3321 2120 3371 nostrum

525 3406 580 3462 in
604 3405 820 3476 eodem,
837 3418 998 3480 quem
1025 3416 1326 3476 aversatur,
1349 3407 1634 3465 lutovolri.
1654 3406 1790 3464 Cum
1818 3408 1961 3464 enim
1985 3417 2121 3464 con-

525 3500 742 3559 ﬁnxerit
771 3500 918 3573 justo
945 3500 1206 3558 redditam
1233 3501 1472 3558 libidinis
1498 3511 1732 3574 penam,
1763 3508 1820 3558 et
1868 3501 2006 3557 hanc
2031 3500 2123 3572 ju-

524 3592 723 3648 stitiam
748 3590 946 3649 dirinre
969 3592 1196 3650 inculcat
1225 3593 1519 3650 convenire
1536 3593 1845 3658 sententias,
1868 3593 1922 3649 in
1943 3593 2124 3664 prola-

527 3683 675 3740 tione
692 3691 872 3740 autem
896 3682 1180 3740 sententia
1208 3697 1346 3755 opus
1373 3682 1470 3740 Dei
1488 3696 1610 3740 esse
1633 3698 1740 3739 non
1781 3683 2030 3754 denegat,
2057 3693 2124 3740 ex

527 3790 630 3847 qua
650 3773 931 3831 libidinem
955 3774 1200 3832 evenisse
1223 3773 1376 3842 dicit,
1407 3790 1567 3846 quam
1594 3775 2018 3832 erubescendam
2050 3775 2128 3830 fa-

530 3875 705 3933 tetur;
735 3867 788 3923 in
809 3881 1029 3938 operam
1063 3867 1316 3923 nimirum
1359 3867 1477 3936 Dei,
1503 3867 1675 3936 illum,
1724 3874 1883 3940 quem
1910 3867 2130 3938 propitio

529 3968 764 4023 several.
789 3958 1010 4015 reduxit
1032 3957 1312 4028 pudorem.

604 4050 744 4106 Anc.
769 4046 890 4106 iam
916 4049 1014 4106 tibi
1040 4047 1248 4106 dictum
1276 4057 1382 4117 est,
1421 4048 1562 4105 Dm
1588 4060 1797 4105 mortem
1821 4061 1922 4105 non
1965 4049 2129 4121 fecit:

535 4143 588 4196 in
616 4138 910 4211 prolatione
935 4146 1115 4196 autem
1141 4141 1422 4197 sententia:
1448 4140 1543 4197 Dei
1571 4145 1672 4206 est,
1701 4140 1868 4195 Morte
1902 4141 2130 4196 morieris

537 4231 694 4305 (Gen.
721 4247 782 4302 rt,
813 4231 926 4304 t7).
965 4232 1108 4290 Ecce
1136 4231 1279 4289 Deus
1311 4231 1414 4290 hoc
1433 4232 1655 4290 retribui
1684 4234 1950 4305 peccaturi
1980 4232 2125 4302 fecit,

533 4324 677 4398 quod
705 4325 847 4383 Deus
873 4325 989 4398 ipse
1011 4341 1121 4382 non
1149 4323 1294 4382 fecit.
1326 4327 1391 4382 Et
1431 4337 1606 4382 tamen
1630 4325 1751 4398 quia
1804 4326 1943 4382 Deus
1971 4327 2129 4382 ultio-

537 4434 664 4474 nurn
689 4426 774 4475 est
799 4416 976 4490 (Prol.
1003 4431 1154 4481 xeur,
1187 4417 1268 4491 l),
1297 4417 1428 4474 dicit
1471 4418 1636 4474 etiam
1664 4429 1870 4473 crcarc-
1890 4432 1951 4473 se
1989 4417 2131 4473 mala
2170 4426 2185 4441 '

539 4510 694 4582 (Irai.
719 4525 848 4580 va,
878 4511 933 4581 7)
969 4529 983 4565 ε
1013 4519 1068 4566 et
1090 4511 1331 4582 qumdam
1375 4513 1424 4566 in
1467 4509 1605 4565 libro
1649 4509 2024 4566 Ecclesiastico
2063 4509 2132 4564 ad

536 4605 824 4663 vindictam
880 4611 1060 4662 creata
1123 4604 1372 4662 dicuntur
1419 4602 1607 4679 (Eccti.
1640 4618 1831 4672 xxxix,
1858 4601 1971 4675 35).
2025 4603 2131 4658 Sed

533 4716 656 4756 cum
677 4708 952 4773 peccattrm
991 4698 1153 4756 etiam
1180 4713 1318 4770 pona
1340 4698 1542 4769 peccati
1568 4706 1672 4762 est,
1708 4711 1814 4752 non
1843 4697 1984 4752 Deus
2007 4709 2134 4769 pec-

534 4802 716 4850 catum
744 4791 870 4848 iacit
887 4806 1054 4862 opere
1077 4789 1281 4862 iniquo,
1313 4789 1408 4846 sed
1441 4800 1497 4845 ut
1543 4797 1820 4861 peccatum
1865 4789 1936 4844 sit
1974 4801 2131 4860 pinna

538 4883 808 4956 peccantis
835 4883 961 4939 facit
986 4897 1149 4954 opere
1172 4881 1336 4954 justo.
1353 4880 1486 4950 Quis
1512 4881 1656 4937 enim
1687 4888 1846 4951 neget
1866 4895 1988 4936 esse
2009 4893 2135 4949 pec-—

533 4985 738 5043 catum,
759 4973 1035 5047 prophetis
1064 4973 1412 5030 mendacibus
1435 4972 1694 5028 credere?
1719 4972 1786 5027 Et
1814 4981 1990 5027 tamen
2021 4971 2134 5026 hinc

538 5068 639 5124 fuit
661 5081 821 5139 pinna
851 5066 993 5139 regis
1019 5065 1237 5131 Achab,
1272 5066 1454 5122 divino
1481 5064 1679 5120 inflicta
1725 5063 1948 5133 judicio,
1997 5064 2138 5118 sicut

537 5158 850 5231 Regnorum
870 5163 1098 5214 testatur
1141 5156 1363 5213 historia
1402 5155 1494 5226 (Ill
1528 5153 1655 5226 Reg.
1688 5153 1845 5224 xxrr).
1870 5153 1981 5210 Nec
2015 5154 2135 5211 ideo

529 5247 820 5324 quisquam
871 5246 945 5306 ita
981 5248 1199 5321 desipit,
1245 5257 1306 5304 ut
1348 5243 1938 5318 pseudoprophetnrum
1985 5255 2136 5316 putet

539 5340 800 5400 laudanda
824 5355 948 5401 esse
969 5340 1269 5406 mendacia,
1297 5348 1392 5396 aut
1415 5337 1680 5395 mendacii
1700 5337 1866 5394 Deum
1885 5337 2026 5395 dicat
2041 5355 2136 5395 au-s

540 5442 762 5500 storem,
815 5448 940 5492 cum
959 5432 1166 5505 judicio
1189 5431 1359 5501 justo,
1407 5430 1499 5487 ubi
1539 5429 1632 5487 tali
1668 5445 1828 5502 petra
1881 5432 2137 5504 perspicit

538 5517 780 5600 digium,
833 5524 961 5580 facit
1003 5522 1178 5593 decipi
1221 5535 1491 5593 quemque
1529 5521 1833 5580 mendacio.
1887 5522 2051 5596 Lege,
2081 5534 2136 5580 et

543 5629 2138 5720 .gemam.setwemelwueessdamaeae

541 5697 719 5750 inserit
741 5692 893 5747 variis
929 5692 1012 5745 illa
1049 5706 1064 5764 ς
1098 5692 1374 5759 ᾳυὲασιίιιά
1394 5692 1702 5749 atterendo
1744 5709 1838 5748 non
1879 5692 2137 5751 instituisse

542 5755 844 5832 ηιονιᾳιριιε
857 5752 1314 5832 ἰιιᾷιξᾴ-λιςέὶςφιᾴρ
1344 5753 1559 5832 Διξιιειξςιιτ
1590 5765 1908 5826 putatorem.
1951 5763 2138 5812 absunt

543 5822 742 5872 omnim
759 5830 788 5867 ι
803 5817 1143 5880 manseriptis
1157 5817 1306 5882 in)th
1335 5817 1513 5882 operis.

1231 345 1477 404 OPERIS
1514 344 1929 403 IMPERFECTI
1968 337 2240 399 CONTRA
2279 340 2642 416 JULIANUM,
2680 347 2738 406 S.
2781 348 3144 410 AUGUSTINI

3685 358 3819 422 135⁵6

2230 457 2498 534 intelligo;
2525 471 2580 520 et
2608 466 2716 528 noli
2747 465 2862 537 tibi,
2891 477 2959 526 ne
2997 465 3279 540 intelligas,
3315 474 3542 531 tumultu
3579 477 3815 550 loquaci-

2228 551 2351 607 tatis
2376 554 2705 628 obstrepere.

2299 643 2519 736 XXXV.
2546 647 2667 705 Jun.
2701 648 2783 707 Ad
2802 650 2944 724 quod
2974 659 3152 710 tamen
3180 658 3330 727 quasi
3358 659 3692 717 corollarium
3720 679 3813 736 pc-
3879 671 3884 676 ‘

2227 735 2442 793 culiaris
2461 741 2679 797 sceleris
2698 743 2962 815 adjunxit,
2989 754 3047 801 ut
3076 745 3231 803 talem
3272 757 3485 820 pmnam
3525 765 3554 807 a
3601 735 3813 812 Deoill-

2231 828 2390 884 latam
2420 831 2644 902 diceret,
2672 849 2791 906 qua:
2818 838 2963 894 esset
2991 837 3240 895 illecebrn
3269 849 3324 897 et
3369 839 3538 901 fomes
3591 847 3810 916 peccati,

2227 935 2346 992 qua:
2373 923 2537 980 lexin
2591 919 2848 984 membris
2895 929 3086 986 invicta
3124 937 3446 1004 repugnaret
3483 936 3583 1008 legi
3623 942 3812 995 mentis

2227 1024 2426 1071 nostra:
2455 1034 2470 1072 :
2497 1025 2605 1090 quo
2627 1027 2826 1090 genere
2849 1021 3068 1079 ultionis
3091 1018 3468 1096 multiplicaret
3494 1029 3633 1085 Deus
3669 1025 3814 1102 flagi-

2230 1106 2320 1172 tla,
2351 1121 2456 1164 non
2475 1112 2722 1182 puniret;
2769 1121 2824 1169 et
2851 1115 2940 1186 qui
2969 1115 3133 1171 iratus
3179 1127 3294 1172 erat
3338 1119 3491 1174 malae
3533 1121 3810 1189 voluntati,

2227 1209 2332 1268 qua
2361 1199 2533 1257 fuerat
2561 1202 2817 1271 erratum,
2839 1202 3102 1276 reliquum
3132 1203 3330 1264 faceret
3360 1211 3615 1280 peccandi
3641 1227 3814 1269 ncces-

2228 1291 2462 1347 sitatem.
2514 1293 2683 1362 Quale
2724 1299 2796 1351 sit
2842 1306 3021 1354 tamen
3066 1299 3168 1355 hoc
3205 1297 3485 1370 judicium,
3539 1299 3812 1361 Manichan‘

2227 1383 2376 1440 furor
2404 1386 2595 1443 viderit
2617 1403 2631 1443 :
2654 1389 2779 1444 dum
2797 1400 3024 1457 constet,
3046 1391 3168 1464 quia
3195 1394 3282 1450 hic
3300 1391 3470 1464 judex
3491 1396 3578 1466 qui
3609 1390 3676 1452 ab
3705 1398 3812 1452 Au-

2227 1478 2438 1548 gustino
2467 1479 2701 1551 tingitur,
2724 1481 2988 1539 simularit
3010 1500 3070 1540 se
3095 1481 3316 1542 horrere
3342 1495 3633 1556 peccatum,
3663 1495 3812 1545 cauc-

2227 1583 2347 1624 rum
2379 1577 2523 1626 tanto
2560 1573 2639 1630 eis
2664 1574 2903 1631 adlrmret
2930 1574 3149 1642 affectu,
3178 1575 3238 1632 ut
3273 1575 3664 1648 diligentiorem
3710 1593 3810 1636 nu-

2228 1661 2434 1718 tritium
2458 1663 2700 1722 invenire
2731 1681 2837 1722 non
2857 1669 3084 1739 possint.

2297 1754 2435 1812 Anc.
2466 1755 2608 1828 Lege
2630 1759 2773 1828 quod
2802 1759 3058 1830 scriptum
3081 1769 3184 1829 est,
3213 1763 3466 1832 quoniam
3506 1780 3605 1820 non
3633 1764 3811 1836 proba-

2227 1855 2406 1902 verant
2429 1846 2594 1902 Deum
2623 1847 2805 1906 [rabere
2827 1852 2882 1906 in
2925 1851 3122 1917 notitia,
3155 1853 3365 1908 tradidit
3411 1853 3529 1911 illos
3580 1853 3718 1913 Dens
3759 1856 3811 1911 in

2225 1938 2494 2007 reprobanr
2553 1947 2769 1996 mentem
2787 1982 2803 2006 ,
2859 1945 2916 1996 at
2965 1938 3160 2013 faciant
3203 1958 3323 2016 qua:
3371 1959 3472 2001 non
3519 1947 3812 2002 conveniunt

2226 2021 2406 2100 (Rom.
2434 2044 2472 2094 ι,
2500 2027 2594 2104 28)
2626 2045 2640 2086 r
2667 2035 2722 2088 et
2750 2031 2870 2088 vide
2889 2032 3134 2105 quaedam
3177 2041 3394 2105 peccata
3413 2035 3578 2091 etiam
3623 2046 3810 2107 pinnas

2225 2131 2347 2175 esse
2367 2122 2722 2191 peccantium.
2740 2123 3020 2194 Quomodo
3039 2131 3221 2181 autem
3246 2125 3299 2182 id
3321 2123 3479 2182 faciat
3494 2127 3634 2184 Dens
3657 2135 3716 2184 ut
3732 2128 3812 2184 in-

2227 2210 2453 2282 telligas,
2481 2213 2662 2285 relege
2686 2213 2829 2286 quod
2870 2223 2923 2272 te
2952 2211 3204 2272 admonui
3255 2219 3502 2288 superius
3552 2211 3620 2276 de
3671 2219 3812 2290 Rege

2225 2305 2412 2362 Achab
2440 2309 2630 2379 :cujus
2659 2309 2840 2381 utique
2869 2319 3145 2380 peccatum
3173 2304 3272 2367 fuit
3329 2311 3551 2369 credere
3587 2312 3813 2383 pseudo-

2226 2399 2534 2470 prophetis;
2563 2410 2620 2457 et
2656 2411 2833 2458 tamen
2886 2402 2992 2461 hoc
3030 2412 3328 2474 peceatum,
3362 2403 3472 2461 Deo
3495 2405 3810 2471 vindicante,

2227 2489 2326 2545 fuit
2365 2491 2528 2547 etiam
2577 2501 2735 2563 pinna
2771 2495 3064 2564 peccantis.
3114 2494 3217 2551 Ista
3261 2496 3562 2564 considera,
3609 2506 3665 2553 et
3706 2499 3812 2553 noli

2223 2583 2493 2640 oblatrare
2515 2584 2750 2654 veritati,
2801 2601 2871 2643 ne
2924 2587 2978 2643 in
3029 2591 3083 2644 te
3107 2603 3322 2660 quoque
3345 2602 3665 2660 agnoscatur
3700 2585 3813 2645 hanc

2224 2683 2405 2746 pana.

2298 2763 2540 2824 XXXVI.
2565 2764 2688 2825 .lct..
2718 2767 2856 2840 Quid
2880 2785 3010 2843 ergo
3036 2770 3139 2836 vis,
3185 2771 3534 2828 subtilissime
3577 2770 3812 2842 disputa-

2225 2859 2350 2915 tor?
2397 2861 2708 2933 sacrilegam
2747 2871 2869 2918 esse
2913 2861 2967 2919 in
3002 2861 3096 2919 Dei
3120 2863 3372 2935 operibus
3421 2863 3816 2939 verecundiam,

2224 2951 2350 3028 quia
2369 2955 2548 3010 omnia
2576 2969 2696 3027 qua:
2727 2955 2867 3013 Deus
2893 2955 3096 3024 fecerit,
3127 2957 3324 3028 passim
3354 2957 3438 3029 agi
3460 2956 3709 3023 debeant,
3739 2971 3808 3012 ne

2226 3055 2406 3102 nostra
2430 3049 2714 3119 trepidatio
2739 3050 2984 3120 opillcem
3021 3049 3267 3106 videatur
3310 3045 3571 3122 arguere?
3611 3048 3812 3106 Erravil

2225 3153 2355 3212 ergo
2378 3143 2652 3213 apostolus
2677 3143 2895 3208 Paulus,
2922 3143 3014 3215 qui
3041 3142 3134 3199 Dei
3158 3159 3320 3214 opera
3342 3141 3672 3210 describens,
3698 3144 3810 3199 ait:

2235 3234 2608 3292 Verecundiam
2647 3247 2822 3292 nostra
2865 3239 3112 3307 majorem
3157 3237 3466 3292 honestatem
3503 3235 3716 3303 habent;
3764 3239 3813 3290 et

2228 3323 2368 3384 Deus
2392 3328 2681 3400 ternperavit
2705 3343 2910 3399 corpus,
2939 3329 2985 3381 ei
3003 3329 3083 3382 cui
3110 3327 3282 3382 deerat
3301 3327 3668 3382 abundantiam
3692 3325 3811 3382 dato

2227 3421 2440 3489 honore,
2489 3430 2546 3476 ut
2586 3437 2687 3476 non
2726 3422 2791 3476 sit
2835 3420 3057 3476 scissura
3122 3421 3174 3476 in
3228 3437 3441 3494 corpore
3488 3419 3530 3493 (Ι
3558 3419 3676 3477 Cor.
3716 3436 3811 3489 xu,

2225 3509 2444 3584 2335).

2300 3606 2438 3662 Anc.
2463 3605 2608 3676 Lege
2634 3601 2934 3674 diligenter,
2962 3611 3016 3661 et
3039 3603 3243 3675 inspice
3272 3601 3510 3661 codicem
3550 3617 3810 3676 grzt-cum;

2229 3711 2285 3759 et
2309 3701 2549 3758 invenies
2578 3699 2893 3771 Apostolum
2933 3698 3201 3754 inhonesta
3220 3695 3420 3754 dixisse
3447 3696 3550 3771 (a),
3579 3712 3696 3768 qua:
3731 3713 3814 3752 ve-

2229 3791 2610 3848 rccundioratu
2652 3791 2906 3847 diciszet
2951 3805 3197 3860 qurercns
3229 3804 3326 3844 cur
3363 3787 3639 3869 inhonesta
3688 3787 3814 3854 sint,

2231 3901 2351 3956 quae
2379 3885 2529 3957 prius
2553 3897 2724 3955 usque
2755 3883 2889 3939 adeo
2910 3882 3118 3939 fuerant
3145 3882 3389 3951 honesta,
3423 3881 3617 3937 utnudi
3641 3889 3817 3937 essent

2231 3977 2338 4033 duo
2364 3978 2462 4046 illi,
2480 3985 2535 4033 et
2558 3991 2665 4032 non
2691 3967 3316 4048 confunderentur(Gen.
3337 3991 3394 4043 ιι,
3422 3974 3537 4048 25);
3561 3974 3813 4044 reperies,

2233 4069 2279 4126 si
2303 4083 2407 4126 non
2438 4075 2492 4124 te
2509 4068 2824 4123 animositas
2851 4066 3209 4123 contentionis
3232 4074 3489 4134 excaacet,
3519 4073 3575 4120 ut
3604 4064 3703 4119 hoc
3735 4079 3820 4119 sc-

2233 4171 2509 4235 querelur,
2537 4161 2877 4231 praecessisse
2902 4169 3177 4230 peccatum
3210 4177 3223 4212 :
3250 4173 3422 4229 neque
3443 4157 3495 4212 in
3516 4155 3817 4212 hominibus

2235 4256 2422 4326 primis
2452 4255 2619 4310 Deum
2659 4251 2856 4322 aliquid
2902 4251 3092 4307 fecisse
3136 4250 3510 4316 inhonestum;
3557 4250 3691 4304 sicut
3718 4263 3818 4304 nec

2236 4355 2461 4401 mortem
2488 4343 2615 4400 fecit
2639 4343 2802 4406 Deus,
2822 4357 2942 4397 cum
2972 4356 3165 4412 corpus
3191 4353 3298 4396 non
3329 4339 3486 4396 faciat
3510 4339 3610 4395 nisi
3647 4339 3816 4404 Deus;

2236 4444 2293 4493 et
2316 4445 2514 4500 tamen,
2535 4433 2736 4505 Corpus
2766 4433 2969 4504 quidem
2999 4441 3249 4486 mortuum
3285 4433 3358 4485 est
3409 4439 3611 4502 propter
3647 4445 3817 4501 pet-cae

2237 4539 2364 4594 tum,
2392 4543 2552 4583 verax
2577 4526 2704 4582 dicit
2729 4523 3014 4595 Apostolus
3035 4522 3210 4596 (Rom.
3240 4537 3353 4590 vrrr,
3389 4517 3498 4594 l0).

2309 4617 2572 4676 XXXVII.
2602 4617 2722 4675 Jun.
2753 4615 2911 4672 Errat
2938 4615 3098 4671 etiam
3126 4613 3470 4670 honestorum
3496 4613 3822 4682 cautio,qu:e

2238 4712 2569 4770 naturalibus
2614 4710 2776 4766 rebus
2800 4707 3136 4766 verecundia:
3173 4705 3454 4778 praetendit
3500 4703 3820 4760 umbracula.

2238 4807 2317 4863 Τιι
2341 4823 2468 4878 ergo
2496 4805 2610 4876 ipse
2635 4803 2884 4875 reliquias
2905 4803 3146 4858 ciborum
3169 4843 3182 4865 ,
3211 4815 3345 4872 quas
3373 4808 3521 4872 certe
3558 4795 3825 4854 confiteris

2240 4913 2345 4954 non
2372 4898 2640 4969 pertinere
2665 4887 2732 4950 ad
2763 4893 3058 4958 libidinem,
3092 4891 3193 4948 sub
3222 4889 3388 4948 oculis
3417 4885 3624 4960 depelle
3652 4902 3821 4958 popu-

2239 4991 2446 5056 lorum;
2497 4987 2606 5044 imo
2653 4994 2715 5042 ut
2757 4984 2991 5058 dogmati
3037 4993 3127 5040 tuo
3159 4981 3526 5039 auctoritatem
3581 4978 3830 5036 concilies

2240 5079 2507 5151 exemplo,
2538 5075 2591 5133 in
2619 5071 2858 5133 Ecclesia
2909 5067 3072 5130 facito
3118 5074 3320 5141 omnia,
3371 5087 3490 5145 quae
3541 5069 3606 5126 ad
3647 5077 3828 5126 nutum

2241 5172 2374 5229 dicis
2412 5173 2524 5228 fieri
2572 5167 2880 5236 voluntatis,
2941 5167 3366 5238 contentusque’
3407 5179 3622 5236 cperam
3669 5161 3834 5218 solius

2241 5261 2635 5321 commixtionis
2663 5257 2926 5327 occulere,
2953 5271 2982 5314 ιι
3013 5272 3136 5331 qua,
3164 5259 3219 5315 et
3244 5257 3372 5312 olim
3396 5255 3687 5328 preposito,
3720 5249 3831 5306 for-

2241 5357 2400 5423 sitan,
2432 5363 2488 5412 et
2515 5369 2656 5411 nunc
2685 5355 2833 5411 senio
2856 5343 3129 5420 destitisti,
3156 5349 3320 5409 dicito
3340 5347 3406 5406 ad
3429 5347 3630 5421 grande
3658 5345 3828 5402 sacri-

2243 5447 2439 5519 legium
2463 5447 2752 5518 pertinere,
2783 5447 2828 5504 si
2846 5461 2932 5502 res
2959 5459 3081 5517 quae
3101 5439 3269 5500 Deum
3296 5441 3628 5498 conditorem
3650 5437 3832 5502 habet,

2243 5539 2512 5611 publicum
2539 5539 2668 5594 vitet
2693 5547 2990 5611 aspectum.
3017 5535 3252 5593 Comedc
3297 5535 3456 5608 igitur
3477 5533 3532 5588 in
3571 5530 3707 5598 foro,
3739 5535 3835 5583 aut

2307 5741 2325 5774 ι
2358 5739 2514 5804 Vlgn..
2539 5744 2936 5801 sermnisque.
2957 5743 3063 5790 Mss.
3081 5773 3097 5800 ,
3122 5735 3469 5798 contentusque.

2307 5823 2382 5888 (a)
2423 5823 2483 5875 ιὰ
2505 5823 2804 5876 asrlrémona.
